  <div class='ocr_page' id='page_1' title='image "/cluster/home/n/w/nwhite01/storage/ocr_20150623/58/hvd.32044015706401/351.png"; bbox 0 0 4060 6332; ppageno 0'>
   <div class='ocr_carea' id='block_1_1' title="bbox 532 291 638 355">
    <p class='ocr_par' dir='ltr' id='par_1_1' title="bbox 532 291 638 355">
     <span class='ocr_line' id='line_1_1' title="bbox 532 291 638 355; baseline 0.038 -5"><span class='ocrx_word' id='word_1_1' title='bbox 532 291 638 355; x_wconf 74' lang='grc'><strong>691</strong></span> 
     </span>
    </p>
   </div>
   <div class='ocr_carea' id='block_1_2' title="bbox 606 415 2000 493">
    <p class='ocr_par' dir='ltr' id='par_1_2' title="bbox 606 415 2000 493">
     <span class='ocr_line' id='line_1_2' title="bbox 606 415 2000 493; baseline -0.006 -16"><span class='ocrx_word' id='word_1_2' title='bbox 606 419 893 493; x_wconf 75' lang='lat' dir='ltr'><strong>Postquam</strong></span> <span class='ocrx_word' id='word_1_3' title='bbox 921 420 974 476; x_wconf 83' lang='lat' dir='ltr'><strong>in</strong></span> <span class='ocrx_word' id='word_1_4' title='bbox 1002 416 1289 475; x_wconf 88' lang='lat' dir='ltr'><strong>concilium</strong></span> <span class='ocrx_word' id='word_1_5' title='bbox 1315 415 1588 472; x_wconf 87' lang='lat' dir='ltr'><strong>seniorum</strong></span> <span class='ocrx_word' id='word_1_6' title='bbox 1621 415 1765 470; x_wconf 91' lang='lat' dir='ltr'><strong>venit</strong></span> <span class='ocrx_word' id='word_1_7' title='bbox 1790 415 2000 469; x_wconf 87' lang='lat' dir='ltr'><strong>honora</strong></span> 
     </span>
    </p>
   </div>
   <div class='ocr_carea' id='block_1_3' title="bbox 532 508 1954 583">
    <p class='ocr_par' dir='ltr' id='par_1_3' title="bbox 532 508 1954 583">
     <span class='ocr_line' id='line_1_3' title="bbox 532 508 1954 583; baseline -0.005 -14"><span class='ocrx_word' id='word_1_8' title='bbox 532 512 844 583; x_wconf 85' lang='lat' dir='ltr'><strong>Pauperies,</strong></span> <span class='ocrx_word' id='word_1_9' title='bbox 881 513 1133 582; x_wconf 82' lang='lat' dir='ltr'><strong>pacisque</strong></span> <span class='ocrx_word' id='word_1_10' title='bbox 1162 509 1324 565; x_wconf 87' lang='lat' dir='ltr'><strong>simul</strong></span> <span class='ocrx_word' id='word_1_11' title='bbox 1347 524 1445 565; x_wconf 88' lang='lat' dir='ltr'><strong>rex</strong></span> <span class='ocrx_word' id='word_1_12' title='bbox 1477 508 1633 563; x_wconf 84' lang='lat' dir='ltr'><strong>verba</strong></span> <span class='ocrx_word' id='word_1_13' title='bbox 1667 509 1909 579; x_wconf 81' lang='lat' dir='ltr'><strong>poposcit</strong></span> <span class='ocrx_word' id='word_1_14' title='bbox 1939 527 1954 562; x_wconf 87' lang='lat'><strong>:</strong></span> 
     </span>
    </p>
   </div>
   <div class='ocr_carea' id='block_1_4' title="bbox 531 602 1873 676">
    <p class='ocr_par' dir='ltr' id='par_1_4' title="bbox 531 602 1873 676">
     <span class='ocr_line' id='line_1_4' title="bbox 531 602 1873 676; baseline -0.006 -12"><span class='ocrx_word' id='word_1_15' title='bbox 531 608 647 663; x_wconf 82' lang='lat' dir='ltr'><strong>Dux</strong></span> <span class='ocrx_word' id='word_1_16' title='bbox 676 610 783 663; x_wconf 87' lang='lat' dir='ltr'><strong>ait:</strong></span> <span class='ocrx_word' id='word_1_17' title='bbox 810 617 836 644; x_wconf 68' lang='grc' dir='ltr'>α</span> <span class='ocrx_word' id='word_1_18' title='bbox 867 608 1149 676; x_wconf 88' lang='lat' dir='ltr'><strong>Optassem</strong></span> <span class='ocrx_word' id='word_1_19' title='bbox 1179 605 1365 675; x_wconf 92' lang='lat' dir='ltr'><strong>patriis</strong></span> <span class='ocrx_word' id='word_1_20' title='bbox 1394 618 1617 660; x_wconf 90' lang='lat' dir='ltr'><strong>securus</strong></span> <span class='ocrx_word' id='word_1_21' title='bbox 1647 603 1697 656; x_wconf 92' lang='lat' dir='ltr'><strong>iu</strong></span> <span class='ocrx_word' id='word_1_22' title='bbox 1728 602 1873 657; x_wconf 80' lang='lat' dir='ltr'><strong>arvis</strong></span> 
     </span>
    </p>
   </div>
   <div class='ocr_carea' id='block_1_5' title="bbox 532 696 1786 768">
    <p class='ocr_par' dir='ltr' id='par_1_5' title="bbox 532 696 1786 768">
     <span class='ocr_line' id='line_1_5' title="bbox 532 696 1786 768; baseline -0.005 -14"><span class='ocrx_word' id='word_1_23' title='bbox 532 700 827 755; x_wconf 80' lang='lat' dir='ltr'><strong>Emeritam</strong></span> <span class='ocrx_word' id='word_1_24' title='bbox 858 698 1031 754; x_wconf 86' lang='lat' dir='ltr'><strong>fateor</strong></span> <span class='ocrx_word' id='word_1_25' title='bbox 1056 714 1271 768; x_wconf 85' lang='lat' dir='ltr'><strong>semper</strong></span> <span class='ocrx_word' id='word_1_26' title='bbox 1303 697 1496 752; x_wconf 87' lang='lat' dir='ltr'><strong>fovisse</strong></span> <span class='ocrx_word' id='word_1_27' title='bbox 1528 696 1786 767; x_wconf 90' lang='lat' dir='ltr'><strong>quietem,</strong></span> 
     </span>
    </p>
   </div>
   <div class='ocr_carea' id='block_1_6' title="bbox 528 789 1900 866">
    <p class='ocr_par' dir='ltr' id='par_1_6' title="bbox 528 789 1900 866">
     <span class='ocr_line' id='line_1_6' title="bbox 528 789 1900 866; baseline -0.006 -16"><span class='ocrx_word' id='word_1_28' title='bbox 528 796 609 853; x_wconf 84' lang='lat' dir='ltr'><strong>Ex</strong></span> <span class='ocrx_word' id='word_1_29' title='bbox 630 809 735 866; x_wconf 90' lang='lat' dir='ltr'><strong>quo</strong></span> <span class='ocrx_word' id='word_1_30' title='bbox 764 792 792 831; x_wconf 67' lang='grc' dir='ltr'>δ</span> <span class='ocrx_word' id='word_1_31' title='bbox 820 794 1027 849; x_wconf 64' lang='lat' dir='ltr'><strong>militiae</strong></span> <span class='ocrx_word' id='word_1_32' title='bbox 1056 803 1181 863; x_wconf 91' lang='lat' dir='ltr'><strong>post</strong></span> <span class='ocrx_word' id='word_1_33' title='bbox 1211 793 1392 847; x_wconf 89' lang='lat' dir='ltr'><strong>munia</strong></span> <span class='ocrx_word' id='word_1_34' title='bbox 1422 791 1575 857; x_wconf 89' lang='lat' dir='ltr'><strong>trina,</strong></span> <span class='ocrx_word' id='word_1_35' title='bbox 1609 789 1900 860; x_wconf 91' lang='lat' dir='ltr'><strong>superbum</strong></span> 
     </span>
    </p>
   </div>
   <div class='ocr_carea' id='block_1_7' title="bbox 526 879 1883 955">
    <p class='ocr_par' dir='ltr' id='par_1_7' title="bbox 526 879 1883 955">
     <span class='ocr_line' id='line_1_7' title="bbox 526 879 1883 955; baseline -0.007 -14"><span class='ocrx_word' id='word_1_36' title='bbox 526 885 868 941; x_wconf 67' lang='lat' dir='ltr'><strong>Praefectum</strong></span> <span class='ocrx_word' id='word_1_37' title='bbox 894 886 1103 955; x_wconf 89' lang='lat' dir='ltr'><strong>apicem</strong></span> <span class='ocrx_word' id='word_1_38' title='bbox 1126 896 1317 955; x_wconf 85' lang='lat' dir='ltr'><strong>quarto</strong></span> <span class='ocrx_word' id='word_1_39' title='bbox 1343 883 1452 953; x_wconf 90' lang='lat' dir='ltr'><strong>jam</strong></span> <span class='ocrx_word' id='word_1_40' title='bbox 1488 883 1719 937; x_wconf 90' lang='lat' dir='ltr'><strong>culmine</strong></span> <span class='ocrx_word' id='word_1_41' title='bbox 1750 879 1883 934; x_wconf 85' lang='lat' dir='ltr'><strong>rexi.</strong></span> 
     </span>
    </p>
   </div>
   <div class='ocr_carea' id='block_1_8' title="bbox 524 972 2047 1048">
    <p class='ocr_par' dir='ltr' id='par_1_8' title="bbox 524 972 2047 1048">
     <span class='ocr_line' id='line_1_8' title="bbox 524 972 2047 1048; baseline -0.007 -11"><span class='ocrx_word' id='word_1_42' title='bbox 524 980 633 1038; x_wconf 86' lang='lat' dir='ltr'><strong>Sed</strong></span> <span class='ocrx_word' id='word_1_43' title='bbox 659 980 784 1035; x_wconf 91' lang='lat' dir='ltr'><strong>dum</strong></span> <span class='ocrx_word' id='word_1_44' title='bbox 820 995 908 1035; x_wconf 89' lang='lat' dir='ltr'><strong>me</strong></span> <span class='ocrx_word' id='word_1_45' title='bbox 937 978 1109 1035; x_wconf 89' lang='lat' dir='ltr'><strong>nostri</strong></span> <span class='ocrx_word' id='word_1_46' title='bbox 1139 978 1393 1048; x_wconf 84' lang='lat' dir='ltr'><strong>princeps</strong></span> <span class='ocrx_word' id='word_1_47' title='bbox 1422 975 1581 1030; x_wconf 90' lang='lat' dir='ltr'><strong>modo</strong></span> <span class='ocrx_word' id='word_1_48' title='bbox 1612 974 1871 1028; x_wconf 83' lang='lat' dir='ltr'><strong>Maximus</strong></span> <span class='ocrx_word' id='word_1_49' title='bbox 1899 972 2047 1028; x_wconf 82' lang='lat' dir='ltr'><strong>orbis</strong></span> 
     </span>
    </p>
   </div>
   <div class='ocr_carea' id='block_1_9' title="bbox 524 1063 2079 1147">
    <p class='ocr_par' dir='ltr' id='par_1_9' title="bbox 524 1063 2079 1147">
     <span class='ocr_line' id='line_1_9' title="bbox 524 1063 2079 1147; baseline -0.006 -21"><span class='ocrx_word' id='word_1_50' title='bbox 524 1070 797 1142; x_wconf 83' lang='lat' dir='ltr'><strong>Ignarum,</strong></span> <span class='ocrx_word' id='word_1_51' title='bbox 831 1071 1133 1139; x_wconf 81' lang='lat' dir='ltr'><strong>absentem,</strong></span> <span class='ocrx_word' id='word_1_52' title='bbox 1169 1084 1450 1138; x_wconf 85' lang='lat' dir='ltr'><strong>procerum</strong></span> <span class='ocrx_word' id='word_1_53' title='bbox 1484 1074 1602 1137; x_wconf 91' lang='lat' dir='ltr'><strong>post</strong></span> <span class='ocrx_word' id='word_1_54' title='bbox 1635 1064 1780 1147; x_wconf 85' lang='lat' dir='ltr'><strong>mille</strong></span> <span class='ocrx_word' id='word_1_55' title='bbox 1811 1063 2079 1135; x_wconf 89' lang='lat' dir='ltr'><strong>repulsas,</strong></span> 
     </span>
    </p>
   </div>
   <div class='ocr_carea' id='block_1_10' title="bbox 526 1158 1829 1234">
    <p class='ocr_par' dir='ltr' id='par_1_10' title="bbox 526 1158 1829 1234">
     <span class='ocr_line' id='line_1_10' title="bbox 526 1158 1829 1234; baseline -0.006 -14"><span class='ocrx_word' id='word_1_56' title='bbox 526 1163 614 1220; x_wconf 79' lang='lat' dir='ltr'><strong>Ad</strong></span> <span class='ocrx_word' id='word_1_57' title='bbox 642 1164 800 1221; x_wconf 85' lang='lat' dir='ltr'><strong>lituos</strong></span> <span class='ocrx_word' id='word_1_58' title='bbox 830 1171 951 1234; x_wconf 86' lang='lat' dir='ltr'><strong>post</strong></span> <span class='ocrx_word' id='word_1_59' title='bbox 971 1163 1093 1233; x_wconf 87' lang='lat' dir='ltr'><strong>jura</strong></span> <span class='ocrx_word' id='word_1_60' title='bbox 1117 1172 1293 1231; x_wconf 91' lang='lat' dir='ltr'><strong>vocat,</strong></span> <span class='ocrx_word' id='word_1_61' title='bbox 1322 1161 1593 1231; x_wconf 88' lang='lat' dir='ltr'><strong>voluitque</strong></span> <span class='ocrx_word' id='word_1_62' title='bbox 1621 1158 1829 1215; x_wconf 91' lang='lat' dir='ltr'><strong>sonoris</strong></span> 
     </span>
    </p>
   </div>
   <div class='ocr_carea' id='block_1_11' title="bbox 520 1250 1903 1324">
    <p class='ocr_par' dir='ltr' id='par_1_11' title="bbox 520 1250 1903 1324">
     <span class='ocr_line' id='line_1_11' title="bbox 520 1250 1903 1324; baseline -0.007 -9"><span class='ocrx_word' id='word_1_63' title='bbox 520 1255 838 1315; x_wconf 69' lang='lat' dir='ltr'><strong>Praeconem</strong></span> <span class='ocrx_word' id='word_1_64' title='bbox 871 1264 1085 1311; x_wconf 87' lang='lat' dir='ltr'><strong>mutare</strong></span> <span class='ocrx_word' id='word_1_65' title='bbox 1114 1254 1274 1321; x_wconf 90' lang='lat' dir='ltr'><strong>tubis,</strong></span> <span class='ocrx_word' id='word_1_66' title='bbox 1306 1253 1737 1324; x_wconf 82' lang='lat' dir='ltr'><strong>promptissimus</strong></span> <span class='ocrx_word' id='word_1_67' title='bbox 1764 1250 1903 1306; x_wconf 87' lang='lat' dir='ltr'><strong>istud</strong></span> 
     </span>
    </p>
   </div>
   <div class='ocr_carea' id='block_1_12' title="bbox 521 1344 1760 1419">
    <p class='ocr_par' dir='ltr' id='par_1_12' title="bbox 521 1344 1760 1419">
     <span class='ocr_line' id='line_1_12' title="bbox 521 1344 1760 1419; baseline -0.009 -13"><span class='ocrx_word' id='word_1_68' title='bbox 521 1347 746 1419; x_wconf 81' lang='lat' dir='ltr'><strong>Arripui</strong></span> <span class='ocrx_word' id='word_1_69' title='bbox 774 1348 1031 1415; x_wconf 86' lang='lat' dir='ltr'><strong>officium,</strong></span> <span class='ocrx_word' id='word_1_70' title='bbox 1055 1362 1150 1402; x_wconf 88' lang='lat' dir='ltr'><strong>vos</strong></span> <span class='ocrx_word' id='word_1_71' title='bbox 1172 1362 1277 1416; x_wconf 90' lang='lat' dir='ltr'><strong>quo</strong></span> <span class='ocrx_word' id='word_1_72' title='bbox 1301 1345 1504 1416; x_wconf 86' lang='lat' dir='ltr'><strong>legatus</strong></span> <span class='ocrx_word' id='word_1_73' title='bbox 1536 1344 1760 1397; x_wconf 81' lang='lat' dir='ltr'><strong>adirem.</strong></span> 
     </span>
    </p>
   </div>
   <div class='ocr_carea' id='block_1_13' title="bbox 521 1435 2075 1510">
    <p class='ocr_par' dir='ltr' id='par_1_13' title="bbox 521 1435 2075 1510">
     <span class='ocr_line' id='line_1_13' title="bbox 521 1435 2075 1510; baseline -0.005 -14"><span class='ocrx_word' id='word_1_74' title='bbox 521 1441 754 1498; x_wconf 80' lang='lat' dir='ltr'><strong>Fcedera</strong></span> <span class='ocrx_word' id='word_1_75' title='bbox 787 1442 958 1510; x_wconf 90' lang='lat' dir='ltr'><strong>prisca</strong></span> <span class='ocrx_word' id='word_1_76' title='bbox 988 1454 1199 1509; x_wconf 88' lang='lat' dir='ltr'><strong>precor,</strong></span> <span class='ocrx_word' id='word_1_77' title='bbox 1233 1454 1351 1509; x_wconf 69' lang='lat' dir='ltr'><strong>qum</strong></span> <span class='ocrx_word' id='word_1_78' title='bbox 1378 1452 1521 1492; x_wconf 91' lang='lat' dir='ltr'><strong>nunc</strong></span> <span class='ocrx_word' id='word_1_79' title='bbox 1548 1451 1700 1491; x_wconf 91' lang='lat' dir='ltr'><strong>meus</strong></span> <span class='ocrx_word' id='word_1_80' title='bbox 1730 1435 1818 1490; x_wconf 89' lang='lat' dir='ltr'><strong>ille</strong></span> <span class='ocrx_word' id='word_1_81' title='bbox 1849 1444 2075 1502; x_wconf 88' lang='lat' dir='ltr'><strong>teneret,</strong></span> 
     </span>
    </p>
   </div>
   <div class='ocr_carea' id='block_1_14' title="bbox 521 1529 1900 1599">
    <p class='ocr_par' dir='ltr' id='par_1_14' title="bbox 521 1529 1900 1599">
     <span class='ocr_line' id='line_1_14' title="bbox 521 1529 1900 1599; baseline -0.005 -8"><span class='ocrx_word' id='word_1_82' title='bbox 521 1535 811 1591; x_wconf 83' lang='lat' dir='ltr'><strong>Jussissem</strong></span> <span class='ocrx_word' id='word_1_83' title='bbox 843 1534 888 1589; x_wconf 91' lang='lat' dir='ltr'><strong>si</strong></span> <span class='ocrx_word' id='word_1_84' title='bbox 909 1533 1068 1599; x_wconf 90' lang='lat' dir='ltr'><strong>forte,</strong></span> <span class='ocrx_word' id='word_1_85' title='bbox 1096 1547 1285 1598; x_wconf 89' lang='lat' dir='ltr'><strong>senex,</strong></span> <span class='ocrx_word' id='word_1_86' title='bbox 1328 1530 1413 1586; x_wconf 89' lang='lat' dir='ltr'><strong>cui</strong></span> <span class='ocrx_word' id='word_1_87' title='bbox 1444 1544 1657 1599; x_wconf 89' lang='lat' dir='ltr'><strong>semper</strong></span> <span class='ocrx_word' id='word_1_88' title='bbox 1683 1529 1900 1584; x_wconf 81' lang='lat' dir='ltr'><strong>Avitum</strong></span> 
     </span>
    </p>
   </div>
   <div class='ocr_carea' id='block_1_15' title="bbox 522 1623 1865 1700">
    <p class='ocr_par' dir='ltr' id='par_1_15' title="bbox 522 1623 1865 1700">
     <span class='ocr_line' id='line_1_15' title="bbox 522 1623 1865 1700; baseline -0.007 -13"><span class='ocrx_word' id='word_1_89' title='bbox 522 1627 686 1700; x_wconf 67' lang='grc'><strong>346</strong></span> <span class='ocrx_word' id='word_1_90' title='bbox 708 1628 916 1685; x_wconf 88' lang='lat' dir='ltr'><strong>Sectari</strong></span> <span class='ocrx_word' id='word_1_91' title='bbox 937 1627 1179 1684; x_wconf 76' lang='lat' dir='ltr'><strong>crevisse</strong></span> <span class='ocrx_word' id='word_1_92' title='bbox 1210 1625 1339 1693; x_wconf 88' lang='lat' dir='ltr'><strong>fuit;</strong></span> <span class='ocrx_word' id='word_1_93' title='bbox 1365 1633 1596 1680; x_wconf 81' lang='lat' dir='ltr'><strong>tractare</strong></span> <span class='ocrx_word' id='word_1_94' title='bbox 1624 1623 1865 1679; x_wconf 88' lang='lat' dir='ltr'><strong>solebam</strong></span> 
     </span>
    </p>
   </div>
   <div class='ocr_carea' id='block_1_16' title="bbox 521 1719 1868 1789">
    <p class='ocr_par' dir='ltr' id='par_1_16' title="bbox 521 1719 1868 1789">
     <span class='ocr_line' id='line_1_16' title="bbox 521 1719 1868 1789; baseline -0.004 -12"><span class='ocrx_word' id='word_1_95' title='bbox 521 1721 631 1778; x_wconf 86' lang='lat' dir='ltr'><strong>Res</strong></span> <span class='ocrx_word' id='word_1_96' title='bbox 656 1722 867 1778; x_wconf 88' lang='lat' dir='ltr'><strong>Geticas</strong></span> <span class='ocrx_word' id='word_1_97' title='bbox 899 1722 1061 1777; x_wconf 89' lang='lat' dir='ltr'><strong>olim:</strong></span> <span class='ocrx_word' id='word_1_98' title='bbox 1090 1721 1195 1778; x_wconf 90' lang='lat' dir='ltr'><strong>scis</strong></span> <span class='ocrx_word' id='word_1_99' title='bbox 1218 1729 1269 1774; x_wconf 92' lang='lat' dir='ltr'><strong>te</strong></span> <span class='ocrx_word' id='word_1_100' title='bbox 1294 1720 1531 1775; x_wconf 88' lang='lat' dir='ltr'><strong>nescisse</strong></span> <span class='ocrx_word' id='word_1_101' title='bbox 1558 1719 1868 1789; x_wconf 88' lang='lat' dir='ltr'><strong>frequenter</strong></span> 
     </span>
    </p>
   </div>
   <div class='ocr_carea' id='block_1_17' title="bbox 521 1813 1894 1883">
    <p class='ocr_par' dir='ltr' id='par_1_17' title="bbox 521 1813 1894 1883">
     <span class='ocr_line' id='line_1_17' title="bbox 521 1813 1894 1883; baseline -0.001 -14"><span class='ocrx_word' id='word_1_102' title='bbox 521 1814 654 1881; x_wconf 69' lang='lat' dir='ltr'><strong>Quae</strong></span> <span class='ocrx_word' id='word_1_103' title='bbox 679 1816 847 1882; x_wconf 84' lang='lat' dir='ltr'><strong>suasi,</strong></span> <span class='ocrx_word' id='word_1_104' title='bbox 876 1816 977 1870; x_wconf 88' lang='lat' dir='ltr'><strong>nisi</strong></span> <span class='ocrx_word' id='word_1_105' title='bbox 1002 1815 1161 1869; x_wconf 86' lang='lat' dir='ltr'><strong>facta.</strong></span> <span class='ocrx_word' id='word_1_106' title='bbox 1187 1814 1384 1869; x_wconf 87' lang='lat' dir='ltr'><strong>Tamen</strong></span> <span class='ocrx_word' id='word_1_107' title='bbox 1417 1814 1632 1867; x_wconf 80' lang='lat' dir='ltr'><strong>fortuna</strong></span> <span class='ocrx_word' id='word_1_108' title='bbox 1660 1813 1894 1883; x_wconf 90' lang='lat' dir='ltr'><strong>priorem</strong></span> 
     </span>
    </p>
   </div>
   <div class='ocr_carea' id='block_1_18' title="bbox 518 1905 1933 1978">
    <p class='ocr_par' dir='ltr' id='par_1_18' title="bbox 518 1905 1933 1978">
     <span class='ocr_line' id='line_1_18' title="bbox 518 1905 1933 1978; baseline -0.005 -12"><span class='ocrx_word' id='word_1_109' title='bbox 518 1908 769 1978; x_wconf 85' lang='lat' dir='ltr'><strong>Abripuit</strong></span> <span class='ocrx_word' id='word_1_110' title='bbox 797 1910 1051 1978; x_wconf 81' lang='lat' dir='ltr'><strong>genium;</strong></span> <span class='ocrx_word' id='word_1_111' title='bbox 1084 1908 1241 1977; x_wconf 82' lang='lat' dir='ltr'><strong>periit</strong></span> <span class='ocrx_word' id='word_1_112' title='bbox 1278 1905 1631 1977; x_wconf 77' lang='lat' dir='ltr'><strong>quodcunque</strong></span> <span class='ocrx_word' id='word_1_113' title='bbox 1662 1905 1933 1974; x_wconf 87' lang='lat' dir='ltr'><strong>merebar,</strong></span> 
     </span>
    </p>
   </div>
   <div class='ocr_carea' id='block_1_19' title="bbox 518 1999 1839 2073">
    <p class='ocr_par' dir='ltr' id='par_1_19' title="bbox 518 1999 1839 2073">
     <span class='ocr_line' id='line_1_19' title="bbox 518 1999 1839 2073; baseline -0.002 -17"><span class='ocrx_word' id='word_1_114' title='bbox 518 2000 652 2057; x_wconf 91' lang='lat' dir='ltr'><strong>Cum</strong></span> <span class='ocrx_word' id='word_1_115' title='bbox 675 2000 918 2073; x_wconf 76' lang='lat' dir='ltr'><strong>genitore</strong></span> <span class='ocrx_word' id='word_1_116' title='bbox 948 2008 1038 2055; x_wconf 92' lang='lat' dir='ltr'><strong>tuo</strong></span> <span class='ocrx_word' id='word_1_117' title='bbox 1073 2011 1095 2038; x_wconf 80' lang='grc' dir='ltr'><strong>ο</strong></span> <span class='ocrx_word' id='word_1_118' title='bbox 1124 1999 1427 2055; x_wconf 89' lang='lat' dir='ltr'><strong>Narbonem</strong></span> <span class='ocrx_word' id='word_1_119' title='bbox 1456 2000 1575 2054; x_wconf 89' lang='lat' dir='ltr'><strong>tabe</strong></span> <span class='ocrx_word' id='word_1_120' title='bbox 1606 2000 1839 2055; x_wconf 88' lang='lat' dir='ltr'><strong>solutum</strong></span> 
     </span>
    </p>
   </div>
   <div class='ocr_carea' id='block_1_20' title="bbox 516 2092 1901 2165">
    <p class='ocr_par' dir='ltr' id='par_1_20' title="bbox 516 2092 1901 2165">
     <span class='ocr_line' id='line_1_20' title="bbox 516 2092 1901 2165; baseline -0.004 -16"><span class='ocrx_word' id='word_1_121' title='bbox 516 2094 796 2151; x_wconf 83' lang='lat' dir='ltr'><strong>Ambierat</strong></span> <span class='ocrx_word' id='word_1_122' title='bbox 821 2094 899 2165; x_wconf 91' lang='lat' dir='ltr'><strong>(tu</strong></span> <span class='ocrx_word' id='word_1_123' title='bbox 928 2109 1118 2162; x_wconf 91' lang='lat' dir='ltr'><strong>parvus</strong></span> <span class='ocrx_word' id='word_1_124' title='bbox 1144 2092 1311 2163; x_wconf 90' lang='lat' dir='ltr'><strong>eras),</strong></span> <span class='ocrx_word' id='word_1_125' title='bbox 1339 2092 1658 2161; x_wconf 84' lang='lat' dir='ltr'><strong>trepidantia</strong></span> <span class='ocrx_word' id='word_1_126' title='bbox 1680 2092 1901 2161; x_wconf 84' lang='lat' dir='ltr'><strong>cingens</strong></span> 
     </span>
    </p>
   </div>
   <div class='ocr_carea' id='block_1_21' title="bbox 516 2185 1905 2255">
    <p class='ocr_par' dir='ltr' id='par_1_21' title="bbox 516 2185 1905 2255">
     <span class='ocr_line' id='line_1_21' title="bbox 516 2185 1905 2255; baseline -0.003 -14"><span class='ocrx_word' id='word_1_127' title='bbox 516 2185 705 2253; x_wconf 85' lang='lat' dir='ltr'><strong>Millia,</strong></span> <span class='ocrx_word' id='word_1_128' title='bbox 736 2188 788 2241; x_wconf 91' lang='lat' dir='ltr'><strong>in</strong></span> <span class='ocrx_word' id='word_1_129' title='bbox 812 2186 1038 2242; x_wconf 83' lang='lat' dir='ltr'><strong>infames</strong></span> <span class='ocrx_word' id='word_1_130' title='bbox 1057 2186 1165 2255; x_wconf 88' lang='lat' dir='ltr'><strong>jam</strong></span> <span class='ocrx_word' id='word_1_131' title='bbox 1194 2185 1412 2255; x_wconf 86' lang='lat' dir='ltr'><strong>jamque</strong></span> <span class='ocrx_word' id='word_1_132' title='bbox 1442 2192 1694 2253; x_wconf 84' lang='lat' dir='ltr'><strong>coegerat</strong></span> <span class='ocrx_word' id='word_1_133' title='bbox 1720 2199 1905 2249; x_wconf 89' lang='lat' dir='ltr'><strong>escas;</strong></span> 
     </span>
    </p>
   </div>
   <div class='ocr_carea' id='block_1_22' title="bbox 516 2276 1842 2350">
    <p class='ocr_par' dir='ltr' id='par_1_22' title="bbox 516 2276 1842 2350">
     <span class='ocr_line' id='line_1_22' title="bbox 516 2276 1842 2350; baseline -0.005 -15"><span class='ocrx_word' id='word_1_134' title='bbox 516 2280 635 2335; x_wconf 82' lang='lat' dir='ltr'><strong>Jam</strong></span> <span class='ocrx_word' id='word_1_135' title='bbox 668 2279 839 2334; x_wconf 88' lang='lat' dir='ltr'><strong>tristis</strong></span> <span class='ocrx_word' id='word_1_136' title='bbox 865 2280 1095 2350; x_wconf 74' lang='lat' dir='ltr'><strong>propriae</strong></span> <span class='ocrx_word' id='word_1_137' title='bbox 1125 2278 1378 2333; x_wconf 83' lang='lat' dir='ltr'><strong>credebat</strong></span> <span class='ocrx_word' id='word_1_138' title='bbox 1408 2276 1593 2331; x_wconf 89' lang='lat' dir='ltr'><strong>defore</strong></span> <span class='ocrx_word' id='word_1_139' title='bbox 1625 2277 1842 2347; x_wconf 68' lang='lat' dir='ltr'><strong>prmdze,</strong></span> 
     </span>
    </p>
   </div>
   <div class='ocr_carea' id='block_1_23' title="bbox 424 2370 1925 2441">
    <p class='ocr_par' dir='ltr' id='par_1_23' title="bbox 424 2370 1925 2441">
     <span class='ocr_line' id='line_1_23' title="bbox 424 2370 1925 2441; baseline -0.003 -10"><span class='ocrx_word' id='word_1_140' title='bbox 424 2426 427 2431; x_wconf 40' lang='grc' dir='ltr'><strong><em>λ</em></strong></span> <span class='ocrx_word' id='word_1_141' title='bbox 516 2371 575 2426; x_wconf 88' lang='lat' dir='ltr'><strong>Si</strong></span> <span class='ocrx_word' id='word_1_142' title='bbox 604 2372 821 2427; x_wconf 88' lang='lat' dir='ltr'><strong>clausus</strong></span> <span class='ocrx_word' id='word_1_143' title='bbox 851 2370 1080 2427; x_wconf 89' lang='lat' dir='ltr'><strong>fortasse</strong></span> <span class='ocrx_word' id='word_1_144' title='bbox 1112 2372 1283 2441; x_wconf 88' lang='lat' dir='ltr'><strong>perit;</strong></span> <span class='ocrx_word' id='word_1_145' title='bbox 1314 2386 1435 2425; x_wconf 88' lang='lat' dir='ltr'><strong>eum</strong></span> <span class='ocrx_word' id='word_1_146' title='bbox 1466 2379 1649 2425; x_wconf 85' lang='lat' dir='ltr'><strong>nostra</strong></span> <span class='ocrx_word' id='word_1_147' title='bbox 1677 2371 1925 2440; x_wconf 85' lang='lat' dir='ltr'><strong>probavit</strong></span> 
     </span>
    </p>
   </div>
   <div class='ocr_carea' id='block_1_24' title="bbox 518 2462 1701 2533">
    <p class='ocr_par' dir='ltr' id='par_1_24' title="bbox 518 2462 1701 2533">
     <span class='ocr_line' id='line_1_24' title="bbox 518 2462 1701 2533; baseline -0.001 -16"><span class='ocrx_word' id='word_1_148' title='bbox 518 2463 772 2530; x_wconf 89' lang='lat' dir='ltr'><strong>Consilia,</strong></span> <span class='ocrx_word' id='word_1_149' title='bbox 802 2473 855 2518; x_wconf 89' lang='lat' dir='ltr'><strong>et</strong></span> <span class='ocrx_word' id='word_1_150' title='bbox 884 2462 1072 2533; x_wconf 84' lang='lat' dir='ltr'><strong>refugo</strong></span> <span class='ocrx_word' id='word_1_151' title='bbox 1094 2463 1290 2517; x_wconf 84' lang='lat' dir='ltr'><strong>laxavit</strong></span> <span class='ocrx_word' id='word_1_152' title='bbox 1322 2463 1519 2518; x_wconf 77' lang='lat' dir='ltr'><strong>moenia</strong></span> <span class='ocrx_word' id='word_1_153' title='bbox 1543 2463 1701 2517; x_wconf 90' lang='lat' dir='ltr'><strong>bello.</strong></span> 
     </span>
    </p>
   </div>
   <div class='ocr_carea' id='block_1_25' title="bbox 517 2554 2019 2627">
    <p class='ocr_par' dir='ltr' id='par_1_25' title="bbox 517 2554 2019 2627">
     <span class='ocr_line' id='line_1_25' title="bbox 517 2554 2019 2627; baseline 0 -18"><span class='ocrx_word' id='word_1_154' title='bbox 517 2554 706 2625; x_wconf 89' lang='lat' dir='ltr'><strong>Teque</strong></span> <span class='ocrx_word' id='word_1_155' title='bbox 736 2555 909 2625; x_wconf 91' lang='lat' dir='ltr'><strong>ipsum</strong></span> <span class='ocrx_word' id='word_1_156' title='bbox 936 2554 1082 2627; x_wconf 89' lang='lat' dir='ltr'><strong>(sunt</strong></span> <span class='ocrx_word' id='word_1_157' title='bbox 1108 2569 1233 2610; x_wconf 92' lang='lat' dir='ltr'><strong>ecce</strong></span> <span class='ocrx_word' id='word_1_158' title='bbox 1262 2554 1439 2624; x_wconf 90' lang='lat' dir='ltr'><strong>senes)</strong></span> <span class='ocrx_word' id='word_1_159' title='bbox 1475 2554 1574 2609; x_wconf 91' lang='lat' dir='ltr'><strong>hoc</strong></span> <span class='ocrx_word' id='word_1_160' title='bbox 1604 2562 1823 2625; x_wconf 89' lang='lat' dir='ltr'><strong>pectore</strong></span> <span class='ocrx_word' id='word_1_161' title='bbox 1849 2554 2019 2611; x_wconf 68' lang='lat' dir='ltr'><strong>fotum</strong></span> 
     </span>
    </p>
   </div>
   <div class='ocr_carea' id='block_1_26' title="bbox 515 2646 1853 2718">
    <p class='ocr_par' dir='ltr' id='par_1_26' title="bbox 515 2646 1853 2718">
     <span class='ocr_line' id='line_1_26' title="bbox 515 2646 1853 2718; baseline 0.001 -15"><span class='ocrx_word' id='word_1_162' title='bbox 515 2646 616 2704; x_wconf 71' lang='lat' dir='ltr'><strong>Hae</strong></span> <span class='ocrx_word' id='word_1_163' title='bbox 642 2648 859 2705; x_wconf 88' lang='lat' dir='ltr'><strong>ﬂentem</strong></span> <span class='ocrx_word' id='word_1_164' title='bbox 884 2658 1104 2706; x_wconf 90' lang='lat' dir='ltr'><strong>tenuere</strong></span> <span class='ocrx_word' id='word_1_165' title='bbox 1128 2664 1341 2718; x_wconf 91' lang='lat' dir='ltr'><strong>manus,</strong></span> <span class='ocrx_word' id='word_1_166' title='bbox 1370 2650 1416 2705; x_wconf 92' lang='lat' dir='ltr'><strong>si</strong></span> <span class='ocrx_word' id='word_1_167' title='bbox 1446 2649 1668 2705; x_wconf 88' lang='lat' dir='ltr'><strong>forsitan</strong></span> <span class='ocrx_word' id='word_1_168' title='bbox 1693 2652 1853 2705; x_wconf 82' lang='lat' dir='ltr'><strong>altrix</strong></span> 
     </span>
    </p>
   </div>
   <div class='ocr_carea' id='block_1_27' title="bbox 516 2739 1933 2809">
    <p class='ocr_par' dir='ltr' id='par_1_27' title="bbox 516 2739 1933 2809">
     <span class='ocr_line' id='line_1_27' title="bbox 516 2739 1933 2809; baseline 0.002 -14"><span class='ocrx_word' id='word_1_169' title='bbox 516 2739 595 2797; x_wconf 88' lang='lat' dir='ltr'><strong>Te</strong></span> <span class='ocrx_word' id='word_1_170' title='bbox 626 2741 779 2808; x_wconf 92' lang='lat' dir='ltr'><strong>mihi,</strong></span> <span class='ocrx_word' id='word_1_171' title='bbox 811 2758 929 2797; x_wconf 90' lang='lat' dir='ltr'><strong>cum</strong></span> <span class='ocrx_word' id='word_1_172' title='bbox 956 2743 1150 2809; x_wconf 84' lang='lat' dir='ltr'><strong>nolles,</strong></span> <span class='ocrx_word' id='word_1_173' title='bbox 1184 2743 1491 2799; x_wconf 87' lang='lat' dir='ltr'><strong>lactandum</strong></span> <span class='ocrx_word' id='word_1_174' title='bbox 1524 2743 1755 2798; x_wconf 89' lang='lat' dir='ltr'><strong>tolleret.</strong></span> <span class='ocrx_word' id='word_1_175' title='bbox 1795 2743 1933 2798; x_wconf 87' lang='lat' dir='ltr'><strong>Ecce</strong></span> 
     </span>
    </p>
   </div>
   <div class='ocr_carea' id='block_1_28' title="bbox 515 2833 1928 2908">
    <p class='ocr_par' dir='ltr' id='par_1_28' title="bbox 515 2833 1928 2908">
     <span class='ocr_line' id='line_1_28' title="bbox 515 2833 1928 2908; baseline 0.001 -15"><span class='ocrx_word' id='word_1_176' title='bbox 515 2833 778 2903; x_wconf 80' lang='lat' dir='ltr'><strong>Advenio,</strong></span> <span class='ocrx_word' id='word_1_177' title='bbox 804 2846 857 2892; x_wconf 90' lang='lat' dir='ltr'><strong>et</strong></span> <span class='ocrx_word' id='word_1_178' title='bbox 883 2839 1041 2906; x_wconf 90' lang='lat' dir='ltr'><strong>prisci</strong></span> <span class='ocrx_word' id='word_1_179' title='bbox 1069 2846 1254 2908; x_wconf 90' lang='lat' dir='ltr'><strong>repeto</strong></span> <span class='ocrx_word' id='word_1_180' title='bbox 1280 2837 1441 2892; x_wconf 91' lang='lat' dir='ltr'><strong>modo</strong></span> <span class='ocrx_word' id='word_1_181' title='bbox 1470 2840 1662 2908; x_wconf 81' lang='lat' dir='ltr'><strong>pignus</strong></span> <span class='ocrx_word' id='word_1_182' title='bbox 1692 2840 1928 2895; x_wconf 88' lang='lat' dir='ltr'><strong>amoris..</strong></span> 
     </span>
    </p>
   </div>
   <div class='ocr_carea' id='block_1_29' title="bbox 514 2926 1878 3000">
    <p class='ocr_par' dir='ltr' id='par_1_29' title="bbox 514 2926 1878 3000">
     <span class='ocr_line' id='line_1_29' title="bbox 514 2926 1878 3000; baseline 0.002 -18"><span class='ocrx_word' id='word_1_183' title='bbox 514 2926 573 2983; x_wconf 84' lang='lat' dir='ltr'><strong>Si</strong></span> <span class='ocrx_word' id='word_1_184' title='bbox 600 2928 695 2983; x_wconf 88' lang='lat' dir='ltr'><strong>tibi</strong></span> <span class='ocrx_word' id='word_1_185' title='bbox 726 2930 870 2984; x_wconf 89' lang='lat' dir='ltr'><strong>nulla</strong></span> <span class='ocrx_word' id='word_1_186' title='bbox 904 2930 1061 2995; x_wconf 85' lang='lat' dir='ltr'><strong>fides,</strong></span> <span class='ocrx_word' id='word_1_187' title='bbox 1092 2931 1237 2985; x_wconf 89' lang='lat' dir='ltr'><strong>nulla</strong></span> <span class='ocrx_word' id='word_1_188' title='bbox 1258 2941 1341 2985; x_wconf 91' lang='lat' dir='ltr'><strong>est</strong></span> <span class='ocrx_word' id='word_1_189' title='bbox 1363 2931 1663 2995; x_wconf 86' lang='lat' dir='ltr'><strong>reverentia</strong></span> <span class='ocrx_word' id='word_1_190' title='bbox 1687 2930 1878 3000; x_wconf 85' lang='lat' dir='ltr'><strong>patris,</strong></span> 
     </span>
    </p>
   </div>
   <div class='ocr_carea' id='block_1_30' title="bbox 514 3021 1857 3095">
    <p class='ocr_par' dir='ltr' id='par_1_30' title="bbox 514 3021 1857 3095">
     <span class='ocr_line' id='line_1_30' title="bbox 514 3021 1857 3095; baseline 0 -18"><span class='ocrx_word' id='word_1_191' title='bbox 514 3021 749 3090; x_wconf 87' lang='lat' dir='ltr'><strong>ldurus,</strong></span> <span class='ocrx_word' id='word_1_192' title='bbox 780 3038 1077 3093; x_wconf 83' lang='lat' dir='ltr'><strong>pacemque</strong></span> <span class='ocrx_word' id='word_1_193' title='bbox 1104 3040 1253 3093; x_wconf 78' lang='lat' dir='ltr'><strong>nega.</strong></span> <span class='ocrx_word' id='word_1_194' title='bbox 1285 3024 1588 3095; x_wconf 89' lang='lat' dir='ltr'><strong>Prorumpit</strong></span> <span class='ocrx_word' id='word_1_195' title='bbox 1617 3025 1682 3078; x_wconf 90' lang='lat' dir='ltr'><strong>ab</strong></span> <span class='ocrx_word' id='word_1_196' title='bbox 1711 3026 1857 3078; x_wconf 91' lang='lat' dir='ltr'><strong>omni</strong></span> 
     </span>
    </p>
   </div>
   <div class='ocr_carea' id='block_1_31' title="bbox 515 3114 2031 3190">
    <p class='ocr_par' dir='ltr' id='par_1_31' title="bbox 515 3114 2031 3190">
     <span class='ocr_line' id='line_1_31' title="bbox 515 3114 2031 3190; baseline 0.005 -22"><span class='ocrx_word' id='word_1_197' title='bbox 515 3114 757 3170; x_wconf 77' lang='lat' dir='ltr'><strong>Murmur</strong></span> <span class='ocrx_word' id='word_1_198' title='bbox 785 3118 1048 3172; x_wconf 80' lang='lat' dir='ltr'><strong>concilio:</strong></span> <span class='ocrx_word' id='word_1_199' title='bbox 1076 3117 1428 3190; x_wconf 73' lang='lat' dir='ltr'><strong>fremit—usque</strong></span> <span class='ocrx_word' id='word_1_200' title='bbox 1454 3128 1507 3174; x_wconf 88' lang='lat' dir='ltr'><strong>et</strong></span> <span class='ocrx_word' id='word_1_201' title='bbox 1536 3119 1719 3189; x_wconf 74' lang='lat' dir='ltr'><strong>prmlia</strong></span> <span class='ocrx_word' id='word_1_202' title='bbox 1748 3119 2031 3187; x_wconf 88' lang='lat' dir='ltr'><strong>damnans,</strong></span> 
     </span>
    </p>
   </div>
   <div class='ocr_carea' id='block_1_32' title="bbox 515 3204 1778 3268">
    <p class='ocr_par' dir='ltr' id='par_1_32' title="bbox 515 3204 1778 3268">
     <span class='ocr_line' id='line_1_32' title="bbox 515 3204 1778 3268; baseline 0.006 -7"><span class='ocrx_word' id='word_1_203' title='bbox 515 3204 781 3262; x_wconf 85' lang='lat' dir='ltr'><strong>Seditiosa</strong></span> <span class='ocrx_word' id='word_1_204' title='bbox 805 3215 916 3265; x_wconf 81' lang='lat' dir='ltr'><strong>etet</strong></span> <span class='ocrx_word' id='word_1_205' title='bbox 940 3211 1261 3265; x_wconf 79' lang='lat' dir='ltr'><strong>concordem</strong></span> <span class='ocrx_word' id='word_1_206' title='bbox 1292 3211 1442 3266; x_wconf 88' lang='lat' dir='ltr'><strong>turba</strong></span> <span class='ocrx_word' id='word_1_207' title='bbox 1475 3213 1778 3268; x_wconf 88' lang='lat' dir='ltr'><strong>tumultum.</strong></span> 
     </span>
    </p>
   </div>
   <div class='ocr_carea' id='block_1_33' title="bbox 590 3300 1998 3377">
    <p class='ocr_par' dir='ltr' id='par_1_33' title="bbox 590 3300 1998 3377">
     <span class='ocr_line' id='line_1_33' title="bbox 590 3300 1998 3377; baseline 0.006 -23"><span class='ocrx_word' id='word_1_208' title='bbox 590 3300 727 3354; x_wconf 89' lang='lat' dir='ltr'><strong>Tum</strong></span> <span class='ocrx_word' id='word_1_209' title='bbox 757 3316 851 3357; x_wconf 81' lang='lat' dir='ltr'><strong>rex</strong></span> <span class='ocrx_word' id='word_1_210' title='bbox 871 3301 1062 3357; x_wconf 76' lang='lat' dir='ltr'><strong>effatur</strong></span> <span class='ocrx_word' id='word_1_211' title='bbox 1090 3320 1102 3356; x_wconf 93' lang='lat'>:</span> <span class='ocrx_word' id='word_1_212' title='bbox 1136 3302 1163 3339; x_wconf 70' lang='grc' dir='ltr'><strong>τι</strong></span> <span class='ocrx_word' id='word_1_213' title='bbox 1196 3302 1426 3369; x_wconf 86' lang='lat' dir='ltr'><strong>Dudum,</strong></span> <span class='ocrx_word' id='word_1_214' title='bbox 1459 3304 1564 3359; x_wconf 88' lang='lat' dir='ltr'><strong>dux</strong></span> <span class='ocrx_word' id='word_1_215' title='bbox 1591 3306 1809 3376; x_wconf 90' lang='lat' dir='ltr'><strong>inclyte,</strong></span> <span class='ocrx_word' id='word_1_216' title='bbox 1840 3306 1998 3377; x_wconf 90' lang='lat' dir='ltr'><strong>culpo</strong></span> 
     </span>
    </p>
   </div>
   <div class='ocr_carea' id='block_1_34' title="bbox 515 3391 1890 3467">
    <p class='ocr_par' dir='ltr' id='par_1_34' title="bbox 515 3391 1890 3467">
     <span class='ocr_line' id='line_1_34' title="bbox 515 3391 1890 3467; baseline 0.001 -18"><span class='ocrx_word' id='word_1_217' title='bbox 515 3391 750 3449; x_wconf 84' lang='lat' dir='ltr'><strong>Poscere</strong></span> <span class='ocrx_word' id='word_1_218' title='bbox 772 3402 825 3449; x_wconf 91' lang='lat' dir='ltr'><strong>te</strong></span> <span class='ocrx_word' id='word_1_219' title='bbox 853 3409 1037 3463; x_wconf 90' lang='lat' dir='ltr'><strong>pacem</strong></span> <span class='ocrx_word' id='word_1_220' title='bbox 1065 3403 1327 3462; x_wconf 87' lang='lat' dir='ltr'><strong>nostram,</strong></span> <span class='ocrx_word' id='word_1_221' title='bbox 1350 3411 1469 3450; x_wconf 88' lang='lat' dir='ltr'><strong>cum</strong></span> <span class='ocrx_word' id='word_1_222' title='bbox 1492 3412 1685 3466; x_wconf 77' lang='lat' dir='ltr'><strong>cogere</strong></span> <span class='ocrx_word' id='word_1_223' title='bbox 1718 3399 1890 3467; x_wconf 91' lang='lat' dir='ltr'><strong>possis</strong></span> 
     </span>
    </p>
   </div>
   <div class='ocr_carea' id='block_1_35' title="bbox 515 3485 1947 3560">
    <p class='ocr_par' dir='ltr' id='par_1_35' title="bbox 515 3485 1947 3560">
     <span class='ocr_line' id='line_1_35' title="bbox 515 3485 1947 3560; baseline 0.001 -16"><span class='ocrx_word' id='word_1_224' title='bbox 515 3485 831 3554; x_wconf 85' lang='lat' dir='ltr'><strong>Servitium,</strong></span> <span class='ocrx_word' id='word_1_225' title='bbox 860 3487 1075 3543; x_wconf 88' lang='lat' dir='ltr'><strong>trahere</strong></span> <span class='ocrx_word' id='word_1_226' title='bbox 1102 3503 1164 3543; x_wconf 90' lang='lat' dir='ltr'><strong>ac</strong></span> <span class='ocrx_word' id='word_1_227' title='bbox 1195 3490 1419 3560; x_wconf 85' lang='lat' dir='ltr'><strong>populos</strong></span> <span class='ocrx_word' id='word_1_228' title='bbox 1449 3490 1501 3544; x_wconf 93' lang='lat' dir='ltr'><strong>in</strong></span> <span class='ocrx_word' id='word_1_229' title='bbox 1526 3491 1662 3545; x_wconf 90' lang='lat' dir='ltr'><strong>bella</strong></span> <span class='ocrx_word' id='word_1_230' title='bbox 1689 3505 1947 3560; x_wconf 84' lang='lat' dir='ltr'><strong>sequaces</strong></span> 
     </span>
    </p>
   </div>
   <div class='ocr_carea' id='block_1_36' title="bbox 513 3577 1938 3652">
    <p class='ocr_par' dir='ltr' id='par_1_36' title="bbox 513 3577 1938 3652">
     <span class='ocr_line' id='line_1_36' title="bbox 513 3577 1938 3652; baseline 0.001 -15"><span class='ocrx_word' id='word_1_231' title='bbox 513 3577 596 3637; x_wconf 85' lang='lat' dir='ltr'><strong>Ne</strong></span> <span class='ocrx_word' id='word_1_232' title='bbox 626 3595 805 3649; x_wconf 83' lang='lat' dir='ltr'><strong>quaeso</strong></span> <span class='ocrx_word' id='word_1_233' title='bbox 836 3580 1089 3636; x_wconf 88' lang='lat' dir='ltr'><strong>invidiam</strong></span> <span class='ocrx_word' id='word_1_234' title='bbox 1113 3581 1287 3652; x_wconf 88' lang='lat' dir='ltr'><strong>patrio</strong></span> <span class='ocrx_word' id='word_1_235' title='bbox 1316 3582 1447 3637; x_wconf 91' lang='lat' dir='ltr'><strong>mihi</strong></span> <span class='ocrx_word' id='word_1_236' title='bbox 1479 3585 1695 3639; x_wconf 92' lang='lat' dir='ltr'><strong>nomine</strong></span> <span class='ocrx_word' id='word_1_237' title='bbox 1724 3585 1938 3640; x_wconf 90' lang='lat' dir='ltr'><strong>inuras:</strong></span> 
     </span>
    </p>
   </div>
   <div class='ocr_carea' id='block_1_37' title="bbox 515 3672 1887 3744">
    <p class='ocr_par' dir='ltr' id='par_1_37' title="bbox 515 3672 1887 3744">
     <span class='ocr_line' id='line_1_37' title="bbox 515 3672 1887 3744; baseline 0.004 -16"><span class='ocrx_word' id='word_1_238' title='bbox 515 3672 653 3742; x_wconf 91' lang='lat' dir='ltr'><strong>Quid</strong></span> <span class='ocrx_word' id='word_1_239' title='bbox 683 3690 912 3742; x_wconf 92' lang='lat' dir='ltr'><strong>mereor,</strong></span> <span class='ocrx_word' id='word_1_240' title='bbox 946 3675 988 3727; x_wconf 71' lang='lat' dir='ltr'><strong>si</strong></span> <span class='ocrx_word' id='word_1_241' title='bbox 1013 3675 1153 3729; x_wconf 88' lang='lat' dir='ltr'><strong>nulla</strong></span> <span class='ocrx_word' id='word_1_242' title='bbox 1183 3674 1383 3744; x_wconf 90' lang='lat' dir='ltr'><strong>jubes?</strong></span> <span class='ocrx_word' id='word_1_243' title='bbox 1414 3677 1645 3732; x_wconf 88' lang='lat' dir='ltr'><strong>suadere</strong></span> <span class='ocrx_word' id='word_1_244' title='bbox 1676 3677 1775 3734; x_wconf 90' lang='lat' dir='ltr'><strong>sub</strong></span> <span class='ocrx_word' id='word_1_245' title='bbox 1796 3678 1887 3734; x_wconf 91' lang='lat' dir='ltr'><strong>illo</strong></span> 
     </span>
    </p>
   </div>
   <div class='ocr_carea' id='block_1_38' title="bbox 514 3766 2094 3840">
    <p class='ocr_par' dir='ltr' id='par_1_38' title="bbox 514 3766 2094 3840">
     <span class='ocr_line' id='line_1_38' title="bbox 514 3766 2094 3840; baseline 0.004 -20"><span class='ocrx_word' id='word_1_246' title='bbox 514 3766 668 3834; x_wconf 83' lang='lat' dir='ltr'><strong>Quod</strong></span> <span class='ocrx_word' id='word_1_247' title='bbox 694 3778 931 3836; x_wconf 84' lang='lat' dir='ltr'><strong>poteras,</strong></span> <span class='ocrx_word' id='word_1_248' title='bbox 954 3767 1112 3821; x_wconf 90' lang='lat' dir='ltr'><strong>modo</strong></span> <span class='ocrx_word' id='word_1_249' title='bbox 1139 3768 1274 3822; x_wconf 86' lang='lat' dir='ltr'><strong>velle</strong></span> <span class='ocrx_word' id='word_1_250' title='bbox 1302 3778 1383 3822; x_wconf 88' lang='lat' dir='ltr'><strong>sat</strong></span> <span class='ocrx_word' id='word_1_251' title='bbox 1404 3778 1507 3835; x_wconf 90' lang='lat' dir='ltr'><strong>est,</strong></span> <span class='ocrx_word' id='word_1_252' title='bbox 1535 3770 1815 3836; x_wconf 86' lang='lat' dir='ltr'><strong>solumque</strong></span> <span class='ocrx_word' id='word_1_253' title='bbox 1838 3782 2094 3840; x_wconf 88' lang='lat' dir='ltr'><strong>moratur,</strong></span> 
     </span>
    </p>
   </div>
   <div class='ocr_carea' id='block_1_39' title="bbox 512 3858 2025 3927">
    <p class='ocr_par' dir='ltr' id='par_1_39' title="bbox 512 3858 2025 3927">
     <span class='ocr_line' id='line_1_39' title="bbox 512 3858 2025 3927; baseline 0.003 -14"><span class='ocrx_word' id='word_1_254' title='bbox 512 3858 665 3927; x_wconf 85' lang='lat' dir='ltr'><strong>Quod</strong></span> <span class='ocrx_word' id='word_1_255' title='bbox 698 3860 905 3926; x_wconf 79' lang='lat' dir='ltr'><strong>cupias,</strong></span> <span class='ocrx_word' id='word_1_256' title='bbox 931 3861 1164 3914; x_wconf 79' lang='lat' dir='ltr'><strong>nescisse</strong></span> <span class='ocrx_word' id='word_1_257' title='bbox 1194 3859 1385 3915; x_wconf 87' lang='lat' dir='ltr'><strong>Getas:</strong></span> <span class='ocrx_word' id='word_1_258' title='bbox 1418 3861 1547 3915; x_wconf 91' lang='lat' dir='ltr'><strong>mihi</strong></span> <span class='ocrx_word' id='word_1_259' title='bbox 1573 3862 1798 3916; x_wconf 84' lang='lat' dir='ltr'><strong>Romula</strong></span> <span class='ocrx_word' id='word_1_260' title='bbox 1827 3863 2025 3918; x_wconf 86' lang='lat' dir='ltr'><strong>dudum</strong></span> 
     </span>
    </p>
   </div>
   <div class='ocr_carea' id='block_1_40' title="bbox 512 3952 1953 4022">
    <p class='ocr_par' dir='ltr' id='par_1_40' title="bbox 512 3952 1953 4022">
     <span class='ocr_line' id='line_1_40' title="bbox 512 3952 1953 4022; baseline 0 -14"><span class='ocrx_word' id='word_1_261' title='bbox 512 3952 619 4008; x_wconf 86' lang='lat' dir='ltr'><strong>Per</strong></span> <span class='ocrx_word' id='word_1_262' title='bbox 646 3960 697 4005; x_wconf 88' lang='lat' dir='ltr'><strong>te</strong></span> <span class='ocrx_word' id='word_1_263' title='bbox 725 3952 845 4019; x_wconf 87' lang='lat' dir='ltr'><strong>jura</strong></span> <span class='ocrx_word' id='word_1_264' title='bbox 876 3953 1085 4019; x_wconf 87' lang='lat' dir='ltr'><strong>placent</strong></span> <span class='ocrx_word' id='word_1_265' title='bbox 1110 3970 1121 4005; x_wconf 89' lang='lat'><strong>:</strong></span> <span class='ocrx_word' id='word_1_266' title='bbox 1158 3968 1491 4022; x_wconf 81' lang='lat' dir='ltr'><strong>parvumque</strong></span> <span class='ocrx_word' id='word_1_267' title='bbox 1524 3956 1765 4009; x_wconf 84' lang='lat' dir='ltr'><strong>ediscere</strong></span> <span class='ocrx_word' id='word_1_268' title='bbox 1792 3954 1953 4022; x_wconf 87' lang='lat' dir='ltr'><strong>jussit</strong></span> 
     </span>
    </p>
   </div>
   <div class='ocr_carea' id='block_1_41' title="bbox 514 4041 1893 4113">
    <p class='ocr_par' dir='ltr' id='par_1_41' title="bbox 514 4041 1893 4113">
     <span class='ocr_line' id='line_1_41' title="bbox 514 4041 1893 4113; baseline 0.002 -16"><span class='ocrx_word' id='word_1_269' title='bbox 514 4041 596 4097; x_wconf 77' lang='lat' dir='ltr'><strong>Ad</strong></span> <span class='ocrx_word' id='word_1_270' title='bbox 626 4053 711 4095; x_wconf 91' lang='lat' dir='ltr'><strong>tua</strong></span> <span class='ocrx_word' id='word_1_271' title='bbox 739 4044 895 4095; x_wconf 73' lang='lat' dir='ltr'><strong>verba</strong></span> <span class='ocrx_word' id='word_1_272' title='bbox 932 4054 1098 4110; x_wconf 59' lang='lat' dir='ltr'><strong>pater,</strong></span> <span class='ocrx_word' id='word_1_273' title='bbox 1131 4044 1287 4098; x_wconf 89' lang='lat' dir='ltr'><strong>docili</strong></span> <span class='ocrx_word' id='word_1_274' title='bbox 1322 4060 1425 4113; x_wconf 88' lang='lat' dir='ltr'><strong>quo</strong></span> <span class='ocrx_word' id='word_1_275' title='bbox 1454 4048 1627 4113; x_wconf 84' lang='lat' dir='ltr'><strong>prisca</strong></span> <span class='ocrx_word' id='word_1_276' title='bbox 1658 4048 1893 4100; x_wconf 85' lang='lat' dir='ltr'><strong>Maronis</strong></span> 
     </span>
    </p>
   </div>
   <div class='ocr_carea' id='block_1_42' title="bbox 516 4132 1949 4206">
    <p class='ocr_par' dir='ltr' id='par_1_42' title="bbox 516 4132 1949 4206">
     <span class='ocr_line' id='line_1_42' title="bbox 516 4132 1949 4206; baseline 0.002 -18"><span class='ocrx_word' id='word_1_277' title='bbox 516 4132 770 4188; x_wconf 87' lang='lat' dir='ltr'><strong>Carmine</strong></span> <span class='ocrx_word' id='word_1_278' title='bbox 806 4134 1038 4187; x_wconf 90' lang='lat' dir='ltr'><strong>molliret</strong></span> <span class='ocrx_word' id='word_1_279' title='bbox 1068 4135 1346 4205; x_wconf 85' lang='lat' dir='ltr'><strong>Scythicos</strong></span> <span class='ocrx_word' id='word_1_280' title='bbox 1377 4135 1505 4191; x_wconf 90' lang='lat' dir='ltr'><strong>mihi</strong></span> <span class='ocrx_word' id='word_1_281' title='bbox 1534 4138 1720 4206; x_wconf 87' lang='lat' dir='ltr'><strong>pagina</strong></span> <span class='ocrx_word' id='word_1_282' title='bbox 1753 4153 1949 4193; x_wconf 90' lang='lat' dir='ltr'><strong>mores.</strong></span> 
     </span>
    </p>
   </div>
   <div class='ocr_carea' id='block_1_43' title="bbox 510 4224 2027 4302">
    <p class='ocr_par' dir='ltr' id='par_1_43' title="bbox 510 4224 2027 4302">
     <span class='ocr_line' id='line_1_43' title="bbox 510 4224 2027 4302; baseline 0.006 -22"><span class='ocrx_word' id='word_1_283' title='bbox 510 4224 628 4280; x_wconf 87' lang='lat' dir='ltr'><strong>Jam</strong></span> <span class='ocrx_word' id='word_1_284' title='bbox 660 4242 842 4293; x_wconf 87' lang='lat' dir='ltr'><strong>pacem</strong></span> <span class='ocrx_word' id='word_1_285' title='bbox 885 4235 993 4279; x_wconf 90' lang='lat' dir='ltr'><strong>tum</strong></span> <span class='ocrx_word' id='word_1_286' title='bbox 1023 4229 1162 4284; x_wconf 91' lang='lat' dir='ltr'><strong>velle</strong></span> <span class='ocrx_word' id='word_1_287' title='bbox 1189 4230 1385 4296; x_wconf 89' lang='lat' dir='ltr'><strong>doces;</strong></span> <span class='ocrx_word' id='word_1_288' title='bbox 1419 4232 1513 4285; x_wconf 90' lang='lat' dir='ltr'><strong>sed</strong></span> <span class='ocrx_word' id='word_1_289' title='bbox 1547 4234 1779 4301; x_wconf 75' lang='lat' dir='ltr'><strong>percipe,</strong></span> <span class='ocrx_word' id='word_1_290' title='bbox 1811 4236 1929 4302; x_wconf 72' lang='lat' dir='ltr'><strong>quae</strong></span> <span class='ocrx_word' id='word_1_291' title='bbox 1959 4235 2027 4289; x_wconf 89' lang='lat' dir='ltr'><strong>sit</strong></span> 
     </span>
    </p>
   </div>
   <div class='ocr_carea' id='block_1_44' title="bbox 509 4314 1890 4393">
    <p class='ocr_par' dir='ltr' id='par_1_44' title="bbox 509 4314 1890 4393">
     <span class='ocr_line' id='line_1_44' title="bbox 509 4314 1890 4393; baseline 0.008 -23"><span class='ocrx_word' id='word_1_292' title='bbox 509 4314 759 4370; x_wconf 86' lang='lat' dir='ltr'><strong>Conditio</strong></span> <span class='ocrx_word' id='word_1_293' title='bbox 788 4317 1053 4386; x_wconf 85' lang='lat' dir='ltr'><strong>obsequii,</strong></span> <span class='ocrx_word' id='word_1_294' title='bbox 1083 4318 1263 4375; x_wconf 89' lang='lat' dir='ltr'><strong>forsan</strong></span> <span class='ocrx_word' id='word_1_295' title='bbox 1295 4328 1410 4377; x_wconf 85' lang='lat' dir='ltr'><strong>rata</strong></span> <span class='ocrx_word' id='word_1_296' title='bbox 1439 4333 1595 4391; x_wconf 89' lang='lat' dir='ltr'><strong>pacta</strong></span> <span class='ocrx_word' id='word_1_297' title='bbox 1620 4325 1890 4393; x_wconf 89' lang='lat' dir='ltr'><strong>probabis.</strong></span> 
     </span>
    </p>
   </div>
   <div class='ocr_carea' id='block_1_45' title="bbox 3476 232 3585 241">
    <p class='ocr_par' dir='ltr' id='par_1_45' title="bbox 3476 232 3585 241">
     <span class='ocr_line' id='line_1_45' title="bbox 3476 232 3585 241; baseline -0.009 -1"><span class='ocrx_word' id='word_1_298' title='bbox 3476 232 3585 241; x_wconf 44' lang='lat' dir='ltr'><strong>Ha...—</strong></span> 
     </span>
    </p>
   </div>
   <div class='ocr_carea' id='block_1_46' title="bbox 1825 292 3804 362">
    <p class='ocr_par' dir='ltr' id='par_1_46' title="bbox 1825 292 3804 362">
     <span class='ocr_line' id='line_1_46' title="bbox 1825 292 3804 362; baseline 0.006 -12"><span class='ocrx_word' id='word_1_299' title='bbox 1825 292 2073 350; x_wconf 73' lang='lat' dir='ltr'><strong>SID&#39;ONll</strong></span> <span class='ocrx_word' id='word_1_300' title='bbox 2120 294 2572 352; x_wconf 67' lang='lat' dir='ltr'><strong>APOLmthRIS</strong></span> <span class='ocrx_word' id='word_1_301' title='bbox 3709 296 3804 362; x_wconf 67' lang='grc'><strong>691</strong></span> 
     </span>
    </p>
   </div>
   <div class='ocr_carea' id='block_1_47' title="bbox 2158 412 3800 492">
    <p class='ocr_par' dir='ltr' id='par_1_47' title="bbox 2158 412 3800 492">
     <span class='ocr_line' id='line_1_47' title="bbox 2158 412 3800 492; baseline 0.001 -19"><span class='ocrx_word' id='word_1_302' title='bbox 2158 420 2207 480; x_wconf 81' lang='grc' dir='ltr'>Α</span> <span class='ocrx_word' id='word_1_303' title='bbox 2240 414 2396 489; x_wconf 65' lang='lat'><strong>3&#39;47</strong></span> <span class='ocrx_word' id='word_1_304' title='bbox 2430 418 2651 485; x_wconf 85' lang='lat' dir='ltr'><strong>Testor,</strong></span> <span class='ocrx_word' id='word_1_305' title='bbox 2687 417 2888 483; x_wconf 83' lang='lat' dir='ltr'><strong>Roma,</strong></span> <span class='ocrx_word' id='word_1_306' title='bbox 2916 426 3063 473; x_wconf 91' lang='lat' dir='ltr'><strong>tuum</strong></span> <span class='ocrx_word' id='word_1_307' title='bbox 3096 416 3249 473; x_wconf 88' lang='lat' dir='ltr'><strong>nobis</strong></span> <span class='ocrx_word' id='word_1_308' title='bbox 3272 412 3578 474; x_wconf 89' lang='lat' dir='ltr'><strong>venerabile</strong></span> <span class='ocrx_word' id='word_1_309' title='bbox 3607 434 3800 492; x_wconf 70' lang='lat' dir='ltr'><strong>numen,</strong></span> 
     </span>
    </p>
   </div>
   <div class='ocr_carea' id='block_1_48' title="bbox 2238 510 3694 581">
    <p class='ocr_par' dir='ltr' id='par_1_48' title="bbox 2238 510 3694 581">
     <span class='ocr_line' id='line_1_48' title="bbox 2238 510 3694 581; baseline 0.004 -18"><span class='ocrx_word' id='word_1_310' title='bbox 2238 510 2305 563; x_wconf 91' lang='lat' dir='ltr'><strong>Et</strong></span> <span class='ocrx_word' id='word_1_311' title='bbox 2325 512 2528 566; x_wconf 92' lang='lat' dir='ltr'><strong>socium</strong></span> <span class='ocrx_word' id='word_1_312' title='bbox 2555 510 2622 566; x_wconf 91' lang='lat' dir='ltr'><strong>de</strong></span> <span class='ocrx_word' id='word_1_313' title='bbox 2651 510 2818 566; x_wconf 83' lang='lat' dir='ltr'><strong>Marte</strong></span> <span class='ocrx_word' id='word_1_314' title='bbox 2847 525 3036 580; x_wconf 83' lang='lat' dir='ltr'><strong>genus,</strong></span> <span class='ocrx_word' id='word_1_315' title='bbox 3076 511 3159 565; x_wconf 90' lang='lat' dir='ltr'><strong>vel</strong></span> <span class='ocrx_word' id='word_1_316' title='bbox 3182 510 3439 581; x_wconf 83' lang='lat' dir='ltr'><strong>quidquid</strong></span> <span class='ocrx_word' id='word_1_317' title='bbox 3467 510 3534 565; x_wconf 90' lang='lat' dir='ltr'><strong>ab</strong></span> <span class='ocrx_word' id='word_1_318' title='bbox 3565 528 3694 579; x_wconf 67' lang='lat' dir='ltr'><strong>aevo,</strong></span> 
     </span>
    </p>
   </div>
   <div class='ocr_carea' id='block_1_49' title="bbox 2233 600 3593 674">
    <p class='ocr_par' dir='ltr' id='par_1_49' title="bbox 2233 600 3593 674">
     <span class='ocr_line' id='line_1_49' title="bbox 2233 600 3593 674; baseline 0.001 -19"><span class='ocrx_word' id='word_1_319' title='bbox 2233 600 2339 671; x_wconf 87' lang='lat' dir='ltr'><strong>(Nil</strong></span> <span class='ocrx_word' id='word_1_320' title='bbox 2371 611 2420 656; x_wconf 91' lang='lat' dir='ltr'><strong>te</strong></span> <span class='ocrx_word' id='word_1_321' title='bbox 2449 602 2677 656; x_wconf 89' lang='lat' dir='ltr'><strong>mundus</strong></span> <span class='ocrx_word' id='word_1_322' title='bbox 2707 602 2868 656; x_wconf 89' lang='lat' dir='ltr'><strong>habet</strong></span> <span class='ocrx_word' id='word_1_323' title='bbox 2890 602 3103 668; x_wconf 92' lang='lat' dir='ltr'><strong>melius,</strong></span> <span class='ocrx_word' id='word_1_324' title='bbox 3140 602 3210 656; x_wconf 92' lang='lat' dir='ltr'><strong>nil</strong></span> <span class='ocrx_word' id='word_1_325' title='bbox 3237 603 3349 673; x_wconf 91' lang='lat' dir='ltr'><strong>ipsa</strong></span> <span class='ocrx_word' id='word_1_326' title='bbox 3379 601 3593 674; x_wconf 89' lang='lat' dir='ltr'><strong>senatu)</strong></span> 
     </span>
    </p>
   </div>
   <div class='ocr_carea' id='block_1_50' title="bbox 2229 694 3442 765">
    <p class='ocr_par' dir='ltr' id='par_1_50' title="bbox 2229 694 3442 765">
     <span class='ocr_line' id='line_1_50' title="bbox 2229 694 3442 765; baseline 0.002 -16"><span class='ocrx_word' id='word_1_327' title='bbox 2229 694 2313 751; x_wconf 85' lang='lat' dir='ltr'><strong>Me</strong></span> <span class='ocrx_word' id='word_1_328' title='bbox 2337 711 2519 765; x_wconf 85' lang='lat' dir='ltr'><strong>pacem</strong></span> <span class='ocrx_word' id='word_1_329' title='bbox 2553 711 2774 752; x_wconf 90' lang='lat' dir='ltr'><strong>servare</strong></span> <span class='ocrx_word' id='word_1_330' title='bbox 2803 697 2918 765; x_wconf 89' lang='lat' dir='ltr'><strong>tibi,</strong></span> <span class='ocrx_word' id='word_1_331' title='bbox 2950 696 3034 751; x_wconf 90' lang='lat' dir='ltr'><strong>vel</strong></span> <span class='ocrx_word' id='word_1_332' title='bbox 3064 697 3199 751; x_wconf 89' lang='lat' dir='ltr'><strong>velle</strong></span> <span class='ocrx_word' id='word_1_333' title='bbox 3222 696 3442 752; x_wconf 87' lang='lat' dir='ltr'><strong>abolere</strong></span> 
     </span>
    </p>
   </div>
   <div class='ocr_carea' id='block_1_51' title="bbox 2230 788 3707 860">
    <p class='ocr_par' dir='ltr' id='par_1_51' title="bbox 2230 788 3707 860">
     <span class='ocr_line' id='line_1_51' title="bbox 2230 788 3707 860; baseline 0.002 -18"><span class='ocrx_word' id='word_1_334' title='bbox 2230 788 2362 857; x_wconf 65' lang='lat' dir='ltr'><strong>Quae</strong></span> <span class='ocrx_word' id='word_1_335' title='bbox 2390 797 2574 845; x_wconf 88' lang='lat' dir='ltr'><strong>noster</strong></span> <span class='ocrx_word' id='word_1_336' title='bbox 2602 791 2843 860; x_wconf 88' lang='lat' dir='ltr'><strong>peccavit</strong></span> <span class='ocrx_word' id='word_1_337' title='bbox 2864 805 3015 853; x_wconf 88' lang='lat' dir='ltr'><strong>avus,</strong></span> <span class='ocrx_word' id='word_1_338' title='bbox 3050 806 3211 859; x_wconf 86' lang='lat' dir='ltr'><strong>quem</strong></span> <span class='ocrx_word' id='word_1_339' title='bbox 3242 789 3417 845; x_wconf 88' lang='lat' dir='ltr'><strong>fuscat</strong></span> <span class='ocrx_word' id='word_1_340' title='bbox 3445 789 3498 845; x_wconf 90' lang='lat' dir='ltr'><strong>id</strong></span> <span class='ocrx_word' id='word_1_341' title='bbox 3525 805 3707 858; x_wconf 90' lang='lat' dir='ltr'><strong>unum,</strong></span> 
     </span>
    </p>
   </div>
   <div class='ocr_carea' id='block_1_52' title="bbox 2229 881 3723 956">
    <p class='ocr_par' dir='ltr' id='par_1_52' title="bbox 2229 881 3723 956">
     <span class='ocr_line' id='line_1_52' title="bbox 2229 881 3723 956; baseline 0.003 -20"><span class='ocrx_word' id='word_1_342' title='bbox 2229 881 2383 948; x_wconf 88' lang='lat' dir='ltr'><strong>Quod</strong></span> <span class='ocrx_word' id='word_1_343' title='bbox 2414 890 2486 948; x_wconf 91' lang='lat' dir='ltr'><strong>te,</strong></span> <span class='ocrx_word' id='word_1_344' title='bbox 2517 884 2703 949; x_wconf 80' lang='lat' dir='ltr'><strong>Roma,</strong></span> <span class='ocrx_word' id='word_1_345' title='bbox 2738 884 2913 955; x_wconf 89' lang='lat' dir='ltr'><strong>capit:</strong></span> <span class='ocrx_word' id='word_1_346' title='bbox 2942 883 3039 939; x_wconf 91' lang='lat' dir='ltr'><strong>sed</strong></span> <span class='ocrx_word' id='word_1_347' title='bbox 3070 883 3144 937; x_wconf 90' lang='lat' dir='ltr'><strong>dii</strong></span> <span class='ocrx_word' id='word_1_348' title='bbox 3176 885 3220 937; x_wconf 90' lang='lat' dir='ltr'><strong>si</strong></span> <span class='ocrx_word' id='word_1_349' title='bbox 3253 892 3376 939; x_wconf 89' lang='lat' dir='ltr'><strong>vota</strong></span> <span class='ocrx_word' id='word_1_350' title='bbox 3404 884 3723 956; x_wconf 90' lang='lat' dir='ltr'><strong>secundant,</strong></span> 
     </span>
    </p>
   </div>
   <div class='ocr_carea' id='block_1_53' title="bbox 2226 977 3369 1049">
    <p class='ocr_par' dir='ltr' id='par_1_53' title="bbox 2226 977 3369 1049">
     <span class='ocr_line' id='line_1_53' title="bbox 2226 977 3369 1049; baseline 0.003 -17"><span class='ocrx_word' id='word_1_351' title='bbox 2226 977 2434 1032; x_wconf 87' lang='lat' dir='ltr'><strong>Excidii</strong></span> <span class='ocrx_word' id='word_1_352' title='bbox 2463 978 2659 1033; x_wconf 89' lang='lat' dir='ltr'><strong>veteris</strong></span> <span class='ocrx_word' id='word_1_353' title='bbox 2681 979 2881 1033; x_wconf 89' lang='lat' dir='ltr'><strong>crimen</strong></span> <span class='ocrx_word' id='word_1_354' title='bbox 2907 994 3139 1049; x_wconf 86' lang='lat' dir='ltr'><strong>purgare</strong></span> <span class='ocrx_word' id='word_1_355' title='bbox 3170 978 3369 1035; x_wconf 87' lang='lat' dir='ltr'><strong>valebit</strong></span> 
     </span>
    </p>
   </div>
   <div class='ocr_carea' id='block_1_54' title="bbox 2226 1070 3475 1143">
    <p class='ocr_par' dir='ltr' id='par_1_54' title="bbox 2226 1070 3475 1143">
     <span class='ocr_line' id='line_1_54' title="bbox 2226 1070 3475 1143; baseline 0.001 -17"><span class='ocrx_word' id='word_1_356' title='bbox 2226 1070 2373 1127; x_wconf 89' lang='lat' dir='ltr'><strong>Ultio</strong></span> <span class='ocrx_word' id='word_1_357' title='bbox 2400 1070 2701 1141; x_wconf 66' lang='lat' dir='ltr'><strong>praasentis,</strong></span> <span class='ocrx_word' id='word_1_358' title='bbox 2731 1072 2774 1125; x_wconf 90' lang='lat' dir='ltr'><strong>si</strong></span> <span class='ocrx_word' id='word_1_359' title='bbox 2805 1078 2883 1138; x_wconf 91' lang='lat' dir='ltr'><strong>tu,</strong></span> <span class='ocrx_word' id='word_1_360' title='bbox 2918 1072 3023 1127; x_wconf 86' lang='lat' dir='ltr'><strong>dux</strong></span> <span class='ocrx_word' id='word_1_361' title='bbox 3055 1073 3271 1143; x_wconf 86' lang='lat' dir='ltr'><strong>inclyte,</strong></span> <span class='ocrx_word' id='word_1_362' title='bbox 3302 1072 3475 1127; x_wconf 92' lang='lat' dir='ltr'><strong>solum</strong></span> 
     </span>
    </p>
   </div>
   <div class='ocr_carea' id='block_1_55' title="bbox 2225 1163 3548 1232">
    <p class='ocr_par' dir='ltr' id='par_1_55' title="bbox 2225 1163 3548 1232">
     <span class='ocr_line' id='line_1_55' title="bbox 2225 1163 3548 1232; baseline 0.002 -14"><span class='ocrx_word' id='word_1_363' title='bbox 2225 1163 2451 1232; x_wconf 85' lang='lat' dir='ltr'><strong>Augusti</strong></span> <span class='ocrx_word' id='word_1_364' title='bbox 2474 1164 2668 1218; x_wconf 89' lang='lat' dir='ltr'><strong>subeas</strong></span> <span class='ocrx_word' id='word_1_365' title='bbox 2696 1180 2912 1219; x_wconf 89' lang='lat' dir='ltr'><strong>nomen.</strong></span> <span class='ocrx_word' id='word_1_366' title='bbox 2942 1164 3078 1232; x_wconf 88' lang='lat' dir='ltr'><strong>Quid</strong></span> <span class='ocrx_word' id='word_1_367' title='bbox 3100 1165 3305 1221; x_wconf 89' lang='lat' dir='ltr'><strong>lumina</strong></span> <span class='ocrx_word' id='word_1_368' title='bbox 3328 1166 3548 1222; x_wconf 85' lang='lat' dir='ltr'><strong>ﬂectis?</strong></span> 
     </span>
    </p>
   </div>
   <div class='ocr_carea' id='block_1_56' title="bbox 2224 1254 3569 1327">
    <p class='ocr_par' dir='ltr' id='par_1_56' title="bbox 2224 1254 3569 1327">
     <span class='ocr_line' id='line_1_56' title="bbox 2224 1254 3569 1327; baseline 0.003 -19"><span class='ocrx_word' id='word_1_369' title='bbox 2224 1254 2453 1311; x_wconf 90' lang='lat' dir='ltr'><strong>Invitum</strong></span> <span class='ocrx_word' id='word_1_370' title='bbox 2480 1256 2595 1325; x_wconf 88' lang='lat' dir='ltr'><strong>plus</strong></span> <span class='ocrx_word' id='word_1_371' title='bbox 2626 1271 2746 1311; x_wconf 91' lang='lat' dir='ltr'><strong>esse</strong></span> <span class='ocrx_word' id='word_1_372' title='bbox 2774 1256 2966 1321; x_wconf 89' lang='lat' dir='ltr'><strong>decet;</strong></span> <span class='ocrx_word' id='word_1_373' title='bbox 3002 1272 3110 1311; x_wconf 91' lang='lat' dir='ltr'><strong>non</strong></span> <span class='ocrx_word' id='word_1_374' title='bbox 3140 1257 3380 1327; x_wconf 82' lang='lat' dir='ltr'><strong>cogimus</strong></span> <span class='ocrx_word' id='word_1_375' title='bbox 3402 1258 3569 1324; x_wconf 90' lang='lat' dir='ltr'><strong>istud,</strong></span> 
     </span>
    </p>
   </div>
   <div class='ocr_carea' id='block_1_57' title="bbox 2224 1348 3589 1418">
    <p class='ocr_par' dir='ltr' id='par_1_57' title="bbox 2224 1348 3589 1418">
     <span class='ocr_line' id='line_1_57' title="bbox 2224 1348 3589 1418; baseline 0.001 -13"><span class='ocrx_word' id='word_1_376' title='bbox 2224 1348 2328 1405; x_wconf 88' lang='lat' dir='ltr'><strong>Sed</strong></span> <span class='ocrx_word' id='word_1_377' title='bbox 2359 1357 2741 1405; x_wconf 88' lang='lat' dir='ltr'><strong>contestamur.</strong></span> <span class='ocrx_word' id='word_1_378' title='bbox 2767 1348 2949 1403; x_wconf 82' lang='lat' dir='ltr'><strong>Romae</strong></span> <span class='ocrx_word' id='word_1_379' title='bbox 2978 1364 3095 1404; x_wconf 87' lang='lat' dir='ltr'><strong>sum</strong></span> <span class='ocrx_word' id='word_1_380' title='bbox 3123 1359 3174 1405; x_wconf 92' lang='lat' dir='ltr'><strong>te</strong></span> <span class='ocrx_word' id='word_1_381' title='bbox 3202 1352 3338 1404; x_wconf 88' lang='lat' dir='ltr'><strong>duce</strong></span> <span class='ocrx_word' id='word_1_382' title='bbox 3363 1352 3589 1418; x_wconf 89' lang='lat' dir='ltr'><strong>amicus,</strong></span> 
     </span>
    </p>
   </div>
   <div class='ocr_carea' id='block_1_58' title="bbox 2223 1441 3563 1512">
    <p class='ocr_par' dir='ltr' id='par_1_58' title="bbox 2223 1441 3563 1512">
     <span class='ocr_line' id='line_1_58' title="bbox 2223 1441 3563 1512; baseline -0.001 -16"><span class='ocrx_word' id='word_1_383' title='bbox 2223 1441 2473 1512; x_wconf 88' lang='lat' dir='ltr'><strong>Principe</strong></span> <span class='ocrx_word' id='word_1_384' title='bbox 2500 1451 2551 1497; x_wconf 90' lang='lat' dir='ltr'><strong>te</strong></span> <span class='ocrx_word' id='word_1_385' title='bbox 2572 1441 2725 1496; x_wconf 92' lang='lat' dir='ltr'><strong>miles</strong></span> <span class='ocrx_word' id='word_1_386' title='bbox 2750 1458 2764 1508; x_wconf 90' lang='lat'><strong>;</strong></span> <span class='ocrx_word' id='word_1_387' title='bbox 2789 1456 3012 1511; x_wconf 82' lang='lat' dir='ltr'><strong>regnum</strong></span> <span class='ocrx_word' id='word_1_388' title='bbox 3042 1457 3145 1496; x_wconf 86' lang='lat' dir='ltr'><strong>neu</strong></span> <span class='ocrx_word' id='word_1_389' title='bbox 3174 1442 3416 1512; x_wconf 67' lang='lat' dir='ltr'><strong>praeripis</strong></span> <span class='ocrx_word' id='word_1_390' title='bbox 3445 1442 3563 1511; x_wconf 89' lang='lat' dir='ltr'><strong>ulli,</strong></span> 
     </span>
    </p>
   </div>
   <div class='ocr_carea' id='block_1_59' title="bbox 2222 1532 3593 1606">
    <p class='ocr_par' dir='ltr' id='par_1_59' title="bbox 2222 1532 3593 1606">
     <span class='ocr_line' id='line_1_59' title="bbox 2222 1532 3593 1606; baseline 0 -15"><span class='ocrx_word' id='word_1_391' title='bbox 2222 1534 2333 1591; x_wconf 86' lang='lat' dir='ltr'><strong>Nec</strong></span> <span class='ocrx_word' id='word_1_392' title='bbox 2358 1536 2638 1606; x_wconf 88' lang='lat' dir='ltr'><strong>quisquam</strong></span> <span class='ocrx_word' id='word_1_393' title='bbox 2663 1532 2839 1589; x_wconf 89' lang='lat' dir='ltr'><strong>Latias</strong></span> <span class='ocrx_word' id='word_1_394' title='bbox 2865 1538 3133 1605; x_wconf 88' lang='lat' dir='ltr'><strong>Augustus</strong></span> <span class='ocrx_word' id='word_1_395' title='bbox 3157 1535 3391 1605; x_wconf 88' lang='lat' dir='ltr'><strong>possidet</strong></span> <span class='ocrx_word' id='word_1_396' title='bbox 3411 1550 3593 1591; x_wconf 88' lang='lat' dir='ltr'><strong>arces:</strong></span> 
     </span>
    </p>
   </div>
   <div class='ocr_carea' id='block_1_60' title="bbox 2222 1626 3719 1697">
    <p class='ocr_par' dir='ltr' id='par_1_60' title="bbox 2222 1626 3719 1697">
     <span class='ocr_line' id='line_1_60' title="bbox 2222 1626 3719 1697; baseline 0.003 -14"><span class='ocrx_word' id='word_1_397' title='bbox 2222 1628 2339 1695; x_wconf 89' lang='lat' dir='ltr'><strong>Qua</strong></span> <span class='ocrx_word' id='word_1_398' title='bbox 2362 1636 2514 1683; x_wconf 88' lang='lat' dir='ltr'><strong>vacat</strong></span> <span class='ocrx_word' id='word_1_399' title='bbox 2536 1626 2679 1694; x_wconf 90' lang='lat' dir='ltr'><strong>aula,</strong></span> <span class='ocrx_word' id='word_1_400' title='bbox 2716 1636 2804 1681; x_wconf 92' lang='lat' dir='ltr'><strong>tua</strong></span> <span class='ocrx_word' id='word_1_401' title='bbox 2842 1635 2960 1683; x_wconf 88' lang='lat' dir='ltr'><strong>est:</strong></span> <span class='ocrx_word' id='word_1_402' title='bbox 2995 1636 3186 1697; x_wconf 90' lang='lat' dir='ltr'><strong>testor,</strong></span> <span class='ocrx_word' id='word_1_403' title='bbox 3219 1642 3323 1683; x_wconf 92' lang='lat' dir='ltr'><strong>non</strong></span> <span class='ocrx_word' id='word_1_404' title='bbox 3351 1628 3548 1684; x_wconf 83' lang='lat' dir='ltr'><strong>sufficit</strong></span> <span class='ocrx_word' id='word_1_405' title='bbox 3578 1631 3719 1688; x_wconf 89' lang='lat' dir='ltr'><strong>istud</strong></span> 
     </span>
    </p>
   </div>
   <div class='ocr_carea' id='block_1_61' title="bbox 2220 1718 3681 1789">
    <p class='ocr_par' dir='ltr' id='par_1_61' title="bbox 2220 1718 3681 1789">
     <span class='ocr_line' id='line_1_61' title="bbox 2220 1718 3681 1789; baseline 0.001 -13"><span class='ocrx_word' id='word_1_406' title='bbox 2220 1720 2301 1777; x_wconf 86' lang='lat' dir='ltr'><strong>Ne</strong></span> <span class='ocrx_word' id='word_1_407' title='bbox 2328 1736 2571 1784; x_wconf 88' lang='lat' dir='ltr'><strong>noceam,</strong></span> <span class='ocrx_word' id='word_1_408' title='bbox 2600 1729 2759 1789; x_wconf 90' lang='lat' dir='ltr'><strong>atque</strong></span> <span class='ocrx_word' id='word_1_409' title='bbox 2788 1728 2878 1774; x_wconf 91' lang='lat' dir='ltr'><strong>tuo</strong></span> <span class='ocrx_word' id='word_1_410' title='bbox 2906 1719 3007 1775; x_wconf 90' lang='lat' dir='ltr'><strong>hoc</strong></span> <span class='ocrx_word' id='word_1_411' title='bbox 3029 1720 3232 1774; x_wconf 88' lang='lat' dir='ltr'><strong>utinam</strong></span> <span class='ocrx_word' id='word_1_412' title='bbox 3254 1718 3559 1777; x_wconf 88' lang='lat' dir='ltr'><strong>diademate</strong></span> <span class='ocrx_word' id='word_1_413' title='bbox 3584 1722 3681 1778; x_wconf 88' lang='lat' dir='ltr'><strong>fiat</strong></span> 
     </span>
    </p>
   </div>
   <div class='ocr_carea' id='block_1_62' title="bbox 2145 1798 3675 1884">
    <p class='ocr_par' dir='ltr' id='par_1_62' title="bbox 2145 1798 3675 1884">
     <span class='ocr_line' id='line_1_62' title="bbox 2145 1798 3675 1884; baseline 0 -13"><span class='ocrx_word' id='word_1_414' title='bbox 2145 1798 2195 1874; x_wconf 87' lang='lat' dir='ltr'><strong>B</strong></span> <span class='ocrx_word' id='word_1_415' title='bbox 2222 1814 2292 1871; x_wconf 91' lang='lat' dir='ltr'><strong>Ut</strong></span> <span class='ocrx_word' id='word_1_416' title='bbox 2321 1814 2557 1884; x_wconf 86' lang='lat' dir='ltr'><strong>prosim!</strong></span> <span class='ocrx_word' id='word_1_417' title='bbox 2581 1812 2809 1867; x_wconf 88' lang='lat' dir='ltr'><strong>suadere</strong></span> <span class='ocrx_word' id='word_1_418' title='bbox 2838 1827 3019 1867; x_wconf 90' lang='lat' dir='ltr'><strong>meum</strong></span> <span class='ocrx_word' id='word_1_419' title='bbox 3049 1822 3133 1866; x_wconf 88' lang='lat' dir='ltr'><strong>est</strong></span> <span class='ocrx_word' id='word_1_420' title='bbox 3155 1854 3169 1877; x_wconf 89' lang='lat'><strong>,</strong></span> <span class='ocrx_word' id='word_1_421' title='bbox 3199 1828 3320 1866; x_wconf 85' lang='lat' dir='ltr'><strong>nam</strong></span> <span class='ocrx_word' id='word_1_422' title='bbox 3352 1812 3520 1869; x_wconf 87' lang='lat' dir='ltr'><strong>Gallia</strong></span> <span class='ocrx_word' id='word_1_423' title='bbox 3541 1815 3587 1870; x_wconf 93' lang='lat' dir='ltr'><strong>si</strong></span> <span class='ocrx_word' id='word_1_424' title='bbox 3619 1824 3675 1871; x_wconf 86' lang='lat' dir='ltr'><strong>te</strong></span> 
     </span>
    </p>
   </div>
   <div class='ocr_carea' id='block_1_63' title="bbox 2221 1902 3644 1974">
    <p class='ocr_par' dir='ltr' id='par_1_63' title="bbox 2221 1902 3644 1974">
     <span class='ocr_line' id='line_1_63' title="bbox 2221 1902 3644 1974; baseline 0.001 -15"><span class='ocrx_word' id='word_1_425' title='bbox 2221 1902 2576 1973; x_wconf 86' lang='lat' dir='ltr'><strong>Compulerit,</strong></span> <span class='ocrx_word' id='word_1_426' title='bbox 2609 1919 2729 1974; x_wconf 79' lang='lat' dir='ltr'><strong>quae</strong></span> <span class='ocrx_word' id='word_1_427' title='bbox 2752 1902 2880 1972; x_wconf 90' lang='lat' dir='ltr'><strong>jure</strong></span> <span class='ocrx_word' id='word_1_428' title='bbox 2911 1911 3106 1972; x_wconf 90' lang='lat' dir='ltr'><strong>potest,</strong></span> <span class='ocrx_word' id='word_1_429' title='bbox 3142 1903 3232 1957; x_wconf 90' lang='lat' dir='ltr'><strong>tibi</strong></span> <span class='ocrx_word' id='word_1_430' title='bbox 3258 1915 3441 1973; x_wconf 89' lang='lat' dir='ltr'><strong>pareat</strong></span> <span class='ocrx_word' id='word_1_431' title='bbox 3469 1906 3644 1972; x_wconf 84' lang='lat' dir='ltr'><strong>orbis,</strong></span> 
     </span>
    </p>
   </div>
   <div class='ocr_carea' id='block_1_64' title="bbox 2221 1998 3527 2069">
    <p class='ocr_par' dir='ltr' id='par_1_64' title="bbox 2221 1998 3527 2069">
     <span class='ocr_line' id='line_1_64' title="bbox 2221 1998 3527 2069; baseline 0.001 -16"><span class='ocrx_word' id='word_1_432' title='bbox 2221 1998 2298 2053; x_wconf 92' lang='lat' dir='ltr'><strong>Ne</strong></span> <span class='ocrx_word' id='word_1_433' title='bbox 2327 2008 2529 2068; x_wconf 90' lang='lat' dir='ltr'><strong>pereat.</strong></span> <span class='ocrx_word' id='word_1_434' title='bbox 2556 1998 2726 2066; x_wconf 86' lang='lat' dir='ltr'><strong>Dixit,</strong></span> <span class='ocrx_word' id='word_1_435' title='bbox 2758 1998 3065 2069; x_wconf 89' lang='lat' dir='ltr'><strong>pariterque</strong></span> <span class='ocrx_word' id='word_1_436' title='bbox 3096 1998 3146 2053; x_wconf 92' lang='lat' dir='ltr'><strong>in</strong></span> <span class='ocrx_word' id='word_1_437' title='bbox 3169 1999 3330 2055; x_wconf 89' lang='lat' dir='ltr'><strong>verba</strong></span> <span class='ocrx_word' id='word_1_438' title='bbox 3362 2002 3527 2069; x_wconf 89' lang='lat' dir='ltr'><strong>petita</strong></span> 
     </span>
    </p>
   </div>
   <div class='ocr_carea' id='block_1_65' title="bbox 2221 2091 3694 2159">
    <p class='ocr_par' dir='ltr' id='par_1_65' title="bbox 2221 2091 3694 2159">
     <span class='ocr_line' id='line_1_65' title="bbox 2221 2091 3694 2159; baseline 0.002 -11"><span class='ocrx_word' id='word_1_439' title='bbox 2221 2093 2323 2148; x_wconf 91' lang='lat' dir='ltr'><strong>Dat</strong></span> <span class='ocrx_word' id='word_1_440' title='bbox 2352 2102 2587 2148; x_wconf 91' lang='lat' dir='ltr'><strong>sanctam</strong></span> <span class='ocrx_word' id='word_1_441' title='bbox 2618 2109 2738 2148; x_wconf 89' lang='lat' dir='ltr'><strong>eum</strong></span> <span class='ocrx_word' id='word_1_442' title='bbox 2767 2092 2932 2147; x_wconf 87' lang='lat' dir='ltr'><strong>fratre</strong></span> <span class='ocrx_word' id='word_1_443' title='bbox 2959 2091 3141 2146; x_wconf 84' lang='lat' dir='ltr'><strong>fidem.</strong></span> <span class='ocrx_word' id='word_1_444' title='bbox 3170 2102 3192 2129; x_wconf 75' lang='grc' dir='ltr'>θ</span> <span class='ocrx_word' id='word_1_445' title='bbox 3220 2093 3480 2159; x_wconf 88' lang='lat' dir='ltr'><strong>Discedis,</strong></span> <span class='ocrx_word' id='word_1_446' title='bbox 3514 2094 3694 2152; x_wconf 64' lang='lat' dir='ltr'><strong>Avite.</strong></span> 
     </span>
    </p>
   </div>
   <div class='ocr_carea' id='block_1_66' title="bbox 2219 2185 3517 2256">
    <p class='ocr_par' dir='ltr' id='par_1_66' title="bbox 2219 2185 3517 2256">
     <span class='ocr_line' id='line_1_66' title="bbox 2219 2185 3517 2256; baseline -0.001 -16"><span class='ocrx_word' id='word_1_447' title='bbox 2219 2186 2461 2253; x_wconf 68' lang='lat' dir='ltr'><strong>Maestus,</strong></span> <span class='ocrx_word' id='word_1_448' title='bbox 2482 2188 2571 2256; x_wconf 90' lang='lat' dir='ltr'><strong>qui</strong></span> <span class='ocrx_word' id='word_1_449' title='bbox 2602 2186 2781 2241; x_wconf 86' lang='lat' dir='ltr'><strong>Gallos</strong></span> <span class='ocrx_word' id='word_1_450' title='bbox 2808 2185 2977 2240; x_wconf 87' lang='lat' dir='ltr'><strong>scires</strong></span> <span class='ocrx_word' id='word_1_451' title='bbox 3007 2200 3113 2239; x_wconf 91' lang='lat' dir='ltr'><strong>non</strong></span> <span class='ocrx_word' id='word_1_452' title='bbox 3141 2199 3297 2253; x_wconf 89' lang='lat' dir='ltr'><strong>posse</strong></span> <span class='ocrx_word' id='word_1_453' title='bbox 3326 2185 3517 2251; x_wconf 89' lang='lat' dir='ltr'><strong>latere,</strong></span> 
     </span>
    </p>
   </div>
   <div class='ocr_carea' id='block_1_67' title="bbox 2219 2277 3649 2350">
    <p class='ocr_par' dir='ltr' id='par_1_67' title="bbox 2219 2277 3649 2350">
     <span class='ocr_line' id='line_1_67' title="bbox 2219 2277 3649 2350; baseline 0.001 -17"><span class='ocrx_word' id='word_1_454' title='bbox 2219 2279 2356 2347; x_wconf 90' lang='lat' dir='ltr'><strong>Quid</strong></span> <span class='ocrx_word' id='word_1_455' title='bbox 2386 2279 2590 2349; x_wconf 87' lang='lat' dir='ltr'><strong>possint</strong></span> <span class='ocrx_word' id='word_1_456' title='bbox 2620 2278 2825 2334; x_wconf 88' lang='lat' dir='ltr'><strong>servire</strong></span> <span class='ocrx_word' id='word_1_457' title='bbox 2855 2277 3005 2333; x_wconf 71' lang='lat' dir='ltr'><strong>Geta:</strong></span> <span class='ocrx_word' id='word_1_458' title='bbox 3029 2286 3080 2332; x_wconf 91' lang='lat' dir='ltr'><strong>te</strong></span> <span class='ocrx_word' id='word_1_459' title='bbox 3106 2277 3344 2347; x_wconf 87' lang='lat' dir='ltr'><strong>principe</strong></span> <span class='ocrx_word' id='word_1_460' title='bbox 3370 2294 3384 2341; x_wconf 91' lang='lat'><strong>;</strong></span> <span class='ocrx_word' id='word_1_461' title='bbox 3418 2294 3649 2350; x_wconf 80' lang='lat' dir='ltr'><strong>namque</strong></span> 
     </span>
    </p>
   </div>
   <div class='ocr_carea' id='block_1_68' title="bbox 2217 2370 3492 2443">
    <p class='ocr_par' dir='ltr' id='par_1_68' title="bbox 2217 2370 3492 2443">
     <span class='ocr_line' id='line_1_68' title="bbox 2217 2370 3492 2443; baseline -0.003 -14"><span class='ocrx_word' id='word_1_462' title='bbox 2217 2372 2436 2429; x_wconf 86' lang='lat' dir='ltr'><strong>Civibus</strong></span> <span class='ocrx_word' id='word_1_463' title='bbox 2463 2382 2518 2426; x_wconf 92' lang='lat' dir='ltr'><strong>ut</strong></span> <span class='ocrx_word' id='word_1_464' title='bbox 2547 2374 2713 2440; x_wconf 89' lang='lat' dir='ltr'><strong>patuit</strong></span> <span class='ocrx_word' id='word_1_465' title='bbox 2745 2372 2984 2443; x_wconf 87' lang='lat' dir='ltr'><strong>trepidis,</strong></span> <span class='ocrx_word' id='word_1_466' title='bbox 3019 2380 3073 2427; x_wconf 93' lang='lat' dir='ltr'><strong>te</strong></span> <span class='ocrx_word' id='word_1_467' title='bbox 3098 2370 3300 2425; x_wconf 67' lang='lat' dir='ltr'><strong>foedera</strong></span> <span class='ocrx_word' id='word_1_468' title='bbox 3332 2372 3492 2438; x_wconf 88' lang='lat' dir='ltr'><strong>ferre,</strong></span> 
     </span>
    </p>
   </div>
   <div class='ocr_carea' id='block_1_69' title="bbox 2217 2462 3517 2534">
    <p class='ocr_par' dir='ltr' id='par_1_69' title="bbox 2217 2462 3517 2534">
     <span class='ocr_line' id='line_1_69' title="bbox 2217 2462 3517 2534; baseline -0.003 -14"><span class='ocrx_word' id='word_1_469' title='bbox 2217 2465 2520 2520; x_wconf 89' lang='lat' dir='ltr'><strong>Occurrunt</strong></span> <span class='ocrx_word' id='word_1_470' title='bbox 2552 2465 2774 2527; x_wconf 81' lang='lat' dir='ltr'><strong>alacres,</strong></span> <span class='ocrx_word' id='word_1_471' title='bbox 2806 2465 3099 2534; x_wconf 87' lang='lat' dir='ltr'><strong>ignaroque</strong></span> <span class='ocrx_word' id='word_1_472' title='bbox 3130 2474 3254 2517; x_wconf 86' lang='lat' dir='ltr'><strong>ante</strong></span> <span class='ocrx_word' id='word_1_473' title='bbox 3286 2462 3517 2518; x_wconf 86' lang='lat' dir='ltr'><strong>tribunal</strong></span> 
     </span>
    </p>
   </div>
   <div class='ocr_carea' id='block_1_70' title="bbox 2216 2556 3661 2626">
    <p class='ocr_par' dir='ltr' id='par_1_70' title="bbox 2216 2556 3661 2626">
     <span class='ocr_line' id='line_1_70' title="bbox 2216 2556 3661 2626; baseline 0.001 -13"><span class='ocrx_word' id='word_1_474' title='bbox 2216 2558 2506 2614; x_wconf 88' lang='lat' dir='ltr'><strong>Sternunt:</strong></span> <span class='ocrx_word' id='word_1_475' title='bbox 2539 2566 2701 2626; x_wconf 88' lang='lat' dir='ltr'><strong>utque</strong></span> <span class='ocrx_word' id='word_1_476' title='bbox 2728 2558 2859 2611; x_wconf 88' lang='lat' dir='ltr'><strong>satis</strong></span> <span class='ocrx_word' id='word_1_477' title='bbox 2887 2557 3103 2610; x_wconf 83' lang='lat' dir='ltr'><strong>sibimet</strong></span> <span class='ocrx_word' id='word_1_478' title='bbox 3134 2571 3418 2611; x_wconf 86' lang='lat' dir='ltr'><strong>numerosa</strong></span> <span class='ocrx_word' id='word_1_479' title='bbox 3454 2556 3631 2614; x_wconf 89' lang='lat' dir='ltr'><strong>coisse</strong></span> <span class='ocrx_word' id='word_1_480' title='bbox 3658 2612 3661 2613; x_wconf 65' lang='lat'>,</span> 
     </span>
    </p>
   </div>
   <div class='ocr_carea' id='block_1_71' title="bbox 2214 2645 3558 2718">
    <p class='ocr_par' dir='ltr' id='par_1_71' title="bbox 2214 2645 3558 2718">
     <span class='ocr_line' id='line_1_71' title="bbox 2214 2645 3558 2718; baseline -0.001 -15"><span class='ocrx_word' id='word_1_481' title='bbox 2214 2648 2474 2704; x_wconf 88' lang='lat' dir='ltr'><strong>Nobilitas</strong></span> <span class='ocrx_word' id='word_1_482' title='bbox 2507 2650 2619 2703; x_wconf 91' lang='lat' dir='ltr'><strong>visa</strong></span> <span class='ocrx_word' id='word_1_483' title='bbox 2649 2658 2749 2714; x_wconf 90' lang='lat' dir='ltr'><strong>est,</strong></span> <span class='ocrx_word' id='word_1_484' title='bbox 2783 2663 2940 2718; x_wconf 88' lang='lat' dir='ltr'><strong>quam</strong></span> <span class='ocrx_word' id='word_1_485' title='bbox 2971 2645 2989 2684; x_wconf 71' lang='grc' dir='ltr'>ί</span> <span class='ocrx_word' id='word_1_486' title='bbox 3024 2662 3152 2701; x_wconf 76' lang='lat' dir='ltr'><strong>saxa</strong></span> <span class='ocrx_word' id='word_1_487' title='bbox 3184 2646 3379 2702; x_wconf 85' lang='lat' dir='ltr'><strong>nivalia</strong></span> <span class='ocrx_word' id='word_1_488' title='bbox 3410 2646 3558 2703; x_wconf 92' lang='lat' dir='ltr'><strong>Cotti</strong></span> 
     </span>
    </p>
   </div>
   <div class='ocr_carea' id='block_1_72' title="bbox 2217 2739 3663 2810">
    <p class='ocr_par' dir='ltr' id='par_1_72' title="bbox 2217 2739 3663 2810">
     <span class='ocr_line' id='line_1_72' title="bbox 2217 2739 3663 2810; baseline -0.001 -15"><span class='ocrx_word' id='word_1_489' title='bbox 2217 2742 2559 2810; x_wconf 79' lang='lat' dir='ltr'><strong>Despectam,</strong></span> <span class='ocrx_word' id='word_1_490' title='bbox 2588 2740 2748 2794; x_wconf 88' lang='lat' dir='ltr'><strong>variis</strong></span> <span class='ocrx_word' id='word_1_491' title='bbox 2779 2754 2877 2794; x_wconf 90' lang='lat' dir='ltr'><strong>nec</strong></span> <span class='ocrx_word' id='word_1_492' title='bbox 2905 2754 3009 2794; x_wconf 92' lang='lat' dir='ltr'><strong>non</strong></span> <span class='ocrx_word' id='word_1_493' title='bbox 3040 2754 3197 2810; x_wconf 89' lang='lat' dir='ltr'><strong>quam</strong></span> <span class='ocrx_word' id='word_1_494' title='bbox 3230 2740 3470 2809; x_wconf 88' lang='lat' dir='ltr'><strong>partibus</strong></span> <span class='ocrx_word' id='word_1_495' title='bbox 3489 2739 3663 2795; x_wconf 88' lang='lat' dir='ltr'><strong>ambit</strong></span> 
     </span>
    </p>
   </div>
   <div class='ocr_carea' id='block_1_73' title="bbox 2216 2832 3630 2906">
    <p class='ocr_par' dir='ltr' id='par_1_73' title="bbox 2216 2832 3630 2906">
     <span class='ocr_line' id='line_1_73' title="bbox 2216 2832 3630 2906; baseline -0.003 -16"><span class='ocrx_word' id='word_1_496' title='bbox 2216 2835 2479 2906; x_wconf 85' lang='lat' dir='ltr'><strong>Tyrrheni</strong></span> <span class='ocrx_word' id='word_1_497' title='bbox 2507 2834 2783 2903; x_wconf 80' lang='lat' dir='ltr'><strong>Rhenique</strong></span> <span class='ocrx_word' id='word_1_498' title='bbox 2816 2835 3007 2903; x_wconf 84' lang='lat' dir='ltr'><strong>liquor,</strong></span> <span class='ocrx_word' id='word_1_499' title='bbox 3040 2833 3124 2889; x_wconf 91' lang='lat' dir='ltr'><strong>vel</strong></span> <span class='ocrx_word' id='word_1_500' title='bbox 3151 2833 3305 2903; x_wconf 90' lang='lat' dir='ltr'><strong>longa</strong></span> <span class='ocrx_word' id='word_1_501' title='bbox 3338 2842 3363 2879; x_wconf 74' lang='grc' dir='ltr'><em>ε</em></span> <span class='ocrx_word' id='word_1_502' title='bbox 3395 2832 3630 2904; x_wconf 79' lang='lat' dir='ltr'><strong>Pyrenei</strong></span> 
     </span>
    </p>
   </div>
   <div class='ocr_carea' id='block_1_74' title="bbox 2214 2926 3648 2999">
    <p class='ocr_par' dir='ltr' id='par_1_74' title="bbox 2214 2926 3648 2999">
     <span class='ocr_line' id='line_1_74' title="bbox 2214 2926 3648 2999; baseline -0.002 -16"><span class='ocrx_word' id='word_1_503' title='bbox 2214 2928 2384 2996; x_wconf 89' lang='lat' dir='ltr'><strong>Quam</strong></span> <span class='ocrx_word' id='word_1_504' title='bbox 2410 2928 2532 2999; x_wconf 87' lang='lat' dir='ltr'><strong>juga</strong></span> <span class='ocrx_word' id='word_1_505' title='bbox 2565 2929 2631 2981; x_wconf 90' lang='lat' dir='ltr'><strong>ab</strong></span> <span class='ocrx_word' id='word_1_506' title='bbox 2666 2927 2901 2999; x_wconf 89' lang='lat' dir='ltr'><strong>llispano</strong></span> <span class='ocrx_word' id='word_1_507' title='bbox 2933 2927 3195 2983; x_wconf 87' lang='lat' dir='ltr'><strong>seclusam</strong></span> <span class='ocrx_word' id='word_1_508' title='bbox 3222 2926 3345 2994; x_wconf 89' lang='lat' dir='ltr'><strong>jure</strong></span> <span class='ocrx_word' id='word_1_509' title='bbox 3370 2934 3648 2991; x_wconf 86' lang='lat' dir='ltr'><strong>coercent,</strong></span> 
     </span>
    </p>
   </div>
   <div class='ocr_carea' id='block_1_75' title="bbox 2212 3018 3510 3093">
    <p class='ocr_par' dir='ltr' id='par_1_75' title="bbox 2212 3018 3510 3093">
     <span class='ocr_line' id='line_1_75' title="bbox 2212 3018 3510 3093; baseline -0.004 -15"><span class='ocrx_word' id='word_1_510' title='bbox 2212 3022 2535 3093; x_wconf 82' lang='lat' dir='ltr'><strong>Aggreditur</strong></span> <span class='ocrx_word' id='word_1_511' title='bbox 2564 3022 2728 3078; x_wconf 85' lang='lat' dir='ltr'><strong>nimio</strong></span> <span class='ocrx_word' id='word_1_512' title='bbox 2751 3037 3000 3077; x_wconf 89' lang='lat' dir='ltr'><strong>curarum</strong></span> <span class='ocrx_word' id='word_1_513' title='bbox 3031 3018 3270 3092; x_wconf 83' lang='lat' dir='ltr'><strong>pondere</strong></span> <span class='ocrx_word' id='word_1_514' title='bbox 3302 3020 3510 3074; x_wconf 87' lang='lat' dir='ltr'><strong>tristem</strong></span> 
     </span>
    </p>
   </div>
   <div class='ocr_carea' id='block_1_76' title="bbox 2214 3112 3783 3185">
    <p class='ocr_par' dir='ltr' id='par_1_76' title="bbox 2214 3112 3783 3185">
     <span class='ocr_line' id='line_1_76' title="bbox 2214 3112 3783 3185; baseline -0.007 -11"><span class='ocrx_word' id='word_1_515' title='bbox 2214 3119 2466 3175; x_wconf 87' lang='lat' dir='ltr'><strong>Gaudens</strong></span> <span class='ocrx_word' id='word_1_516' title='bbox 2500 3119 2653 3173; x_wconf 86' lang='lat' dir='ltr'><strong>turba</strong></span> <span class='ocrx_word' id='word_1_517' title='bbox 2680 3119 2889 3181; x_wconf 85' lang='lat' dir='ltr'><strong>virum;</strong></span> <span class='ocrx_word' id='word_1_518' title='bbox 2913 3130 3194 3185; x_wconf 92' lang='lat' dir='ltr'><strong>procerum</strong></span> <span class='ocrx_word' id='word_1_519' title='bbox 3221 3124 3329 3168; x_wconf 90' lang='lat' dir='ltr'><strong>tum</strong></span> <span class='ocrx_word' id='word_1_520' title='bbox 3358 3112 3624 3168; x_wconf 84' lang='lat' dir='ltr'><strong>maximus</strong></span> <span class='ocrx_word' id='word_1_521' title='bbox 3639 3121 3783 3175; x_wconf 84' lang='lat' dir='ltr'><strong>unus,</strong></span> 
     </span>
    </p>
   </div>
   <div class='ocr_carea' id='block_1_77' title="bbox 2135 3198 3719 3285">
    <p class='ocr_par' dir='ltr' id='par_1_77' title="bbox 2135 3198 3719 3285">
     <span class='ocr_line' id='line_1_77' title="bbox 2135 3198 3719 3285; baseline -0.002 -21"><span class='ocrx_word' id='word_1_522' title='bbox 2135 3200 2182 3264; x_wconf 88' lang='lat' dir='ltr'><strong>C</strong></span> <span class='ocrx_word' id='word_1_523' title='bbox 2212 3198 2375 3285; x_wconf 55' lang='lat'><strong>35,8</strong></span> <span class='ocrx_word' id='word_1_524' title='bbox 2403 3214 2604 3283; x_wconf 87' lang='lat' dir='ltr'><strong>Dignus</strong></span> <span class='ocrx_word' id='word_1_525' title='bbox 2635 3211 2727 3282; x_wconf 92' lang='lat' dir='ltr'><strong>qui</strong></span> <span class='ocrx_word' id='word_1_526' title='bbox 2756 3212 2938 3281; x_wconf 77' lang='lat' dir='ltr'><strong>patrim</strong></span> <span class='ocrx_word' id='word_1_527' title='bbox 2964 3224 3247 3279; x_wconf 86' lang='lat' dir='ltr'><strong>personam</strong></span> <span class='ocrx_word' id='word_1_528' title='bbox 3280 3217 3539 3273; x_wconf 90' lang='lat' dir='ltr'><strong>sumeret,</strong></span> <span class='ocrx_word' id='word_1_529' title='bbox 3577 3206 3719 3261; x_wconf 72' lang='lat' dir='ltr'><strong>inii&quot;</strong></span> 
     </span>
    </p>
   </div>
   <div class='ocr_carea' id='block_1_78' title="bbox 2283 3301 3609 3374">
    <p class='ocr_par' dir='ltr' id='par_1_78' title="bbox 2283 3301 3609 3374">
     <span class='ocr_line' id='line_1_78' title="bbox 2283 3301 3609 3374; baseline -0.004 -15"><span class='ocrx_word' id='word_1_530' title='bbox 2283 3308 2450 3373; x_wconf 88' lang='lat' dir='ltr'><strong>Quam</strong></span> <span class='ocrx_word' id='word_1_531' title='bbox 2479 3320 2577 3359; x_wconf 90' lang='lat' dir='ltr'><strong>nos</strong></span> <span class='ocrx_word' id='word_1_532' title='bbox 2604 3320 2698 3374; x_wconf 91' lang='lat' dir='ltr'><strong>per</strong></span> <span class='ocrx_word' id='word_1_533' title='bbox 2722 3305 2899 3358; x_wconf 85' lang='lat' dir='ltr'><strong>varios</strong></span> <span class='ocrx_word' id='word_1_534' title='bbox 2920 3302 3117 3358; x_wconf 91' lang='lat' dir='ltr'><strong>dudum</strong></span> <span class='ocrx_word' id='word_1_535' title='bbox 3147 3304 3355 3357; x_wconf 88' lang='lat' dir='ltr'><strong>fortuna</strong></span> <span class='ocrx_word' id='word_1_536' title='bbox 3385 3301 3609 3365; x_wconf 89' lang='lat' dir='ltr'><strong>labores,</strong></span> 
     </span>
    </p>
   </div>
   <div class='ocr_carea' id='block_1_79' title="bbox 2213 3393 3633 3468">
    <p class='ocr_par' dir='ltr' id='par_1_79' title="bbox 2213 3393 3633 3468">
     <span class='ocr_line' id='line_1_79' title="bbox 2213 3393 3633 3468; baseline -0.006 -14"><span class='ocrx_word' id='word_1_537' title='bbox 2213 3400 2465 3468; x_wconf 89' lang='lat' dir='ltr'><strong>Principe</strong></span> <span class='ocrx_word' id='word_1_538' title='bbox 2496 3399 2595 3454; x_wconf 90' lang='lat' dir='ltr'><strong>sub</strong></span> <span class='ocrx_word' id='word_1_539' title='bbox 2625 3412 2811 3466; x_wconf 88' lang='lat' dir='ltr'><strong>puero,</strong></span> <span class='ocrx_word' id='word_1_540' title='bbox 2842 3397 3033 3452; x_wconf 89' lang='lat' dir='ltr'><strong>laceris</strong></span> <span class='ocrx_word' id='word_1_541' title='bbox 3060 3405 3194 3451; x_wconf 90' lang='lat' dir='ltr'><strong>terat</strong></span> <span class='ocrx_word' id='word_1_542' title='bbox 3222 3411 3412 3465; x_wconf 88' lang='lat' dir='ltr'><strong>aspera</strong></span> <span class='ocrx_word' id='word_1_543' title='bbox 3448 3393 3633 3453; x_wconf 83' lang='lat' dir='ltr'><strong>rebus.</strong></span> 
     </span>
    </p>
   </div>
   <div class='ocr_carea' id='block_1_80' title="bbox 2210 3485 3778 3561">
    <p class='ocr_par' dir='ltr' id='par_1_80' title="bbox 2210 3485 3778 3561">
     <span class='ocr_line' id='line_1_80' title="bbox 2210 3485 3778 3561; baseline -0.003 -15"><span class='ocrx_word' id='word_1_544' title='bbox 2210 3492 2343 3547; x_wconf 88' lang='lat' dir='ltr'><strong>Fors</strong></span> <span class='ocrx_word' id='word_1_545' title='bbox 2365 3493 2604 3561; x_wconf 87' lang='lat' dir='ltr'><strong>longum,</strong></span> <span class='ocrx_word' id='word_1_546' title='bbox 2618 3491 2725 3545; x_wconf 85' lang='lat' dir='ltr'><strong>dux</strong></span> <span class='ocrx_word' id='word_1_547' title='bbox 2743 3505 2952 3560; x_wconf 81' lang='lat' dir='ltr'><strong>magne,</strong></span> <span class='ocrx_word' id='word_1_548' title='bbox 2968 3490 3275 3558; x_wconf 89' lang='lat' dir='ltr'><strong>queri,—cum</strong></span> <span class='ocrx_word' id='word_1_549' title='bbox 3304 3489 3499 3558; x_wconf 87' lang='lat' dir='ltr'><strong>quippe</strong></span> <span class='ocrx_word' id='word_1_550' title='bbox 3519 3485 3778 3542; x_wconf 79' lang='lat' dir='ltr'><strong>dolentum</strong></span> 
     </span>
    </p>
   </div>
   <div class='ocr_carea' id='block_1_81' title="bbox 2210 3584 3623 3655">
    <p class='ocr_par' dir='ltr' id='par_1_81' title="bbox 2210 3584 3623 3655">
     <span class='ocr_line' id='line_1_81' title="bbox 2210 3584 3623 3655; baseline -0.004 -14"><span class='ocrx_word' id='word_1_551' title='bbox 2210 3587 2441 3642; x_wconf 84' lang='lat' dir='ltr'><strong>Maxima</strong></span> <span class='ocrx_word' id='word_1_552' title='bbox 2472 3602 2597 3655; x_wconf 91' lang='lat' dir='ltr'><strong>pars</strong></span> <span class='ocrx_word' id='word_1_553' title='bbox 2625 3585 2805 3647; x_wconf 89' lang='lat' dir='ltr'><strong>fueris,</strong></span> <span class='ocrx_word' id='word_1_554' title='bbox 2844 3585 3027 3653; x_wconf 64' lang='lat' dir='ltr'><strong>patria:</strong></span> <span class='ocrx_word' id='word_1_555' title='bbox 3057 3585 3182 3638; x_wconf 90' lang='lat' dir='ltr'><strong>dum</strong></span> <span class='ocrx_word' id='word_1_556' title='bbox 3215 3586 3437 3639; x_wconf 90' lang='lat' dir='ltr'><strong>vulnera</strong></span> <span class='ocrx_word' id='word_1_557' title='bbox 3469 3584 3623 3653; x_wconf 85' lang='lat' dir='ltr'><strong>lugen</strong></span> 
     </span>
    </p>
   </div>
   <div class='ocr_carea' id='block_1_82' title="bbox 2209 3677 3433 3746">
    <p class='ocr_par' dir='ltr' id='par_1_82' title="bbox 2209 3677 3433 3746">
     <span class='ocr_line' id='line_1_82' title="bbox 2209 3677 3433 3746; baseline -0.003 -13"><span class='ocrx_word' id='word_1_558' title='bbox 2209 3677 2672 3735; x_wconf 90' lang='lat' dir='ltr'><strong>Sollicitudinibus</strong></span> <span class='ocrx_word' id='word_1_559' title='bbox 2694 3678 3106 3732; x_wconf 86' lang='lat' dir='ltr'><strong>vehementibus</strong></span> <span class='ocrx_word' id='word_1_560' title='bbox 3127 3677 3433 3746; x_wconf 85' lang='lat' dir='ltr'><strong>exagitaris.</strong></span> 
     </span>
    </p>
   </div>
   <div class='ocr_carea' id='block_1_83' title="bbox 2209 3766 3417 3832">
    <p class='ocr_par' dir='ltr' id='par_1_83' title="bbox 2209 3766 3417 3832">
     <span class='ocr_line' id='line_1_83' title="bbox 2209 3766 3417 3832; baseline -0.002 -8"><span class='ocrx_word' id='word_1_561' title='bbox 2209 3770 2314 3824; x_wconf 83' lang='lat' dir='ltr'><strong>Has</strong></span> <span class='ocrx_word' id='word_1_562' title='bbox 2342 3771 2497 3824; x_wconf 92' lang='lat' dir='ltr'><strong>nobis</strong></span> <span class='ocrx_word' id='word_1_563' title='bbox 2527 3772 2665 3823; x_wconf 90' lang='lat' dir='ltr'><strong>inter</strong></span> <span class='ocrx_word' id='word_1_564' title='bbox 2694 3769 2875 3825; x_wconf 88' lang='lat' dir='ltr'><strong>clades</strong></span> <span class='ocrx_word' id='word_1_565' title='bbox 2904 3782 2965 3823; x_wconf 92' lang='lat' dir='ltr'><strong>ac</strong></span> <span class='ocrx_word' id='word_1_566' title='bbox 2997 3768 3179 3822; x_wconf 90' lang='lat' dir='ltr'><strong>funera</strong></span> <span class='ocrx_word' id='word_1_567' title='bbox 3211 3766 3417 3832; x_wconf 90' lang='lat' dir='ltr'><strong>mundi,</strong></span> 
     </span>
    </p>
   </div>
   <div class='ocr_carea' id='block_1_84' title="bbox 2207 3861 3648 3930">
    <p class='ocr_par' dir='ltr' id='par_1_84' title="bbox 2207 3861 3648 3930">
     <span class='ocr_line' id='line_1_84' title="bbox 2207 3861 3648 3930; baseline -0.001 -14"><span class='ocrx_word' id='word_1_568' title='bbox 2207 3863 2347 3917; x_wconf 82' lang='lat' dir='ltr'><strong>Mors</strong></span> <span class='ocrx_word' id='word_1_569' title='bbox 2377 3863 2572 3917; x_wconf 80' lang='lat' dir='ltr'><strong>vixisse</strong></span> <span class='ocrx_word' id='word_1_570' title='bbox 2604 3862 2736 3927; x_wconf 86' lang='lat' dir='ltr'><strong>fuit;</strong></span> <span class='ocrx_word' id='word_1_571' title='bbox 2784 3862 2876 3916; x_wconf 87' lang='lat' dir='ltr'><strong>sed</strong></span> <span class='ocrx_word' id='word_1_572' title='bbox 2906 3862 3031 3915; x_wconf 88' lang='lat' dir='ltr'><strong>dum</strong></span> <span class='ocrx_word' id='word_1_573' title='bbox 3059 3876 3152 3928; x_wconf 85' lang='lat' dir='ltr'><strong>per</strong></span> <span class='ocrx_word' id='word_1_574' title='bbox 3177 3861 3337 3916; x_wconf 89' lang='lat' dir='ltr'><strong>verba</strong></span> <span class='ocrx_word' id='word_1_575' title='bbox 3368 3868 3648 3930; x_wconf 86' lang='lat' dir='ltr'><strong>parentum</strong></span> 
     </span>
    </p>
   </div>
   <div class='ocr_carea' id='block_1_85' title="bbox 2206 3954 3511 4026">
    <p class='ocr_par' dir='ltr' id='par_1_85' title="bbox 2206 3954 3511 4026">
     <span class='ocr_line' id='line_1_85' title="bbox 2206 3954 3511 4026; baseline -0.005 -15"><span class='ocrx_word' id='word_1_576' title='bbox 2206 3958 2426 4026; x_wconf 80' lang='lat' dir='ltr'><strong>ignavas</strong></span> <span class='ocrx_word' id='word_1_577' title='bbox 2454 3954 2677 4010; x_wconf 88' lang='lat' dir='ltr'><strong>colimus</strong></span> <span class='ocrx_word' id='word_1_578' title='bbox 2702 3955 2864 4023; x_wconf 83' lang='lat' dir='ltr'><strong>leges,</strong></span> <span class='ocrx_word' id='word_1_579' title='bbox 2890 3963 3237 4022; x_wconf 86' lang='lat' dir='ltr'><strong>sanctumque</strong></span> <span class='ocrx_word' id='word_1_580' title='bbox 3254 3958 3511 4022; x_wconf 86' lang='lat' dir='ltr'><strong>putamus</strong></span> 
     </span>
    </p>
   </div>
   <div class='ocr_carea' id='block_1_86' title="bbox 2206 4044 3789 4116">
    <p class='ocr_par' dir='ltr' id='par_1_86' title="bbox 2206 4044 3789 4116">
     <span class='ocr_line' id='line_1_86' title="bbox 2206 4044 3789 4116; baseline -0.004 -12"><span class='ocrx_word' id='word_1_581' title='bbox 2206 4051 2340 4106; x_wconf 82' lang='lat' dir='ltr'><strong>Rem</strong></span> <span class='ocrx_word' id='word_1_582' title='bbox 2370 4058 2608 4104; x_wconf 88' lang='lat' dir='ltr'><strong>veterem</strong></span> <span class='ocrx_word' id='word_1_583' title='bbox 2634 4063 2725 4116; x_wconf 89' lang='lat' dir='ltr'><strong>per</strong></span> <span class='ocrx_word' id='word_1_584' title='bbox 2752 4047 2947 4101; x_wconf 90' lang='lat' dir='ltr'><strong>damna</strong></span> <span class='ocrx_word' id='word_1_585' title='bbox 2975 4048 3154 4115; x_wconf 86' lang='lat' dir='ltr'><strong>sequi:</strong></span> <span class='ocrx_word' id='word_1_586' title='bbox 3190 4045 3523 4113; x_wconf 87' lang='lat' dir='ltr'><strong>portavimus</strong></span> <span class='ocrx_word' id='word_1_587' title='bbox 3554 4044 3789 4099; x_wconf 83' lang='lat' dir='ltr'><strong>umbram</strong></span> 
     </span>
    </p>
   </div>
   <div class='ocr_carea' id='block_1_87' title="bbox 2205 4140 3350 4214">
    <p class='ocr_par' dir='ltr' id='par_1_87' title="bbox 2205 4140 3350 4214">
     <span class='ocr_line' id='line_1_87' title="bbox 2205 4140 3350 4214; baseline -0.007 -15"><span class='ocrx_word' id='word_1_588' title='bbox 2205 4144 2441 4214; x_wconf 87' lang='lat' dir='ltr'><strong>Imperii,</strong></span> <span class='ocrx_word' id='word_1_589' title='bbox 2474 4143 2688 4212; x_wconf 75' lang='lat' dir='ltr'><strong>generis</strong></span> <span class='ocrx_word' id='word_1_590' title='bbox 2718 4142 2956 4195; x_wconf 85' lang='lat' dir='ltr'><strong>contenti</strong></span> <span class='ocrx_word' id='word_1_591' title='bbox 2987 4141 3125 4195; x_wconf 86' lang='lat' dir='ltr'><strong>ferre</strong></span> <span class='ocrx_word' id='word_1_592' title='bbox 3156 4140 3350 4195; x_wconf 86' lang='lat' dir='ltr'><strong>vetusti</strong></span> 
     </span>
    </p>
   </div>
   <div class='ocr_carea' id='block_1_88' title="bbox 2208 4233 3476 4300">
    <p class='ocr_par' dir='ltr' id='par_1_88' title="bbox 2208 4233 3476 4300">
     <span class='ocr_line' id='line_1_88' title="bbox 2208 4233 3476 4300; baseline -0.005 -12"><span class='ocrx_word' id='word_1_593' title='bbox 2208 4237 2273 4289; x_wconf 86' lang='lat' dir='ltr'><strong>Et</strong></span> <span class='ocrx_word' id='word_1_594' title='bbox 2301 4234 2447 4298; x_wconf 88' lang='lat' dir='ltr'><strong>vitia,</strong></span> <span class='ocrx_word' id='word_1_595' title='bbox 2476 4249 2538 4287; x_wconf 88' lang='lat' dir='ltr'><strong>ac</strong></span> <span class='ocrx_word' id='word_1_596' title='bbox 2567 4233 2777 4287; x_wconf 90' lang='lat' dir='ltr'><strong>solitam</strong></span> <span class='ocrx_word' id='word_1_597' title='bbox 2812 4233 2998 4287; x_wconf 91' lang='lat' dir='ltr'><strong>vestiri</strong></span> <span class='ocrx_word' id='word_1_598' title='bbox 3033 4233 3234 4285; x_wconf 84' lang='lat' dir='ltr'><strong>murice</strong></span> <span class='ocrx_word' id='word_1_599' title='bbox 3262 4240 3476 4300; x_wconf 79' lang='lat' dir='ltr'><strong>gentem</strong></span> 
     </span>
    </p>
   </div>
   <div class='ocr_carea' id='block_1_89' title="bbox 2208 4324 3690 4396">
    <p class='ocr_par' dir='ltr' id='par_1_89' title="bbox 2208 4324 3690 4396">
     <span class='ocr_line' id='line_1_89' title="bbox 2208 4324 3690 4396; baseline -0.008 -13"><span class='ocrx_word' id='word_1_600' title='bbox 2208 4330 2355 4383; x_wconf 81' lang='lat' dir='ltr'><strong>More</strong></span> <span class='ocrx_word' id='word_1_601' title='bbox 2387 4327 2553 4393; x_wconf 44' lang='lat' dir='ltr'><strong>magis</strong></span> <span class='ocrx_word' id='word_1_602' title='bbox 2584 4341 2742 4396; x_wconf 84' lang='lat' dir='ltr'><strong>quam</strong></span> <span class='ocrx_word' id='word_1_603' title='bbox 2764 4327 2885 4395; x_wconf 87' lang='lat' dir='ltr'><strong>jure</strong></span> <span class='ocrx_word' id='word_1_604' title='bbox 2912 4325 3018 4395; x_wconf 86' lang='lat' dir='ltr'><strong>pati</strong></span> <span class='ocrx_word' id='word_1_605' title='bbox 3046 4343 3060 4390; x_wconf 93' lang='lat'><strong>;</strong></span> <span class='ocrx_word' id='word_1_606' title='bbox 3092 4324 3490 4393; x_wconf 85' lang='lat' dir='ltr'><strong>promptissima</strong></span> <span class='ocrx_word' id='word_1_607' title='bbox 3519 4336 3690 4389; x_wconf 84' lang='lat' dir='ltr'><strong>nuper</strong></span> 
     </span>
    </p>
   </div>
   <div class='ocr_carea' id='block_1_90' title="bbox 582 4453 3795 4533">
    <p class='ocr_par' dir='ltr' id='par_1_90' title="bbox 582 4453 3795 4533">
     <span class='ocr_line' id='line_1_90' title="bbox 582 4453 3795 4533; baseline 0.002 -25"><span class='ocrx_word' id='word_1_608' title='bbox 582 4459 611 4490; x_wconf 75' lang='grc'><strong>⁸</strong></span> <span class='ocrx_word' id='word_1_609' title='bbox 631 4453 787 4533; x_wconf 35' lang='lat' dir='ltr'><strong>.Aviti</strong></span> <span class='ocrx_word' id='word_1_610' title='bbox 833 4454 1009 4533; x_wconf 79' lang='lat' dir='ltr'><strong>oratio</strong></span> <span class='ocrx_word' id='word_1_611' title='bbox 1052 4454 1131 4533; x_wconf 78' lang='lat' dir='ltr'><strong>sic</strong></span> <span class='ocrx_word' id='word_1_612' title='bbox 1183 4455 1357 4533; x_wconf 75' lang='lat' dir='ltr'><strong>efficta</strong></span> <span class='ocrx_word' id='word_1_613' title='bbox 1378 4498 1408 4533; x_wconf 78' lang='lat'><strong>,_</strong></span> <span class='ocrx_word' id='word_1_614' title='bbox 1436 4459 1611 4533; x_wconf 85' lang='lat' dir='ltr'><strong>__quasi</strong></span> <span class='ocrx_word' id='word_1_615' title='bbox 1661 4460 1836 4515; x_wconf 88' lang='lat' dir='ltr'><strong>adhuc</strong></span> <span class='ocrx_word' id='word_1_616' title='bbox 1884 4463 2087 4520; x_wconf 84' lang='lat' dir='ltr'><strong>viveret</strong></span> <span class='ocrx_word' id='word_1_617' title='bbox 2112 4464 2163 4524; x_wconf 92' lang='lat' dir='ltr'><strong>D</strong></span> <span class='ocrx_word' id='word_1_618' title='bbox 2189 4466 2257 4520; x_wconf 87' lang='lat' dir='ltr'><strong>ab</strong></span> <span class='ocrx_word' id='word_1_619' title='bbox 2280 4465 2493 4520; x_wconf 85' lang='lat' dir='ltr'><strong>Alarico</strong></span> <span class='ocrx_word' id='word_1_620' title='bbox 2524 4463 2815 4517; x_wconf 89' lang='lat' dir='ltr'><strong>admissum</strong></span> <span class='ocrx_word' id='word_1_621' title='bbox 2842 4503 2857 4530; x_wconf 98' lang='lat'><strong>,</strong></span> <span class='ocrx_word' id='word_1_622' title='bbox 2886 4465 3181 4527; x_wconf 87' lang='lat' dir='ltr'><strong>Genserici,</strong></span> <span class='ocrx_word' id='word_1_623' title='bbox 3215 4464 3303 4533; x_wconf 81' lang='lat' dir='ltr'><strong>qui</strong></span> <span class='ocrx_word' id='word_1_624' title='bbox 3345 4462 3545 4519; x_wconf 88' lang='lat' dir='ltr'><strong>Urbem</strong></span> <span class='ocrx_word' id='word_1_625' title='bbox 3575 4476 3674 4531; x_wconf 86' lang='lat' dir='ltr'><strong>per</strong></span> <span class='ocrx_word' id='word_1_626' title='bbox 3699 4473 3795 4516; x_wconf 88' lang='lat' dir='ltr'><strong>eos</strong></span> 
     </span>
    </p>
   </div>
   <div class='ocr_carea' id='block_1_91' title="bbox 506 4523 1919 4601">
    <p class='ocr_par' dir='ltr' id='par_1_91' title="bbox 506 4523 1919 4601">
     <span class='ocr_line' id='line_1_91' title="bbox 506 4523 1919 4601; baseline 0.005 -21"><span class='ocrx_word' id='word_1_627' title='bbox 506 4523 788 4601; x_wconf 54' lang='lat' dir='ltr'><strong>Maximus,</strong></span> <span class='ocrx_word' id='word_1_628' title='bbox 814 4524 883 4579; x_wconf 82' lang='lat' dir='ltr'><strong>de</strong></span> <span class='ocrx_word' id='word_1_629' title='bbox 909 4526 1062 4601; x_wconf 79' lang='lat' dir='ltr'><strong>cujus</strong></span> <span class='ocrx_word' id='word_1_630' title='bbox 1093 4526 1309 4601; x_wconf 84' lang='lat' dir='ltr'><strong>interitu</strong></span> <span class='ocrx_word' id='word_1_631' title='bbox 1338 4523 1614 4601; x_wconf 39' lang='lat' dir='ltr'><strong>nihil-dum</strong></span> <span class='ocrx_word' id='word_1_632' title='bbox 1643 4544 1919 4601; x_wconf 85' lang='lat' dir='ltr'><strong>cegnorat.</strong></span> 
     </span>
    </p>
   </div>
   <div class='ocr_carea' id='block_1_92' title="bbox 578 4594 2091 4668">
    <p class='ocr_par' dir='ltr' id='par_1_92' title="bbox 578 4594 2091 4668">
     <span class='ocr_line' id='line_1_92' title="bbox 578 4594 2091 4668; baseline 0.007 -19"><span class='ocrx_word' id='word_1_633' title='bbox 578 4594 607 4635; x_wconf 73' lang='grc' dir='ltr'><strong>ιι</strong></span> <span class='ocrx_word' id='word_1_634' title='bbox 628 4596 769 4650; x_wconf 88' lang='lat' dir='ltr'><strong>Cave</strong></span> <span class='ocrx_word' id='word_1_635' title='bbox 795 4610 916 4649; x_wconf 93' lang='lat' dir='ltr'><strong>cum</strong></span> <span class='ocrx_word' id='word_1_636' title='bbox 945 4595 1012 4668; x_wconf 84' lang='lat' dir='ltr'><strong>iis</strong></span> <span class='ocrx_word' id='word_1_637' title='bbox 1042 4598 1241 4652; x_wconf 86' lang='lat' dir='ltr'><strong>sentias</strong></span> <span class='ocrx_word' id='word_1_638' title='bbox 1277 4600 1366 4668; x_wconf 90' lang='lat' dir='ltr'><strong>qui</strong></span> <span class='ocrx_word' id='word_1_639' title='bbox 1398 4616 1461 4654; x_wconf 86' lang='lat' dir='ltr'><strong>ex</strong></span> <span class='ocrx_word' id='word_1_640' title='bbox 1489 4600 1590 4654; x_wconf 91' lang='lat' dir='ltr'><strong>hoc</strong></span> <span class='ocrx_word' id='word_1_641' title='bbox 1618 4594 1735 4658; x_wconf 77' lang='lat' dir='ltr'><strong>loco</strong></span> <span class='ocrx_word' id='word_1_642' title='bbox 1764 4605 1977 4659; x_wconf 81' lang='lat' dir='ltr'><strong>Avitum</strong></span> <span class='ocrx_word' id='word_1_643' title='bbox 2013 4617 2091 4661; x_wconf 89' lang='lat' dir='ltr'><strong>ter</strong></span> 
     </span>
    </p>
   </div>
   <div class='ocr_carea' id='block_1_93' title="bbox 504 4666 2089 4742">
    <p class='ocr_par' dir='ltr' id='par_1_93' title="bbox 504 4666 2089 4742">
     <span class='ocr_line' id='line_1_93' title="bbox 504 4666 2089 4742; baseline 0.007 -21"><span class='ocrx_word' id='word_1_644' title='bbox 504 4667 819 4737; x_wconf 82' lang='lat' dir='ltr'><strong>magistrum</strong></span> <span class='ocrx_word' id='word_1_645' title='bbox 848 4666 1095 4742; x_wconf 76' lang='lat' dir='ltr'><strong>militum,</strong></span> <span class='ocrx_word' id='word_1_646' title='bbox 1114 4666 1306 4737; x_wconf 83' lang='lat' dir='ltr'><strong>quater</strong></span> <span class='ocrx_word' id='word_1_647' title='bbox 1321 4670 1628 4740; x_wconf 70' lang='lat' dir='ltr'><strong>praefectum</strong></span> <span class='ocrx_word' id='word_1_648' title='bbox 1655 4678 1904 4742; x_wconf 73' lang='lat' dir='ltr'><strong>przetorio</strong></span> <span class='ocrx_word' id='word_1_649' title='bbox 1928 4677 2089 4732; x_wconf 88' lang='lat' dir='ltr'><strong>fuisse</strong></span> 
     </span>
    </p>
   </div>
   <div class='ocr_carea' id='block_1_94' title="bbox 502 4738 2087 4810">
    <p class='ocr_par' dir='ltr' id='par_1_94' title="bbox 502 4738 2087 4810">
     <span class='ocr_line' id='line_1_94' title="bbox 502 4738 2087 4810; baseline 0.008 -20"><span class='ocrx_word' id='word_1_650' title='bbox 502 4750 853 4810; x_wconf 83' lang='lat' dir='ltr'><strong>augurantur.</strong></span> <span class='ocrx_word' id='word_1_651' title='bbox 896 4738 1077 4807; x_wconf 78' lang='lat' dir='ltr'><strong>Neque</strong></span> <span class='ocrx_word' id='word_1_652' title='bbox 1120 4743 1262 4794; x_wconf 88' lang='lat' dir='ltr'><strong>enim</strong></span> <span class='ocrx_word' id='word_1_653' title='bbox 1296 4738 1396 4796; x_wconf 84' lang='lat' dir='ltr'><strong>hoc</strong></span> <span class='ocrx_word' id='word_1_654' title='bbox 1432 4744 1602 4805; x_wconf 88' lang='lat' dir='ltr'><strong>dicit;</strong></span> <span class='ocrx_word' id='word_1_655' title='bbox 1653 4738 1745 4798; x_wconf 81' lang='lat' dir='ltr'><strong>sed</strong></span> <span class='ocrx_word' id='word_1_656' title='bbox 1801 4747 1937 4810; x_wconf 84' lang='lat' dir='ltr'><strong>sibi,</strong></span> <span class='ocrx_word' id='word_1_657' title='bbox 1968 4763 2087 4802; x_wconf 91' lang='lat' dir='ltr'><strong>cum</strong></span> 
     </span>
    </p>
   </div>
   <div class='ocr_carea' id='block_1_95' title="bbox 503 4808 2085 4885">
    <p class='ocr_par' dir='ltr' id='par_1_95' title="bbox 503 4808 2085 4885">
     <span class='ocr_line' id='line_1_95' title="bbox 503 4808 2085 4885; baseline 0.004 -22"><span class='ocrx_word' id='word_1_658' title='bbox 503 4808 698 4877; x_wconf 87' lang='lat' dir='ltr'><strong>triplici</strong></span> <span class='ocrx_word' id='word_1_659' title='bbox 722 4808 834 4885; x_wconf 83' lang='lat' dir='ltr'><strong>jam</strong></span> <span class='ocrx_word' id='word_1_660' title='bbox 878 4810 1022 4885; x_wconf 79' lang='lat' dir='ltr'><strong>bello</strong></span> <span class='ocrx_word' id='word_1_661' title='bbox 1052 4826 1158 4864; x_wconf 89' lang='lat' dir='ltr'><strong>non</strong></span> <span class='ocrx_word' id='word_1_662' title='bbox 1194 4810 1314 4885; x_wconf 84' lang='lat' dir='ltr'><strong>sine</strong></span> <span class='ocrx_word' id='word_1_663' title='bbox 1354 4813 1572 4867; x_wconf 83' lang='lat' dir='ltr'><strong>honoris</strong></span> <span class='ocrx_word' id='word_1_664' title='bbox 1607 4815 1757 4870; x_wconf 91' lang='lat' dir='ltr'><strong>titulo</strong></span> <span class='ocrx_word' id='word_1_665' title='bbox 1785 4808 2085 4885; x_wconf 80' lang='lat' dir='ltr'><strong>militasset,</strong></span> 
     </span>
    </p>
   </div>
   <div class='ocr_carea' id='block_1_96' title="bbox 502 4880 2088 4952">
    <p class='ocr_par' dir='ltr' id='par_1_96' title="bbox 502 4880 2088 4952">
     <span class='ocr_line' id='line_1_96' title="bbox 502 4880 2088 4952; baseline 0.009 -22"><span class='ocrx_word' id='word_1_666' title='bbox 502 4888 696 4948; x_wconf 86' lang='lat' dir='ltr'><strong>quarto</strong></span> <span class='ocrx_word' id='word_1_667' title='bbox 724 4880 843 4933; x_wconf 88' lang='lat' dir='ltr'><strong>loco</strong></span> <span class='ocrx_word' id='word_1_668' title='bbox 867 4880 1238 4952; x_wconf 64' lang='lat' dir='ltr'><strong>prasfecturam</strong></span> <span class='ocrx_word' id='word_1_669' title='bbox 1266 4883 1541 4952; x_wconf 52' lang='lat' dir='ltr'><strong>obtigisse.</strong></span> <span class='ocrx_word' id='word_1_670' title='bbox 1565 4886 1676 4950; x_wconf 84' lang='lat' dir='ltr'><strong>Qua</strong></span> <span class='ocrx_word' id='word_1_671' title='bbox 1708 4888 1911 4942; x_wconf 89' lang='lat' dir='ltr'><strong>ratione</strong></span> <span class='ocrx_word' id='word_1_672' title='bbox 1940 4900 1993 4943; x_wconf 91' lang='lat' dir='ltr'><strong>et</strong></span> <span class='ocrx_word' id='word_1_673' title='bbox 2023 4880 2088 4945; x_wconf 82' lang='lat' dir='ltr'><strong>de</strong></span> 
     </span>
    </p>
   </div>
   <div class='ocr_carea' id='block_1_97' title="bbox 503 4951 2089 5027">
    <p class='ocr_par' dir='ltr' id='par_1_97' title="bbox 503 4951 2089 5027">
     <span class='ocr_line' id='line_1_97' title="bbox 503 4951 2089 5027; baseline 0.009 -26"><span class='ocrx_word' id='word_1_674' title='bbox 503 4951 1079 5027; x_wconf 52' lang='lat' dir='ltr'><strong>magisteriauniiitum</strong></span> <span class='ocrx_word' id='word_1_675' title='bbox 1127 4951 1306 5006; x_wconf 89' lang='lat' dir='ltr'><strong>dicere</strong></span> <span class='ocrx_word' id='word_1_676' title='bbox 1344 4951 1484 5009; x_wconf 89' lang='lat' dir='ltr'><strong>nunc</strong></span> <span class='ocrx_word' id='word_1_677' title='bbox 1528 4966 1761 5023; x_wconf 89' lang='lat' dir='ltr'><strong>poterat,</strong></span> <span class='ocrx_word' id='word_1_678' title='bbox 1798 4959 1984 5027; x_wconf 88' lang='lat' dir='ltr'><strong>quinto</strong></span> <span class='ocrx_word' id='word_1_679' title='bbox 2030 4978 2089 5017; x_wconf 89' lang='lat' dir='ltr'><strong>se</strong></span> 
     </span>
    </p>
   </div>
   <div class='ocr_carea' id='block_1_98' title="bbox 500 5020 2087 5089">
    <p class='ocr_par' dir='ltr' id='par_1_98' title="bbox 500 5020 2087 5089">
     <span class='ocr_line' id='line_1_98' title="bbox 500 5020 2087 5089; baseline 0.007 -14"><span class='ocrx_word' id='word_1_680' title='bbox 500 5022 647 5075; x_wconf 85' lang='lat' dir='ltr'><strong>illam</strong></span> <span class='ocrx_word' id='word_1_681' title='bbox 679 5020 909 5075; x_wconf 90' lang='lat' dir='ltr'><strong>culmine</strong></span> <span class='ocrx_word' id='word_1_682' title='bbox 938 5022 1221 5089; x_wconf 88' lang='lat' dir='ltr'><strong>adeptum;</strong></span> <span class='ocrx_word' id='word_1_683' title='bbox 1249 5039 1346 5078; x_wconf 90' lang='lat' dir='ltr'><strong>nec</strong></span> <span class='ocrx_word' id='word_1_684' title='bbox 1368 5020 1544 5080; x_wconf 84' lang='lat' dir='ltr'><strong>tamen</strong></span> <span class='ocrx_word' id='word_1_685' title='bbox 1566 5020 1757 5083; x_wconf 84' lang='lat' dir='ltr'><strong>sensus</strong></span> <span class='ocrx_word' id='word_1_686' title='bbox 1787 5020 1930 5085; x_wconf 81' lang='lat' dir='ltr'><strong>esset</strong></span> <span class='ocrx_word' id='word_1_687' title='bbox 1960 5034 2087 5086; x_wconf 88' lang='lat' dir='ltr'><strong>Avi-</strong></span> 
     </span>
    </p>
   </div>
   <div class='ocr_carea' id='block_1_99' title="bbox 501 5092 2047 5162">
    <p class='ocr_par' dir='ltr' id='par_1_99' title="bbox 501 5092 2047 5162">
     <span class='ocr_line' id='line_1_99' title="bbox 501 5092 2047 5162; baseline 0.005 -17"><span class='ocrx_word' id='word_1_688' title='bbox 501 5100 614 5148; x_wconf 87' lang='lat' dir='ltr'><strong>tum</strong></span> <span class='ocrx_word' id='word_1_689' title='bbox 646 5092 927 5161; x_wconf 86' lang='lat' dir='ltr'><strong>quinquies</strong></span> <span class='ocrx_word' id='word_1_690' title='bbox 960 5095 1270 5162; x_wconf 81' lang='lat' dir='ltr'><strong>magistrnm</strong></span> <span class='ocrx_word' id='word_1_691' title='bbox 1305 5095 1488 5150; x_wconf 83' lang='lat' dir='ltr'><strong>fuisse.</strong></span> <span class='ocrx_word' id='word_1_692' title='bbox 2044 5106 2047 5111; x_wconf 79' lang='lat'><em>&#39;</em></span> 
     </span>
    </p>
   </div>
   <div class='ocr_carea' id='block_1_100' title="bbox 576 5162 2084 5233">
    <p class='ocr_par' dir='ltr' id='par_1_100' title="bbox 576 5162 2084 5233">
     <span class='ocr_line' id='line_1_100' title="bbox 576 5162 2084 5233; baseline 0.008 -17"><span class='ocrx_word' id='word_1_693' title='bbox 576 5173 598 5202; x_wconf 72' lang='grc' dir='ltr'>ε</span> <span class='ocrx_word' id='word_1_694' title='bbox 632 5162 787 5218; x_wconf 85' lang='lat' dir='ltr'><strong>Initio</strong></span> <span class='ocrx_word' id='word_1_695' title='bbox 815 5163 938 5217; x_wconf 86' lang='lat' dir='ltr'><strong>belli</strong></span> <span class='ocrx_word' id='word_1_696' title='bbox 965 5163 1196 5229; x_wconf 81' lang='lat' dir='ltr'><strong>Gotliici,</strong></span> <span class='ocrx_word' id='word_1_697' title='bbox 1230 5175 1287 5219; x_wconf 93' lang='lat' dir='ltr'><strong>ut</strong></span> <span class='ocrx_word' id='word_1_698' title='bbox 1313 5167 1512 5222; x_wconf 83' lang='lat' dir='ltr'><strong>dictum</strong></span> <span class='ocrx_word' id='word_1_699' title='bbox 1537 5178 1641 5233; x_wconf 85' lang='lat' dir='ltr'><strong>est,</strong></span> <span class='ocrx_word' id='word_1_700' title='bbox 1668 5185 1807 5226; x_wconf 89' lang='lat' dir='ltr'><strong>anno</strong></span> <span class='ocrx_word' id='word_1_701' title='bbox 1827 5173 1951 5228; x_wconf 72' lang='grc'><strong>456.</strong></span> <span class='ocrx_word' id='word_1_702' title='bbox 1980 5172 2084 5228; x_wconf 90' lang='lat' dir='ltr'><strong>Ne-</strong></span> 
     </span>
    </p>
   </div>
   <div class='ocr_carea' id='block_1_101' title="bbox 499 5234 2084 5313">
    <p class='ocr_par' dir='ltr' id='par_1_101' title="bbox 499 5234 2084 5313">
     <span class='ocr_line' id='line_1_101' title="bbox 499 5234 2084 5313; baseline 0.006 -24"><span class='ocrx_word' id='word_1_703' title='bbox 499 5249 606 5313; x_wconf 67' lang='lat' dir='ltr'><strong>que</strong></span> <span class='ocrx_word' id='word_1_704' title='bbox 653 5235 805 5313; x_wconf 67' lang='lat' dir='ltr'><strong>cuitu</strong></span> <span class='ocrx_word' id='word_1_705' title='bbox 827 5234 1111 5313; x_wconf 72' lang='lat' dir='ltr'><strong>obscurum</strong></span> <span class='ocrx_word' id='word_1_706' title='bbox 1149 5247 1232 5313; x_wconf 77' lang='lat' dir='ltr'><strong>est</strong></span> <span class='ocrx_word' id='word_1_707' title='bbox 1268 5238 1343 5313; x_wconf 74' lang='lat' dir='ltr'><strong>de</strong></span> <span class='ocrx_word' id='word_1_708' title='bbox 1376 5252 1435 5291; x_wconf 88' lang='lat' dir='ltr'><strong>ea</strong></span> <span class='ocrx_word' id='word_1_709' title='bbox 1463 5241 1739 5295; x_wconf 88' lang='lat' dir='ltr'><strong>obsidione</strong></span> <span class='ocrx_word' id='word_1_710' title='bbox 1774 5244 1856 5313; x_wconf 91' lang='lat' dir='ltr'><strong>agi</strong></span> <span class='ocrx_word' id='word_1_711' title='bbox 1886 5247 1951 5298; x_wconf 87' lang='lat' dir='ltr'><strong>de</strong></span> <span class='ocrx_word' id='word_1_712' title='bbox 1982 5261 2084 5313; x_wconf 89' lang='lat' dir='ltr'><strong>qua</strong></span> 
     </span>
    </p>
   </div>
   <div class='ocr_carea' id='block_1_102' title="bbox 499 5306 2087 5377">
    <p class='ocr_par' dir='ltr' id='par_1_102' title="bbox 499 5306 2087 5377">
     <span class='ocr_line' id='line_1_102' title="bbox 499 5306 2087 5377; baseline 0.005 -17"><span class='ocrx_word' id='word_1_713' title='bbox 499 5306 751 5374; x_wconf 66' lang='lat' dir='ltr'><strong>Prostaer,</strong></span> <span class='ocrx_word' id='word_1_714' title='bbox 786 5306 1041 5377; x_wconf 83' lang='lat' dir='ltr'><strong>Isidorus,</strong></span> <span class='ocrx_word' id='word_1_715' title='bbox 1069 5306 1265 5373; x_wconf 80' lang='lat' dir='ltr'><strong>Paulus</strong></span> <span class='ocrx_word' id='word_1_716' title='bbox 1292 5307 1549 5364; x_wconf 89' lang='lat' dir='ltr'><strong>diaconus</strong></span> <span class='ocrx_word' id='word_1_717' title='bbox 1575 5322 1628 5366; x_wconf 91' lang='lat' dir='ltr'><strong>et</strong></span> <span class='ocrx_word' id='word_1_718' title='bbox 1655 5314 1767 5377; x_wconf 91' lang='lat' dir='ltr'><strong>alii,</strong></span> <span class='ocrx_word' id='word_1_719' title='bbox 1795 5306 1914 5369; x_wconf 68' lang='lat' dir='ltr'><strong>cum</strong></span> <span class='ocrx_word' id='word_1_720' title='bbox 1946 5331 1974 5368; x_wconf 90' lang='lat' dir='ltr'><strong>a</strong></span> <span class='ocrx_word' id='word_1_721' title='bbox 1998 5306 2087 5368; x_wconf 83' lang='lat' dir='ltr'><strong>Li-</strong></span> 
     </span>
    </p>
   </div>
   <div class='ocr_carea' id='block_1_103' title="bbox 500 5375 2084 5444">
    <p class='ocr_par' dir='ltr' id='par_1_103' title="bbox 500 5375 2084 5444">
     <span class='ocr_line' id='line_1_103' title="bbox 500 5375 2084 5444; baseline 0.007 -16"><span class='ocrx_word' id='word_1_722' title='bbox 500 5377 641 5431; x_wconf 88' lang='lat' dir='ltr'><strong>torio</strong></span> <span class='ocrx_word' id='word_1_723' title='bbox 663 5378 860 5431; x_wconf 89' lang='lat' dir='ltr'><strong>comite</strong></span> <span class='ocrx_word' id='word_1_724' title='bbox 880 5375 1036 5431; x_wconf 82' lang='lat' dir='ltr'><strong>famis</strong></span> <span class='ocrx_word' id='word_1_725' title='bbox 1059 5380 1296 5444; x_wconf 89' lang='lat' dir='ltr'><strong>periculo</strong></span> <span class='ocrx_word' id='word_1_726' title='bbox 1317 5379 1601 5436; x_wconf 90' lang='lat' dir='ltr'><strong>liberatum</strong></span> <span class='ocrx_word' id='word_1_727' title='bbox 1626 5375 1928 5440; x_wconf 84' lang='lat' dir='ltr'><strong>Narbonem</strong></span> <span class='ocrx_word' id='word_1_728' title='bbox 1952 5389 2084 5439; x_wconf 83' lang='lat' dir='ltr'><strong>scri-</strong></span> 
     </span>
    </p>
   </div>
   <div class='ocr_carea' id='block_1_104' title="bbox 498 5445 2084 5513">
    <p class='ocr_par' dir='ltr' id='par_1_104' title="bbox 498 5445 2084 5513">
     <span class='ocr_line' id='line_1_104' title="bbox 498 5445 2084 5513; baseline 0.008 -12"><span class='ocrx_word' id='word_1_729' title='bbox 498 5445 653 5501; x_wconf 87' lang='lat' dir='ltr'><strong>bunt.</strong></span> <span class='ocrx_word' id='word_1_730' title='bbox 671 5447 857 5500; x_wconf 89' lang='lat' dir='ltr'><strong>Avitus</strong></span> <span class='ocrx_word' id='word_1_731' title='bbox 877 5449 1105 5503; x_wconf 88' lang='lat' dir='ltr'><strong>consilio</strong></span> <span class='ocrx_word' id='word_1_732' title='bbox 1132 5465 1231 5503; x_wconf 90' lang='lat' dir='ltr'><strong>suo</strong></span> <span class='ocrx_word' id='word_1_733' title='bbox 1253 5450 1481 5506; x_wconf 90' lang='lat' dir='ltr'><strong>solutam</strong></span> <span class='ocrx_word' id='word_1_734' title='bbox 1504 5468 1534 5507; x_wconf 89' lang='lat' dir='ltr'><strong>a</strong></span> <span class='ocrx_word' id='word_1_735' title='bbox 1556 5454 1891 5510; x_wconf 84' lang='lat' dir='ltr'><strong>Theoderico</strong></span> <span class='ocrx_word' id='word_1_736' title='bbox 1919 5456 2084 5513; x_wconf 88' lang='lat' dir='ltr'><strong>fuisse</strong></span> 
     </span>
    </p>
   </div>
   <div class='ocr_carea' id='block_1_105' title="bbox 498 5516 1270 5575">
    <p class='ocr_par' dir='ltr' id='par_1_105' title="bbox 498 5516 1270 5575">
     <span class='ocr_line' id='line_1_105' title="bbox 498 5516 1270 5575; baseline 0.005 -4"><span class='ocrx_word' id='word_1_737' title='bbox 498 5516 834 5572; x_wconf 87' lang='lat' dir='ltr'><strong>obsidionem</strong></span> <span class='ocrx_word' id='word_1_738' title='bbox 863 5532 1270 5575; x_wconf 85' lang='lat' dir='ltr'><strong>commemorat.</strong></span> 
     </span>
    </p>
   </div>
   <div class='ocr_carea' id='block_1_106' title="bbox 571 5584 2079 5668">
    <p class='ocr_par' dir='ltr' id='par_1_106' title="bbox 571 5584 2079 5668">
     <span class='ocr_line' id='line_1_106' title="bbox 571 5584 2079 5668; baseline 0.008 -29"><span class='ocrx_word' id='word_1_739' title='bbox 571 5584 605 5668; x_wconf 54' lang='grc' dir='ltr'>ᾖ</span> <span class='ocrx_word' id='word_1_740' title='bbox 613 5586 979 5668; x_wconf 68' lang='lat' dir='ltr'><strong>Theodericus</strong></span> <span class='ocrx_word' id='word_1_741' title='bbox 1000 5593 1154 5668; x_wconf 80' lang='lat' dir='ltr'><strong>Avito</strong></span> <span class='ocrx_word' id='word_1_742' title='bbox 1172 5608 1277 5648; x_wconf 90' lang='lat' dir='ltr'><strong>non</strong></span> <span class='ocrx_word' id='word_1_743' title='bbox 1300 5595 1470 5649; x_wconf 89' lang='lat' dir='ltr'><strong>solum</strong></span> <span class='ocrx_word' id='word_1_744' title='bbox 1490 5609 1697 5664; x_wconf 88' lang='lat' dir='ltr'><strong>pacem,</strong></span> <span class='ocrx_word' id='word_1_745' title='bbox 1712 5612 1896 5668; x_wconf 89' lang='lat' dir='ltr'><strong>verum</strong></span> <span class='ocrx_word' id='word_1_746' title='bbox 1919 5598 2079 5651; x_wconf 88' lang='lat' dir='ltr'><strong>etiam</strong></span> 
     </span>
    </p>
   </div>
   <div class='ocr_carea' id='block_1_107' title="bbox 501 5658 2080 5788">
    <p class='ocr_par' dir='ltr' id='par_1_107' title="bbox 501 5658 2080 5788">
     <span class='ocr_line' id='line_1_107' title="bbox 501 5658 2080 5788; baseline 0.008 -77"><span class='ocrx_word' id='word_1_747' title='bbox 501 5658 628 5740; x_wconf 77' lang='lat' dir='ltr'><strong>belli</strong></span> <span class='ocrx_word' id='word_1_748' title='bbox 654 5658 905 5714; x_wconf 82' lang='lat' dir='ltr'><strong>adversus</strong></span> <span class='ocrx_word' id='word_1_749' title='bbox 936 5662 1206 5788; x_wconf 48' lang='lat' dir='ltr'><strong>Vandalﬁs</strong></span> <span class='ocrx_word' id='word_1_750' title='bbox 1232 5658 1543 5721; x_wconf 74' lang='lat' dir='ltr'><strong>societatem</strong></span> <span class='ocrx_word' id='word_1_751' title='bbox 1573 5658 1820 5736; x_wconf 86' lang='lat' dir='ltr'><strong>spondet,</strong></span> <span class='ocrx_word' id='word_1_752' title='bbox 1854 5670 1898 5722; x_wconf 90' lang='lat' dir='ltr'><strong>si</strong></span> <span class='ocrx_word' id='word_1_753' title='bbox 1922 5669 2080 5723; x_wconf 91' lang='lat' dir='ltr'><strong>modo</strong></span> 
     </span>
     <span class='ocr_line' id='line_1_108' title="bbox 501 5737 2075 5788; baseline 0.004 -6"><span class='ocrx_word' id='word_1_754' title='bbox 501 5744 560 5785; x_wconf 88' lang='lat' dir='ltr'><strong>se</strong></span> <span class='ocrx_word' id='word_1_755' title='bbox 580 5737 979 5788; x_wconf 80' lang='lat' dir='ltr'><strong>imperatorem.</strong></span> <span class='ocrx_word' id='word_1_756' title='bbox 998 5740 1123 5787; x_wconf 79' lang='lat' dir='ltr'><strong>vaca</strong></span> <span class='ocrx_word' id='word_1_757' title='bbox 1188 5751 1219 5788; x_wconf 89' lang='lat' dir='ltr'><strong>e</strong></span> <span class='ocrx_word' id='word_1_758' title='bbox 1241 5751 1336 5788; x_wconf 85' lang='lat' dir='ltr'><strong>uer</strong></span> <span class='ocrx_word' id='word_1_759' title='bbox 1364 5738 1568 5788; x_wconf 82' lang='lat' dir='ltr'><strong>Maximi</strong></span> <span class='ocrx_word' id='word_1_760' title='bbox 1595 5740 1795 5788; x_wconf 63' lang='lat' dir='ltr'><strong>caedem</strong></span> <span class='ocrx_word' id='word_1_761' title='bbox 1818 5740 1958 5788; x_wconf 85' lang='lat' dir='ltr'><strong>aula-</strong></span> <span class='ocrx_word' id='word_1_762' title='bbox 1979 5740 2075 5788; x_wconf 80' lang='lat' dir='ltr'><strong>de-</strong></span> 
     </span>
    </p>
   </div>
   <div class='ocr_carea' id='block_1_108' title="bbox 499 5737 2075 5805">
    <p class='ocr_par' dir='ltr' id='par_1_108' title="bbox 499 5737 2075 5805">
     <span class='ocr_line' id='line_1_109' title="bbox 499 5737 2075 5805; baseline 0.01 -26"><span class='ocrx_word' id='word_1_763' title='bbox 499 5744 560 5805; x_wconf 81' lang='lat' dir='ltr'><strong>_s_e</strong></span> <span class='ocrx_word' id='word_1_764' title='bbox 578 5737 979 5805; x_wconf 72' lang='lat' dir='ltr'><strong>imperatorem,</strong></span> <span class='ocrx_word' id='word_1_765' title='bbox 998 5737 1219 5790; x_wconf 72' lang='lat' dir='ltr'><strong>vacante</strong></span> <span class='ocrx_word' id='word_1_766' title='bbox 1241 5751 1336 5804; x_wconf 90' lang='lat' dir='ltr'><strong>per</strong></span> <span class='ocrx_word' id='word_1_767' title='bbox 1364 5738 1568 5791; x_wconf 82' lang='lat' dir='ltr'><strong>Maximi</strong></span> <span class='ocrx_word' id='word_1_768' title='bbox 1595 5740 1795 5793; x_wconf 59' lang='lat' dir='ltr'><strong>caedem</strong></span> <span class='ocrx_word' id='word_1_769' title='bbox 1818 5740 1959 5805; x_wconf 87' lang='lat' dir='ltr'><strong>aula,</strong></span> <span class='ocrx_word' id='word_1_770' title='bbox 1979 5740 2075 5794; x_wconf 89' lang='lat' dir='ltr'><strong>dc-</strong></span> 
     </span>
    </p>
   </div>
   <div class='ocr_carea' id='block_1_109' title="bbox 496 5799 2073 5875">
    <p class='ocr_par' dir='ltr' id='par_1_109' title="bbox 496 5799 2073 5875">
     <span class='ocr_line' id='line_1_110' title="bbox 496 5799 2073 5875; baseline 0.007 -19"><span class='ocrx_word' id='word_1_771' title='bbox 496 5799 592 5875; x_wconf 69' lang='lat' dir='ltr'><strong>ligi</strong></span> <span class='ocrx_word' id='word_1_772' title='bbox 621 5801 868 5867; x_wconf 85' lang='lat' dir='ltr'><strong>patiatur.</strong></span> <span class='ocrx_word' id='word_1_773' title='bbox 906 5801 975 5856; x_wconf 87' lang='lat' dir='ltr'><strong>Ita</strong></span> <span class='ocrx_word' id='word_1_774' title='bbox 1004 5805 1144 5859; x_wconf 91' lang='lat' dir='ltr'><strong>enim</strong></span> <span class='ocrx_word' id='word_1_775' title='bbox 1174 5799 1289 5861; x_wconf 76' lang='lat' dir='ltr'><strong>fore</strong></span> <span class='ocrx_word' id='word_1_776' title='bbox 1326 5818 1383 5861; x_wconf 91' lang='lat' dir='ltr'><strong>ut</strong></span> <span class='ocrx_word' id='word_1_777' title='bbox 1417 5808 1599 5862; x_wconf 63' lang='lat' dir='ltr'><strong>Romae</strong></span> <span class='ocrx_word' id='word_1_778' title='bbox 1630 5819 1781 5864; x_wconf 84' lang='lat' dir='ltr'><strong>vetns</strong></span> <span class='ocrx_word' id='word_1_779' title='bbox 1813 5799 2073 5867; x_wconf 79' lang='lat' dir='ltr'><strong>excidium</strong></span> 
     </span>
    </p>
   </div>
   <div class='ocr_carea' id='block_1_110' title="bbox 2198 4536 3398 4604">
    <p class='ocr_par' dir='ltr' id='par_1_110' title="bbox 2198 4536 3398 4604">
     <span class='ocr_line' id='line_1_111' title="bbox 2198 4536 3398 4604; baseline -0.003 -15"><span class='ocrx_word' id='word_1_780' title='bbox 2198 4537 2314 4591; x_wconf 88' lang='lat' dir='ltr'><strong>dies</strong></span> <span class='ocrx_word' id='word_1_781' title='bbox 2341 4536 2533 4589; x_wconf 87' lang='lat' dir='ltr'><strong>iterum</strong></span> <span class='ocrx_word' id='word_1_782' title='bbox 2561 4536 2841 4604; x_wconf 90' lang='lat' dir='ltr'><strong>spoliarat,</strong></span> <span class='ocrx_word' id='word_1_783' title='bbox 2878 4536 3107 4589; x_wconf 90' lang='lat' dir='ltr'><strong>vindicta</strong></span> <span class='ocrx_word' id='word_1_784' title='bbox 3136 4536 3398 4603; x_wconf 86' lang='lat' dir='ltr'><strong>expietur.</strong></span> 
     </span>
    </p>
   </div>
   <div class='ocr_carea' id='block_1_111' title="bbox 2269 4603 3791 4675">
    <p class='ocr_par' dir='ltr' id='par_1_111' title="bbox 2269 4603 3791 4675">
     <span class='ocr_line' id='line_1_112' title="bbox 2269 4603 3791 4675; baseline -0.003 -15"><span class='ocrx_word' id='word_1_785' title='bbox 2269 4610 2292 4637; x_wconf 78' lang='lat'><em>&quot;</em></span> <span class='ocrx_word' id='word_1_786' title='bbox 2317 4606 2583 4660; x_wconf 87' lang='lat' dir='ltr'><strong>Ambiisse</strong></span> <span class='ocrx_word' id='word_1_787' title='bbox 2599 4603 2893 4675; x_wconf 85' lang='lat' dir='ltr'><strong>purpuram</strong></span> <span class='ocrx_word' id='word_1_788' title='bbox 2922 4605 3137 4660; x_wconf 86' lang='lat' dir='ltr'><strong>Avitum</strong></span> <span class='ocrx_word' id='word_1_789' title='bbox 3180 4621 3283 4659; x_wconf 90' lang='lat' dir='ltr'><strong>non</strong></span> <span class='ocrx_word' id='word_1_790' title='bbox 3316 4604 3623 4659; x_wconf 79' lang='lat' dir='ltr'><strong>dissimulat</strong></span> <span class='ocrx_word' id='word_1_791' title='bbox 3651 4603 3791 4658; x_wconf 66' lang='grc' dir='ltr'><strong>(ἔνθα</strong></span> 
     </span>
    </p>
   </div>
   <div class='ocr_carea' id='block_1_112' title="bbox 2193 4675 3794 4746">
    <p class='ocr_par' dir='ltr' id='par_1_112' title="bbox 2193 4675 3794 4746">
     <span class='ocr_line' id='line_1_113' title="bbox 2193 4675 3794 4746; baseline -0.002 -16"><span class='ocrx_word' id='word_1_792' title='bbox 2193 4678 2375 4745; x_wconf 79' lang='lat' dir='ltr'><strong>gorius</strong></span> <span class='ocrx_word' id='word_1_793' title='bbox 2406 4676 2607 4729; x_wconf 84' lang='lat' dir='ltr'><strong>Turon.</strong></span> <span class='ocrx_word' id='word_1_794' title='bbox 2642 4678 2732 4729; x_wconf 89' lang='lat' dir='ltr'><strong>lib.</strong></span> <span class='ocrx_word' id='word_1_795' title='bbox 2765 4692 2825 4737; x_wconf 84' lang='lat' dir='ltr'><strong>tt,</strong></span> <span class='ocrx_word' id='word_1_796' title='bbox 2857 4692 2973 4746; x_wconf 86' lang='lat' dir='ltr'><strong>cap.</strong></span> <span class='ocrx_word' id='word_1_797' title='bbox 3007 4679 3093 4740; x_wconf 81' lang='grc'><strong>11,</strong></span> <span class='ocrx_word' id='word_1_798' title='bbox 3139 4692 3238 4731; x_wconf 90' lang='lat' dir='ltr'><strong>nec</strong></span> <span class='ocrx_word' id='word_1_799' title='bbox 3290 4675 3442 4730; x_wconf 90' lang='lat' dir='ltr'><strong>abest</strong></span> <span class='ocrx_word' id='word_1_800' title='bbox 3472 4676 3541 4730; x_wconf 87' lang='lat' dir='ltr'><strong>ab</strong></span> <span class='ocrx_word' id='word_1_801' title='bbox 3573 4690 3633 4727; x_wconf 76' lang='lat' dir='ltr'><strong>ea</strong></span> <span class='ocrx_word' id='word_1_802' title='bbox 3670 4689 3794 4727; x_wconf 84' lang='lat' dir='ltr'><strong>sen-</strong></span> 
     </span>
    </p>
   </div>
   <div class='ocr_carea' id='block_1_113' title="bbox 2194 4747 3793 4816">
    <p class='ocr_par' dir='ltr' id='par_1_113' title="bbox 2194 4747 3793 4816">
     <span class='ocr_line' id='line_1_114' title="bbox 2194 4747 3793 4816; baseline -0.003 -14"><span class='ocrx_word' id='word_1_803' title='bbox 2194 4749 2358 4802; x_wconf 89' lang='lat' dir='ltr'><strong>tentia</strong></span> <span class='ocrx_word' id='word_1_804' title='bbox 2387 4749 2526 4816; x_wconf 89' lang='lat' dir='ltr'><strong>quod</strong></span> <span class='ocrx_word' id='word_1_805' title='bbox 2555 4748 2743 4801; x_wconf 86' lang='lat' dir='ltr'><strong>scribit</strong></span> <span class='ocrx_word' id='word_1_806' title='bbox 2774 4747 3004 4802; x_wconf 91' lang='lat' dir='ltr'><strong>Isidorus</strong></span> <span class='ocrx_word' id='word_1_807' title='bbox 3029 4789 3044 4812; x_wconf 94' lang='lat'><strong>,</strong></span> <span class='ocrx_word' id='word_1_808' title='bbox 3068 4748 3462 4801; x_wconf 84' lang='lat' dir='ltr'><strong>Theodericum</strong></span> <span class='ocrx_word' id='word_1_809' title='bbox 3505 4747 3666 4799; x_wconf 85' lang='lat' dir='ltr'><strong>Avito</strong></span> <span class='ocrx_word' id='word_1_810' title='bbox 3698 4760 3793 4798; x_wconf 84' lang='lat' dir='ltr'><strong>su-</strong></span> 
     </span>
    </p>
   </div>
   <div class='ocr_carea' id='block_1_114' title="bbox 2194 4816 3790 4889">
    <p class='ocr_par' dir='ltr' id='par_1_114' title="bbox 2194 4816 3790 4889">
     <span class='ocr_line' id='line_1_115' title="bbox 2194 4816 3790 4889; baseline -0.004 -16"><span class='ocrx_word' id='word_1_811' title='bbox 2194 4820 2371 4875; x_wconf 89' lang='lat' dir='ltr'><strong>mendi</strong></span> <span class='ocrx_word' id='word_1_812' title='bbox 2409 4820 2698 4885; x_wconf 86' lang='lat' dir='ltr'><strong>imperialis</strong></span> <span class='ocrx_word' id='word_1_813' title='bbox 2749 4817 2942 4889; x_wconf 83' lang='lat' dir='ltr'><strong>fastigii</strong></span> <span class='ocrx_word' id='word_1_814' title='bbox 2994 4834 3115 4873; x_wconf 86' lang='lat' dir='ltr'><strong>cum</strong></span> <span class='ocrx_word' id='word_1_815' title='bbox 3147 4817 3315 4872; x_wconf 85' lang='lat' dir='ltr'><strong>Gallis</strong></span> <span class='ocrx_word' id='word_1_816' title='bbox 3342 4816 3603 4889; x_wconf 83' lang='lat' dir='ltr'><strong>auxilium</strong></span> <span class='ocrx_word' id='word_1_817' title='bbox 3640 4830 3790 4889; x_wconf 48' lang='lat' dir='ltr'><strong>prae:</strong></span> 
     </span>
    </p>
   </div>
   <div class='ocr_carea' id='block_1_115' title="bbox 2192 4886 3794 4959">
    <p class='ocr_par' dir='ltr' id='par_1_115' title="bbox 2192 4886 3794 4959">
     <span class='ocr_line' id='line_1_116' title="bbox 2192 4886 3794 4959; baseline -0.001 -15"><span class='ocrx_word' id='word_1_818' title='bbox 2192 4892 2393 4944; x_wconf 87' lang='lat' dir='ltr'><strong>buisse.</strong></span> <span class='ocrx_word' id='word_1_819' title='bbox 2447 4891 2593 4944; x_wconf 90' lang='lat' dir='ltr'><strong>Hane</strong></span> <span class='ocrx_word' id='word_1_820' title='bbox 2639 4906 2769 4959; x_wconf 88' lang='lat' dir='ltr'><strong>ergo</strong></span> <span class='ocrx_word' id='word_1_821' title='bbox 2799 4886 2971 4943; x_wconf 53' lang='lat' dir='ltr'><strong>lab&#39;em</strong></span> <span class='ocrx_word' id='word_1_822' title='bbox 3014 4900 3071 4943; x_wconf 94' lang='lat' dir='ltr'><strong>ut</strong></span> <span class='ocrx_word' id='word_1_823' title='bbox 3120 4891 3263 4943; x_wconf 89' lang='lat' dir='ltr'><strong>eluat</strong></span> <span class='ocrx_word' id='word_1_824' title='bbox 3303 4888 3591 4951; x_wconf 90' lang='lat' dir='ltr'><strong>Sidonius,</strong></span> <span class='ocrx_word' id='word_1_825' title='bbox 3627 4886 3794 4957; x_wconf 74' lang='lat'><strong>135</strong></span> 
     </span>
    </p>
   </div>
   <div class='ocr_carea' id='block_1_116' title="bbox 2194 4960 3798 5030">
    <p class='ocr_par' dir='ltr' id='par_1_116' title="bbox 2194 4960 3798 5030">
     <span class='ocr_line' id='line_1_117' title="bbox 2194 4960 3798 5030; baseline -0.003 -15"><span class='ocrx_word' id='word_1_826' title='bbox 2194 4964 2475 5030; x_wconf 89' lang='lat' dir='ltr'><strong>imperium</strong></span> <span class='ocrx_word' id='word_1_827' title='bbox 2534 4973 2727 5016; x_wconf 64' lang='lat' dir='ltr'><strong>morsto</strong></span> <span class='ocrx_word' id='word_1_828' title='bbox 2775 4972 2827 5015; x_wconf 90' lang='lat' dir='ltr'><strong>et</strong></span> <span class='ocrx_word' id='word_1_829' title='bbox 2878 4962 3043 5015; x_wconf 85' lang='lat' dir='ltr'><strong>invito</strong></span> <span class='ocrx_word' id='word_1_830' title='bbox 3099 4961 3332 5014; x_wconf 66' lang='lat' dir='ltr'><strong>delatum</strong></span> <span class='ocrx_word' id='word_1_831' title='bbox 3408 4960 3798 5030; x_wconf 68' lang='lat' dir='ltr'><strong>ingestutuque</strong></span> 
     </span>
    </p>
   </div>
   <div class='ocr_carea' id='block_1_117' title="bbox 2188 5028 3795 5098">
    <p class='ocr_par' dir='ltr' id='par_1_117' title="bbox 2188 5028 3795 5098">
     <span class='ocr_line' id='line_1_118' title="bbox 2188 5028 3795 5098; baseline -0.004 -12"><span class='ocrx_word' id='word_1_832' title='bbox 2188 5028 2438 5088; x_wconf 86' lang='lat' dir='ltr'><strong>affirmat.</strong></span> <span class='ocrx_word' id='word_1_833' title='bbox 2473 5033 2589 5086; x_wconf 86' lang='lat' dir='ltr'><strong>.lam</strong></span> <span class='ocrx_word' id='word_1_834' title='bbox 2621 5032 2821 5098; x_wconf 64' lang='lat' dir='ltr'><strong>praefati</strong></span> <span class='ocrx_word' id='word_1_835' title='bbox 2851 5047 3036 5085; x_wconf 91' lang='lat' dir='ltr'><strong>sumus</strong></span> <span class='ocrx_word' id='word_1_836' title='bbox 3053 5048 3119 5085; x_wconf 84' lang='lat' dir='ltr'><strong>ex</strong></span> <span class='ocrx_word' id='word_1_837' title='bbox 3151 5032 3338 5091; x_wconf 82' lang='lat' dir='ltr'><strong>Idalio,</strong></span> <span class='ocrx_word' id='word_1_838' title='bbox 3365 5032 3584 5083; x_wconf 80' lang='lat' dir='ltr'><strong>Avitum</strong></span> <span class='ocrx_word' id='word_1_839' title='bbox 3611 5028 3795 5081; x_wconf 80' lang='lat' dir='ltr'><strong>Tolo—</strong></span> 
     </span>
    </p>
   </div>
   <div class='ocr_carea' id='block_1_118' title="bbox 2188 5100 3796 5174">
    <p class='ocr_par' dir='ltr' id='par_1_118' title="bbox 2188 5100 3796 5174">
     <span class='ocr_line' id='line_1_119' title="bbox 2188 5100 3796 5174; baseline -0.003 -17"><span class='ocrx_word' id='word_1_840' title='bbox 2188 5120 2261 5157; x_wconf 61' lang='lat' dir='ltr'><strong>sie</strong></span> <span class='ocrx_word' id='word_1_841' title='bbox 2293 5107 2544 5174; x_wconf 86' lang='lat' dir='ltr'><strong>primum,</strong></span> <span class='ocrx_word' id='word_1_842' title='bbox 2566 5102 2760 5157; x_wconf 87' lang='lat' dir='ltr'><strong>deinde</strong></span> <span class='ocrx_word' id='word_1_843' title='bbox 2787 5104 2987 5157; x_wconf 91' lang='lat' dir='ltr'><strong>Arelati</strong></span> <span class='ocrx_word' id='word_1_844' title='bbox 3018 5104 3315 5174; x_wconf 77' lang='lat' dir='ltr'><strong>Augustum</strong></span> <span class='ocrx_word' id='word_1_845' title='bbox 3347 5101 3514 5174; x_wconf 75' lang='lat' dir='ltr'><strong>fuisse</strong></span> <span class='ocrx_word' id='word_1_846' title='bbox 3540 5100 3796 5167; x_wconf 83' lang='lat' dir='ltr'><strong>appella-</strong></span> 
     </span>
    </p>
   </div>
   <div class='ocr_carea' id='block_1_119' title="bbox 2189 5172 3790 5241">
    <p class='ocr_par' dir='ltr' id='par_1_119' title="bbox 2189 5172 3790 5241">
     <span class='ocr_line' id='line_1_120' title="bbox 2189 5172 3790 5241; baseline -0.003 -14"><span class='ocrx_word' id='word_1_847' title='bbox 2189 5172 2320 5228; x_wconf 62' lang='lat' dir='ltr'><strong>tuni&#39;.</strong></span> <span class='ocrx_word' id='word_1_848' title='bbox 2353 5175 2505 5241; x_wconf 83' lang='lat' dir='ltr'><strong>Quod</strong></span> <span class='ocrx_word' id='word_1_849' title='bbox 2536 5191 2657 5227; x_wconf 85' lang='lat' dir='ltr'><strong>cum</strong></span> <span class='ocrx_word' id='word_1_850' title='bbox 2698 5175 2921 5228; x_wconf 86' lang='lat' dir='ltr'><strong>Sidonio</strong></span> <span class='ocrx_word' id='word_1_851' title='bbox 2970 5174 3227 5227; x_wconf 51' lang='lat' dir='ltr'><strong>cohaeret.</strong></span> <span class='ocrx_word' id='word_1_852' title='bbox 3259 5172 3471 5226; x_wconf 70' lang='lat' dir='ltr'><strong>Tolosa:</strong></span> <span class='ocrx_word' id='word_1_853' title='bbox 3511 5174 3689 5234; x_wconf 87' lang='lat' dir='ltr'><strong>enim,</strong></span> <span class='ocrx_word' id='word_1_854' title='bbox 3727 5179 3790 5223; x_wconf 89' lang='lat' dir='ltr'><strong>ut</strong></span> 
     </span>
    </p>
   </div>
   <div class='ocr_carea' id='block_1_120' title="bbox 2189 5243 3794 5313">
    <p class='ocr_par' dir='ltr' id='par_1_120' title="bbox 2189 5243 3794 5313">
     <span class='ocr_line' id='line_1_121' title="bbox 2189 5243 3794 5313; baseline -0.002 -16"><span class='ocrx_word' id='word_1_855' title='bbox 2189 5256 2499 5313; x_wconf 72' lang='lat' dir='ltr'><strong>p-itet,,acta</strong></span> <span class='ocrx_word' id='word_1_856' title='bbox 2531 5256 2655 5298; x_wconf 90' lang='lat' dir='ltr'><strong>sunt</strong></span> <span class='ocrx_word' id='word_1_857' title='bbox 2681 5262 2799 5312; x_wconf 71' lang='lat' dir='ltr'><strong>qttm</strong></span> <span class='ocrx_word' id='word_1_858' title='bbox 2837 5246 2903 5297; x_wconf 90' lang='lat' dir='ltr'><strong>de</strong></span> <span class='ocrx_word' id='word_1_859' title='bbox 2940 5243 3079 5299; x_wconf 81' lang='lat' dir='ltr'><strong>Aviti</strong></span> <span class='ocrx_word' id='word_1_860' title='bbox 3124 5259 3245 5296; x_wconf 88' lang='lat' dir='ltr'><strong>cum</strong></span> <span class='ocrx_word' id='word_1_861' title='bbox 3276 5243 3614 5296; x_wconf 85' lang='lat' dir='ltr'><strong>Theoderico</strong></span> <span class='ocrx_word' id='word_1_862' title='bbox 3645 5254 3794 5294; x_wconf 80' lang='lat' dir='ltr'><strong>con-</strong></span> 
     </span>
    </p>
   </div>
   <div class='ocr_carea' id='block_1_121' title="bbox 2185 5314 3791 5385">
    <p class='ocr_par' dir='ltr' id='par_1_121' title="bbox 2185 5314 3791 5385">
     <span class='ocr_line' id='line_1_122' title="bbox 2185 5314 3791 5385; baseline -0.004 -16"><span class='ocrx_word' id='word_1_863' title='bbox 2185 5331 2396 5383; x_wconf 79' lang='lat' dir='ltr'><strong>greSsn,</strong></span> <span class='ocrx_word' id='word_1_864' title='bbox 2430 5317 2854 5385; x_wconf 84' lang='lat' dir='ltr'><strong>capessendique</strong></span> <span class='ocrx_word' id='word_1_865' title='bbox 2889 5315 3098 5385; x_wconf 84' lang='lat' dir='ltr'><strong>imperii</strong></span> <span class='ocrx_word' id='word_1_866' title='bbox 3124 5314 3364 5368; x_wconf 86' lang='lat' dir='ltr'><strong>consiliis</strong></span> <span class='ocrx_word' id='word_1_867' title='bbox 3394 5314 3659 5367; x_wconf 83' lang='lat' dir='ltr'><strong>hactenus</strong></span> <span class='ocrx_word' id='word_1_868' title='bbox 3693 5326 3791 5385; x_wconf 77' lang='lat' dir='ltr'><strong>ce-</strong></span> 
     </span>
    </p>
   </div>
   <div class='ocr_carea' id='block_1_122' title="bbox 2187 5381 3794 5452">
    <p class='ocr_par' dir='ltr' id='par_1_122' title="bbox 2187 5381 3794 5452">
     <span class='ocr_line' id='line_1_123' title="bbox 2187 5381 3794 5452; baseline -0.004 -12"><span class='ocrx_word' id='word_1_869' title='bbox 2187 5381 2348 5449; x_wconf 73' lang='lat' dir='ltr'><strong>cinit;</strong></span> <span class='ocrx_word' id='word_1_870' title='bbox 2389 5381 2699 5442; x_wconf 57' lang='lat' dir='ltr'><strong>contionem</strong></span> <span class='ocrx_word' id='word_1_871' title='bbox 2752 5381 2880 5441; x_wconf 80' lang='lat' dir='ltr'><strong>vero</strong></span> <span class='ocrx_word' id='word_1_872' title='bbox 2930 5381 3147 5439; x_wconf 67' lang='lat' dir='ltr'><strong>Gallica:</strong></span> <span class='ocrx_word' id='word_1_873' title='bbox 3202 5385 3517 5452; x_wconf 86' lang='lat' dir='ltr'><strong>nobilitatis,</strong></span> <span class='ocrx_word' id='word_1_874' title='bbox 3570 5396 3680 5452; x_wconf 85' lang='lat' dir='ltr'><strong>qua</strong></span> <span class='ocrx_word' id='word_1_875' title='bbox 3734 5381 3794 5435; x_wconf 87' lang='lat' dir='ltr'><strong>in</strong></span> 
     </span>
    </p>
   </div>
   <div class='ocr_carea' id='block_1_123' title="bbox 2186 5454 3796 5527">
    <p class='ocr_par' dir='ltr' id='par_1_123' title="bbox 2186 5454 3796 5527">
     <span class='ocr_line' id='line_1_124' title="bbox 2186 5454 3796 5527; baseline -0.003 -17"><span class='ocrx_word' id='word_1_876' title='bbox 2186 5461 2356 5511; x_wconf 69' lang='lat' dir='ltr'><strong>reditu</strong></span> <span class='ocrx_word' id='word_1_877' title='bbox 2389 5470 2643 5525; x_wconf 78' lang='lat' dir='ltr'><strong>exceptus</strong></span> <span class='ocrx_word' id='word_1_878' title='bbox 2691 5462 3143 5527; x_wconf 86' lang='lat' dir='ltr'><strong>inauguratusque</strong></span> <span class='ocrx_word' id='word_1_879' title='bbox 3174 5455 3520 5522; x_wconf 82' lang='lat' dir='ltr'><strong>describitur,</strong></span> <span class='ocrx_word' id='word_1_880' title='bbox 3555 5454 3606 5507; x_wconf 88' lang='lat' dir='ltr'><strong>in</strong></span> <span class='ocrx_word' id='word_1_881' title='bbox 3641 5454 3796 5506; x_wconf 84' lang='lat' dir='ltr'><strong>Are-</strong></span> 
     </span>
    </p>
   </div>
   <div class='ocr_carea' id='block_1_124' title="bbox 2186 5527 3317 5584">
    <p class='ocr_par' dir='ltr' id='par_1_124' title="bbox 2186 5527 3317 5584">
     <span class='ocr_line' id='line_1_125' title="bbox 2186 5527 3317 5584; baseline -0.004 -1"><span class='ocrx_word' id='word_1_882' title='bbox 2186 5529 2472 5584; x_wconf 88' lang='lat' dir='ltr'><strong>latensium</strong></span> <span class='ocrx_word' id='word_1_883' title='bbox 2497 5541 2670 5583; x_wconf 82' lang='lat' dir='ltr'><strong>castro</strong></span> <span class='ocrx_word' id='word_1_884' title='bbox 2694 5528 2893 5583; x_wconf 88' lang='lat' dir='ltr'><strong>coiisse</strong></span> <span class='ocrx_word' id='word_1_885' title='bbox 2926 5542 3050 5581; x_wconf 82' lang='lat' dir='ltr'><strong>mox</strong></span> <span class='ocrx_word' id='word_1_886' title='bbox 3082 5527 3317 5583; x_wconf 86' lang='lat' dir='ltr'><strong>docebit.</strong></span> 
     </span>
    </p>
   </div>
   <div class='ocr_carea' id='block_1_125' title="bbox 2262 5595 3797 5668">
    <p class='ocr_par' dir='ltr' id='par_1_125' title="bbox 2262 5595 3797 5668">
     <span class='ocr_line' id='line_1_126' title="bbox 2262 5595 3797 5668; baseline -0.003 -15"><span class='ocrx_word' id='word_1_887' title='bbox 2262 5600 2282 5638; x_wconf 72' lang='grc' dir='ltr'>ῐ</span> <span class='ocrx_word' id='word_1_888' title='bbox 2309 5604 2470 5668; x_wconf 88' lang='lat' dir='ltr'><strong>Alpes</strong></span> <span class='ocrx_word' id='word_1_889' title='bbox 2501 5600 2690 5653; x_wconf 68' lang='lat' dir='ltr'><strong>(Initia:</strong></span> <span class='ocrx_word' id='word_1_890' title='bbox 2716 5617 2727 5651; x_wconf 88' lang='lat'><strong>:</strong></span> <span class='ocrx_word' id='word_1_891' title='bbox 2766 5601 2857 5653; x_wconf 80' lang='lat' dir='ltr'><strong>sed</strong></span> <span class='ocrx_word' id='word_1_892' title='bbox 2892 5601 3077 5651; x_wconf 89' lang='lat' dir='ltr'><strong>harum</strong></span> <span class='ocrx_word' id='word_1_893' title='bbox 3104 5600 3325 5652; x_wconf 84' lang='lat' dir='ltr'><strong>nomine</strong></span> <span class='ocrx_word' id='word_1_894' title='bbox 3348 5598 3582 5667; x_wconf 87' lang='lat' dir='ltr'><strong>reliquas</strong></span> <span class='ocrx_word' id='word_1_895' title='bbox 3605 5595 3797 5668; x_wconf 59' lang='lat' dir='ltr'><strong>etiam</strong></span> 
     </span>
    </p>
   </div>
   <div class='ocr_carea' id='block_1_126' title="bbox 2185 5665 3792 5741">
    <p class='ocr_par' dir='ltr' id='par_1_126' title="bbox 2185 5665 3792 5741">
     <span class='ocr_line' id='line_1_127' title="bbox 2185 5665 3792 5741; baseline -0.005 -17"><span class='ocrx_word' id='word_1_896' title='bbox 2185 5665 2408 5741; x_wconf 81' lang='lat' dir='ltr'><strong>intelligi</strong></span> <span class='ocrx_word' id='word_1_897' title='bbox 2462 5674 2624 5724; x_wconf 82' lang='lat' dir='ltr'><strong>voluit</strong></span> <span class='ocrx_word' id='word_1_898' title='bbox 2688 5687 2804 5737; x_wconf 73' lang='lat' dir='ltr'><strong>qum</strong></span> <span class='ocrx_word' id='word_1_899' title='bbox 2852 5670 3074 5723; x_wconf 88' lang='lat' dir='ltr'><strong>Galliam</strong></span> <span class='ocrx_word' id='word_1_900' title='bbox 3124 5671 3192 5741; x_wconf 83' lang='lat' dir='ltr'><strong>ab</strong></span> <span class='ocrx_word' id='word_1_901' title='bbox 3261 5669 3409 5722; x_wconf 91' lang='lat' dir='ltr'><strong>ltalia</strong></span> <span class='ocrx_word' id='word_1_902' title='bbox 3460 5665 3792 5741; x_wconf 73' lang='lat' dir='ltr'><strong>secludunt.</strong></span> 
     </span>
    </p>
   </div>
   <div class='ocr_carea' id='block_1_127' title="bbox 2186 5738 3794 5797">
    <p class='ocr_par' dir='ltr' id='par_1_127' title="bbox 2186 5738 3794 5797">
     <span class='ocr_line' id='line_1_128' title="bbox 2186 5738 3794 5797; baseline -0.002 -3"><span class='ocrx_word' id='word_1_903' title='bbox 2186 5738 2381 5797; x_wconf 65' lang='grc' dir='ltr'><strong>(Ζοιιὶτὲ</strong></span> <span class='ocrx_word' id='word_1_904' title='bbox 2402 5753 2579 5796; x_wconf 88' lang='lat' dir='ltr'><strong>autem</strong></span> <span class='ocrx_word' id='word_1_905' title='bbox 2614 5742 2800 5797; x_wconf 83' lang='lat' dir='ltr'><strong>inediae</strong></span> <span class='ocrx_word' id='word_1_906' title='bbox 2825 5753 2949 5796; x_wconf 92' lang='lat' dir='ltr'><strong>sunt</strong></span> <span class='ocrx_word' id='word_1_907' title='bbox 2982 5741 3122 5797; x_wconf 85' lang='lat' dir='ltr'><strong>inter</strong></span> <span class='ocrx_word' id='word_1_908' title='bbox 3150 5738 3337 5796; x_wconf 88' lang='lat' dir='ltr'><strong>Graias</strong></span> <span class='ocrx_word' id='word_1_909' title='bbox 3368 5749 3423 5797; x_wconf 90' lang='lat' dir='ltr'><strong>et</strong></span> <span class='ocrx_word' id='word_1_910' title='bbox 3453 5738 3794 5795; x_wconf 76' lang='lat' dir='ltr'><strong>Maritimas.</strong></span> 
     </span>
    </p>
   </div>
   <div class='ocr_carea' id='block_1_128' title="bbox 2259 5813 2682 5875">
    <p class='ocr_par' dir='ltr' id='par_1_128' title="bbox 2259 5813 2682 5875">
     <span class='ocr_line' id='line_1_129' title="bbox 2259 5813 2682 5875; baseline -0.014 -8"><span class='ocrx_word' id='word_1_911' title='bbox 2259 5823 2281 5857; x_wconf 62' lang='grc' dir='ltr'><strong>π</strong></span> <span class='ocrx_word' id='word_1_912' title='bbox 2312 5814 2431 5875; x_wconf 76' lang='lat' dir='ltr'><strong>Alii,</strong></span> <span class='ocrx_word' id='word_1_913' title='bbox 2470 5813 2682 5875; x_wconf 74' lang='lat' dir='ltr'><strong>Pyrene.</strong></span> 
     </span>
    </p>
   </div>
  </div>
