4060 6332
203 338 299 397 695
1664 322 1772 380 CAI

1877 323 1987 381 NA.
3329 325 3437 386 σοι

202 454 354 514 Fulsit
373 446 625 515 conditio,
651 448 893 517 proprias
911 459 1013 517 qua
1036 444 1203 501 Gallia
1232 447 1371 500 vires

203 549 489 606 Exsereret,
525 536 784 608 trepidam
816 537 943 592 dum
966 536 1227 591 Maximus
1258 540 1482 603 occupat
1506 533 1714 597 urbem,

203 638 302 694 lmo
325 633 502 691 orbem
524 632 715 702 potuit,
731 631 774 685 si
800 638 852 686 te
875 630 978 686 sibi
1010 640 1117 685 tota
1148 630 1401 699 magistro

203 732 368 800 Regna
398 724 761 781 reformasset.
791 724 925 792 Quis
954 732 1195 780 nostrum
1229 724 1437 795 Belgica
1468 736 1613 789 rura,

203 824 359 879 Littus
380 818 701 887 Aremorici,
734 817 947 874 Geticas
976 817 1095 887 quis
1126 818 1353 871 moverit
1384 817 1522 883 iras,

204 916 305 972 Non
336 916 487 980 latet;
522 913 605 968 bis
637 912 796 969 tantis
823 913 918 968 tibi
947 916 1228 978 cessimus,
1255 910 1473 980 inclyte,
1506 908 1678 963 bellis.

203 1008 339 1064 Nune
353 1007 461 1077 jam
492 1020 700 1063 summa
722 1016 944 1071 vocant;
970 1007 1134 1063 dubio
1152 1007 1252 1062 sub
1282 1015 1524 1074 tempore
1540 1017 1761 1075 regnum

201 1103 304 1158 Non
328 1101 457 1171 regit
479 1099 733 1169 ignavus:
753 1101 1328 1171 postponiturambitus
1350 1100 1547 1163 omnis,

201 1195 383 1251 Ultima
408 1207 532 1247 cum
561 1193 736 1248 claros
759 1202 1036 1262 quierunt:
1071 1202 1190 1263 post
1217 1193 1407 1247 damna
1435 1190 1604 1245 Ticini

206 1290 277 1345 Ac
302 1285 509 1342 Trebia:
539 1286 811 1356 trepidans
834 1288 1025 1356 raptim
1055 1287 1354 1355 respublica
1378 1286 1524 1339 venit

197 1382 269 1437 Ad
297 1380 539 1446 Fabium,
554 1379 764 1435 Cannas
785 1380 1028 1435 celebres
1050 1379 1293 1433 Varrone
1313 1378 1515 1446 fugato,

198 1473 599 1543 Scipiadumque
628 1472 789 1527 etiam
822 1479 1125 1542 turgentem
1158 1472 1344 1527 funere
1373 1470 1597 1527 Panum

203 1562 370 1619 Livius
399 1562 610 1632 electus
640 1563 830 1633 fregit;
868 1563 1129 1632 captivus,
1160 1571 1218 1618 ut
1238 1563 1406 1629 aiunt,

197 1656 335 1712 Orbis
362 1656 412 1710 in
443 1653 592 1711 Urbe
613 1655 775 1724 jacet,
811 1656 1053 1724 princeps
1085 1656 1241 1725 perit,
1279 1656 1362 1710 hic
1392 1664 1554 1725 caput
1601 1670 1761 1711 omne

197 1748 334 1803 Nunc
357 1748 525 1802 habet
546 1744 861 1817 imperium:
895 1748 1145 1818 petimus,
1178 1748 1480 1804 conscende
1510 1746 1767 1815 tribunal,

197 1840 341 1909 Erige
366 1841 670 1909 collapsos;
704 1854 810 1895 non
845 1840 947 1895 hoc
972 1841 1133 1896 modo
1164 1852 1404 1910 tempora
1435 1848 1679 1910 poscunt,

194 1934 255 1989 Ut
277 1934 497 1988 Romam
523 1934 641 2001 plus
661 1934 795 1989 alter
810 1942 953 1989 amet
971 1952 982 1986 :
1008 1950 1075 1989 ne
1104 1935 1240 1990 forte
1259 1949 1413 1991 reare

194 2025 343 2097 3&9
360 2025 435 2080 Te
448 2041 622 2096 regno
649 2040 756 2079 non
790 2036 909 2082 esse
934 2041 1151 2096 parem;
1182 2042 1304 2083 cum
1334 2028 1592 2086 Brennica
1622 2031 1772 2101 signa

194 2120 469 2190 Tarpeium
498 2128 824 2189 premerent,
860 2119 986 2186 seis,
1017 2127 1127 2175 tum
1170 2121 1474 2191 respublica
1504 2132 1684 2180 nostra

195 2215 315 2269 Tota
343 2213 601 2269 Camillus
621 2222 757 2279 erat,
784 2215 968 2283 patriae
990 2214 1079 2284 qui
1110 2214 1320 2271 debitus
1348 2216 1492 2272 ultor

194 2307 334 2364 Texit
364 2308 633 2362 fumantes
663 2306 841 2362 hostili
867 2316 1043 2378 strage
1075 2308 1303 2365 favillas.

194 2404 299 2459 Non
332 2406 423 2460 tibi
452 2405 732 2461 centurias
762 2420 949 2460 aurum
983 2407 1238 2476 populare
1267 2408 1497 2478 paravit,

196 2499 297 2554 Nec
325 2500 487 2555 modo
512 2500 729 2556 venales
754 2514 1151 2571 numerosoque
1172 2515 1292 2555 asse
1324 2501 1614 2564 redemptae

194 2590 530 2649 Concurrunt
557 2593 621 2647 ad
654 2605 843 2663 puncta
870 2596 1071 2649 tribus:
1103 2594 1351 2664 suffragia
1376 2595 1558 2650 mundi

192 2684 370 2740 Nullus
390 2688 555 2753 emit;
594 2701 795 2757 pauper
820 2686 1031 2756 legeris,
1061 2689 1200 2757 quod
1229 2686 1427 2743 sufficit
1453 2702 1642 2754 unum,

198 2779 265 2836 Es
293 2780 504 2835 meritis
534 2780 715 2834 dives:
751 2779 937 2847 patria:
958 2794 1055 2835 cur
1087 2791 1208 2835 vota
1238 2780 1489 2845 moraris,

192 2866 314 2934 Quae
338 2866 517 2937 jubet,
547 2873 604 2920 ut
616 2865 847 2936 jubeas?
869 2866 983 2921 haec
1005 2874 1088 2921 est
1113 2868 1375 2922 sententia
1402 2868 1632 2935 cunctis,

192 2955 241 3012 Si
271 2956 526 3011 dominus
557 2956 656 3024 fis,
690 2956 825 3011 liber
850 2968 965 3010 ero.
996 2955 1197 3026 Fragor
1220 2958 1353 3012 atria
1376 2959 1609 3028 complet

190 3058 215 3088 ⁸
250 3050 477 3123 Ugerni,
508 3065 613 3121 quo
644 3050 782 3105 forte
813 3051 931 3105 loco
955 3049 1039 3119 pia
1068 3050 1241 3117 turba,
1275 3060 1494 3107 senatus

187 3140 468 3199 Detulerat
495 3143 624 3210 vim,
645 3151 792 3210 vota,
818 3156 1025 3211 preces.
1060 3141 1254 3209 Locus,
1280 3145 1409 3199 liora
1437 3143 1658 3215 diesque

186 3234 392 3291 Dicitur
422 3236 654 3306 imperio
678 3235 834 3302 felix;
866 3250 927 3292 ac
954 3236 1199 3307 protinus
1240 3237 1348 3292 illic

182 3322 453 3381 Nobilium
485 3327 739 3382 excubias
770 3327 1009 3398 gaudens
1026 3328 1264 3384 sollertia
1292 3330 1529 3384 mandat.

248 3418 437 3474 Tertia
469 3418 562 3474 lux
593 3419 793 3490 refugis
824 3420 1127 3492 Hyperiona
1162 3421 1371 3477 fuderat
1396 3425 1555 3479 astris
1581 3442 1593 3477 :

174 3511 533 3569 Concurrunt
563 3526 841 3579 proceres,
872 3526 936 3566 ac
963 3514 1132 3567 milite
1157 3514 1482 3570 circumfuso

172 3601 199 3641 δ
234 3603 458 3670 Aggere
487 3602 787 3670 composito
816 3611 1080 3672 statuunt,
1110 3619 1174 3659 ac
1206 3616 1395 3676 torque
1411 3618 1669 3663 coronant

170 3690 461 3750 Castrensi
491 3701 765 3759 mlestum,
796 3693 1104 3764 donantque
1126 3695 1350 3764 insignia
1380 3702 1549 3769 regni.

172 3785 296 3840 .lam
328 3784 488 3854 prius
512 3782 761 3839 induerat
790 3784 933 3839 solas
955 3784 1022 3841 de
1051 3786 1293 3857 principe
1322 3802 1499 3844 curas.

174 3875 332 3933 [laud
360 3877 475 3931 alio
499 3876 769 3946 quondam
799 3877 947 3932 vultu
971 3877 1286 3949 Tirynthius
1308 3878 1469 3937 heros

178 3970 432 4025 Pondera
460 3968 699 4038 suscepit
725 3967 872 4034 coeli,
902 3970 1061 4024 simul
1089 3978 1250 4041 atque
1276 3987 1545 4041 novercae,

179 4063 312 4119 Cum
340 4062 552 4133 Libyca
576 4076 636 4116 se
664 4077 796 4131 rupe
818 4061 978 4132 Gigas
1006 4064 1349 4132 subduceret,
1382 4075 1438 4120 et
1474 4081 1595 4120 cum

182 4160 375 4217 Tutior
407 4159 676 4215 Herculeo
703 4157 933 4214 sedisset
955 4158 1201 4213 machina
1219 4160 1402 4216 dorso.
1642 4220 1655 4234 ,

251 4253 415 4309 Hunc
436 4250 561 4318 tibi,
584 4251 780 4315 Roma,
816 4250 961 4318 dedl,
995 4252 1189 4322 patulis
1214 4252 1339 4308 dum
1373 4254 1544 4310 Gallia
1573 4258 1778 4327 campis

184 4343 403 4401 Intonat
431 4344 729 4413 Augustum
759 4343 969 4412 plausu,
1002 4343 1341 4417 faustumque
1371 4346 1633 4419 fragorem

1756 4426 1789 4453 Ω

252 4495 281 4525 ει
314 4484 543 4542 Variant
592 4481 945 4551 exemplaria.

221 4570 292 4612 uo
317 4556 545 4636 nomine
567 4552 841 4623 appellant
871 4552 1031 4636 hodie
1075 4552 1767 4636 vetns__castrumet'oppi4

186 4573 292 4683 alio
317 4573 545 4612 nomine
567 4573 841 4623 appetitui;
871 4573 1031 4608 nocte
1076 4573 1227 4609 vetus
1272 4573 1504 4613 casu'um
1536 4573 1590 4617 et
1622 4573 1766 4636 oppi~

222 4644 309 4683 um
332 4630 710 4683 Arvernorum
752 4625 910 4695 quod,
938 4622 1196 4695 Gregorio
1235 4626 1531 4686 Turonensi
1571 4645 1623 4689 et
1647 4639 1766 4694 aliis

188 4707 269 4754 est
310 4694 1271 4769 Tigernu_m._Sedr-Thieruijnomen
1300 4714 1399 4753 nec
1429 4712 1602 4760 metro
1623 4746 1636 4767 ,
1671 4723 1769 4763 nec

186 4769 306 4845 loco
336 4765 613 4840 congruit.
643 4766 700 4821 In
725 4765 848 4822 aliis
874 4774 990 4845 erat
1020 4766 1224 4835 Vierni,
1257 4784 1321 4822 ex
1351 4787 1458 4845 quo
1485 4775 1585 4828 feci
1617 4765 1779 4845 Uger.

187 4842 277 4895 nt.-
321 4838 637 4910 quo'more
680 4846 863 4893 contra
906 4838 1230 4910 Bagocasses
1283 4838 1421 4910 apud
1472 4838 1769 4904 Ausonium

186 4912 397 4993 scripti,
428 4912 523 4993 qui
554 4909 970 4993 Daiocasses.nF
975 4912 1052 4963 uit
1095 4917 1186 4993 aut
1213 4910 1503 4993 Ugern_um,
1533 4915 1777 4993 ρῦγιρνᾳν

189 4980 447 5039 Straboni
489 4980 845 5055 notissimum
855 4981 985 5055 olim
1012 4989 1246 5036 castrum
1274 4980 1686 5055 Arelatensium,
1711 4992 1779 5048 de

188 5069 292 5123 quo
314 5052 617 5123 Gregorius
643 5049 784 5125 idem
811 5050 1036 5125 _lib._vin
1061 5062 1133 5125 et,
1153 5067 1225 5115 ix,
1256 5063 1310 5107 et
1338 5055 1633 5125 Cyprianus
1662 5049 1778 5118 Cte-

188 5121 311 5178 sarii
340 5121 645 5192 discipulus
683 5121 737 5175 in
773 5123 888 5191 ejus
921 5121 1058 5176 Vita.
1109 5124 1276 5177 Porro
1304 5121 1413 5193 jam
1443 5126 1624 5184 docuit
1675 5148 1771 5189 nos

189 5194 409 5271 ldatitts,
446 5195 665 5249 Avitum
697 5195 916 5271 Augusti
958 5209 1152 5271 nomen
1199 5196 1399 5271 Arelati
1445 5205 1763 5271 suscepisse.

189 5264 367 5331 Quare
393 5280 562 5320 nemo
583 5263 899 5334 repugnabit
921 5267 1045 5332 quin
1074 5275 1219 5320 certa
1256 5269 1324 5321 sit
1347 5263 1666 5328 emendatio.

259 5337 549 5415 PAggesta
583 5344 724 5415 terra
746 5336 1064 5415 inspeciem
1091 5339 1388 5415 tribunalis,
1426 5345 1563 5415 quod
1601 5348 1773 5415 cespi-

193 5405 377 5462 titium'
392 5405 633 5487 tribunal
663 5406 895 5487 appellat
925 5406 1179 5474 Vopiscus
1228 5411 1281 5487 i_n
1327 5405 1528 5487 Tacito.
1562 5405 1776 5487 Torque

190 5488 371 5550 autem
402 5478 727 5550 diadematis
772 5477 901 5550 vice
930 5488 1213 5533 coronatos
1242 5480 1466 5550 legimus
1494 5487 1653 5540 etiam
1683 5477 1776 5542 Ju-

190 5546 703 5627 lianum__Pari_s_iis,
747 5556 799 5601 et
848 5546 1083 5627 Firmum
1107 5550 1192 5627 “in
1223 5546 1422 5627 Affica,
1466 5554 1534 5627 de
1582 5559 1775 5627 quibus

191 5618 537 5697 biareellinus
565 5620 660 5697 lib.
692 5634 765 5697 nx
790 5628 844 5673 et
868 5634 1013 5697 xxix.
1058 5620 1203 5697 Alios
1229 5623 1377 5687 item,
1401 5633 1457 5676 ut
1490 5618 1774 5697 llyp'atiiim

192 5688 685 5767 Constantinopoli,
710 5691 776 5767 de
795 5705 901 5767 quo
927 5691 1260 5767 Marcellinus
1282 5707 1463 5767 comes
1488 5688 1775 5767 Lampadio

191 5771 245 5815 et
263 5762 461 5818 Oreste
485 5777 626 5818 cess.
652 5764 724 5817 De
744 5764 960 5817 Juliano
984 5763 1221 5817 Socratis
1246 5766 1405 5818 verba
1428 5776 1550 5822 stitit
1573 5788 1584 5821 :
1610 5762 1694 5831 "t1;
1721 5770 1782 5828 δὲ,

192 5837 438 5903 Στέφανος
461 5836 724 5907 βασιλικὸς
752 5838 810 5894 οὐ
838 5846 1020 5915 παρῆν»
1054 5840 1122 5901 εἰς
1146 5858 1173 5893 τ
1180 5844 1244 5892 ὧν
1274 5835 1557 5916 δορυφόρων
1580 5840 1633 5898 δν
1658 5838 1771 5918 εἶχε

1773 443 1835 500 Α
1856 438 2043 494 Portat
2074 440 2127 493 in
2151 453 2474 505 exsanguem
2500 442 2702 498 Boreas
2723 442 2833 511 jam
2864 440 3053 495 fortior
3082 440 3329 497 Austrum
3354 459 3369 509 ;

1863 531 1959 586 Hic
1989 531 2081 584 tibi
2112 532 2356 585 restituet
2384 532 2583 603 Libyen
2607 549 2700 603 per
2720 533 2929 589 vincula
2946 542 3155 603 quarta.

1862 623 1924 676 Et
1952 621 2102 690 cujus
2132 620 2305 674 solum
2335 623 2559 675 amissas
2591 631 2711 691 post
2738 624 2935 678 saecula
2964 620 3132 677 multa

1867 726 1887 754 ε
1913 714 2214 769 Pannonias
2230 714 2497 767 revocavit
2514 714 2637 781 iter,
2658 715 2765 783 jam
2778 715 2999 771 credere
3018 722 3320 786 promptum
3333 718 3436 777 est,

1862 808 2025 879 350
2046 806 2181 874 Quid
2215 804 2371 860 faciet
2401 805 2592 860 bellis:
2621 822 2653 860 ο
2680 821 2812 876 quas
2842 807 2936 862 tibi
2966 823 3108 876 saepe
3130 805 3336 878 jugabit

1867 900 2082 956 inﬂictis
2107 907 2294 969 gentes
2315 886 2538 968 aquilis!
2564 899 2655 969 qui
2686 900 2920 954 maxima
2939 900 3089 971 regni

1865 991 2054 1047 Omina
2085 993 2322 1062 privatus
2353 991 2507 1060 fugit,
2539 1005 2660 1047 cum
2687 991 2825 1047 forte
2855 994 3019 1048 vianti
3232 1052 3239 1055 _

1872 1084 2169 1140 Excuteret
2193 1098 2402 1153 praepes
2431 1084 2695 1151 plebeium
2726 1093 2906 1139 motus
2931 1084 3201 1138 amictum.

1867 1176 2067 1232 Laetior
2096 1184 2150 1229 at
2180 1182 2328 1229 tanto
2356 1174 2518 1230 modo
2546 1174 2807 1244 principe,
2838 1174 3013 1245 prisca
3041 1175 3265 1230 deorum

1870 1270 2039 1326 Roma
2067 1283 2286 1339 parens,
2310 1268 2498 1323 attolle
2521 1284 2709 1339 genas,
2738 1283 2801 1323 ac
2829 1278 2984 1336 turpe
3010 1278 3291 1324 veternum

1869 1366 2124 1437 Depone:
2150 1380 2217 1420 en
2251 1366 2498 1435 princeps
2530 1365 2693 1423 faciet
2719 1366 3074 1437 juvenescere
3102 1365 3295 1436 major,

1870 1444 2040 1526 Quam
2065 1459 2217 1530 pueri
2246 1459 2426 1515 fecere
2450 1474 2663 1519 senem.
2689 1458 2875 1516 Finem
2899 1470 3053 1530 pater
3075 1474 3171 1515 ore

1876 1548 1975 1606 Vix
2003 1550 2244 1618 dederat,
2278 1551 2528 1621 plausere
2556 1549 2656 1617 dii,
2685 1551 3035 1623 fremitusque
3055 1550 3296 1609 cucurrit

1871 1642 2115 1699 Concilio
2146 1661 2159 1697 :
2194 1643 2316 1698 felix
2351 1653 2559 1713 tempus
2588 1659 2787 1701 nevere
2812 1644 3040 1701 Sorores

1874 1734 2138 1805 Imperiis,
2169 1735 2426 1806 Auguste,
2464 1736 2589 1801 tuis,
2624 1743 2680 1790 et
2703 1737 2937 1792 consulis
2958 1752 3100 1793 anno

1798 1826 1849 1889 Β
1876 1828 2041 1884 Fulva
2072 1827 2397 1884 volubilibus
2425 1828 2695 1883 duxerunt
2723 1830 2917 1885 saecula
2945 1831 3147 1902 pensis.

2434 1938 2720 1996 CARMEN
2761 1942 2897 1998 Vlll.

2020 2048 2199 2088 EDITIO
2220 2048 2532 2091 PANEGYRICI
2559 2031 2587 2072 ά
2614 2052 2682 2090 AD
2710 2051 2929 2092 PRISCUM
2972 2053 3314 2095 VALERIANUH

2447 2122 2894 2164 PBJFECTOMDI.

1876 2196 2080 2268 Prisce,
2113 2196 2277 2254 decus
2304 2212 2520 2267 semper
2550 2207 2820 2270 nostrum,
2846 2202 2932 2257 cui
2960 2203 3203 2275 principe
3231 2203 3389 2261 Avito

1947 2287 2245 2360 Cognatum
2274 2289 2445 2344 sociat
2474 2305 2714 2362 purpura
2739 2293 2885 2349 celsa
2911 2309 3102 2365 genus,

1878 2379 1959 2435 Ad
1989 2390 2078 2434 tua
2105 2395 2226 2435 cum
2254 2390 2451 2435 nostra:
2475 2390 2699 2437 currant
2726 2384 2973 2439 examina
3000 2401 3176 2455 nugae,

1948 2473 2095 2540 Dico,
2128 2480 2287 2539 state,
2309 2488 2479 2543 vaga,
2509 2490 2618 2544 quo
2648 2478 2982 2547 properatis?
3008 2488 3170 2533 amat.

1878 2568 2162 2624 Districtus
2186 2582 2404 2638 semper
2427 2583 2624 2626 censor
2659 2572 2751 2640 qui
2782 2571 2956 2642 diligit
2980 2581 3158 2628 exstat
3182 2590 3194 2624 :

1952 2661 2093 2716 Dura
2121 2661 2297 2715 fronte
2325 2661 2452 2730 legit
2478 2662 2657 2718 mollis
2681 2664 2934 2731 amicitia,

1879 2752 1965 2809 Nil
1993 2762 2171 2809 vatum
2196 2758 2414 2824 prodest
2439 2756 2709 2827 adjectum
2733 2757 2980 2813 laudibus
3002 2757 3154 2823 illud,

1950 2843 2105 2915 Ulpia
2136 2844 2278 2914 quod
2309 2846 2490 2900 rutilat
2519 2846 2759 2915 porticus
2782 2862 2891 2903 aere
2920 2863 3042 2902 meo

1886 2937 1981 2993 Vel
2006 2936 2151 3007 quod
2172 2936 2348 2993 adhuc
2378 2937 2577 3008 populo
2608 2938 2769 2993 simul
2794 2948 2849 2994 et
2876 2939 3160 3010 plaudente
3179 2948 3394 3008 senatu,

1952 3027 2034 3082 Ad
2061 3035 2305 3082 nostrum
2333 3029 2522 3084 reboat
2548 3045 2781 3085 concava
2812 3029 2983 3086 Roma
3012 3031 3234 3101 sophos.

1883 3120 2233 3191 Respondent
2258 3120 2364 3176 illae
2392 3138 2407 3176 :
2432 3122 2867 3192 Properabimus,
2899 3122 3117 3190 ibimus,
3145 3134 3198 3179 et
3224 3137 3324 3180 nos

1803 3204 1850 3269 C
1960 3214 2074 3270 Non
2099 3216 2334 3271 retines:
2366 3224 2513 3272 tanto
2531 3216 2713 3286 judice
2738 3218 2891 3287 culpa
2915 3218 3108 3288 placet.

1881 3307 2040 3380 351
2083 3307 2339 3379 Cognitor
2389 3309 2491 3363 hoc
2528 3310 2707 3364 nullus
2752 3311 2980 3378 melior,
3033 3311 3170 3366 bene
3222 3309 3460 3373 carmina

3225 3418 3398 3476 crisat,

1956 3500 2279 3572 Contemptu
2306 3486 2483 3567 tardo,
2511 3501 2714 3572 judicio
2742 3503 2927 3570 celeri,
3166 3408 3222 3483 [ρ

1883 3597 1948 3653 Et
1974 3596 2096 3666 quia
2130 3610 2234 3651 non
2265 3597 2413 3665 potui
2446 3598 2731 3652 temeraria
2775 3599 2968 3652 sistere
2995 3598 3182 3665 verba,

1957 3691 2082 3747 ilice
2112 3706 2241 3762 rogo
2264 3706 2329 3746 ne
2356 3691 2569 3746 dubites
2598 3693 2735 3747 lecta
2764 3692 2946 3747 dicare
2968 3705 3121 3762 rogo.

2468 3827 2748 3882 CARMEN
2797 3826 2889 3881 IX.

2193 3952 2216 3979 ο
2252 3957 2656 3998 excusaromuu
2687 3958 2754 3995 Αι)
2778 3957 2830 3996 v.
2854 3956 2906 3995 c.
2940 3946 3190 3996 autem.

1956 4066 2181 4151 Largam
2206 4079 2404 4135 Sollius
2430 4079 2560 4132 lianc
2588 4075 2907 4151 Apollinaris

1959 4149 2124 4206 Felici
2150 4151 2376 4214 domino,
2406 4151 2595 4220 pioque
2614 4149 2784 4215 fratri,

1958 4221 2096 4276 Dicit
2119 4222 2367 4278 Sidonius
2391 4237 2514 4274 suus
2543 4222 2780 4275 salutem.

1888 4358 2006 4425 Die,
2036 4356 2124 4414 dic
2148 4355 2287 4427 quod
2313 4366 2455 4427 peto,
2499 4354 2706 4427 Magne,
2737 4354 2822 4411 dic
2840 4352 3054 4421 amabo,

1002 4482 1258 4574 Quaedam
1280 4571 1295 4574 Δ
1309 4485 1517 4574 ᾘξὶετηὶ
1546 4491 1772 4574 legunt_.,

1884 4497 2286 4574 περιτραχήλιρν
2314 4495 2496 4550 ἑαυτοῦ
2533 4494 2785 4570 στρεπτὸν
2813 4494 3000 4559 λαϐὼν,
3033 4500 3096 4568 τῇ
3130 4491 3311 4567 κεφαλῆ
3348 4492 3468 4548 Ἰουτ

1882 4569 2052 4624 λιάνοῦ
2077 4569 2361 4639 περιέθηκε)

1961 4649 1981 4677 ο
2018 4633 2248 4692 Evectus
2289 4637 2352 4690 ad
2380 4634 2664 4704 imperium
2699 4634 2907 4695 Avitus.
2936 4633 3288 4704 Romamque,
3325 4642 3379 4704 u_t
3406 4647 3470 4689 ex

1886 4708 2056 4764 ldatio
2082 4707 2334 4769 diximus,
2362 4702 2641 4769 evocatus,
2670 4707 2786 4768 iter,
2811 4705 3023 4771 opinor,
3048 4702 3193 4755 ﬂexit
3218 4718 3310 4770 per
3338 4702 3472 4756 Tre-

1882 4781 2028 4833 viros
2054 4778 2142 4831 uhi
2168 4793 2226 4829 ea
2255 4777 2599 4843 contigerunt
2622 4790 2742 4844 qua:
2767 4772 2834 4827 de
2867 4774 3011 4828 Lucii
3039 4772 3320 4844 Senatoris
3344 4788 3473 4828 con-

1879 4850 2007 4920 juge
2038 4842 2526 4920 narratAiiuoinus
2556 4842 2648 4898 lib.
2685 4860 2721 4909 i,
2767 4859 2885 4920 cap.
2916 4846 2967 4897 5.
3005 4846 3128 4920 inde
3160 4843 3213 4920 in
3246 4842 3472 4920 Germa-

1883 4914 2029 4975 niam
2050 4928 2104 4974 et
2127 4918 2376 4973 Noricum
2406 4929 2795 4985 transgressus,
2824 4914 3131 4970 Pannonias
3152 4931 3180 4968 a
3200 4914 3468 4979 barbaris,

1882 5002 1938 5046 ut
1968 4990 2194 5045 iiiiiuere
2216 4988 2467 5043 Sidonius
2496 4988 2727 5051 videtur,
2759 4989 2876 5041 sine
2914 4988 3079 5041 armis
3113 4985 3336 5055 recepit.
3366 4985 3473 5039 Ro-

1882 5078 1983 5118 mae
2016 5069 2296 5128 susceptus
2327 5061 2618 5129 imperator
2655 5059 2992 5121 consulatum
3021 5058 3209 5122 edidit,
3237 5060 3291 5111 in
3316 5057 3473 5126 cujus

1885 5133 2140 5213 auspiciis
2167 5132 2339 5213 dictus
2368 5130 2860 5213 est_pat_iegyricus.
2895 5131 3067 5213 Quod_
3092 5131 3162 5186 de
3201 5129 3471 5213 legatisad

1883 5204 2205 5259 Martianum
2239 5202 2415 5257 missis
2436 5201 2789 5272 Martianique
2818 5202 3105 5256 concordia
3141 5218 3259 5257 cum
3309 5201 3468 5255 Avito

1881 5276 2060 5330 subdit
2086 5273 2302 5338 ldatius,
2346 5275 2393 5327 id
2428 5283 2546 5344 post
2592 5273 2785 5327 initum
2828 5272 2893 5326 ali
2925 5275 3080 5327 Avito
3132 5272 3467 5327 consulatum

1882 5346 2059 5415 accipi
2091 5346 2279 5411 debet,
2312 5361 2431 5399 cum
2481 5347 2612 5399 alios
2662 5347 2714 5398 in
2745 5344 2967 5399 Oriente
3008 5344 3256 5396 consules
3300 5348 3467 5395 fuisse

1883 5417 2307 5487 probaverimus.

1951 5484 1979 5524 ἀ
2009 5489 2121 5542 Hoc
2150 5502 2369 5542 carmen
2401 5487 2565 5541 editio
2587 5494 2669 5541 est
2699 5484 3003 5556 panegyrici
3034 5484 3354 5553 superioris,
3380 5487 3462 5537 cui

1883 5559 2107 5628 proinde
2148 5560 2199 5613 iu
2233 5557 2471 5625 antiquis
2514 5558 2664 5611 libris
2693 5557 3054 5625 prieponitur,
3088 5567 3143 5609 ut
3193 5557 3371 5611 monui
3403 5558 3464 5607 ςιιί

1882 5646 2098 5683 carmen
2132 5632 2184 5683 5.
2226 5629 2301 5683 De
2342 5629 2619 5682 Valeriano
2650 5641 2859 5690 autem,
2908 5629 3052 5681 etde
3101 5639 3270 5682 statim
3320 5647 3463 5678 :i-iii-;i

1880 5701 2085 5755 Sidonii
2114 5701 2312 5754 dictum
2337 5703 2528 5768 partim
2561 5699 2785 5768 epistola
2808 5701 2891 5765 lit,
2921 5702 3009 5753 livi.
3046 5717 3105 5765 ν,
3156 5702 3344 5769 pai-tini
3388 5698 3467 5750 nl-

1885 5775 2009 5826 tima
2046 5773 2137 5825 lib.
2173 5788 2246 5824 ix.

1963 5845 2117 5919 136
2150 5853 2170 5879 ε
2211 5844 2440 5901 Carmen
2485 5843 2582 5901 lioc
2623 5842 2946 5915 reliquorum
2994 5860 3116 5917 nine
3170 5854 3467 5919 sequuntur

4038 5012 4041 5151 γ

4037 5842 4041 5977 π
