4060 6332
600 311 701 370 695

601 431 745 485 Felix
771 428 1006 495 nomine,
1034 431 1232 495 mente,
1267 425 1491 489 honore,
1515 424 1681 491 fama,

598 524 764 589 Nuis,
797 531 822 559 ιι
853 519 1098 590 conjuge,
1132 516 1403 582 fratribus,
1434 524 1679 586 parente,

598 614 879 669 Germanis
902 609 1163 681 genitoris
1187 618 1348 680 atque
1375 610 1586 676 matris,

599 706 664 759 Et
687 705 713 743 δ
738 717 949 760 summo
977 701 1292 772 patruelium
1318 701 1573 769 Camillo,

596 795 735 862 Quid
766 809 935 865 nugas
965 794 1285 849 temerarias
1313 793 1495 863 amici,

597 889 740 956 Quas
769 888 966 958 sparsit
992 897 1195 943 tenera:
1211 887 1364 956 iocus
1390 887 1649 957 juventae,

598 981 655 1034 ln
684 979 912 1035 formam
943 979 1110 1049 redigi
1135 979 1290 1048 jubes
1318 978 1528 1033 libelli?

603 1074 877 1143 Ingentem
900 1070 1065 1125 simul
1086 1079 1142 1126 et
1164 1079 1385 1140 repente
1413 1070 1615 1126 fascem

600 1166 835 1222 Conflari
860 1164 1097 1229 invidiae,
1120 1176 1171 1220 et
1202 1166 1377 1235 perire
1399 1165 1683 1220 chartam?

601 1259 864 1315 Mandatis
892 1258 1144 1325 famulor,
1175 1257 1270 1312 sed
1294 1264 1419 1311 ante
1444 1264 1629 1322 testor,

602 1351 797 1406 Lector
818 1365 952 1420 quas
974 1350 1192 1420 patieris
1225 1349 1311 1404 hic
1338 1348 1602 1404 salebras.

673 1443 790 1497 Non
820 1458 916 1497 nos
946 1443 1212 1497 currimus
1234 1456 1481 1513 aggerem
1505 1450 1801 1508 vetustum,

604 1534 713 1591 Nec
751 1534 1036 1605 quidquam
1071 1535 1335 1598 invenies,
1369 1535 1457 1589 ubi
1486 1533 1727 1603 priorum

602 1626 865 1695 Antiquas
896 1633 1031 1679 terat
1061 1624 1260 1679 orbitas
1286 1624 1485 1679 Thalia.

604 1719 721 1774 Non
754 1718 841 1773 hic
865 1719 1170 1788 antipodas,
1194 1718 1477 1788 salumque
1504 1719 1748 1786 rubrum,

604 1810 766 1882 352
794 1810 909 1865 Non
943 1811 1029 1864 hic
1057 1812 1389 1867 Memnonios
1418 1825 1674 1867 canemus
1698 1809 1874 1878 Indos,

604 1903 827 1959 Aurorae
855 1904 968 1960 face
993 1906 1161 1959 civica
1191 1914 1435 1975 perustos
1468 1923 1483 1961 :

605 1994 723 2050 Non
750 1998 1023 2061 Artaxata,
1058 1997 1211 2063 Susa,
1240 1996 1451 2063 Bactra,
1474 1995 1733 2066 Carrhas,

604 2085 720 2141 Non
744 2096 951 2142 coctam
976 2087 1245 2159 Babylona
1271 2090 1593 2158 personabo,

603 2180 734 2247 Quae
762 2182 966 2252 largum
993 2183 1154 2237 ﬂuvio
1182 2191 1371 2252 patens
1402 2185 1638 2249 alumno,

605 2272 877 2328 Inclusum
902 2274 1037 2329 bibit
1064 2284 1087 2312 ο
1118 2274 1241 2329 hinc
1269 2284 1323 2329 et
1344 2276 1469 2330 inde
1494 2275 1718 2344 Tigrim.

605 2363 725 2419 Non
754 2364 842 2418 hic
865 2364 1100 2435 Assyriis
1121 2365 1315 2420 Ninum
1348 2367 1603 2435 priorem,

607 2457 725 2511 Non
752 2457 922 2511 Medis
946 2466 1107 2526 caput
1127 2458 1389 2513 Arbacem
1417 2458 1669 2529 profabor
1694 2477 1706 2512 :

608 2550 719 2607 Nec
740 2565 899 2621 quam
928 2551 1111 2618 divite,
1144 2567 1265 2607 cum
1290 2553 1484 2622 refugit
1522 2553 1757 2621 hostem,

607 2645 757 2700 Arsit
786 2644 1183 2715 Sardanapalus
1204 2646 1255 2700 in
1281 2645 1480 2703 favilla.

608 2734 725 2791 Non
756 2736 953 2806 Cyrum
976 2736 1225 2807 Astyagis
1254 2738 1443 2808 loquar
1471 2745 1739 2808 nepotem,

607 2828 877 2884 Nutritum
909 2828 1074 2884 ubere
1102 2845 1261 2900 quem
1288 2830 1467 2886 ferunt
1487 2830 1702 2897 canino,

609 2918 775 2992 Cujus
803 2937 909 2976 non
943 2922 1110 2977 valuit
1139 2923 1488 2992 rapacitatem

607 3016 706 3071 Vel
734 3015 869 3087 Lydi
898 3017 1097 3071 satiare
1124 3031 1253 3087 gaza
1284 3016 1490 3073 Croesi:

610 3107 776 3178 Cujus
803 3123 901 3163 nec
928 3108 1114 3163 feritas
1151 3109 1369 3164 subacta
1399 3117 1527 3164 tunc
1556 3118 1660 3175 est,

610 3201 778 3259 Caesis
806 3203 1041 3260 millibus
1071 3214 1194 3260 ante
1212 3219 1331 3260 cum
1362 3205 1627 3261 ducentis.

610 3430 695 3506 est
715 3428 1038 3506 prooemium
1069 3444 1131 3485 ac
1161 3430 1321 3486 veluti
1349 3432 1612 3506 praefatio.
1649 3432 1882 3503 Rogarat
1908 3436 2050 3490 enim
2082 3435 2192 3490 Fe-

610 3494 1013 3576 lixSidonium,
1050 3509 1124 3576 ut_
1149 3494 1414 3576 poematia
1468 3518 1585 3570 quae
1622 3494 1785 3576 variis
1825 3506 2194 3561 occasionibus

611 3570 919 3647 scripserat,
952 3570 1004 3624 in
1038 3570 1193 3647 unius
1224 3572 1344 3647 libri
1374 3574 1604 3647 formam
1640 3575 1905 3645 redigeret
1930 3592 1992 3630 ac
2019 3578 2195 3647 publi-

611 3645 778 3719 caret.
809 3639 1001 3719 inquo
1028 3644 1126 3719 etsi
1168 3659 1272 3697 non
1316 3644 1604 3719 ignorabat
1642 3639 1798 3719 quam
1850 3639 2194 3718 grave'foret

611 3706 772 3781 alicui
802 3706 982 3778 judicii
1032 3714 1202 3768 aleam
1249 3706 1447 3781 subire,
1500 3706 1673 3771 amici'
1707 3706 1881 3773 tamen
1924 3720 2194 3774 desiderio

612 3779 802 3861 deesse
853 3798 958 3835 non
988 3784 1395 3861 potuit._ltaquc
1435 3779 1730 3861 editionem
1771 3805 1919 3843 suam
1970 3792 2191 3859 parendi

612 3850 789 3931 studio
811 3850 1031 3909 excusat
1063 3874 1075 3909 :
1103 3857 1242 3911 unde
1269 3850 1322 3912 et
1352 3857 1577 3912 carmini
1606 3860 1790 3915 titulus
1822 3863 1873 3914 in
1917 3850 2065 3916 libris
2096 3878 2195 3917 an-

612 3930 774 4004 tiquis
806 3940 817 3973 ;
854 3939 1257 4004 excusxromuu
1281 3944 1349 3982 ΔΙ)
1384 3945 1437 3982 v.
1467 3945 1537 4004 _c.
1573 3946 1833 4004 reucen.
1879 3931 2027 3986 Felix
2068 3948 2195 4004 ergo

616 3993 665 4075 is
696 3993 891 4075 estnad
940 4010 1099 4075 quem
1144 3998 1349 4075 aliquas
1391 4000 1966 4075 epistolasuvidimus,
2019 3993 2194 4074 Magni

613 4063 855 4145 consulis
886 4063 1257 4145 ert—Maioriani
1283 4063 1581 4145 epulo_n_oti
1609 4072 1768 4145 ﬁlius,
1801 4087 1828 4124 a
1858 4063 1964 4142 quo
1993 4085 2045 4127 et
2071 4063 2195 4145 cog-

617 4145 814 4210 nomen
845 4136 998 4200 tulit;
1030 4153 1157 4210 nam
1176 4136 1393 4206 Magnus
1422 4140 1571 4195 Felix
1593 4136 1891 4210 appellatus
1920 4150 2021 4197 est.
2054 4136 2195 4199 Con-

614 4200 700 4283 sul
730 4209 909 4283 tamen
956 4208 1220 4283 nonfuit,
1255 4200 1348 4283 Sed
1382 4200 1678 4283 praefectus.
1696 4222 1899 4268 tantum
1943 4220 2194 4282 praetorio

615 4279 672 4352 et
698 4276 970 4354 patricius.
1004 4276 1331 4354 Prius__enim
1362 4276 1612 4354 quamad
1644 4276 1977 4339 consulatum
2009 4301 2196 4354 perve-

615 4346 791 4426 niret,
811 4346 1066 4399 sarculum
1098 4346 1697 4426 reliquitet‘religiosam
1727 4355 1888 4408 vitam
1918 4346 2196 4426 amplexus

614 4413 867 4495 est._Quo
910 4426 1152 4495 tempore
1179 4413 1441 4495 iri_signem
1486 4413 1553 4495 ad
1587 4423 1795 4492 ipsum,
1845 4442 1964 4494 quae
1996 4413 2191 4495 éxstat,

615 4485 897 4567 epistolam
942 4485 1161 4567 scripsit
1209 4485 1437 4567 Faustus
1459 4485 1742 4567 episcopus
1770 4485 2016 4552 Rei'ensis
2041 4543 2055 4567 ,
2090 4485 2195 4567 qua

614 4568 786 4637 nuper
818 4559 1187 4637 εξποεαξαμένῳ
1216 4559 1543 4637 paenitentia:
1585 4559 1810 4621 formam
1840 4569 2019 4623 tradit.
2043 4559 2195 4625 ’ϐόη-

617 4625 808 4713 badius
840 4629 897 4713 in,
927 4625 1123 4713 Fausto
1158 4625 1169 4684 Ξ
1205 4625 1431 4713 scripsit
1455 4644 1631 4713 postea
1660 4639 1726 4713 ad
1758 4637 1979 4713 Felicem
2008 4644 2195 4713 prtefe-

614 4704 750 4779 ctum
770 4702 1032 4781 praetorio,
1054 4711 1101 4757 et
1120 4702 1352 4781 patriciis
1378 4702 1642 4781 dignitatis
1668 4711 1849 4781 virum,
1879 4702 2043 4781 ﬁlium
2077 4702 2195 4767 Μα-

612 4769 703 4834 gm'
720 4769 943 4847 consulis
953 4776 1071 4844 jam
1090 4769 1405 4846 religiosum,
1433 4769 1699 4847 Epistulam
1720 4784 1787 4834 ad
1812 4769 2017 4837 Domini
2047 4787 2196 4839 timo-

612 4838 1127 4923 rem_bortalo'riam,
1163 4838 1536 4923 convenientem
1579 4854 1806 4923 personis
1847 4852 1998 4923 pleno
2025 4838 2194 4910 animo

612 4911 958 4995 Equitentiam
996 4933 1145 4995 agere
1170 4911 1895 4995 disponcnmnu'Utriusque
1933 4936 2191 4995 praeterea

612 4978 865 5062 distincte
894 4978 1138 5062 meminit
1168 4989 1220 5041 in

1306 4997 1658 5048 ronemntico.

684 5001 865 5038 iuncte
894 5001 1138 5041 meminit
1168 5004 1220 5041 in
1262 5001 1658 5059 Propemptico.

684 5059 710 5136 ξ
751 5054 926 5136 Attica
958 5058 1202 5136 nomine.
1229 5059 1301 5113 Ea
1348 5062 1498 5136 enim
1541 5064 1750 5119 videtur
1778 5065 1843 5120 de
1864 5081 1967 5136 qua
2006 5067 2191 5124 Romae

614 5129 768 5204 vetus
813 5126 939 5181 olim
970 5141 1083 5204 erat
1121 5130 1446 5204 epigramma
1484 5133 1538 5186 in
1568 5136 1792 5191 ecclesia
1827 5126 1896 5192 Sf
1916 5136 2189 5194 Laurentii

612 5192 952 5282 ingenioso,
977 5203 1049 5282 Ain
1094 5192 1416 5271 qu'a'nescio
1459 5204 1587 5274 quid
1628 5207 1811 5277 operis
1842 5223 1941 5264 suo
1970 5192 2189 5282 sumptu

527 5322 537 5331 ,
610 5273 992 5326 construxerat
1025 5290 1036 5324 :

566 5558 599 5645 μ

736 5356 966 5435 Quisquis
988 5364 1133 5435 plena
1158 5365 1265 5435 l_)eo
1283 5370 1509 5435 mysteria
1535 5376 1703 5421 rrente
1726 5374 1955 5435 requiris,

793 5421 900 5472 Huc
917 5421 1128 5477 accede:
1157 5421 1581 5495 domus'religiosa
1608 5442 1757 5495 patet.

732 5480 851 5560 Huic
871 5495 985 5560 sunt
1006 5496 1138 5540 tecta
1151 5492 1240 5560 pio
1257 5480 1651 5560 seperjdevofa
1670 5480 1849 5558 timori,

793 5546 1124 5619 Auditumgue
1150 5546 1282 5603 Deus
1307 5546 1573 5606 commodat
1596 5559 1672 5608 hic
1695 5546 1924 5619 precibus

736 5605 866 5716 Erfo
889 5605 1146 5663 lethiféros
1172 5629 1375 5676 propera
1390 5605 1708 5680 compescere
1726 5605 1918 5685 sénsilé;

822 5681 899 5716 am
925 5687 1127 5716 nmnom
1150 5678 1465 5716 mnrnclmlnc
1482 5684 1613 5716 mlirn
1641 5684 1771 5716 thr-nc

762 5678 899 5741 “4am
925 5687 1129 5736 propera
1150 5691 1311 5726 sacras
1326 5678 1465 5727 laetus
1482 5678 1615 5731 adire
1640 5684 1789 5741 fores,

738 5730 1235 5809 Ut't‘l'atisac'ta.quea‘s
1256 5741 1507 5809 deponere
1524 5730 1878 5809 crlniinaivitae,

794 5793 855 5845 Et
874 5793 1114 5856 quidquid
1125 5793 1367 5850 scelerum
1392 5805 1567 5854 noxius
1591 5820 1729 5856 error
1755 5793 1918 5859 habet.

1868 303 2109 360 SIDONII
2147 304 2600 363 APOLLINARIS

2204 423 2257 483 Α
2282 422 2340 477 1η
2367 422 2522 477 vallis
2541 420 2807 491 Scythicae
2836 425 3051 475 coactus
3077 421 3278 482 artum,

2288 514 2500 570 Orbata;
2524 514 2590 567 ad
2618 511 2865 582 Tomyris
2888 510 3096 565 veniret
3121 518 3316 563 utrem.

2288 605 2403 659 Non
2443 603 2529 658 hic
2550 602 2840 671 Cecropios
2870 600 3014 669 leges
3044 599 3364 667 triumphos,

2294 696 2385 753 Vel
2410 696 2457 751 si
2488 710 2593 766 quo
2615 693 2893 750 Marathon
2922 691 3079 748 rubet
3106 690 3321 754 duello;

2290 792 2396 848 Aut
2423 805 2542 846 cum
2570 788 2740 857 millia
2770 787 2913 843 mille
2940 785 3272 840 concitarent

2292 883 2532 939 Inflatum
2564 880 2945 936 numerositate
2966 876 3211 941 Xerxen;

2295 975 2469 1045 Atque
2502 974 2643 1028 hunc
2674 969 2981 1026 fluminibus
3010 967 3139 1023 satis
3167 962 3471 1046 profundis.

2297 1065 2596 1123 Confestim
2618 1064 2837 1120 ebibitis
2868 1062 3043 1117 adhuc
3064 1060 3243 1115 sitisse
3266 1075 3282 1125 ;

2294 1161 2402 1215 Nec
2429 1175 2536 1214 non
2555 1156 2965 1226 Thermopylas,
2997 1161 3054 1210 et
3082 1151 3251 1207 Hellis
3281 1149 3473 1219 undas,

2292 1252 2498 1323 Spretis
2528 1249 2777 1305 obicibus
2806 1247 2906 1302 soli
2937 1246 3166 1314 salique,

2295 1348 2500 1403 Insanis
2520 1344 2789 1415 equitasse
2820 1356 2941 1397 cum
2966 1338 3215 1404 catervis,

2295 1440 2652 1507 Admissoque
2688 1436 2740 1489 in
2772 1434 2950 1489 Athon
2981 1438 3217 1487 tumente
3240 1438 3401 1501 ponto

2294 1533 2450 1587 Juxta
2481 1529 2787 1600 frondifera;
2814 1540 3069 1581 cacumen
3095 1524 3233 1594 alpis

2295 1626 2539 1695 Scalptas
2575 1622 2837 1678 classibus
2865 1620 2970 1675 isse
3000 1633 3094 1689 per
3123 1631 3405 1673 cavernas.

2368 1717 2528 1789 353
2557 1715 2671 1769 Non
2699 1712 2903 1782 prolem
2931 1708 3291 1766 Garamantici
3317 1704 3584 1773 tonantis,

2216 1808 2264 1868 Β
2292 1808 2488 1880 licgnis
2513 1805 2946 1877 principibusque
2974 1802 3381 1872 principantem,

2302 1903 2580 1959 Porrectas
2606 1901 2748 1955 Asia:
2771 1900 2959 1970 loquar
2986 1898 3013 1933 ει
3042 1908 3266 1968 paterno

2299 1997 2485 2050 Actam
2520 1992 2737 2046 fulmine
2777 1990 3078 2059 pervolasse
3107 1998 3298 2044 terras.

2298 2087 2366 2141 Et
2396 2084 2623 2156 primum
2654 2082 2798 2138 Darii
2830 2082 3211 2138 tumultuantes

2298 2177 2585 2232 Praefectos
2623 2186 2971 2245 satrapasque
2992 2174 3284 2245 perculisse
3313 2189 3325 2225 :

2300 2272 2419 2326 Mox
2449 2272 2623 2341 ipsum
2645 2270 2781 2325 solio
2811 2279 3019 2339 patrum
3043 2268 3355 2338 superbum,

2301 2363 2671 2434 Cognatosque
2699 2363 2800 2418 sibi
2829 2363 2961 2417 deos
2999 2369 3328 2431 crepantem,

2298 2457 2479 2528 Captis
2508 2456 2757 2526 conjuge,
2786 2456 2986 2520 liberis,
3016 2462 3257 2524 parente,

2303 2551 2357 2605 In
2386 2564 2546 2606 casus
2577 2549 2813 2604 hominis
2846 2548 3027 2604 redire
3060 2548 3289 2618 jussum.

2303 2644 2405 2711 Qui
2434 2658 2555 2699 cum
2585 2644 2817 2697 maxima
2842 2641 2983 2697 bella
3006 2640 3349 2707 concitasset,

2303 2740 2436 2795 Tota
2466 2748 2521 2793 et
2545 2737 2781 2794 Persidis
2810 2736 3046 2807 undique
3071 2744 3305 2806 gregatae

2307 2834 2421 2891 Uno
2445 2832 2811 2889 constituisset
2839 2846 2989 2887 arma
3019 2845 3228 2899 campo,

2300 2926 2415 2981 Hoc
2440 2926 2613 2980 solum
2643 2924 2955 2994 perhibetur
2980 2930 3275 2989 assecutus,

2302 3018 2633 3088 Dormirezut
2660 3017 2850 3072 melius
2878 3016 3073 3071 liberet
3101 3014 3264 3070 hosti.

2303 3123 2327 3152 ο
2356 3111 2472 3166 Non
2498 3118 2685 3166 vectos
2705 3109 2907 3181 Minyas
2933 3109 3189 3178 loquente
3207 3107 3339 3164 silva

2219 3191 2266 3255 C
2299 3203 2480 3259 Dicam
2504 3200 2761 3259 Phasiaco
2790 3202 3007 3256 stetisse
3033 3208 3211 3271 portu,

2417 3444 2577 3480 amca
2604 3443 2777 3481 PELICIS
2799 3446 2949 3481 mam
2973 3431 3236 3481 clarissima
3256 3431 3452 3491 coniux,

2480 3493 2766 3555 Sumptibus
2791 3496 2883 3544 hoc
2909 3497 3117 3557 pr0priis
3137 3494 3391 3543 aediﬁcavit
3408 3506 3541 3556 opus.

2364 3598 2392 3637 ιδ
2432 3598 2585 3653 Hunc
2613 3598 2787 3668 Magni
2818 3600 3053 3654 consulis
3096 3599 3276 3654 fratris
3309 3599 3476 3654 filium
3508 3594 3842 3668 fuissedoettil

2295 3670 2520 3741 epistola
2571 3665 2778 3735 ultima,
2814 3671 2906 3725 lib.
2937 3688 2974 3727 ι.
3022 3671 3129 3725 Nos
3174 3671 3352 3741 Magni
3402 3670 3601 3725 Felicis
3648 3665 3844 3741 Ennodii

2296 3740 2498 3811 patrem
2530 3741 2858 3810 conjecimns
2889 3743 2954 3795 ad
2984 3742 3210 3796 Ennodii
3238 3743 3523 3810 epistolam
3553 3742 3640 3805 25,
3670 3740 3751 3794 lib.
3778 3752 3840 3791 tv.

2370 3824 2392 3851 ε
2436 3812 2545 3865 lmo
2575 3813 2921 3878 Euphratem,
2965 3813 3283 3869 uthistorire
3314 3827 3502 3869 omnes
3539 3813 3759 3877 tradunt,
3800 3816 3846 3862 et

2298 3884 2607 3951 Propertius
2644 3883 2735 3938 lib.
2770 3900 2849 3938 nt.

2416 3994 2569 4043 Duxit
2587 3999 2640 4044 et
2658 3995 2958 4057 Euphratem
2981 3995 3195 4045 medium
3216 3997 3298 4058 qui
3316 3995 3533 4047 condidit
3552 4006 3701 4047 arces.

2305 4098 2456 4168 137
2488 4098 2663 4163 Quare
2689 4099 2889 4169 Tigrim
2918 4100 3096 4169 posuit
3121 4115 3217 4169 pro
3249 4100 3543 4169 Euphrate.

2274 4176 2277 4179 ‘
2315 4168 2396 4241 αα
2430 4170 2659 4225 Summa
2695 4168 2969 4226 celeritate
3001 4179 3077 4225 tot
3102 4168 3289 4241 gentes
3314 4171 3641 4227 debellasse.
3666 4168 3847 4239 Apelles

2297 4239 2663 4317 Alexandrum
2699 4243 3088 4317 κεραρνοφόρογ,
3112 4239 3323 4317 fulmen
3350 4250 3656 4317 tenentem,
3688 4242 3847 4317 pinxit.

2298 4309 2448 4383 Quod
2474 4313 2571 4364 etsi
2601 4314 2665 4367 ad
2691 4309 2986 4369 fabulosam
3015 4313 3161 4368 Jovis
3190 4315 3356 4383 patris
3384 4314 3648 4383 originem
3679 4309 3851 4383 referre

2293 4381 2490 4449 potuit,
2514 4394 2723 4437 constat
2748 4394 2925 4439 tamen
2956 4384 3103 4437 nulla
3128 4381 3437 4455 reunquam
3466 4381 3645 4453 aptius
3674 4386 3743 4440 illi
3772 4382 3852 4437 ful-

2305 4467 2427 4527 men
2450 4456 2793 4527 convenisse,
2810 4471 2984 4527 quam
3013 4470 3135 4510 cum
3167 4465 3317 4510 ortus
3343 4456 3655 4527 obitusque,
3677 4466 3731 4510 ut
3752 4469 3852 4510 cum

2300 4523 2523 4597 Papinio
2549 4527 2753 4594 loquar,
2799 4523 3124 4589 fulminaret,
3149 4527 3249 4581 hoc
3275 4536 3381 4593 est,
3412 4529 3529 4596 pari
3546 4523 3853 4597 pernicitate

2298 4602 2458 4664 atque
2487 4596 2686 4665 impetu
2714 4599 3059 4669 Opprimeret.
3085 4597 3375 4666 Propterea
3396 4599 3538 4653 sacri
3563 4596 3776 4669 quoque
3788 4596 3855 4669 in-

2302 4674 2561 4734 terpretes
2590 4669 2757 4723 nostri
2792 4667 3161 4723 Alexandrum
3209 4669 3559 4727 Macedonem
3590 4667 3628 4724 ξι
3659 4667 3855 4724 Daniele

2223 4733 2274 4792 D
2303 4733 2559 4810 prepheta
2582 4754 2703 4793 cum
2729 4740 2893 4808 pardo
2939 4739 3081 4793 alato
3105 4750 3474 4810 comparatum
3499 4741 3727 4797 docent:
3750 4740 3855 4809 quia

2302 4806 2353 4860 id
2379 4823 2549 4877 genus
2589 4809 2716 4864 ferze
2731 4806 3248 4877 concitatissimum,
3279 4820 3335 4867 et
3377 4811 3675 4867 Alexandri
3703 4806 3854 4867 vieto-

2300 4880 2396 4943 ria,
2426 4889 2483 4934 ut
2510 4879 2865 4953 llicronymus
2894 4890 3059 4946 notat,
3088 4882 3220 4937 nihil
3250 4882 3347 4937 fuit
3370 4883 3625 4938 velocius.

2372 4960 2393 4986 ε
2438 4952 2790 5020 Argonautas.
2825 4953 3029 5007 Seriem
3077 4962 3376 5022 temporum
3423 4953 3675 5009 Sidonius
3710 4952 3855 5007 etiam

2298 5022 2349 5095 in
2384 5022 2632 5095 mythicis
2654 5026 2923 5079 observat.
2953 5024 3081 5077 Nam
3104 5026 3149 5079 si
3178 5026 3245 5079 ab
3272 5024 3594 5095 Argonautis
3621 5025 3762 5081 unde
3787 5040 3861 5078 or-

2296 5092 2462 5166 ditur,
2489 5094 2553 5146 ad
2576 5093 2869 5166 Odysseam
2898 5110 3066 5165 usque
3097 5096 3150 5150 in
3180 5110 3282 5166 qua
3311 5092 3529 5162 desinit,
3560 5110 3857 5165 percurras,

2296 5164 2484 5219 eodem
2525 5164 2701 5218 omnia
2750 5176 2931 5220 narrat
2973 5166 3161 5221 ordine
3200 5164 3322 5236 'quo
3367 5178 3521 5237 gesta
3566 5164 3858 5237 tinguntur.

2298 5245 2506 5310 Χρονικῇ
2527 5251 2655 5310 ergo
2670 5237 2866 5310 μεθόδῳ
2884 5252 3010 5292 usus
3030 5246 3131 5310 est.
3156 5237 3226 5291 At
3244 5238 3514 5293 Lucianus
3538 5248 3727 5310 τοπικῇ
3750 5252 3863 5310 conf

2303 5261 2506 5310 Λρῠνικῃ
2527 5261 2655 5305 61⁷⁸0
2716 5261 2866 5309 ευοοῳ
2884 5261 3010 5292 usus
3030 5261 3131 5291 υδι.
3156 5261 3226 5291 ιιι
3244 5261 3514 5293 ιλυυιὶιηιιδ
3538 5261 3727 5298 τοπικη
3750 5261 3859 5292 CUII‘

2303 5314 2509 5385 tentus,
2556 5308 2609 5361 in
2646 5261 2860 5385 dialogo
2898 5308 3366 5385 περὶίορχήσεως,
3402 5319 3520 5378 post
3554 5324 3620 5363 ea
3661 5303 3778 5379 quae
3803 5308 3859 5385 ad

2300 5376 2431 5432 deos
2458 5376 2935 5449 spectabant,'quze
2964 5376 3277 5447 primo'loco
3300 5376 3720 5447 commemorat,
3748 5380 3862 5435 reli-

2300 5464 2459 5522 quam
2518 5464 2730 5504 omnem
2801 5451 3183 5521 mythologiam
3235 5452 3510 5522 Alocissac
3564 5453 3863 5522 regionibus

2299 5518 2558 5586 distinxit,
2574 5523 2825 5587 Atticam,
2847 5518 3193 5588 'l‘hebaicam,
3215 5518 3860 5589 Corinthiacamethio-

2299 5595 2467 5661 picam
2491 5634 2503 5655 ,
2536 5594 2852 5648 Laconicam
2879 5635 2893 5659 ,
2923 5594 3184 5659 Eliacam,
3217 5594 3530 5651 Arcadicam
3553 5635 3568 5661 ,
3598 5595 3865 5651 Thessali-

2298 5677 2437 5735 cam,
2462 5674 2515 5719 et
2543 5673 2764 5719 exteras
2790 5680 2924 5733 quas
2954 5665 3053 5720 hoc
3084 5664 3172 5718 filo
3199 5669 3556 5735 persequitur.
3588 5664 3677 5722 Ad
3706 5667 3863 5721 Thes-

2296 5734 2511 5813 salicam
2532 5736 2902 5813 a_utem_rcfert
2929 5738 3581 5813 ᾼνςοηιιιιιεελτήνᾏργὼ,
3609 5746 3706 5813 τήν
3732 5740 3843 5793 λάλο

2295 5806 2444 5867 αὐτῆς
2472 5807 2668 5880 τρόπιν,
2693 5807 2831 5877 Argo
2854 5806 3023 5864 navim
3046 5819 3093 5864 et
3122 5810 3384 5878 garrulam
3409 5806 3523 5879 eius
3542 5810 3794 5865 carinam.
