4060 6332
286 337 376 392 sor
1310 296 1339 311 ⁷
1765 296 2096 389 CARMINA.

1876 442 1931 504 Α
1959 442 2147 496 Vivum
2180 442 2497 513 pignoribus
2525 445 2628 501 fuit
2655 444 2961 517 sepulcrum
2992 461 3008 502 :

287 447 469 503 Forma
494 441 693 512 percita
722 456 843 498 cum
866 441 1018 499 ducis
1046 442 1251 513 Pelasgi

286 538 508 597 Molliret
534 536 751 593 rabidos
772 536 954 609 virago
977 544 1180 602 tauros,

284 632 383 691 Nec
409 641 519 686 tum
549 629 757 695 territa,
779 645 898 685 cum
929 644 1055 687 suus
1074 630 1318 695 colonus,

283 729 401 785 Post
419 724 607 795 anguis
632 722 821 779 domiti
843 732 990 777 satos
1016 721 1268 786 molares,

280 823 520 885 Armatas
548 814 929 871 tremebundus
958 815 1097 870 inter
1119 813 1332 878 herbas,

279 914 493 969 Florcre
512 910 564 966 in
595 918 829 979 segetem
859 915 1104 977 stuperet
1132 906 1343 961 hostem

274 1004 335 1061 Et
361 1002 711 1074 pugnantibus
738 1000 863 1055 hinc
890 1007 947 1055 et
975 998 1100 1054 hinc
1130 998 1309 1053 aristis
1330 1041 1345 1067 ,

272 1096 439 1164 Supra
471 1091 742 1149 belliferas
761 1090 980 1147 madere
1008 1090 1213 1159 glebas,

271 1185 547 1242 Culmosos
567 1182 726 1238 viridi
754 1196 945 1238 cruore
974 1179 1186 1235 fratres.

333 1276 453 1334 Non
480 1274 567 1330 hic
597 1276 915 1345 terrigenam
945 1272 1131 1343 loquar
1155 1271 1457 1338 cohortem,

267 1370 518 1427 Admixto
549 1382 703 1438 mage
724 1366 955 1423 vividam
981 1380 1212 1430 veneno,

266 1463 357 1520 Cui
382 1470 587 1533 prmtcr
612 1459 848 1531 speciem
880 1459 1040 1514 modo
1068 1467 1366 1526 carentem,

264 1554 480 1625 Angues
509 1553 824 1623 corporibus
853 1553 1203 1608 voluminosis

263 1645 425 1719 355
444 1647 566 1701 Alte
590 1657 842 1715 squamea
871 1658 1028 1699 crura
1061 1642 1415 1714 porrigentes,

263 1738 316 1793 In
342 1737 568 1809 vestigia
598 1737 752 1792 fauce
774 1736 1113 1791 desinebant.
1170 1756 1175 1759 η

259 1830 345 1885 Sic
373 1838 402 1867 α
430 1828 618 1884 formae
646 1827 870 1899 triplicis
895 1842 1092 1898 procax
1117 1828 1391 1898 juventus,

258 1922 532 1980 Tellurem
555 1921 690 1992 pede
718 1930 998 1992 proterens
1026 1920 1230 1989 voraci,

260 2014 527 2095 Currebat
552 2018 787 2087 capitum
813 2016 1073 2088 stupenda
1097 2031 1320 2087 gressu;

263 2108 476 2164 Etcum
505 2108 730 2164 classica
754 2110 1030 2164 numinum
1055 2108 1337 2177 sonabant,

255 2203 368 2260 Ilox
387 2213 582 2261 contra
612 2204 841 2260 tonitrus
866 2203 1175 2260 resibilante

253 2295 508 2352 Audebat
533 2310 762 2367 superos
784 2296 928 2353 ciere
952 2296 1154 2365 planta.

253 2386 359 2444 Nec
379 2386 629 2460 Phlegrae
654 2388 787 2459 legis
816 2386 1071 2458 ampliata
1092 2401 1240 2453 rura,

252 2479 397 2535 Missi
431 2478 557 2533 dum
589 2478 816 2534 volitant
842 2493 939 2549 per
965 2488 1109 2532 astra
1133 2486 1362 2543 montes,

254 2569 479 2636 Pindus,
510 2566 717 2637 Pelion,
745 2568 901 2637 Ossa,
934 2568 1215 2639 Olympus,
1247 2566 1453 2633 Othris,

252 2660 384 2717 Cum
417 2660 591 2728 silvis,
622 2660 888 2733 gregibus,
915 2658 1067 2727 feris,
1093 2659 1318 2728 pruinis,

256 2755 437 2823 Saxis,
461 2752 721 2821 fontibus,
745 2750 976 2823 oppidis,
1006 2750 1166 2806 levati

254 2844 599 2902 Vibrantrum
627 2844 949 2915 spatiosiore
976 2842 1187 2898 dextra.

326 2937 354 2977 δ
378 2936 498 2994 Non
528 2937 615 2992 hic
644 2936 888 2994 Herculis
909 2937 1149 2992 excolam
1182 2935 1415 2999 labores,

250 3028 350 3086 Cui
380 3045 496 3097 sus,
518 3044 697 3096 cerva,
732 3028 841 3095 leo,
870 3028 1041 3099 gigas,
1064 3028 1320 3093 Amazon,

252 3123 481 3194 Hospes,
514 3130 722 3193 taurus,
758 3121 920 3193 Eryx,
952 3136 1099 3186 aves,
1125 3119 1320 3191 Lycus,
1353 3119 1457 3186 fur,

251 3214 474 3284 Nessus,
496 3214 647 3286 Libs,
663 3215 810 3286 juga,
843 3229 1021 3285 poma,
1051 3214 1221 3283 virgo,
1251 3227 1491 3285 serpens,

247 3306 403 3375 Geta,
434 3308 668 3364 Thraces
688 3308 832 3379 equi,
867 3307 1035 3363 boves
1060 3307 1249 3376 lberte,

246 3403 506 3462 Luctator
533 3403 749 3474 ﬂuvius,
789 3405 938 3459 canis
961 3402 1242 3469 triformis,

248 3495 611 3565 Portatusque
638 3494 791 3564 polus
821 3495 1002 3563 polum
1023 3493 1304 3549 dederunt.

315 3584 439 3639 Non
470 3585 558 3639 hic
582 3584 732 3639 Elida
761 3584 994 3639 nobilem
1024 3585 1293 3654 quadrigis
1315 3627 1330 3651 ,

252 3686 275 3716 ε
306 3672 421 3733 Nec
452 3682 633 3729 notam
651 3673 828 3729 minus
850 3675 1024 3728 amnis
1052 3690 1116 3728 ex
1149 3688 1333 3728 amore

248 3768 426 3825 Versu
457 3782 776 3839 prosequar,
809 3776 866 3823 ut
888 3782 984 3838 per
1007 3767 1110 3823 ima
1144 3768 1288 3837 ponti

241 3858 490 3930 Alpheus
514 3861 663 3929 ﬂuat,
695 3870 854 3930 atque
883 3860 1236 3915 transmarina

243 3950 302 4011 In
326 3953 523 4010 fluctus
553 3954 709 4009 cadat
735 3953 877 4009 unda
908 3953 1238 4024 conjugales.

312 4046 432 4113 Non
458 4046 545 4102 hic
572 4046 885 4103 Tantaleam
911 4047 1128 4102 domum
1159 4056 1418 4113 retexam,

244 4140 359 4208 Qua
384 4139 611 4194 mixtum
642 4138 869 4209 Pelopea
900 4154 995 4207 per
1025 4148 1301 4208 parentem
1333 4145 1417 4193 est

250 4231 425 4289 Prolis
452 4230 590 4285 facta
616 4245 791 4295 soror,
829 4245 1075 4300 novoque
1097 4237 1338 4286 monstro
1357 4295 1373 4309 .

251 4322 512 4383 infamem
541 4323 726 4394 genuit
755 4333 904 4392 pater
936 4332 1206 4392 nepotem.

312 4416 476 4489 355
505 4416 588 4471 Nil
624 4426 873 4470 mmstum
907 4415 993 4469 hic
1017 4416 1258 4481 canitur;
1286 4425 1387 4471 ne‘c
1418 4416 1745 4472 esculentam

246 4509 436 4566 Fletus
458 4500 738 4580 pangimus
764 4506 830 4562 ad
857 4505 1046 4576 dapem
1075 4507 1347 4579 Thyestae,

245 4601 455 4658 Fratris
484 4600 708 4655 crimine
728 4600 820 4671 qui
851 4597 1015 4655 miser
1038 4601 1240 4655 voratis

318 4780 343 4808 ι
364 4769 583 4849 Forma,
608 4767 652 4849 si
679 4782 790 4823 rem
818 4772 1052 4849 spectas,
1081 4763 1631 4849 gigantibusduplex;
1663 4762 1708 4849 si
1732 4778 1828 4817 nu-

246 4855 480 4903 merum,
507 4839 703 4908 triplex
737 4857 749 4891 :
774 4836 897 4909 quia
921 4838 1060 4909 pube
1084 4845 1241 4891 tenus
1265 4836 1508 4909 homines
1528 4841 1704 4901 erant,
1728 4849 1831 4888 ca:-

246 4922 358 4969 tera
408 4906 725 4987 serpentes;
765 4906 872 4987 sed
915 4906 1160 4987 geminus
1201 4907 1399 4987 cuique
1440 4919 1671 4987 serpens
1736 4920 1832 4987 pro

247 4996 476 5039 numero
502 4973 718 5049 pedum.
763 4979 897 5033 llinc
920 4973 1109 5049 forma:
1153 4973 1375 5049 triplicis
1396 4973 1551 5049 dicti
1579 4973 1825 5049 Sidonio,

244 5065 297 5110 et
324 5043 697 5109 temaa'Pelori
723 5050 950 5121 gigantis
978 5064 1008 5103 a
1038 5048 1202 5103 Marte
1229 5043 1431 5121 occisi,
1455 5046 1651 5121 anima:
1670 5043 1830 5121 Clau-

245 5127 448 5180 diano:
484 5124 645 5190 Atque
671 5118 988 5176 una'ternas
1012 5121 1209 5174 animas
1242 5120 1485 5187 inter/icit
1520 5120 1622 5170 ictu
1653 5135 1665 5169 :
1702 5118 1825 5187 quia

250 5197 390 5252 bina:
417 5196 473 5249 in
504 5193 728 5264 pedibus
753 5192 1114 5264 erant,tertia
1146 5193 1199 5245 in
1225 5190 1432 5259 reliquo
1459 5203 1709 5259 corpore.

204 5282 208 5325 i
314 5267 344 5308 δ
378 5263 626 5321 Herculis
665 5264 870 5319 labores
901 5263 1122 5318 vicenos
1164 5274 1348 5318 ternos
1390 5268 1689 5325 enumerat,
1732 5274 1831 5316 nec

247 5340 528 5409 pauciores
545 5334 786 5409 carmine
802 5334 901 5409 _l5.
927 5333 1060 5388 Nam
1092 5335 1159 5409 l2
1187 5334 1278 5409 qui
1304 5332 1664 5409 celebrantur,
1690 5347 1829 5409 pra:-

248 5403 390 5481 cipui
434 5422 499 5481 ac
544 5405 764 5475 legitimi
795 5405 1029 5481 fuerunt,
1076 5407 1143 5459 ab
1186 5404 1488 5481 Eurystheo
1535 5403 1825 5481 imperati:

249 5473 446 5552 prater
472 5473 744 5552 hom—quae
780 5478 1028 5552 πάρεργα-
1051 5482 1150 5531 τῶν
1174 5473 1346 5552 eam
1389 5473 1560 5530 Graeci
1609 5483 1824 5537 vocant,

198 5554 199 5561 “
249 5546 513 5625 plurima.
532 5546 651 5607 Sed
668 5546 979 5625 genushoc
1018 5547 1134 5625 loco
1166 5548 1229 5601 H
1267 5554 1472 5625 tantum
1502 5558 1832 5625 commemo-

253 5615 356 5692 rat,
383 5623 569 5694 Augite
606 5619 821 5694 stabulo
844 5615 1413 5694 praetermisso,_quod
1458 5615 1630 5694 ipsum
1668 5615 1832 5671 etiam

253 5690 358 5752 non
384 5690 516 5751 satis
546 5693 802 5763 probasse
826 5690 1023 5763 dicitur
1044 5690 1410 5763 Eurystheus;
1440 5690 1674 5763 πάρεργα
1704 5702 1833 5763 vero

262 5766 349 5834 η,
380 5769 430 5821 in
459 5758 651 5836 quibus
677 5762 826 5834 gigas
853 5770 935 5836 est
965 5758 1296 5836 Halcyoneus
1316 5800 1332 5825 ,
1382 5758 1831 5836 liospes__Busiris,

259 5831 383 5895 Libs
406 5831 644 5904 Animus,
684 5831 809 5904 iuga
842 5833 1007 5903 Calpe
1047 5831 1105 5910 et
1148 5831 1339 5903 Abyla,
1381 5831 1531 5902 virgo
1574 5831 1833 5897 Hesione,

3420 327 3533 394 690

1953 532 2089 589 Cum
2122 543 2241 604 post
2272 536 2368 590 has
2394 538 2578 607 epulas
2599 546 2822 609 repente
2842 538 2995 596 ﬂexis

1952 625 2108 681 Titan
2137 628 2382 684 curribus
2409 630 2659 687 occidens
2683 632 2749 686 ad
2780 639 2979 700 ortum,

1951 717 2241 772 Convivam
2271 717 2497 789 fugeret,
2529 720 2670 777 diem
2692 722 2917 793 fugaret.
3022 794 3023 797 η

2022 811 2130 867 Nec
2155 810 2333 883 Phryx
2357 822 2541 883 pastor
2564 815 2666 869 erit
2693 816 2788 871 tibi
2816 816 3094 887 legendus,

1959 904 2285 959 Decrescens
2314 905 2398 961 cui
2432 905 2728 977 Dindymon
2750 909 2924 965 reciso

1952 996 2145 1052 Fertur
2168 998 2368 1054 vertice
2401 1000 2635 1056 texuisse
2658 1000 2924 1067 classem;

1952 1089 2080 1143 Cum
2107 1090 2265 1159 jussu
2292 1091 2520 1148 Veneris
2550 1094 2931 1162 patrocinantis

1951 1183 2147 1238 Terras
2172 1183 2441 1253 Ochalias,
2475 1194 2531 1241 et
2564 1186 2856 1257 hospitales

1952 1274 2153 1344 liaptor
2181 1274 2536 1345 depopulatus
2564 1286 2647 1333 est
2665 1277 2937 1348 Amyclas,

1951 1365 2191 1420 Praedam
2224 1376 2369 1421 trans
2397 1368 2616 1437 pelagus
2644 1376 2831 1438 petens
2858 1383 3160 1440 sequacem.

1950 1456 2054 1511 Sed
2082 1471 2182 1513 nec
2212 1457 2492 1529 Pergama,
2524 1474 2623 1515 nec
2651 1460 2892 1516 decenne
2920 1462 3144 1517 bellum.

1950 1546 2057 1604 Nec
2077 1563 2248 1605 saevas
2270 1551 2687 1620 Agamemnonis
2714 1551 3004 1622 phalangas
3036 1568 3049 1606 :

1948 1640 2055 1696 Nec
2083 1641 2312 1712 periuria
2346 1658 2641 1713 persequar
2669 1644 2906 1712 Sinonis,

1948 1736 2056 1789 Arx
2087 1751 2194 1806 quo
2222 1737 2458 1793 Palladio
2486 1737 2658 1792 dicata
2687 1739 2863 1808 signo,

1875 1824 1925 1884 B
1952 1827 2152 1883 Pellaci
2182 1840 2413 1885 reserata
2445 1831 2744 1902 proditore,

1950 1919 2257 1976 Portantcm
2291 1922 2495 1990 pedites
2518 1937 2711 1993 equum
2742 1923 2965 1994 recepit.

2017 2014 2135 2068 Non
2164 2015 2248 2069 hic
2278 2015 2513 2070 Maeonia:
2543 2017 2684 2086 stylo
2710 2031 2968 2086 camenae,

1949 2105 1973 2144 ί¹
2000 2107 2144 2164 Civis
2174 2108 2507 2181 Dulichiique
2536 2110 2889 2182 Thessalique

1949 2201 2211 2258 Virtutem
2244 2203 2647 2274 sapentiamque
2670 2218 2849 2259 narro.

1946 2296 2183 2362 Quorum
2209 2295 2296 2349 hic
2327 2296 2538 2351 Peliaco
2569 2305 2784 2366 putatur
2808 2304 2984 2360 antro,

1949 2388 2171 2454 Venattt,
2204 2389 2419 2454 fidibus,
2451 2388 2701 2458 palaestra
2734 2397 2787 2443 et
2817 2388 3022 2454 herbis,

1945 2478 2056 2534 Sub
2087 2479 2439 2550 Saturnigena
2472 2495 2602 2535 sene
2632 2480 2925 2535 institutus.

1950 2574 2082 2627 Dum
2114 2589 2256 2628 nunc
2286 2574 2453 2629 lustra
2486 2583 2666 2629 terens
2698 2589 2829 2644 puer
2859 2573 3113 2639 ferarum,

1948 2664 2153 2720 Passim
2185 2681 2278 2735 per
2309 2665 2546 2719 Pholoen
2568 2665 2713 2733 jacet
2735 2666 3000 2733 nivosam,

1938 2757 2093 2812 Nunc
2123 2759 2452 2828 prmscpibus
2477 2760 2743 2813 accubans
2772 2758 2983 2820 amatis,

1944 2849 2151 2903 Dormit
2179 2850 2392 2903 mollius
2425 2850 2475 2903 in
2504 2849 2633 2918 juba
2664 2848 2924 2917 magistri.

1944 2940 2108 3012 356
2134 2940 2259 2994 lndc
2290 2939 2603 3024 Scyriadum
2628 2939 2784 2994 datus
2812 2939 3046 3008 parenti,

1945 3032 2118 3087 Falsa:
2141 3032 2355 3085 nomina
2379 3032 2664 3099 pertulisse
2696 3030 2937 3098 Pyrrhae,

1945 3126 2119 3195 Atque
2160 3126 2300 3180 inter
2329 3125 2532 3179 tctricm
2562 3124 2758 3179 choros
2782 3124 3054 3180 Minervas.

1862 3199 1911 3262 (ἶ
1949 3218 2202 3274 Occultos
2234 3218 2426 3273 Veneri
2457 3227 2662 3273 rotasse
2689 3217 2926 3288 thyrsos.

1945 3313 2226 3367 Postremo
2253 3310 2317 3366 ad
2343 3310 2594 3382 Phrygias
2622 3324 2817 3364 sonum
2844 3308 3044 3377 rapinas

1942 3404 2165 3459 Tractus
2196 3402 2439 3458 laudibus
2472 3402 2717 3457 Hectoris
2745 3399 3009 3456 trahendi.

2014 3498 2113 3552 Ast
2143 3497 2312 3561 illum,
2346 3497 2428 3549 cui
2456 3495 2677 3564 contigit
2705 3503 2982 3563 paternam

1941 3589 2201 3655 Quartum
2228 3596 2350 3656 post
2375 3587 2606 3642 Ithacam
2637 3586 2811 3641 redire
2836 3586 3091 3652 lustrum,

1948 3679 2059 3733 Nec
2082 3680 2326 3749 Smyrna:
2358 3678 2488 3731 satis
2509 3677 2743 3746 explicat
2771 3677 3042 3731 volumen.

1944 3770 2077 3826 Nam
2106 3772 2225 3841 quis
2252 3771 2568 3825 continuare
2597 3770 2767 3839 possit
2795 3769 2918 3824 illos

1941 3865 2086 3932 Quos
2107 3870 2249 3918 terra
2277 3873 2333 3918 et
2360 3864 2548 3933 pelago
2570 3863 2689 3917 tulit
2713 3862 2924 3917 labores
2938 3862 2963 3914 ?

1941 3956 2173 4026 Raptum
2202 3954 2519 4018 Palladium,
2555 3964 2829 4024 repertum
2860 3951 3147 4018 Achillem,

1938 4046 2167 4118 Captum
2201 4046 2525 4117 praepetibus
2557 4044 2761 4102 Dolona
2795 4046 3009 4119 plantis,

1940 4139 2006 4194 Et
2028 4140 2212 4194 [illaesi
2241 4139 2425 4194 niveas
2456 4141 2605 4209 prius
2635 4138 2937 4209 quadrigas.

1938 4230 2135 4286 Xanthi
2167 4246 2327 4300 quam
2352 4230 2596 4286 biberent
2628 4233 2846 4295 fluenta,
2877 4229 3112 4285 tractas?

1938 4323 2191 4392 Ereptam
2222 4339 2434 4394 quoque
2464 4338 2621 4393 quem
2657 4322 2789 4378 deus
2821 4333 3097 4391 patronus.

1937 4415 2257 4482 Philocteta,
2284 4418 2374 4471 tibi
2400 4417 2550 4474 dedit
2574 4415 2923 4487 pharetram?

1943 4508 2159 4577 Ajacem
2190 4508 2562 4564 Telamonium
2586 4509 2877 4571 furentem,

1856 4581 1913 4642 εί)
1941 4602 2096 4668 Quod
2120 4617 2241 4657 sese
2261 4611 2386 4657 ante
2416 4615 2558 4657 rates
2587 4612 2779 4672 agente
2802 4614 3016 4655 causam

1943 4765 2175 4818 luctator
2199 4761 2389 4814 (iuvius
2419 4760 2688 4815 Achelous
2722 4774 2735 4811 :
2769 4757 2971 4825 reliqua
3000 4764 3123 4810 sunt
3153 4754 3381 4809 notiora.

2018 4846 2038 4872 ε
2074 4834 2126 4887 ld
2154 4833 2351 4887 rectius
2378 4845 2535 4900 quam
2576 4827 2715 4898 quod
2747 4828 2797 4882 in
2829 4828 3079 4897 vulgatis,
3131 4835 3301 4900 notant
3340 4826 3523 4900 nimis.

1941 4902 2148 4959 Elidem
2188 4902 2262 4955 ait
2294 4896 2410 4955 non'
2428 4896 2604 4955 minus
2651 4909 2827 4953 notam
2854 4912 2974 4953 esse
3013 4912 3076 4951 ex
3127 4896 3383 4949 fabulosis
3428 4898 3524 4952 Al-

1942 4976 2062 5045 phei
2086 4984 2139 5029 et
2166 4973 2446 5028 Arethusm
2474 4970 2748 5045 amoribus
2778 4984 2934 5045 quam
2958 4984 3021 5045 ex
3046 4966 3521 5045 ludis_0|_ytnpicis2

1943 5037 2301 5114 Utrorumqne
2346 5045 2588 5097 meminit
2642 5037 2810 5114 etiam
2852 5041 3137 5114 Lucianus.
3183 5039 3288 5114 Sed
3322 5037 3525 5114 :Alphel

1938 5119 2112 5173 amnis
2140 5107 2396 5179 fabulam,
2432 5114 2650 5186 Ἀλφειοῦ
2676 5112 2865 5187 ἕρωῌτᾳ,
2894 5111 3186 5187 καὶΑὗφαλον
3212 5107 3525 5187 ἀποδημίανε

1936 5205 2041 5245 non
2070 5188 2282 5262 Eliacaa,
2309 5197 2367 5262 t_l_l
2384 5178 2631 5262 apd-raw;
2655 5178 2753 5262 τῷν
2777 5178 3063 5262 ἶΟλυμπίωὗ
3091 5178 3400 5262 ἄγω-νιοξηάςς
3430 5178 3526 5235 sed

1938 5260 2210 5316 Arcadica:
2267 5250 2455 5312 tribui't
2504 5250 2911 5328 mythologia}
2952 5268 3016 5307 eo
3066 5250 3205 5319 quod
3258 5250 3521 5328 Alpheus,

1946 5332 2106 5402 138
2133 5331 2255 5384 licet
2295 5328 2444 5402 Elida
2476 5324 2819 5402 pristerlluat,
2854 5324 3027 5379 fontes
3056 5332 3232 5377 tamen
3256 5324 3526 5390 primum-

1938 5397 2043 5473 qua
2060 5397 2283 5457 cursum
2315 5400 2465 5473 ducit
2483 5397 2827 5473 c‘xAAArcadia.

2008 5472 2035 5509 ἀ
2069 5473 2271 5542 Ulyssis
2292 5482 2347 5527 et
2377 5470 2621 5542 Achillis.
2670 5466 2870 5542 Yerum
2900 5463 3125 5542 Achillis
3168 5462 3524 5542 gesta__levius

1939 5532 2164 5610 delibat,
2198 5559 2294 5598 nec
2340 5542 2482 5596 aliud
2526 5539 2737 5608 attingit
2780 5552 2939 5609 quam
2987 5536 3104 5604 eius
3145 5532 3245 5610 sub
3293 5532 3526 5610 Chirone

1939 5604 2208 5672 Centauro
2232 5614 2625 5675 educationem,
2655 5604 2710 5665 et
2736 5604 2991 5665 latentem
3025 5612 3163 5664 inter
3203 5604 3526 5680 Lycomedis

1941 5687 2079 5763 filias
2109 5702 2335 5763 moram,
2360 5701 2481 5763 qua:
2502 5683 2769 5763 ’ᾼχιλλὲῳς
2804 5683 2862 5763 ἐν.
2884 5683 3052 5763 ξκρρῳ
3082 5677 3417 5763 «exponimur;
3447 5677 3525 5731 di-

1943 5766 2025 5813 cta
2055 5758 2308 5813 Luciano.
2360 5751 2801 5826 UlyssiS'contra
2849 5751 3127 5806 historiam
3154 5751 3269 5807 fere
3308 5751 3523 5826 univer-

1943 5844 2083 5897 sam,
2124 5837 2234 5888 tum
2262 5827 2390 5886 belli
2430 5822 2544 5883 tum
2589 5838 2856 5892 errorum,
2879 5832 3130 5882 accurate
3161 5822 3521 5895 persequitur.
