4060 6332
231 393 321 451 ’101

229 511 337 568 Non
361 507 444 562 hic
469 505 712 560 soccrferi
739 506 890 575 iocos
916 503 1215 570 Menandri,

228 601 333 659 Non
362 597 466 652 la:si
495 595 800 650 Archilochi
827 595 968 651 feros
996 597 1223 660 iambos,

229 694 314 750 Vel
339 690 450 760 plus
480 687 768 745 Stesichori
796 703 986 758 graves
1008 703 1279 743 camenas.

228 791 324 842 Aut
342 782 485 859 quod
511 783 816 852 composuit
847 783 1022 850 puella
1046 782 1225 838 Lesbi.

225 880 331 937 Non
360 875 495 947 quod
525 875 734 929 Mantua
762 885 1047 930 contumax
1079 875 1338 945 Homero,

223 971 421 1041 Adjecit
441 967 743 1024 Latiaribus
774 967 1022 1038 loquelis,

219 1063 426 1132 Equari
455 1062 672 1116 sibimet
699 1059 924 1115 subinde
952 1060 1122 1115 livens

224 1157 374 1212 Busto
401 1153 796 1222 Parthenopem
818 1150 1148 1207 Maroniano.

223 1249 327 1304 Non
351 1244 495 1317 quod
519 1259 617 1316 per
641 1252 854 1316 satyras
883 1239 1298 1314 epistolarumﬁ

224 1342 648 1408 Sermouumque
665 1337 830 1407 sales,
857 1350 1166 1407 novumque
1187 1334 1418 1405 epodon,

221 1434 394 1490 Libros
421 1431 699 1498 carminis,
728 1446 792 1486 ac
819 1430 1090 1502 poeticam
1113 1437 1306 1494 artem,

220 1527 398 1583 Phoebi
424 1526 679 1582 laudibus
706 1534 760 1581 et
789 1540 936 1595 vagae
957 1523 1142 1579 Dianae

217 1620 540 1692 Conscriptis
561 1621 732 1675 voluit
755 1633 951 1674 sonare
977 1619 1224 1674 Flaccus.

216 1713 324 1769 Non
345 1711 489 1784 quod
520 1712 773 1782 Papinius
806 1720 948 1778 tuus,
977 1725 1255 1781 meusque,

218 1805 351 1861 lntcr
372 1803 672 1860 Labdacios
700 1812 858 1858 sonat
887 1801 1116 1858 furores.

219 1903 315 1954 Aut
339 1913 456 1952 cum
491 1896 632 1952 forte
661 1895 855 1964 pedum
887 1897 1096 1950 minore
1125 1891 1382 1966 rhythmo

218 1991 382 2062 Pingit
408 2003 655 2061 gemmea
685 1996 834 2059 prata
862 1987 1198 2043 silvularum.

217 2084 370 2156 359
393 2092 418 2118 “
449 2081 568 2136 Non
593 2081 734 2150 quod
759 2077 1008 2136 Corduba
1049 2087 1352 2148 praepotens
1383 2077 1614 2132 alumnis

219 2175 521 2230 Facundum
550 2174 678 2242 ciet,
707 2172 795 2229 hic
824 2182 979 2244 putes
1011 2172 1315 2243 legendum.

215 2266 442 2334 Quorum
475 2282 615 2321 unus
637 2265 768 2321 colit
800 2265 1071 2335 hispidum
1102 2264 1344 2330 Platona,

218 2359 592 2437 incassumque
617 2373 773 2415 suum
803 2366 985 2414 mouet
1015 2358 1303 2412 Neronem.

217 2449 554 2506 Orchestram
581 2449 752 2519 quatit
773 2450 909 2504 alter
935 2447 1224 2516 Euripidis,

217 2542 416 2598 Pictum
439 2542 660 2598 faecibus
682 2540 978 2613 Eschylon
1009 2549 1252 2605 secutus,

217 2637 315 2691 Aut
339 2636 597 2708 plaustris
622 2636 837 2692 solitum
869 2650 1060 2690 sonare
1087 2633 1344 2705 Thespin,

218 2729 314 2796 Qui
337 2740 454 2802 post
479 2729 680 2800 pulpita
704 2729 826 2783 trita
857 2727 959 2782 sub
988 2728 1255 2782 cothurno

217 2818 487 2876 Ducebant
513 2819 671 2876 olidae
692 2833 891 2872 marem
923 2817 1164 2887 capellae.

217 2909 448 2983 Pugnam
473 2913 662 2968 tertius
690 2909 778 2965 ille
806 2909 1070 2964 Gallicani

171 2987 176 2992 ’
219 3003 356 3059 Dicit
382 3005 636 3070 Caesaris,
679 3011 738 3056 ut
774 3016 940 3073 gener
974 3013 1233 3068 socerque

216 3093 451 3166 Cognata
482 3095 796 3168 impulerint
824 3095 878 3148 in
913 3108 1062 3147 arma
1095 3093 1338 3148 Romam.

216 3183 441 3242 Tantum
473 3187 605 3242 dans
634 3187 902 3257 lacrymas
932 3187 1044 3238 suis
1073 3183 1356 3255 Philippis,

214 3273 282 3331 Ut
305 3281 490 3332 credat
512 3279 784 3334 Cremera:
808 3278 978 3332 levem
1005 3276 1236 3342 ruinam,

215 3369 355 3424 Infra
385 3379 439 3424 et
469 3380 689 3426 censeat
718 3367 913 3425 Alliam
951 3368 1257 3434 dolendam,

211 3464 290 3519 Ac
319 3466 517 3518 Brenni
541 3465 593 3518 in
628 3468 824 3518 trutina
851 3463 1036 3518 Jovem
1074 3462 1407 3532 redemptum
1436 3482 1447 3517 :

208 3559 513 3625 Postponat
533 3558 806 3621 Trebiam,
831 3573 1126 3625 gravesque
1148 3558 1379 3621 Cannas,

213 3652 466 3716 Stragem
501 3664 596 3701 nec
621 3648 1078 3704 Thrasimenicam
1112 3651 1376 3720 loquatur.

201 3740 430 3795 Fratres
467 3740 742 3810 Scipiadas
776 3741 936 3809 pudet
967 3741 1226 3805 silendos,

199 3833 348 3901 Quos
375 3833 730 3887 Tartesiacus
757 3841 990 3887 retentat
1017 3833 1162 3888 orbis
1197 3851 1209 3887 :

202 3925 424 3996 Euphra
447 3935 551 3981 tem
588 3933 762 3980 taceat
785 3925 922 3980 male
957 3928 1270 3996 appetitum,

211 4021 536 4075 Crassorum
567 4029 620 4074 et
648 4019 890 4074 madidas
911 4035 1105 4073 cruore
1126 4018 1380 4088 Carrhas,

213 4112 312 4167 Vel
335 4125 478 4181 quos
506 4113 767 4181 Spartace
797 4111 1076 4166 consulum
1109 4112 1321 4167 solebas

221 4203 437 4258 \‘ictrici
471 4203 671 4273 gladios
696 4203 878 4273 fugare
899 4205 1028 4269 sica,

226 4297 402 4377 ipsum
434 4312 534 4352 nec
557 4297 681 4352 fleat
710 4297 800 4351 ille
831 4297 950 4365 plus
979 4297 1240 4361 duellum,

299 4421 324 4451 ι
347 4413 626 4470 Deiisdem
646 4415 898 4496 Martialis
917 4415 1012 4470 lib.
1030 4430 1067 4482 ι,
1099 4430 1217 4485 cap.
1244 4415 1336 4484 62,
1361 4415 1426 4472 ad
1451 4417 1813 4479 Licinianum:

411 4530 646 4592 Duosque
679 4529 914 4591 Senecas,
940 4531 1238 4593 unicumque
1257 4529 1505 4582 Lucanum

235 4592 389 4666 1&0
407 4600 631 4650 Facunda
653 4601 865 4664 loquitur
889 4602 1129 4652 Corduba.

298 4703 570 4778 “Lentuli
601 4703 839 4778 Gaetulici
872 4716 1082 4760 exstant
1118 4707 1303 4761 Graeca
1343 4709 1726 4778 epigrammata
1763 4714 1812 4767 in

233 4776 577 4851 Antliologia.
615 4777 869 4851 Martialis
893 4778 1034 4831 inter
1055 4778 1302 4851 llascivos
1329 4776 1513 4848 poetas
1544 4792 1808 4851 numerat,

234 4845 432 4920 Plinius
461 4847 599 4920 inter
629 4849 770 4920 viros
791 4862 980 4920 graves
1008 4845 1094 4916 qui
1116 4845 1619 4920 ludicraiscripsere
1641 4852 1733 4905 lib.
1758 4845 1814 4920 vi,

234 4918 388 4990 epist.
419 4921 476 4973 5.
508 4917 1008 4990 Meminitejnsdem
1037 4919 1288 4990 Sidonius
1317 4919 1407 4973 lib.
1442 4927 1505 4984 u,‘
1525 4925 1686 4990 epist.
1725 4917 1813 4978 lt).

236 4987 528 5042 Domitium
550 5003 679 5042 vero
709 4986 936 5042 Marsum
980 4998 1032 5042 et
1063 4989 1354 5049 Pedonem.
1402 4986 1817 5060 epigrammato-

235 5059 454 5126 graphis
476 5074 687 5128 quoque
711 5068 1030 5114 annumerat
1059 5060 1199 5114 idem
1227 5059 1510 5116 Martialis.
1529 5063 1633 5118 Sed
1658 5066 1815 5119 Marsi

239 5129 424 5204 hodie,
476 5140 672 5204 praeter
698 5131 902 5204 Cicutae
927 5130 1304 5204 fragmentum,
1350 5133 1480 5204 nihil
1522 5147 1810 5204 superest;

236 5199 294 5252 C.
327 5200 560 5255 Pedonis
594 5201 905 5273 Albinovani
931 5199 1135 5272 aliquot
1169 5203 1354 5273 elegia:
1392 5199 1668 5272 leguntur;
1697 5199 1818 5261 Sul-

240 5273 399 5344 pitite,
440 5285 606 5344 quam
636 5271 893 5344 Martialis
928 5271 1142 5342 quoque
1191 5271 1369 5328 laudat
1401 5271 1494 5330 lib.
1540 5294 1603 5344 ι,
1651 5271 1812 5331 Satira

245 5342 391 5394 unica
419 5342 490 5396 de
521 5344 849 5410 temporibus
880 5342 1182 5398 Domitiani.

313 5423 334 5448 ε
373 5413 836 5487 Fratresfoerunt
869 5413 1312 5487 Vespasianorum
1356 5425 1654 5486 temporum
1685 5434 1812 5487 poe-

245 5490 341 5562 ta};
372 5485 462 5539 hic
487 5483 738 5562 tragicus,
774 5485 863 5562 i_l_le
904 5485 1170 5562 satiricus,
1208 5483 1514 5562 de__quibtis
1560 5483 1818 5562 Martialis

247 5553 334 5604 lib.
373 5571 454 5628 xi,
500 5570 617 5622 cap.
650 5553 744 5628 il.
779 5555 940 5628 Turni
987 5569 1016 5608 e
1057 5558 1220 5628 satira
1270 5557 1557 5611 distichum
1616 5561 1820 5628 profert

249 5637 398 5679 vetus
426 5625 1017 5694 interpres-iuvenalis;
1049 5626 1251 5680 Scaevte
1266 5629 1516 5683 Memoris
1539 5625 1817 5685 llerculem

253 5697 562 5762 lragmdiam
620 5698 750 5751 citat
783 5697 979 5752 Fabius
1025 5696 1336 5766 Fulgentius
1383 5700 1448 5753 de
1489 5701 1666 5767 prisco
1707 5717 1821 5756 ser-

251 5778 426 5820 mone.
472 5767 648 5840 Stella:
673 5778 848 5823 autem
881 5778 1049 5837 poetae
1097 5769 1279 5824 Iaudes
1319 5781 1372 5825 et
1415 5773 1818 5840 epithalamium

252 5839 443 5892 oecunit
475 5839 742 5907 Papinius.
771 5841 844 5895 De
866 5843 930 5895 Α.
952 5840 1210 5910 Septimio
1238 5841 1404 5911 lyrico
1436 5842 1689 5898 Sidonius
1717 5844 1817 5900 ite-

257 5919 370 5964 rum
401 5912 452 5966 in
481 5911 702 5984 epistola
725 5911 789 5967 ad
821 5913 1112 5971 Polemiqu
1140 5914 1378 5972 certuiuc
1409 5913 1492 5974 Η.

1633 393 1956 448 CARMINA.

1822 513 1875 572 Δ
1901 509 2052 576 Quod
2081 519 2198 578 post
2221 509 2488 566 Cimbrica
2525 512 2770 568 turbidus
2797 521 3016 581 troptea,

1844 4743 1897 4804 D

3361 391 3536 486 70!.

1902 601 1970 655 Et
1998 603 2230 654 vinctum
2265 601 2640 658 Nasamonium
2665 605 3003 675 Jugurtham,

1899 695 2032 749 Dum
2057 695 2248 764 quaerit
2272 695 2682 752 Mithridaticum
2708 695 3054 766 triumphum,

1900 770 2131 855 Arpinas
2155 785 2318 840 voluit
2350 802 2567 842 movere
2587 787 2769 858 Syllae.

1971 876 1998 915 δ
2037 877 2152 930 Non
2181 877 2468 932 Gaetulicus
2498 877 2584 932 hic
2613 879 2704 932 tibi
2737 877 2960 949 legetur,
3041 865 3044 868 ’

1899 969 2063 1040 360
2091 969 2205 1024 Non
2237 970 2463 1035 Marsus,
2499 967 2666 1036 Pedo,
2690 969 2880 1036 Silius,
2904 970 3163 1024 Tibullus.

1897 1061 2015 1116 Non
2044 1061 2182 1131 quod
2206 1061 2452 1132 Sulpicia:
2478 1063 2636 1132 jocus
2662 1062 2863 1117 Thalia:

1899 1151 2128 1220 Scripsit
2153 1153 2550 1221 blandiloquum
2584 1169 2680 1208 suo
2707 1154 2928 1208 (leleno.

1899 1243 2017 1297 Non
2042 1244 2189 1299 Persi
2221 1246 2382 1313 rigor,
2417 1255 2506 1298 aut
2535 1246 2680 1314 lepos
2706 1245 2966 1314 Properti,

1900 1338 2005 1393 Sed
2039 1355 2136 1392 nec
2157 1340 2479 1393 centimeter
2505 1338 2878 1393 Terentianus.

1898 1429 2015 1484 Non
2047 1429 2281 1484 Lucilius
2314 1430 2418 1494 llic,
2451 1431 2833 1502 Lucretiusque
2862 1439 2961 1486 est.

1905 1536 1926 1562 ε
1959 1523 2072 1578 Non
2097 1524 2330 1589 Turnus,
2363 1523 2589 1590 Memor,
2624 1521 2848 1591 Ennius,
2883 1521 3144 1589 Catullus,

1899 1621 2089 1687 Stella,
2115 1631 2167 1674 et
2197 1621 2512 1689 Septimius,
2542 1621 2954 1690 Petroniusque,

1903 1716 2016 1770 Aut
2040 1715 2263 1769 mordax
2295 1715 2411 1770 sine
2445 1715 2548 1768 fine
2573 1714 2849 1769 Martialis.

1901 1807 2018 1863 Non
2049 1809 2135 1877 qui
2170 1817 2412 1876 tempore
2441 1805 2671 1862 Caesaris
2695 1805 2915 1862 secundi

1828 1893 1877 1954 Β
1907 1900 2132 1956 Αιᾷιθτιιο
2163 1900 2383 1953 incoluit
2405 1897 2604 1953 Tomos
2627 1909 2801 1953 reatu.

1900 1994 2008 2049 Nec
2039 1994 2127 2063 qui
2154 1993 2421 2047 consimili
2446 1991 2640 2046 deinde
2666 2006 2813 2046 casu.

1899 2086 1980 2140 Ad
2009 2085 2147 2156 vulgi
2184 2096 2394 2139 tenuem
2419 2083 2715 2152 strepentis
2747 2097 2953 2149 auram,

1900 2176 2025 2232 lrati
2061 2177 2156 2230 fuit
2191 2173 2216 2211 ‘1
2253 2175 2534 2229 histrionis
2564 2175 2737 2229 exsul.

1899 2267 2017 2322 Non
2046 2267 2324 2322 Pelusiaco
2353 2273 2499 2318 satus
2528 2264 2748 2332 Canopo

1903 2361 2002 2429 Qui
2039 2362 2326 2429 ferruginei
2355 2370 2500 2414 toros
2529 2359 2728 2425 mariti,

1905 2452 1973 2506 Et
1997 2468 2145 2506 musa
2177 2452 2320 2506 canit
2353 2452 2548 2505 inferos
2577 2463 2829 2519 superna.

1977 2542 2084 2598 Nec
2111 2542 2200 2612 qui
2237 2542 2347 2612 jam
2376 2541 2616 2613 patribus
2653 2540 2800 2596 fuere
2827 2538 3026 2595 nostris

1902 2636 2082 2690 Primo
2109 2645 2348 2704 tempore
2378 2635 2600 2688 maximi
2634 2633 2865 2689 sodales.

1906 2739 1929 2767 ο
1956 2731 2192 2796 Quorum
2229 2743 2366 2782 unus
2393 2727 2719 2781 Bonifacium
2748 2735 2986 2794 secutus,

1905 2821 2020 2877 Nec
2049 2837 2154 2876 non
2179 2821 2510 2890 praecipitem
2535 2819 2932 2886 Sebastianum,

1904 2914 2119 2970 Natales
2151 2929 2284 2984 puer
2315 2913 2526 2967 horruit
2549 2913 2845 2979 Cadurcos,

1904 3006 2029 3060 Plus
2053 3004 2377 3060 Pandionias
2407 3022 2594 3061 amans
2624 3003 2881 3060 Athenas.

1905 3096 2070 3168 Cujus
2099 3099 2145 3153 si
2178 3100 2383 3154 varium
2426 3099 2570 3167 legas
2602 3113 2842 3167 poema,,
2890 3115 2892 3118 '

1905 3192 2042 3247 Tum
2069 3191 2356 3261 thbum,
2384 3193 2463 3246 vel
2492 3191 2746 3264 Hyantias
2779 3191 3004 3262 puellas,

1826 3279 1872 3344 C
1906 3284 2096 3340 Potato
2126 3284 2365 3340 madidas
2395 3286 2462 3340 ab
2493 3283 2854 3355 Hippocrene,

1906 3379 2054 3434 Tunc
2083 3378 2384 3447 Anphiona,
2413 3379 2689 3446 liliumque
2713 3378 2886 3441 Maiae,

1904 3471 2055 3525 'l‘unc
2080 3479 2255 3524 vatem
2286 3470 2658 3539 Rhodopeium
2684 3483 2879 3524 sonare

1906 3562 2117 3617 Collato
2145 3561 2505 3616 modulam‘ne
2528 3561 2826 3616 arbitreris.

1906 3657 2020 3710 Non
2047 3665 2100 3708 tu
2127 3655 2209 3707 hic
2233 3669 2374 3708 nunc
2400 3655 2608 3721 legeris,
2643 3663 2897 3720 tuumque
2928 3653 3148 3720 fulmen,

1909 3749 2067 3820 361
2098 3749 2142 3802 0
2172 3747 2480 3816 dignissime
2515 3744 2532 3782 τ
2567 3745 2885 3811 Quintianus
2913 3745 3067 3811 alter,

1911 3842 2184 3912 Spernens
2205 3838 2294 3909 qui
2325 3837 2576 3906 Ligurum
2601 3836 2775 3891 solent
2814 3843 2869 3891 et
2903 3844 3139 3906 penates,

1914 3935 2120 3990 Mutato
2149 3933 2260 3987 lare
2285 3931 2488 3986 Gallias
2515 3929 2726 3997 amasti,

1916 4028 2060 4082 Inter
2089 4025 2310 4080 classica
2340 4025 2513 4092 signa,
2549 4022 2676 4090 pila,
2711 4030 2940 4089 turmas,

1915 4120 2164 4176 Laudans
2192 4119 2426 4194 Aetium,
2451 4130 2750 4185 vacansque
2775 4114 2934 4181 libro,

1917 4212 1972 4266 lu
2001 4212 2192 4268 castris
2215 4209 2410 4264 hedera
2441 4217 2522 4261 ter
2546 4215 2826 4262 aureatus.

1917 4317 1942 4356 s
1971 4305 2076 4362 Sed
2106 4319 2202 4360 nec
2228 4302 2418 4358 tertius
2447 4301 2536 4355 ille
2564 4315 2705 4355 nunc
2737 4300 2963 4370 legetur,

1992 4426 2018 4464 ἀ
2049 4425 2346 4483 Juvenalis.
2377 4424 2622 4480 Ovidium
2652 4437 2779 4492 ergo
2810 4422 2875 4477 ab
2910 4421 3084 4478 exsilii
3109 4421 3228 4476 loco
3255 4422 3493 4490 designa.

1921 4499 2022 4563 vit;
2053 4499 2362 4552 .luvenalem
2393 4497 2460 4550 ab
2483 4506 2702 4550 auctore
2729 4495 3064 4557 calamitatis,
3096 4492 3284 4547 Paride
3311 4503 3494 4558 panto.

1923 4572 2116 4634 mimo;
2147 4569 2496 4623 Claudianum
2520 4582 2549 4620 a
2575 4566 2742 4634 patria
2771 4565 3022 4634 A‘ngpto,
3073 4573 3128 4618 et
3164 4564 3498 4631 Proserpinae

1921 4651 2076 4708 raptu
2103 4639 2360 4693 carminis
2386 4645 2725 4708 argumento.

1996 4701 2019 4748 ἔ
2058 4709 2283 4764 Cadurci
2317 4701 2473 4774 hujus
2511 4716 2682 4774 poetae
2725 4705 2813 4772 qui
2846 4703 3116 4757 Bonifacio
3145 4701 3328 4774 comiti
3365 4703 3500 4769 ejus-

1921 4796 2026 4850 que
2064 4795 2262 4848 genero
2303 4773 2562 4850 adhaesit,
2603 4789 2795 4850 nomen
2841 4773 3099 4850 ignotum.
3171 4773 3500 4850 Praecipitem

1923 4843 2101 4905 autem
2133 4847 2502 4904 SebaStianum
2524 4845 2780 4914 appellat,
2814 4845 2883 4896 ob
2907 4843 3052 4898 varia
3090 4854 3146 4898 et
3174 4843 3345 4896 subita
3375 4855 3502 4896 con-

1924 4923 2064 4983 silia,
2097 4935 2217 4990 quae
2243 4933 2384 4986 saepe
2411 4918 2654 4990 variavit.
2692 4915 2924 4990 Primum
2949 4915 3109 4990 enim,
3137 4925 3190 4966 ut
3215 4925 3400 4967 auctor
3425 4919 3505 4990 est

1927 4985 2140 5056 Idalius',
2183 4985 2570 5059 post’mortem
2601 4985 2880 5059 Bonifacii,
2921 4987 3010 5038 cui
3035 4991 3407 5059 successerat,
3441 4987 3504 5038 ab

1923 5064 2042 5117 aula
2079 5055 2409 5130 per—Aetium
2442 5061 2628 5126 pulsus
2655 5057 2719 5112 ad
2753 5058 3002 5127 palatium
3025 5055 3256 5110 Orientis
3288 5055 3504 5130 naviga:

1925 5137 2019 5189 vit.
2056 5127 2182 5188 Inde
2230 5140 2347 5197 post
2393 5131 2594 5198 aliquot
2634 5143 2820 5198 annos,
2868 5142 2988 5198 eum
3019 5141 3105 5181 res
3135 5139 3298 5198 novas
3318 5127 3506 5198 moliri

1925 5204 2198 5272 coepisset,
2231 5196 2412 5272 fugere
2439 5196 2676 5265 coactus,
2709 5197 2776 5252 ad
2792 5197 3185 5251 'l‘heodoricum
3209 5196 3505 5272 Gothorum

1925 5268 2103 5345 regem
2130 5275 2183 5329 in
2209 5268 2433 5345 Galliam
2455 5273 2623 5336 venit,
2663 5271 3121 5345 Hart-inanemque
3158 5276 3380 5345 repente
3416 5268 3510 5345 hoa

1927 5337 2024 5402 stis
2050 5348 2217 5399 factus
2253 5344 2463 5398 invasit.
2495 5349 2606 5407 Qua
2641 5341 2842 5408 eiectus
2872 5340 2935 5390 ad
2972 5337 3239 5393 Vandalus
3267 5338 3511 5408 migraxit

1924 5430 1978 5473 et
2001 5415 2382 5478 Gensericum;
2413 5427 2441 5467 a
2473 5429 2576 5483 quo
2611 5407 2824 5483 tandem
2850 5409 2990 5483 haud
3033 5410 3200 5483 multo
3227 5415 3358 5483 post
3393 5407 3513 5460 feli-

1925 5491 2072 5542 ciore
2103 5487 2268 5550 exitu,
2303 5501 2460 5556 quam
2489 5477 2620 5550 vita,
2653 5483 2775 5550 quia
2805 5481 2926 5534 ﬁdei
2959 5478 3236 5534 catholicae
3274 5477 3416 5542 odio,
3451 5488 3510 5530 ut

1925 5560 2113 5612 Victor
2140 5558 2325 5611 scribit
2344 5598 2359 5620 ,
2393 5564 2610 5608 necatus
2635 5561 2734 5606 est.

2002 5628 2018 5666 ί
2067 5629 2316 5682 Diversus
2341 5618 2423 5678 hic
2451 5641 2479 5679 a
2521 5623 2768 5684 Proculo,
2812 5621 3006 5689 Ligure
3052 5623 3177 5675 item
3225 5631 3400 5689 poeta,
3448 5618 3516 5673 de

1929 5715 2036 5770 quo
2062 5700 2261 5754 dictum
2293 5699 2384 5752 lib.
2421 5692 2886 5770 ix,ep.st.15;a_d
2917 5693 3210 5770 Gelasium.

1995 5781 2021 5818 κ
2063 5770 2196 5824 Vide
2239 5785 2304 5822 an
2351 5763 2717 5821 .tleroba’udes.
2769 5763 2890 5818 Fuit
2937 5765 3078 5817 enim
3121 5763 3204 5816 hic
3237 5771 3413 5832 poeta,
3463 5771 3517 5816 et

1924 5854 2046 5897 ortu
2077 5843 2365 5908 Hispanus,
2413 5849 2470 5891 ut
2498 5839 2741 5901 tradunt,
2773 5843 2824 5889 et
2874 5835 3090 5902 Asterii,
3141 5849 3248 5904 quo
3295 5834 3514 5908 consule.

1927 5913 2132 5972 Sidonii
2167 5906 2315 5984 pater
2351 5909 2724 5984 praefecturam
2763 5908 2948 5984 gessit,
3000 5921 3184 5980 gener,
3234 5915 3289 5960 et
3313 5906 3513 5971 smmis
