4060 6332
324 315 427 376 705

818 428 980 505 333
1016 427 1301 488 cannea
1332 425 1403 484 x.
1452 509 1461 518 ἢ

421 546 694 607 ΡΜΡᾹἮΟ
715 561 1058 604 ειητιιιωιιι
1087 558 1299 601 ιιωιιοιο
1328 559 1394 597 ET
1425 555 1614 596 IBERI£
1644 553 1809 595 DIC'I'I.

325 664 637 721 Flucticolae
660 678 784 721 cum
814 661 953 720 festa
982 676 1149 717 nurus
1172 661 1423 730 Pagasaea
1449 671 1544 727 per
1576 664 1732 710 antra

398 756 549 825 ltupe
573 754 673 812 sub
698 752 972 812 Emathia
1012 750 1196 808 Pelion
1223 747 1480 819 explicuit
1506 763 1521 813 ;

326 844 659 915 Augustabat
683 844 901 900 humum
932 857 1184 913 superum
1206 841 1335 896 satis
1363 840 1539 909 ampla
1575 834 1845 906 supellex,

402 937 693 992 Certabant
720 937 883 1007 gazis,
909 934 1033 991 hinc
1063 935 1237 1006 polus,
1273 934 1398 988 hinc
1425 931 1673 1002 pelagus.

331 1026 673 1097 Ducebatque
699 1026 915 1092 choros,
941 1026 1098 1082 viridi
1130 1040 1295 1096 prope
1327 1032 1500 1080 tectus
1520 1022 1745 1088 amictu,

401 1118 643 1174 Cerulea:
665 1118 820 1188 palla:
842 1118 1094 1174 concolor
1124 1119 1240 1188 ipse
1265 1131 1442 1173 socer.

332 1206 575 1280 Nympha
595 1224 809 1281 quoque
831 1211 883 1264 in
905 1210 1171 1265 thalamos
1195 1209 1417 1264 veniens
1438 1208 1506 1263 de
1524 1205 1735 1278 gurgite
1754 1200 1918 1270 nuda,

409 1302 597 1357 Vestiti
624 1303 786 1370 coepit
810 1303 1051 1358 membra
1081 1302 1269 1357 timere
1299 1301 1419 1356 viri.

344 1395 476 1451 l‘um
504 1394 683 1450 divum
701 1395 1002 1465 quicunque
1031 1394 1237 1460 aderat,
1270 1401 1477 1449 terrore
1505 1397 1745 1457 remoto,

406 1488 529 1555 Quo
557 1489 677 1556 quis
705 1488 939 1557 pollebat
962 1487 1086 1542 lusit
1121 1487 1175 1542 in
1205 1486 1404 1542 officio.

336 1582 585 1653 Juppiter
612 1581 794 1637 emisit
816 1580 1054 1651 tepidum
1074 1583 1190 1637 sine
1206 1581 1445 1651 pondere
1471 1578 1695 1643 fulmen,

411 1675 479 1730 Et
501 1674 659 1741 dixit,
688 1675 881 1729 melius
908 1689 1052 1729 nunc
1075 1674 1340 1745 Cytherea
1368 1673 1528 1728 calet.

336 1766 532 1824 Pollux
562 1774 674 1821 tum
695 1776 861 1822 caestu
884 1766 1153 1832 laudatus,
1179 1767 1366 1821 Castor
1391 1764 1637 1831 habenis,

410 1856 589 1912 Pallas
616 1864 728 1910 tum
760 1856 959 1923 cristis,
992 1858 1141 1912 Delia
1167 1866 1282 1911 tum
1315 1857 1605 1927 pharetris.

338 1950 558 2009 Alcides
583 1949 754 2016 clava,
789 1950 997 2005 Mavors
1025 1962 1133 2004 tum
1169 1950 1293 2005 lusit
1323 1950 1375 2005 in
1417 1951 1590 2018 hasta,

412 2041 580 2096 Arcas
613 2051 721 2095 tum
753 2041 921 2112 virga,
954 2041 1177 2098 nebride
1205 2051 1316 2097 tum
1349 2043 1616 2097 Bromius.

344 2134 441 2191 Hic
468 2145 523 2190 et
554 2133 879 2204 Pimpliadas
902 2135 1185 2190 induxerat
1213 2138 1450 2205 optimus
1480 2136 1748 2207 Orpheus,

414 2226 668 2291 Chordis,
696 2240 848 2292 voce,
877 2241 1059 2293 manu,
1093 2228 1443 2296 carminibus,
1473 2228 1716 2283 calamis.

346 2320 676 2378 Ambitiosus
704 2321 907 2391 Hymen
938 2330 1077 2375 totas
1106 2322 1177 2377 ibi
1207 2322 1440 2377 contulit
1469 2332 1616 2377 artes
1643 2339 1657 2375 :

417 2415 520 2481 Qui
543 2429 652 2469 non
680 2414 915 2483 ingenio,
948 2414 1060 2469 fors
1091 2417 1291 2484 placuit
1316 2418 1497 2486 genio.

348 2505 676 2563 Feseennina
717 2517 896 2561 tamen
922 2523 1029 2561 non
1061 2518 1186 2562 sunt
1220 2509 1473 2577 admissa,
1520 2508 1829 2579 priusquam

426 2599 660 2681 Intonuit
689 2601 846 2655 solita
873 2610 1057 2655 noster
1085 2601 1276 2669 Apollo
1299 2602 1436 2671 lyra.

847 2715 1011 2787 εει
1052 2715 1333 2771 canum
1364 2715 1454 2770 χι.

517 2816 543 2845 ⁸
574 2822 977 2863 εριτιιλιιλιιιωί
1006 2823 1216 2864 Βυιιιειο
1245 2823 1312 2862 ΕΤ
1341 2822 1531 2862 ΙΒΕΜΑΞ
1560 2821 1778 2862 ωετυιί.

354 2920 497 2978 Inter
524 2920 770 2993 Cyaneas
800 2921 1064 2992 Ephyrtca
1091 2923 1369 2977 cacumina
1404 2930 1586 2975 cautes
1606 2962 1621 2987 ,

354 3014 470 3083 Qua
491 3028 654 3086 super
684 3012 908 3069 Idalium
941 3014 1081 3069 levat
1110 3014 1357 3069 Oritliion
1391 3014 1442 3067 in
1483 3012 1708 3066 artliram

357 3104 524 3163 Exesi
557 3104 669 3161 sale
698 3104 895 3160 montis
924 3120 1079 3175 apex,
1107 3106 1194 3159 ubi
1223 3106 1358 3160 forte
1385 3113 1662 3175 vagantem

354 3197 494 3255 Dum
524 3197 675 3268 fugit,
706 3206 760 3254 et
783 3197 898 3253 fixit
928 3198 1168 3270 trepidus
1193 3198 1547 3270 Symplegada
1594 3197 1806 3267 Tipliis,

357 3291 537 3363 Atque
566 3300 933 3348 recurrentem
962 3300 1228 3348 ructatum
1254 3292 1318 3347 ad
1342 3306 1502 3347 rauca
1524 3290 1769 3355 Maleam,

356 3374 487 3442 Exit
512 3385 565 3440 in
592 3384 938 3442 Isthmiacum
972 3386 1189 3458 pelagus
1219 3386 1597 3441 claudentibus
1634 3385 1736 3439 alis

356 3477 631 3536 Saxorum
656 3480 722 3534 de
745 3495 878 3549 rupe
899 3480 1078 3544 sinus;
1110 3496 1216 3550 quo
1244 3495 1387 3550 saepe
1420 3495 1662 3545 recessu,

361 3569 459 3627 Sie
486 3578 739 3650 tanquam
772 3580 888 3626 toto
919 3580 1073 3626 coeat
1100 3572 1167 3626 de
1192 3572 1393 3628 lumine
1421 3574 1567 3639 coeli,

362 3661 616 3720 Arctatur
642 3662 865 3719 collecta
890 3662 1029 3729 dies,
1063 3663 1426 3733 tremulasque
1452 3680 1548 3734 per
1577 3664 1750 3722 undas

360 3754 670 3826 Insequitur
693 3762 901 3811 secreta
922 3754 1043 3810 vadi
1071 3771 1085 3821 ;
1121 3755 1501 3810 transmittitur
1528 3757 1639 3812 alto

340 3846 623 3921 _Perfusus
649 3846 937 3917 splendore
962 3847 1124 3911 latex,
1158 3846 1401 3918 miroque
1424 3848 1597 3904 relatu
1684 3881 1714 3915 .

362 3936 612 4009 Lympha
644 3937 778 3993 bibit
800 3936 993 4007 solem,
1027 3938 1282 4008 tenuique
1308 3940 1506 3995 inserta
1539 3942 1744 3995 fluento

362 4028 611 4085 Perforat
636 4030 809 4086 arenti
840 4029 988 4085 radio
1009 4029 1099 4084 lux
1122 4030 1261 4085 sicca
1294 4031 1577 4101 liquorem.

439 4122 673 4179 Profecit
692 4122 868 4180 studio
894 4124 1123 4193 spatium
1149 4139 1164 4191 ;
1198 4140 1316 4179 nam
1352 4127 1606 4183 Lemnius
1637 4128 1747 4183 illic

446 4267 472 4294 ει
498 4256 614 4313 Iam
642 4260 823 4333 monui
854 4260 921 4314 ad
974 4261 1256 4329 epistolam
1312 4263 1400 4325 I6.
1435 4265 1526 4319 lib.
1575 4283 1646 4333 IV,
1680 4266 1957 4324 Ruricium

366 4330 517 4409 [tunc
536 4343 657 4409 esse
677 4330 767 4400 qui
796 4333 1280 4409 posteaepiscopus
1303 4335 1398 4387 fuit
1422 4330 1788 4409 Lemovicum;
1815 4341 1957 4409 quod

367 4400 445 4477 de
477 4400 692 4477 seniore
711 4401 1081 4477 accipiendum
1104 4411 1206 4456 est.
1241 4405 1351 4457 Duo
1374 4408 1516 4460 enim
1569 4408 1726 4477 hujus
1772 4400 1957 4466 ca'the-

366 4472 488 4527 drze
517 4471 779 4526 antistites
814 4472 1182 4545 lluriciifuere
1200 4515 1214 4539 ,
1240 4491 1465 4543 quorum
1486 4478 1622 4533 alter
1638 4471 1827 4545 alteri,
1856 4484 1960 4535 hoc

367 4550 464 4600 est
485 4558 584 4597 avo
614 4557 781 4621 nepos
803 4544 1077 4621 successit.
1112 4543 1435 4621 Fortunatus
1467 4547 1558 4621 lib.
1594 4564 1646 4603 tv
1676 4543 1965 4621 utrumque

368 4627 489 4669 uno
516 4614 824 4683 complexus
851 4618 935 4669 est
960 4614 1263 4685 epitaphio;
1296 4616 1348 4670 in
1375 4633 1479 4687 quo
1508 4617 1621 4674 hac
1651 4630 1770 4690 post
1810 4614 1912 4676 alia
1941 4637 1955 4674 :

506 4728 683 4778 Rurieii
703 4729 887 4791 gemini
913 4729 1077 4791 flores,
1106 4732 1282 4791 quibus
1304 4732 1587 4782 Aniciorum

565 4789 739 4839 Juncta
757 4789 997 4852 parentali
1017 4789 1227 4841 culmine
1253 4792 1402 4842 Roma
1426 4794 1535 4844 fuit.

506 4855 651 4920 Actu,
675 4860 864 4920 mente,
882 4852 1191 4920 gr_adu,_spc,
1216 4858 1429 4920 nomine,
1456 4859 1697 4919 sanguine
1711 4853 1854 4920 ‘nexi,

572 4913 828 4965 Exsultant
850 4914 1035 4977 pariter
1057 4913 1322 4977 hlncavus,
1342 4913 1456 4969 inde
1480 4913 1649 4981 nepos.

372 5041 531 5117 lglnie'
559 5053 689 5109 ergo
747 5039 1030 5117 Sidonius1
1056 5055 1191 5117 ‘cu‘m
1237 5058 1453 5100 uxorem
1502 5047 1639 5117 apud
1694 5050 1965 5106 Arvernos

368 5114 629 5184 duceret,
660 5112 903 5184 nuptiale
944 5111 1096 5184 15.3
1128 5113 1229 5169 hoc
1278 5130 1493 5171 carmen
1537 5111 1761 5173 'eecinit.
1808 5120 1966 5176 Duxit

375 5191 561 5261 autem
595 5180 843 5261 Iberiam,
870 5180 1685 5261 Om—m'atiihnobilisviriflliam:
1714 5208 1833 5261 quae
1858 5208 1963 5247 sa:-

374 5253 488 5304 culi
520 5252 763 5333 cu‘risse
793 5260 1000 5333 postea,
1033 5264 1089 5309 ut
1112 5256 1225 5333 Deo
1252 5252 1829 5333 religiosiusgserviret,
1856 5280 1960 5317 una

377 5339 506 5395 cum
563 5322 780 5395 Ruricio
831 5324 1022 5395 marito
1077 5322 1380 5395 abdicavit,
1442 5340 1499 5384 ut
1543 5331 1737 5387 docent
1786 5322 1968 5389 Fausti

382 5394 639 5463 lteiensis
668 5394 826 5463 epist.
850 5394 883 5449 6
910 5402 964 5449 et
991 5396 1043 5449 7.

460 5462 488 5501 ιι
511 5462 730 5543 Δίθιωπιιέ.
745 5462 987 5543 Graecum
1007 5476 1283 5522 accentum
1306 5480 1520 5543 secutus
1541 5480 1644 5538 est,
1675 5488 1776 5527 non
1801 5488 1969 5543 quan-

381 5536 619 5613 titatem.
654 5535 943 5613 IE'thiopici
966 5542 1456 5613 autemgmarmoris
1476 5535 1726 5597 colore<t
1769 5535 1969 5613 purpu-

382 5623 533 5663 reus.
566 5606 623 5661 In
642 5608 963 5679 panegyrieo
986 5608 1258 5685 Majoriani
1286 5627 1297 5662 :
1328 5609 1516 5665 Nativa
1553 5622 1757 5667 exustas
1771 5606 1969 5685 rimam

386 5694 621 5749 purpura
646 5693 833 5749 rupes;
860 5686 914 5735 et
937 5695 1063 5734 saxa
1090 5682 1309 5752 genuino
1339 5685 1513 5753 fucata
1544 5682 1835 5755 conchylio,
1868 5687 1961 5741 lib.

1747 307 2075 367 CARMINA.

1936 431 1984 489 Α
2012 424 2121 481 Ceu
2153 420 2409 494 templum
2438 420 2566 480 lusit
2592 422 2807 492 Veneri,
2836 418 3147 493 fulmenque
3171 418 3499 493 relinquens,

3489 300 3592 361 706

2014 516 2113 572 Hic
2142 517 2476 586 ferrugineus
2497 516 2720 572 fumavit
2741 528 2887 585 saepe
2908 514 3229 587 Pyracmon,

2014 607 2109 663 IIie
2135 607 2269 677 lapis
2292 614 2375 661 est
2396 606 2464 661 de
2492 605 2728 676 quinque
2752 606 2905 675 locis,
2938 606 3071 662 dans
3102 605 3342 676 quinque
3366 604 3603 677 colores,

2016 698 2046 739 δ
2071 699 2341 769 JEthiops,
2367 696 2645 769 Phrygius,
2670 697 2875 763 Parius,
2900 696 3121 767 Poenus,
3155 696 3529 765 Lacedaemon,

2016 789 2345 860 Purpureus,
2378 787 2584 851 viridis,
2612 788 2937 855 maculosus,
2968 789 3205 844 eburnus
3228 798 3283 845 et
3309 788 3485 846 albus.

2017 882 2202 938 Postes
2234 879 2554 952 chrysolithi
2595 879 2772 936 fulvus
2796 880 3101 951 diffulgurat
3128 881 3311 952 ardor,

2019 972 2300 1037 Mirrliina,
2326 970 2713 1040 sardonyches,
2737 970 3093 1042 amethystus,
3122 970 3325 1041 Iberus,
3352 970 3532 1044 iaspis.

2023 1063 2204 1132 Indus,
2238 1062 2593 1130 Calchidicus,
2627 1063 2934 1133 Scythicus,
2970 1061 3229 1134 beryllus,
3260 1063 3500 1133 achates,

2024 1160 2293 1216 Attollunt
2322 1158 2559 1229 duplices
2585 1157 2791 1228 argenti
2820 1155 3038 1211 cardine
3074 1155 3276 1223 valvas,

2024 1250 2128 1308 Per
2149 1267 2284 1321 quas
2312 1250 2501 1307 inclusi
2531 1250 2704 1305 lucem
2729 1250 2899 1305 vomit
2926 1247 3115 1303 umbra
3157 1246 3443 1318 smaragdi.

2026 1344 2188 1417 365
2214 1342 2422 1399 Limina
2446 1357 2660 1399 crassus
2687 1357 2827 1414 onyx
2883 1346 3107 1409 crustat,
3139 1345 3461 1410 propterque
3485 1336 3612 1408 hya-

3357 1427 3548 1503 [cintbi

2029 1531 2240 1589 Caerula
2264 1527 2591 1585 concordem
2628 1526 2832 1582 faciunt
2868 1526 2921 1582 in
2950 1535 3138 1596 stagna
3167 1522 3427 1579 colorem.

2032 1622 2284 1680 Exterior
2304 1636 2409 1675 non
2440 1627 2655 1689 compta
2687 1618 2849 1683 silex,
2883 1617 2978 1672 sed
3010 1615 3278 1687 prominet
3299 1614 3409 1670 alte

2035 1718 2210 1786 Asper
2232 1714 2300 1769 ab
2328 1712 2547 1767 assiduo
2575 1709 2914 1782 lympharum
2941 1707 3166 1764 verbere
3190 1721 3405 1777 pumex.

1961 1801 2012 1862 Β
2040 1808 2296 1865 Interiore
2332 1806 2454 1861 loco
2478 1802 2751 1859 simulavit
2779 1801 3039 1858 Mulciber
3067 1815 3200 1856 auro

2040 1904 2328 1959 Exstantes
2351 1899 2457 1954 late
2486 1896 2761 1968 scopulos,
2792 1905 2953 1966 atque
2974 1903 3089 1951 arte
3125 1893 3377 1965 magistra

2040 1992 2281 2063 ’lngenti
2314 1989 2460 2045 cultu
2488 1997 2696 2044 natura}
2722 1987 2920 2043 inculta
2952 1985 3156 2043 fefellit.

2040 2083 2177 2140 Huic
2206 2083 2357 2154 operi
2389 2079 2667 2145 insistens,
2689 2080 2831 2150 quod
2862 2079 3091 2135 necdum
3109 2085 3331 2133 noverat
3351 2075 3460 2144 illa,

2039 2176 2170 2244 Quae
2201 2190 2298 2245 pro
2320 2172 2627 2229 Lemniacis
2648 2171 2923 2227 damnavit
2952 2171 3091 2226 furta
3115 2168 3341 2225 catenis.

2114 2267 2420 2338 Squameus
2451 2266 2555 2319 huc
2576 2263 2789 2329 Triton,
2822 2263 3049 2333 duplicis
3079 2260 3314 2317 confinia
3348 2256 3492 2314 dorsi

2042 2364 2160 2432 Qua
2202 2369 2419 2427 coeunt,
2452 2374 2614 2429 supra
2644 2358 2948 2414 sinuamina
2975 2356 3169 2412 tortilis
3192 2353 3318 2420 alvi,

2042 2457 2192 2514 Inter
2220 2469 2388 2526 aquas
2414 2452 2590 2509 calido
2618 2453 2866 2522 portabat
2890 2450 3053 2507 corde
3077 2449 3321 2504 Dionem.

2047 2549 2156 2607 Sed
2181 2548 2373 2617 premit
2404 2547 2618 2614 adjecto
2647 2544 2909 2600 radiantis
2938 2542 3178 2613 pondere
3202 2537 3427 2596 conchte

2048 2640 2300 2699 Semiferi
2330 2640 2547 2695 Galatea
2581 2638 2742 2705 latus,
2772 2636 2914 2707 quod
2943 2635 3131 2705 pollice
3153 2635 3260 2689 fiito

2050 2734 2236 2797 Vellit,
2271 2744 2323 2788 et
2352 2731 2561 2787 occulto
2588 2730 2818 2800 spondet
2862 2728 3127 2783 connubia
3160 2736 3328 2781 tactu.

2051 2824 2189 2883 Tum
2217 2823 2458 2896 gaudens
2488 2828 2768 2893 torquente
2792 2821 2939 2890 joco,
2961 2819 3203 2876 subridet
3228 2824 3435 2873 amator

2056 2921 2313 2987 Vulnere,
2340 2918 2563 2989 jamque
2587 2932 2736 2972 suam
2764 2916 3003 2986 parcenti
3028 2916 3195 2985 piStre
3220 2914 3470 2983 ﬂagellat.

2060 3014 2211 3071 Pone
2241 3011 2389 3068 subit
2417 3009 2609 3066 turmis
2634 3008 2982 3080 flagrantibus
3005 3022 3195 3077 agmen
3228 3008 3504 3061 Amorum.

2059 3106 2158 3163 llic
2186 3104 2405 3160 cohibet
2432 3101 2684 3172 delphina
2710 3102 2873 3166 rosis,
2893 3099 3158 3170 viridique
3181 3099 3415 3169 juveuco

1980 3176 2031 3243 (ἶ
2059 3200 2157 3257 llic
2188 3207 2395 3263 vectus,
2422 3196 2619 3266 spretis
2648 3193 2847 3266 pendet
2893 3209 2988 3263 per
3024 3208 3227 3249 cornua
3251 3191 3440 3260 frenis,

2062 3293 2129 3350 Hi
2155 3302 2360 3348 stantes
2387 3297 2533 3345 motu
2564 3288 2813 3352 titubant,
2846 3286 3132 3356 plantaque
3169 3282 3406 3341 madenti

2060 3384 2361 3450 Labuntur,
2393 3381 2710 3451 firmantque
2742 3378 2933 3449 pedum
2961 3377 3182 3447 vestigia
3215 3374 3414 3447 pinnis.

2066 3476 2163 3532 Illa
2192 3480 2477 3531 recurvato
2506 3470 2797 3527 demiserat
2823 3485 2916 3525 ora
2941 3471 3143 3524 lacerto

2061 3566 2244 3623 Mollia
2269 3584 2283 3620 :
2311 3562 2623 3619 marcebant
2652 3562 2832 3625 violm,
2865 3560 3187 3630 graviorque
3214 3571 3410 3629 sopore

2067 3666 2317 3735 (Imperat
2342 3662 2526 3717 attritu
2552 3652 2742 3715 florum
2772 3656 3105 3713 descendere
3132 3656 3340 3710 cervix.

2068 3758 2229 3815 Solus
2261 3755 2329 3812 de
2356 3767 2582 3810 numero
2610 3752 2857 3817 fratrum,
2885 3749 2974 3819 qui
3004 3747 3279 3818 pulchrior
3304 3744 3396 3800 ille
3419 3751 3525 3807 est,

2070 3851 2266 3907 Deerat
2293 3847 2478 3910 Amor,
2512 3844 2636 3898 dum
2670 3841 2802 3897 festa
2831 3850 2981 3912 parat
3012 3837 3367 3894 celeberrima
3396 3832 3587 3900 Gallis,

2074 3950 2099 3980 ι
2132 3941 2263 4008 Qua:
2289 3950 2444 3992 socer
2467 3934 2786 4001 Ommatius,
2816 3944 3127 4003 magnorum
3156 3929 3327 3999 major
3350 3940 3589 3994 avorum,

2073 4033 2428 4101 Patriciaeque
2455 4043 2623 4099 nepos
2646 4029 2839 4099 gentis,
2871 4034 3031 4093 natae,
3062 4039 3368 4095 generoque

2077 4123 2293 4181 Excolit
2322 4120 2575 4192 auspiciis
2601 4121 2787 4175 faustis
2814 4138 2826 4172 :
2853 4120 2946 4175 sed
2977 4117 3124 4173 fulsit
3153 4124 3209 4173 ut
3237 4115 3328 4171 ille
3367 4122 3382 4141 ·

2074 4275 2251 4341 n,_ep.
2282 4259 2602 4341 2.nPhrygii.,
2628 4259 2843 4341 hoc_est
2868 4256 3167 4341 Sinnadici,
3193 4254 3453 4327 puniceus
3468 4261 3525 4313 et
3543 4265 3663 4310 ma-

2073 4329 2314 4390 culosus.
2347 4329 2549 4387 Statius
2579 4329 2631 4384 in
2662 4329 2860 4385 Balneo
2886 4329 3097 4384 Etrusci
3125 4346 3139 4383 :

2170 4423 2393 4485 Purpura
2415 4422 2535 4482 sola,
2558 4435 2675 4471 cavo
2703 4421 2928 4485 Phrygia:
2954 4434 3097 4485 quam
3120 4418 3357 4485 Sinnados
3372 4412 3519 4468 'antro

2169 4480 2286 4548 Ipse
2307 4480 2581 4535 cruentavit
2598 4480 3101 4533 maculis'lucentibus
3128 4480 3262 4542 Atys.

2074 4568 2219 4623 Parii
2250 4568 2423 4622 albus.
2482 4567 2540 4620 In
2590 4567 2767 4633 Burgo
2797 4565 3001 4620 Leontii
3027 4584 3039 4617 :
3072 4564 3387 4618 Gaudentem
3400 4566 3515 4633 jam
3539 4561 3658 4614 nolo

2070 4638 2281 4763 Pagan.
2330 4637 2514 4691 Punici
2564 4652 2660 4690 seu
2691 4632 2956 4691 Numidici
3001 4635 3291 4691 eburneus.
3337 4632 3667 4703 Panegyrico

2077 4723 2147 4765 eo
2185 4723 2303 4763 em:

2522 4794 2792 4845 Numadum
2812 4795 2937 4858 lapis
2960 4796 3151 4847 additur
3172 4796 3308 4857 istis,

2278 4859 2545 4921 Antiquum
2568 4858 2814 4909 menditus
2839 4860 2978 4909 ebur.

2078 4941 2335 5008 Laconici
2377 4939 2586 4997 viridis.
2638 4932 2959 4998 Prudentius
2997 4942 3052 4997 in
3082 4940 3463 5013 Symmachum
3486 4974 3518 4995 ..
3541 4977 3557 4993 .

2212 5043 2333 5104 Quae
2356 5043 2527 5094 viridis
2549 5042 2870 5095 Lacedaemon
2889 5044 3040 5095 habet
3057 5042 3401 5106 maculosaque
3423 5042 3615 5092 Sinnas.

2090 5125 2297 5184 Statius
2328 5143 2340 5181 :
2373 5125 2474 5180 Hic
2506 5126 2639 5181 dura
2679 5125 2940 5183 Laconum
2991 5144 3119 5183 saxa
3156 5127 3339 5183 virent.
3386 5127 3461 5183 De
3490 5125 3680 5183 iisdem

2091 5198 2343 5254 omnibus
2372 5198 2425 5254 in
2457 5198 2633 5269 Burge
2660 5198 2895 5256 Leontii.

2163 5270 2400 5342 cAlberiae
2446 5267 2616 5342 pater,
2640 5270 2727 5342 ad
2769 5286 2925 5342 quem
2969 5279 3055 5327 est
3093 5270 3299 5328 Sidonii
3339 5282 3555 5342 carmen
3588 5267 3677 5321 I7.

2095 5337 2267 5408 Hujus
2293 5337 2487 5394 nomen
2518 5337 2799 5408 Ruricius,
2831 5351 2891 5396 ut
2933 5356 3052 5397 mos
3092 5350 3229 5409 erat,
3262 5343 3312 5396 in
3359 5340 3470 5395 lilio
3498 5346 3681 5408 postea

2016 5460 2021 5465 .
2096 5412 2395 5466 renovavit.
2440 5410 2577 5466 Filio
2616 5413 2758 5466 enim
2788 5413 3037 5467 Ommatii
3081 5429 3273 5469 nomen
3317 5410 3591 5479 imposuit,
3620 5417 3678 5464 ut

2093 5480 2285 5537 videre
2311 5489 2395 5535 est
2420 5481 2473 5536 in
2501 5481 2617 5549 ejus
2644 5482 2867 5551 epistola
2899 5484 2985 5549 I8,
3010 5484 3102 5539 lib.
3136 5501 3174 5548 ι.
3195 5494 3249 5540 et
3274 5484 3361 5537 27.
3396 5482 3488 5537 lib.
3522 5496 3580 5535 II.
3605 5479 3683 5533 Ex

2092 5552 2287 5619 quibus
2333 5551 2435 5606 hoc
2478 5553 2640 5606 etiam
2688 5553 2941 5621 colligere
2989 5563 3091 5618 est,
3137 5554 3461 5610 Ommatium
3513 5551 3683 5605 filium

2090 5631 2245 5698 patre
2287 5625 2591 5698 superstite_
2627 5621 2681 5698 in
2726 5624 2931 5683 clerum
2957 5623 3231 5693 allectum,
3277 5622 3684 5698 presbyterique

2044 5762 2047 5765 _
2093 5693 2262 5763 gradu
2292 5700 2538 5750 ornatum
2567 5692 2751 5755 fuisse.

464 5798 480 5830 ⁸
536 5796 786 5858 Barthius
832 5797 1215 5877 innadversarq
1258 5814 1379 5873 pag.
1420 5797 1582 5867 I536,
1613 5800 2156 5901 Iegitiugeniictv‘ltu.
