4060 6332
561 250 681 341 ποτ
1820 274 2062 335 smouu
2106 275 2563 335 APOLLINARIS
3744 272 3839 337 703

560 394 723 466 366
748 395 906 450 Forte
932 394 1064 463 dies,
1097 401 1318 447 matrem
1347 391 1508 446 celeri
1541 392 1672 460 petit
1701 391 1815 463 ipse
1843 390 2045 445 volatu.

465 546 469 551 ,
559 486 722 555 Cujus
752 485 856 547 fax,
884 499 1059 550 arcus,
1094 492 1119 520 α
1146 492 1364 556 corytus
1398 483 1664 554 pendebat
1690 501 1702 537 :
1726 491 1779 537 at
1809 482 1898 537 ille

559 575 823 639 Cernuus,
856 583 908 629 et
937 575 1083 628 Item:
1114 575 1346 643 pendens
1378 574 1430 627 in
1464 575 1703 643 margine
1737 574 1948 644 palmas,

556 666 799 721 Libratos
827 681 923 738 per
953 666 1108 720 inane
1141 666 1299 735 pedes
1331 666 1651 720 adverberat
1684 666 1803 733 alis,

554 760 746 814 Oscula
776 761 852 813 sic
880 761 1067 814 matris
1094 774 1343 829 carpens,
1375 776 1673 830 somnoque
1698 759 1893 816 refusa:

552 852 893 920 SemisOpora
920 852 1021 908 levi
1051 850 1327 923 scalpebat
1355 850 1553 906 lumina
1586 868 1777 922 penna.

551 942 682 998 Tum
712 944 859 1012 prior
892 944 972 999 liis
1000 944 1178 998 alacer
1211 944 1393 1014 erepit.
1427 945 1570 998 Nova
1599 944 1792 1016 gaudia
1825 953 1979 1014 porto

550 1033 743 1091 Felicis
772 1037 987 1107 praedae,
1019 1037 1277 1108 genitrix;
1321 1037 1461 1091 calet
1484 1037 1570 1091 illc
1596 1038 1861 1106 superbus

548 1126 795 1183 Ruricius
822 1131 1019 1184 nostris
1047 1130 1274 1196 facibus,
1307 1122 1561 1200 dulcique
1580 1147 1788 1187 veneno

548 1220 762 1290 Tactus,
798 1223 1029 1277 votivum
1061 1224 1296 1293 suspirat
1325 1224 1487 1278 corde
1517 1223 1784 1279 dolorem.

547 1313 708 1379 Esset
738 1316 781 1371 si
808 1332 1046 1397 praesens
1074 1328 1225 1385 tetas,
1260 1318 1595 1388 impenderet
1618 1318 1694 1373 illi

547 1406 798 1464 Lemnias
827 1409 1131 1483 imperium,
1159 1408 1350 1466 Cressa
1378 1419 1583 1467 stamen
1612 1409 1925 1481 labyrinthi,

540 1499 759 1556 Alceste
786 1501 968 1565 vitam,
1000 1501 1159 1557 Circe
1189 1502 1408 1573 herbas,
1444 1519 1598 1573 poma
1624 1502 1873 1575 Calypso.

545 1594 723 1665 Scylla
750 1608 950 1660 comas,
986 1595 1233 1651 Atalanta
1267 1598 1449 1665 pedes,
1484 1596 1668 1652 Medea
1694 1598 1925 1665 furores,

544 1688 875 1757 Hippodame
901 1702 1074 1756 ceras,
1104 1704 1273 1761 cycno
1300 1689 1434 1745 Jove
1460 1700 1581 1745 nata
1614 1707 1889 1746 coronam.

544 1777 677 1835 Huic
706 1778 839 1835 Dido
872 1780 924 1834 in
958 1781 1179 1846 ferrum,
1209 1781 1366 1836 simul
1394 1783 1445 1835 in
1473 1784 1760 1854 suspendia
1789 1782 2011 1857 Phyllis,

542 1871 760 1929 Evadne
785 1875 836 1927 in
868 1873 1137 1943 ﬂammas,
1168 1884 1222 1930 et
1252 1874 1461 1931 Sestias
1493 1876 1622 1932 isset
1645 1878 1698 1931 in
1731 1878 1919 1933 undas.

613 1965 706 2022 llis
734 1966 849 2021 haec
873 1966 962 2021 illa
990 1966 1179 2029 refert,
1210 1967 1537 2035 Gaudemus,
1575 1979 1719 2036 nate,
1752 1970 2008 2025 rebellem

541 2058 697 2126 Quod
721 2059 916 2128 vineis,
942 2059 1234 2132 laudasque
1258 2061 1468 2126 virum;
1498 2062 1589 2116 sed
1619 2061 1787 2116 forma
1813 2063 2008 2134 puellae
2031 2071 2133 2128 est,

539 2153 711 2221 Quam
743 2155 788 2209 si
818 2164 1121 2224 Spectasset
1145 2154 1413 2226 quondam
1444 2155 1821 2211 Stheneboeius
1855 2156 2039 2225 heros,

538 2246 657 2301 Non
687 2262 786 2318 pro
816 2257 1125 2317 contemptu
1155 2246 1449 2303 domuisset
1478 2258 1719 2303 monstra
1748 2248 2018 2305 Chimerze
2043 2266 2056 2301 :

538 2338 1061 2395 Thermodoontiaca
1092 2340 1178 2396 vel
1209 2344 1299 2410 qui
1330 2340 1589 2411 genitrice
1618 2343 1885 2411 superbus

539 2431 752 2501 Sprevit
778 2432 1055 2488 Gnosiacas
1082 2434 1365 2489 temeraria
1399 2444 1521 2491 vota
1554 2451 1818 2504 noverca),

538 2522 651 2579 Hac
680 2525 788 2579 visa
824 2525 1116 2594 occiderat,
1154 2527 1346 2595 fateor,
1383 2528 1480 2584 sed
1508 2529 1735 2583 crimine
1763 2543 1911 2584 vero.

536 2614 606 2671 Et
631 2618 675 2672 si
698 2617 900 2687 judicio
932 2621 1109 2678 forsan
1140 2623 1269 2677 mihi
1297 2633 1482 2692 quarta
1514 2623 1719 2691 fuisset,

536 2706 621 2765 Me
650 2724 860 2781 quoque
888 2710 1111 2768 Ilhtetea
1140 2713 1448 2770 damnasset
1475 2714 1502 2753 ι)
1526 2706 1709 2786 pastor
1732 2716 1786 2770 in
1814 2714 1925 2783 Ida,

535 2798 764 2857 Vincere
792 2804 873 2859 vel
896 2804 939 2858 si
964 2813 1137 2875 optas,
1172 2805 1328 2862 istam
1351 2806 1417 2861 da
1447 2807 1587 2862 malo
1618 2808 1846 2878 puellam

532 2893 768 2964 Dixerat,
803 2896 938 2951 hanc
964 2896 1219 2953 dederam
1258 2900 1483 2954 formam
1517 2916 1613 2971 pro
1641 2915 1865 2956 munere
1894 2900 2119 2957 formae:

532 2984 732 3042 Tantus
760 2986 931 3044 honor
954 2989 1253 3061 geniusque
1280 2992 1434 3061 genis
1459 3010 1473 3046 :
1497 2992 1693 3049 collata
1726 2994 1907 3049 rubori

530 3076 734 3136 Pallida
761 3082 927 3137 blatta
960 3083 1112 3152 latet,
1143 3084 1507 3156 depressaque
1538 3086 1739 3141 lumine
1765 3088 1939 3142 vultus

531 3169 688 3240 367
720 3171 1037 3242 Nigreseunt
1064 3174 1243 3231 vinclo
1268 3175 1552 3231 baccarum
1579 3174 1784 3246 fulgura
1816 3178 1975 3243 collo,

530 3259 608 3315 Te
631 3277 849 3331 quoque
880 3264 1215 3321 multimodis
1244 3267 1502 3322 ambisset
1530 3267 1700 3323 Iberia
1729 3270 1888 3337 ludis,

530 3353 645 3409 Axe
672 3355 899 3427 Pelops,
931 3373 1091 3413 cursu
1122 3359 1485 3430 Hippomenes
1506 3404 1520 3429 ,
1550 3361 1797 3432 luctaque
1826 3363 2114 3432 Achelous,

530 3440 731 3503 .Eneas
767 3448 953 3517 bellis,
985 3459 1256 3522 spectatus
1286 3451 1530 3524 Gorgone
1556 3454 1801 3512 Perseus.

528 3539 638 3597 Nec
665 3542 839 3599 minor
868 3545 983 3599 haec
1009 3546 1219 3615 Species
1236 3589 1251 3614 ,
1284 3548 1439 3603 toties
1464 3551 1547 3604 cui
1573 3548 1814 3620 Iuppiter
1838 3560 1982 3615 esset

530 3644 552 3674 ο
584 3634 733 3691 Delia
753 3678 770 3705 ,
804 3645 1019 3708 taurus,
1049 3639 1187 3709 olor,
1216 3642 1682 3713 satyrus,odraco,
1718 3644 1914 3700 fulmen
1942 3655 1997 3702 et
2023 3662 2114 3703 au-

1878 3738 2037 3809 [rum.

523 3820 699 3889 Quare
722 3837 840 3894 age,
862 3824 1193 3896 iungantur;
1229 3842 1350 3881 nam
1381 3842 1596 3895 census,
1624 3829 1813 3898 forma,
1838 3846 2112 3904 genusque

522 3913 892 3983 Conveniunt;
936 3919 1007 3974 nil
1041 3920 1124 3975 hic
1154 3920 1336 3991 dispar
1364 3930 1453 3976 tua
1482 3922 1595 3976 fixit
1620 3923 1843 3978 arundo.

521 4005 628 4062 Sed
657 4009 783 4078 quid
815 4018 935 4065 vota
965 4012 1186 4066 moror?
1228 4012 1389 4079 Dixit,
1418 4029 1744 4084 currumque
1773 4018 2034 4087 poposcit,

521 4099 618 4155 Cui
646 4101 906 4162 dederant
934 4105 1183 4175 crystalla
1205 4106 1417 4176 jugum,
1446 4125 1564 4178 qua:
1592 4111 1788 4178 frigore
1818 4112 1992 4181 primo

520 4197 678 4252 Orbis
709 4198 882 4253 adhuc
914 4201 1102 4268 teneri,
1137 4202 1332 4272 glacies
1360 4206 1449 4258 ubi
1476 4204 1748 4259 Caucason
1784 4215 1957 4275 auget,

510 4288 743 4345 Strinxit
770 4292 1129 4363 Hyperboreis
1157 4294 1431 4350 Tanaitica
1457 4308 1633 4352 crusta
1665 4298 1888 4367 pruinis,

517 4380 771 4443 Naturam
804 4401 1019 4441 sumens
1044 4403 1287 4458 gemmae,
1322 4394 1442 4461 quia
1471 4392 1700 4460 perdidit
1730 4392 1906 4446 undze.

516 4471 762 4530 Perforat
792 4478 928 4532 hanc
958 4478 1101 4535 fulvo
1130 4480 1390 4536 formatus
1418 4491 1560 4537 teuto
1590 4483 1802 4540 metallo
1835 4501 1849 4538 :

512 4563 732 4623 Miserat
759 4568 859 4625 hoc
888 4570 1097 4639 fluvius,
1132 4575 1284 4644 cujus
1310 4576 1410 4632 sub
1438 4576 1645 4646 gurgite
1676 4576 1936 4648 Nympha:

583 4772 771 4854 fDuas
806 4774 1020 4854 priores
1050 4776 1102 4829 in
1148 4788 1341 4848 goryto
1385 4779 1660 4849 corripuit,
1694 4790 1889 4851 praeter
1926 4786 2089 4853 etymi

514 4845 964 4925 rationem._Nam
1010 4845 1353 4925 gorytns'est
1403 4845 1655 4925 yropta‘reg,
1689 4845 1900 4925 proprie
1947 4845 2089 4918 τόξου

514 4916 653 4991 Primi,
688 4923 744 4968 ut
772 4917 1017 4991 pharetra
1040 4916 1384 4991 sagittarum,
1410 4916 1591 4991 sagina
1634 4916 1803 4977 scuti:
1827 4916 2090 4980 Homerus

513 4984 657 5078 Iliad.
689 5009 733 5078 φ1
751 4984 967 5078 εξᾼῖνιξτο
994 4984 1138 5078 τὸξΊοῦ
1314 4984 1549 5078 νγώρυτξῤ.
1569 4993 1661 5049 llic
1693 5011 1789 5064 pro
1818 4999 2085 5065 pharetra,

512 5066 570 5136 ut
598 5057 735 5136 apud
756 5057 997 5136 Statium
1022 5057 1353 5136 :Cielestibtts
1380 5057 1553 5132 {inplet
1591 5057 1830 5135 θοι-ῥιπαιί
1853 5068 2000 5131 telis;
2039 5057 2091 5122 et

510 5127 562 5183 in
578 5126 814 5201 Classis,
846 5140 1056 5201 gorytus
1077 5131 1341 5201 βελοθήκη.

578 5197 605 5236 ὀ
631 5199 797 5275 Paris.
835 5197 1097 5275 l'beriatn',
1150 5205 1356 5270 inquit,
1392 5206 1605 5261 Helena:
1638 5210 1956 5275 praetulisset
1993 5210 2088 5262 Pa-

509 5271 614 5334 ris;
635 5270 904 5350 istamque
924 5273 1048 5338 sibi,
1072 5275 1113 5350 si
1136 5279 1281 5350 optio
1309 5275 1465 5350 foret,
1493 5297 1525 5350 :t
1548 5270 1765 5350 nte-dari
1794 5281 2086 5335 maluisset.

581 5350 602 5379 ε
633 5342 817 5411 Diana,
841 5344 958 5399 sive
989 5354 1045 5399 ut
1076 5347 1127 5400 in
1156 5342 1377 5403 Poletnii
1405 5349 1767 5423 epithalamio,
1788 5352 2045 5421 Dictynna
2074 5368 2086 5403 :

597 5454 803 5525 iamque
826 5456 1064 5525 Jovem_i_n
1086 5458 1261 5509 formas
1286 5468 1458 5525 mutat,
1479 5463 1657 5525 quibus
1679 5462 1761 5511 ille
1784 5470 1962 5511 tenere

601 5515 979 5588 ynei'nosynem,
993 5520 1237 5588 Europam
1249 5562 1261 5584 ,
1275 5515 1521 5573 Semelem
1534 5564 1545 5584 ,
1562 5523 1759 5581 Ledam,
1776 5525 2086 5588 Cynosuram,

599 5576 833 5641 Serpens,
858 5576 1192 5645 bos,'fulme‘u,
1216 5576 1410 5648 cycnus,
1440 5576 1673 5649 Dictynna
1701 5576 1909 5636 solebat.

507 5685 621 5762 ς)υο
652 5702 715 5740 ex
768 5689 883 5741 loco
930 5700 1072 5757 patet
1101 5709 1331 5762 quonam
1373 5693 1458 5747 hic
1508 5694 1697 5747 referri
1746 5693 1958 5761 singula
1987 5692 2084 5747 de-

500 5752 666 5814 Iteant
685 5797 702 5827 ,
753 5752 947 5829 praeter
970 5752 1242 5832 Satyrum,
1269 5767 1355 5833 qui
1402 5766 1466 5819 ad
1495 5763 1805 5833 Antiopam.
1834 5752 2086 5819 Crzecum

2180 393 2229 448 Δ
2262 389 2602 460 Mygdonium
2631 388 2819 447 fovere
2844 386 3060 456 Midam,
3094 388 3184 459 qui
3209 402 3411 463 pauper
3440 386 3491 443 in
3520 403 3652 443 auro

2253 480 2456 536 Ditavit
2483 482 2668 537 versis.
2683 480 2887 536 Pactoli
2912 479 3131 535 flumina
3162 481 3317 534 votis.

2255 575 2514 646 Splendet
2540 575 2828 647 perSpieuo
2856 574 3035 629 radios
3062 582 3177 628 tota
3209 574 3449 642 margine
3475 574 3698 643 cingens

2250 669 2579 724 Marmaricae
2605 669 2673 725 de
2702 666 2855 724 fauce
2879 666 3029 733 ferae,
3053 666 3179 721 dum
3208 665 3382 723 bellua
3407 665 3587 725 curvis

2250 761 2508 816 Dentibus
2536 763 2777 817 excussis
2800 760 2970 832 gemit
2998 762 3327 817 exarmarier
3352 774 3468 815 ora.

2250 852 2393 909 Misit
2419 862 2474 909 et
2499 853 2603 909 hoc
2632 866 2850 920 munus,
2881 852 3090 922 tepidas
3117 852 3210 922 qui
3237 852 3412 909 nudus
3431 851 3693 922 Erythras

2247 946 2509 1003 Concolor
2539 946 2803 1017 Ethiopi,
2831 946 2917 1003 vel
2949 947 3153 1003 crinem
3184 946 3394 1017 pinguis
3413 961 3628 1003 amomo

2248 1040 2452 1095 Fluxus
2473 1041 2711 1097 odoratis
2739 1048 2903 1097 vexat
2936 1039 3216 1095 venatibus
3247 1038 3427 1094 Indus.

2247 1134 2341 1188 llla
2371 1144 2547 1190 tamen
2581 1134 2727 1203 pasci
2752 1143 2937 1190 suetos
2966 1149 3063 1203 per
3087 1131 3301 1204 Cypron
3329 1132 3511 1188 olores

2247 1225 2447 1281 Vittata
2469 1226 2684 1297 stringit
2707 1238 2904 1297 myrto,
2936 1227 3089 1295 queis
3121 1234 3312 1280 caetera
3346 1225 3516 1280 tensis

2248 1319 2441 1375 Lactea
2474 1320 2703 1389 puniceo
2732 1320 3016 1374 sinuantur
3045 1320 3181 1373 colla
3208 1317 3435 1373 corallo.

2318 1412 2461 1482 Ergo
2490 1412 2594 1466 iter
2615 1412 2852 1481 aggressi
2881 1428 2892 1463 :
2919 1409 3160 1479 pendens
3192 1419 3307 1464 rota
3333 1410 3508 1464 sulcat
3536 1410 3749 1466 inanem

2247 1506 2408 1570 Aera,
2440 1514 2493 1559 et
2520 1504 2573 1558 in
2601 1503 2803 1574 liquido
2829 1518 2935 1557 non
2967 1502 3194 1557 solvitur
3219 1502 3391 1556 orbita
3422 1509 3616 1557 tractu.

2246 1598 2342 1652 Hic
2372 1596 2564 1667 triplex
2599 1611 2706 1651 uno
2731 1596 3017 1651 comitatur
3041 1595 3211 1664 gratia
3242 1610 3404 1658 nexu,

2245 1691 2342 1745 Hic
2371 1689 2576 1746 redolet
2602 1690 2787 1760 paullo
2810 1688 3038 1744 fortuna:
3064 1688 3216 1757 copia
3244 1702 3436 1751 cornu,

2169 1755 2217 1815 B
2242 1783 2405 1855 368
2431 1783 2531 1839 Hie
2569 1755 2776 1853 spargit
2799 1780 3026 1837 calathis
3052 1755 3145 1835 sed
3176 1780 3337 1835 flores
3362 1780 3518 1834 Flora
3548 1792 3822 1848 perennes.

2240 1877 2338 1931 IIic
2366 1877 2621 1931 Cererem
2648 1874 2884 1930 Siculam
2914 1872 3144 1928 Pharius
3173 1873 3460 1927 comitatur
3487 1871 3678 1935 Osiris,

2242 1970 2337 2024 Hic
2364 1968 2614 2038 gravidos
2642 1967 2880 2021 Pomona
2910 1966 3060 2020 sinus
3091 1980 3188 2034 pro
3218 1973 3461 2034 tempore
3492 1971 3690 2034 portat,

2239 2060 2335 2114 Hic
2369 2060 2547 2115 Pallas
2576 2058 2808 2115 madidis
2839 2056 2985 2114 venit
3013 2057 3154 2112 inter
3182 2056 3328 2127 prela
3358 2056 3599 2125 trapetis.

2240 2154 2335 2206 llic
2356 2152 2609 2209 distincta
2639 2152 2778 2206 latus
2807 2150 3080 2205 maculosa
3111 2148 3332 2203 nebride
3355 2148 3533 2220 Thyas

2238 2243 2416 2311 Indica
2443 2244 2709 2299 Echionio
2734 2242 2939 2299 Bromii
2964 2250 3107 2297 rotat
3132 2240 3283 2311 orgia
3309 2240 3519 2311 thyrso.

2238 2339 2332 2394 Hic
2364 2346 2419 2393 et
2445 2337 2635 2408 Sigteis
2662 2337 2929 2407 specubus
2953 2336 3047 2407 qui
3074 2333 3341 2404 Dindyma
3364 2332 3521 2398 ludit,

2234 2432 2349 2486 Jam
2381 2442 2557 2488 sectus
2585 2432 2784 2488 recalet
2804 2428 3072 2501 Corybas,
3105 2429 3188 2483 cui
3216 2435 3433 2497 gutture
3463 2439 3595 2480 ravo

2236 2525 2415 2597 Ignem
2445 2540 2541 2596 per
2568 2525 2768 2581 bifores
2797 2532 3081 2594 regemunt
3109 2536 3237 2576 cava
3264 2520 3407 2575 buxa
3432 2532 3721 2575 cavernas.

2302 2618 2393 2673 Sic
2416 2626 2638 2673 ventum
2666 2617 2732 2672 ad
2758 2616 3023 2671 thalamos
3058 2632 3073 2669 :
3104 2615 3257 2680 thus,
3286 2612 3491 2669 nardus
3510 2652 3527 2678 ,
3559 2611 3811 2677 balsama,

3501 2703 3761 2777 [myrrhze

2231 2806 2328 2861 Hic
2357 2813 2506 2872 sunt,
2537 2803 2624 2861 hic
2649 2803 2869 2874 phoenix
2896 2802 3039 2859 busti
3071 2802 3164 2857 dat
3190 2802 3435 2857 cinnama
3463 2800 3593 2855 vivi,

2228 2897 2482 2953 Proxima
2507 2899 2637 2967 quin
2665 2898 2827 2952 etiam
2859 2897 3119 2951 festorum
3148 2894 3331 2949 aftlata
3359 2893 3567 2959 calore,

2224 2991 2341 3047 Jam
2367 2992 2542 3046 minus
2570 2990 2715 3060 alget
2743 2990 2937 3057 hiems,
2964 2989 3306 3059 speciemque
3339 2986 3578 3041 tenentia
3605 2998 3811 3040 vernam

2228 3083 2341 3139 Hoc
2366 3082 2496 3138 dant
2526 3091 2653 3137 vota
2682 3082 2821 3149 loco,
2857 3080 2998 3153 quod
3032 3095 3137 3135 non
3169 3080 3298 3135 dant
3326 3088 3569 3149 tempora
3601 3078 3809 3133 mundo.

2228 3176 2363 3231 Tum
2384 3176 2599 3246 juvenis
2626 3174 2872 3231 dextram
2905 3174 3108 3245 Paphie
3142 3172 3502 3244 dextramque
3526 3171 3713 3244 puella:

2228 3267 2624 3340 Complectens,
2658 3270 2841 3341 paucis
2869 3268 3066 3324 cecinit
3092 3268 3352 3324 solemnia
3380 3267 3558 3335 dictis,

2227 3361 2304 3417 Ne
2332 3362 2571 3418 facerent
2600 3362 2685 3418 vel
2707 3361 2867 3417 verba
2891 3376 3127 3427 moram;
3168 3359 3425 3417 Feliciter
3446 3375 3611 3415 :evutn

2231 3456 2416 3510 Ducite
2439 3455 2765 3519 concordes,
2808 3454 2916 3509 sint
2944 3454 3076 3514 nati,
3107 3452 3321 3522 sintque
3348 3461 3581 3524 nepotes,

2225 3548 2423 3604 Cernat
2448 3558 2502 3605 et
2529 3548 2583 3603 in
2614 3561 2816 3619 proavo
2847 3546 3062 3601 sibimet
3090 3543 3231 3616 quod
3262 3558 3531 3617 pronepos
3553 3550 3716 3615 optet.

2806 3662 2991 3719 CARM
3001 3661 3088 3719 EN
3126 3661 3239 3719 XII.

2221 3760 2248 3801 δ
2285 3779 2352 3818 ΔΙ)
2390 3777 2444 3815 ν.
2485 3777 2536 3817 C.
2575 3773 2932 3825 CATULLINUI,
2973 3772 3109 3820 QUOD
3148 3772 3387 3812 PROPTER
3424 3767 3808 3811 BOS'I'ILITA‘I‘EI

2250 3847 2599 3889 BARBARORUM
2638 3846 3033 3889 EPITIIALAHIUM
3074 3843 3326 3883 SCBIDERE
3365 3843 3465 3883 NON
3507 3840 3773 3882 VALEBET.

2285 3912 2429 3995 Quid
2453 3941 2560 3993 me,
2594 3933 2649 3979 et
2677 3923 2723 3979 si
2750 3922 2977 3987 valeam,
3004 3936 3193 3992 parare
3223 3936 3440 3978 carmen

2215 4017 2672 4077 Fescenninicolae
2689 4016 2848 4088 jubes
2879 4017 3094 4079 Diones,

2216 4116 2362 4171 Inter
2383 4113 2677 4183 crinigeras
2700 4110 2859 4165 situm
2892 4118 3153 4175 catervas,

2218 4209 2282 4262 Et
2309 4205 2625 4262 Germanica
2657 4202 2818 4258 verba
2844 4201 3219 4269 sustinentem,

2215 4298 2543 4352 Laudantem
2574 4292 2766 4349 tetrico
2791 4290 3020 4347 subinde
3047 4291 3214 4355 vultu,

2212 4392 2372 4462 369
2401 4388 2553 4456 Quod
2582 4384 2889 4456 Burgundio
2914 4391 3093 4439 cantat
3120 4381 3444 4447 esculentus,

2208 4484 2497 4539 Infundens
2521 4482 2674 4538 acido
2702 4494 2909 4536 comam
2940 4476 3166 4549 butyro?

2125 4575 2180 4636 D
2207 4578 2296 4633 Vis
2325 4576 2501 4632 dicam
2528 4575 2624 4631 tibi
2651 4572 2777 4644 quid
2809 4586 2997 4643 poema
3024 4568 3286 4639 frangat?

2207 4780 2531 4852 epigramma
2556 4792 2570 4828 :

2410 4874 2532 4931 Ζεὺς
2558 4866 2765 4952 ξῦκνοςε
2787 4865 3262 4952 τᾳῦροςηςάτυρος,
3296 4860 3500 4947 χρύσςος
3529 4858 3600 4917 δι’
3637 4859 3823 4939 ἔρωτα

2484 4939 2669 5001 Λήδης,
2701 4937 2972 5010 sapam,
3001 4937 3288 5001 ’Δντιόπης,
3320 4937 3538 4995 Δανάης.

2276 5053 2430 5127 ιω,
2455 5050 2491 5127 ἀν
2520 5051 2847 5127 Catullinum
2879 5048 3050 5127 virum
3084 5046 3368 5127 illustrem,
3398 5050 3452 5098 et
3472 5044 3829 5127 commilitio

2197 5112 2647 5181 sim'ETniliarem
2678 5123 2815 5176 dixit
2852 5118 3077 5188 epistola
3122 5117 3210 5184 tt,
3258 5115 3354 5170 lib.
3386 5130 3423 5169 I.
3456 5114 3543 5169 Ab
3577 5112 3701 5188 hoc
3733 5129 3826 5168 ro-

2234 5205 2352 5251 atus
2378 5206 2438 5249 ut
2468 5194 2864 5264 epithalamium
2890 5186 3174 5264 scriberet,
3201 5194 3359 5264 negat
3378 5201 3438 5253 se
3468 5199 3650 5264 posse
3680 5186 3829 5241 inter

2234 5212 2352 5251 atus
2378 5212 2438 5249 ιιι
2468 5212 2864 5264 Opltllatamlum
2892 5212 3174 5257 scriberet,
3201 5212 3359 5257 uegit
3378 5212 3438 5253 at:
3468 5212 3650 5254 μυδδυ
3681 5212 3826 5241 Iulcr

2194 5212 2605 5337 gurguudiones
2635 5305 2650 5329 ,
2700 5279 2819 5318 cum
2870 5261 3064 5337 quibus
3114 5261 3459 5337 versabatur:
3498 5256 3625 5311 Iios
3685 5273 3826 5326 ergo

2194 5327 2489 5407 crinigeros
2514 5327 2712 5397 vocat,
2748 5344 2803 5388 ut
2847 5327 3081 5400 reliquos
3108 5329 3402 5387 Germanos
3443 5327 3723 5382 Lucanus
3771 5337 3826 5382 et

2194 5408 2543 5463 Claudianus.
2564 5408 2811 5461 lnsuaves
2841 5414 3098 5473 praeterea
3130 5411 3186 5457 et
3206 5414 3426 5473 asperos
3447 5414 3660 5473 coriam
3689 5415 3828 5455 cau-

2194 5488 2277 5536 tus
2311 5490 2492 5535 notat:
2515 5478 2699 5549 quales
2725 5469 3154 5549 Transrhenanis
3176 5472 3360 5549 tribuit
3388 5471 3512 5549 item
3544 5469 3827 5549 Julia_nus
3900 5508 3905 5511 ς

2193 5549 2246 5605 in
2272 5544 2612 5622 Misopngdtte
2637 5546 2977 5622 τἘθεασᾷμην
3000 5548 3168 5618 μέντοι
3181 5547 3299 5622 τοὺς
3316 5544 3447 5615 ὑπὲρ
3467 5549 3659 5622 Ῥῆνον
3693 5544 3831 5617 βαρ·

2194 5613 2592 5699 εἴηπῇ-ὥρια
2620 5622 2742 5690 μέλη
2780 5613 2905 5699 λέξεί
2950 5613 3268 5699 πέπιξιηίξρνα
3294 5613 3667 5699 impugnata
3695 5613 3834 5699 edit:

2192 5686 2429 5767 κλει-ηαξ
2594 5686 2779 5767 τλςοιχιξΔ
2799 5691 3029 5761 βοώντων
3068 5690 3266 5766 ὀρνίθων
3294 5686 3712 5758 ἀσμενίζοντας.
3752 5688 3835 5741 καί

2193 5767 2279 5829 nio
2287 5762 2604 5832 ὸὰινοςιένους
2625 5762 2673 5815 ἐν
2704 5762 2904 5829 μέλεσι,
