4060 6332
375 292 486 356 709

376 412 453 472 Ex
483 411 582 464 hoc
611 406 903 463 barbaricis
931 406 1116 460 abacta
1143 404 1364 475 plectris

374 504 595 575 Spernit
624 500 929 571 senipedem
957 499 1152 572 stylum
1178 498 1382 560 Thalia,

377 599 459 654 Ex
484 612 590 668 quo
616 606 642 634 ι
673 595 976 666 septipedes
1007 594 1150 649 videt
1180 600 1450 664 patronos.

375 689 583 745 Felices
613 688 795 743 oculos
826 697 945 741 tuos
976 697 1029 742 et
1054 700 1230 750 aures,

376 783 722 851 Felicemque
751 780 880 834 libet
907 795 1098 834 vocare
1126 792 1336 844 nasum,

375 874 475 930 Cui
506 887 610 927 non
637 872 783 939 allia,
817 870 1150 940 sordidaaque
1177 885 1345 939 cepte,

376 965 611 1021 Ructant
639 981 794 1019 mane
824 979 962 1018 novo
991 962 1178 1018 decem
1207 952 1515 1032 apparatus.

376 1059 549 1127 Quem
578 1074 685 1112 non
711 1067 767 1111 ut
791 1056 1022 1112 vetulum
1056 1055 1219 1125 patris
1247 1062 1547 1124 parentem,

376 1148 718 1219 Nutricisque
744 1148 937 1213 virum,
962 1146 1048 1200 die
1074 1160 1172 1200 nec
1202 1154 1343 1210 orto,

377 1239 480 1294 Τοι
514 1240 750 1308 tantique
780 1246 965 1306 petunt
990 1236 1146 1290 simul
1176 1234 1450 1305 Gigantes,

378 1330 531 1397 Quod
564 1331 651 1383 vix
682 1328 889 1383 Alcinoi
920 1329 1093 1382 culina
1127 1326 1308 1382 terret.

378 1423 487 1480 Sed
510 1424 620 1491 jam
652 1423 798 1476 Musa
830 1430 989 1488 tacet,
1023 1430 1270 1491 tenetque
1295 1419 1532 1475 habenas

379 1514 571 1571 Paucis
598 1513 1052 1585 hendecasyllabis
1072 1514 1267 1584 jocata.

380 1604 410 1646 ι’
430 1606 509 1663 Nc
546 1607 823 1677 quisquam
852 1617 1086 1676 satyram
1118 1604 1201 1659 vel
1231 1606 1328 1657 hos
1358 1611 1591 1659 vocaret.

943 1717 1230 1775 CARMEN
1273 1717 1409 1773 Xlil.

425 1825 445 1853 ³
482 1829 779 1869 EPIGRAMMA
817 1828 917 1877 QUO
956 1830 1020 1867 ΑΒ
1058 1827 1395 1869 IMPERATORI;
1432 1824 1725 1867 IAJOBIANO
1765 1824 1925 1865 TRIUM
1999 1789 2046 1849 B

713 1899 936 1940 CAPITU!
975 1898 1247 1938 BBIEDIUM
1289 1898 1451 1937 POSTU
1463 1897 1645 1937 LAVIT.

383 1978 906 2050 Amphitrioniadem
937 1978 1182 2050 perhibet
1210 1979 1516 2033 veneranda
1544 1986 1785 2033 vetustas

456 2072 590 2129 Dum
614 2072 815 2128 relevat
840 2068 1031 2137 terras,
1060 2070 1419 2141 promeruisse
1441 2068 1610 2138 polos.

385 2166 593 2222 Etlicet
610 2167 673 2237 in
696 2165 835 2223 nuda
859 2175 1044 2222 torrus
1069 2164 1395 2235 confregerit
1418 2164 1539 2218 ulna

456 2261 551 2319 Ille
578 2259 827 2318 Creontem
850 2270 1063 2332 guttura
1090 2275 1251 2316 rauca
1292 2260 1440 2317 lerat.

387 2352 456 2409 Et
485 2369 786 2426 quanquam
816 2353 1024 2410 ardenti
1056 2353 1232 2424 gladio
1262 2352 1344 2408 vix
1375 2352 1624 2407 straverit
1650 2349 1896 2422 hydram,

459 2444 591 2501 Cum
616 2445 856 2518 duplices
880 2454 1089 2517 pareret
1113 2445 1331 2500 vulnere
1368 2458 1512 2499 mors
1544 2443 1747 2498 animas
1778 2459 1790 2493 :

386 2538 549 2610 370
597 2537 984 2611 Captivumque
1039 2538 1217 2593 ferens
1281 2536 1411 2592 silva
1470 2551 1535 2593 ex
1590 2531 1970 2607 Erymanthide

1545 2627 1863 2697 [monstrum

459 2719 745 2776 Exarmata
775 2720 870 2775 reri
912 2720 1090 2775 riserit
1117 2734 1207 2774 ora
1238 2718 1368 2775 suis.

389 2809 643 2881 Collaque
664 2811 1017 2883 ﬂammigena:
1051 2809 1363 2880 dirumpens
1396 2809 1596 2864 fumida
1623 2807 1756 2864 furis

459 2902 696 2958 Tandem
714 2902 944 2958 directas
971 2902 1191 2972 jusserit
1230 2902 1307 2956 ire
1340 2901 1503 2956 boves
1530 2918 1540 2952 :

386 2992 615 3061 Taurus,
648 3009 829 3065 cerva,
863 2996 1031 3067 gigas,
1063 2993 1213 3063 hOSpt
1234 3008 1279 3059 s,
1310 2994 1561 3060 luctator,
1591 2992 1829 3048 Amazon
1850 3033 1864 3061 ,

462 3088 614 3155 Cres,
642 3088 813 3155 canis,
839 3086 1161 3158 llespcrides
1184 3088 1288 3143 sint
1318 3088 1644 3142 monimenta
1674 3087 1793 3143 viri.

384 3176 542 3235 Nulla
574 3189 751 3235 tamen
783 3179 903 3235 fuso
933 3180 1077 3251 prior
1106 3189 1187 3234 est
1215 3180 1461 3250 Geryone
1484 3195 1687 3250 pugna,

469 3273 570 3330 lini
597 3275 949 3347 tergeminum
973 3274 1058 3329 cui
1108 3273 1226 3330 tulit
1256 3274 1342 3329 ille
1367 3285 1547 3346 caput.

384 3368 518 3424 Ilaec
546 3370 812 3439 quondam
846 3368 1091 3435 Alcides;
1122 3378 1175 3424 at
1203 3378 1256 3424 tu
1286 3369 1598 3441 Tirynthius
1632 3370 1796 3436 alter,

463 3460 567 3515 Sed
598 3462 849 3531 princeps
874 3462 1054 3530 magni
1080 3461 1308 3515 maxima
1332 3476 1461 3515 cura
1494 3463 1620 3527 Dei,

387 3551 564 3619 Quem
591 3550 754 3605 draco
770 3592 787 3620 ,
809 3566 1001 3607 cervus
1024 3594 1037 3618 ,
1070 3568 1196 3622 aper
1217 3594 1231 3619 ,
1265 3553 1482 3621 paribus
1505 3568 1722 3608 sensere
1744 3556 1972 3625 sagittis,

469 3637 604 3694 Cum
631 3639 794 3709 deus,
823 3655 944 3696 cum
976 3640 1159 3709 virus',
1184 3656 1305 3696 cum
1335 3640 1453 3712 iuga
1484 3643 1557 3697 nil
1581 3644 1764 3700 valuit.

390 3726 673 3801 Geryones
703 3746 801 3787 nos
825 3745 945 3788 esse
974 3740 1121 3802 puta,
1141 3740 1545 3803 monstrumque
1580 3735 1833 3790 tributum
1862 3754 1876 3792 :

469 3949 496 3978 ι
513 3939 815 4015 Burgundio
836 3943 1072 4015 septiges,
1093 3942 1184 3997 lib.
1218 3957 1292 4015 t_x,
1317 3942 1565 4015 epist.ad
1594 3942 1980 4015 Lampridium.

395 4011 570 4067 Varro
601 4011 1041 4067 {hebdomadam
1069 4058 1082 4080 ,
1130 4011 1357 4067 modum
1390 4013 1522 4068 dixit
1553 4011 1817 4069 summum
1851 4021 1980 4074 ado-

392 4083 635 4140 lescendi
686 4085 902 4137 humani
951 4085 1191 4153 corporis
1242 4094 1446 4152 septem
1499 4087 1681 4153 pedes.
1735 4088 1982 4145 Eimrtus

391 4164 578 4229 tamen
621 4154 817 4229 justum
863 4157 1095 4229 censuit.
1140 4155 1228 4211 Sic
1260 4157 1409 4229 enim
1447 4156 1512 4209 de
1555 4156 1749 4210 Carolo
1794 4160 1980 4229 Magno

391 4224 626 4299 scribit:
655 4225 868 4299 Statura
899 4226 997 4295 fuit
1028 4228 1287 4287 eminenti,
1324 4243 1438 4296 qua:
1468 4237 1634 4299 tamen
1653 4232 1852 4299 justam
1878 4224 1977 4285 non

392 4297 682 4351 excederet.
733 4294 870 4368 Nam
900 4294 1097 4366 septem
1144 4294 1351 4350 suorum
1395 4297 1580 4367 pedum
1625 4294 1978 4368 proceritatem

392 4382 518 4420 eum
538 4376 734 4437 constat
766 4366 1000 4420 habuisse
1025 4368 1263 4437 ﬁgurant.

478 4437 503 4475 ι’
530 4436 595 4491 L't
622 4437 864 4491 Paeonius
887 4479 902 4500 ,
946 4438 1012 4491 de
1043 4436 1147 4507 quo
1189 4439 1278 4491 lill.
1314 4455 1326 4491 ι
1357 4437 1581 4507 epistola
1620 4440 1700 4493 ll.
1736 4442 1813 4496 Eo
1840 4444 1981 4498 enim

395 4506 613 4578 alludit.
646 4508 820 4576 Quare
851 4506 1123 4576 Majoriani
1160 4506 1489 4578 temporibus
1520 4510 1943 4568 limoscrihebat.

480 4589 501 4653 ς
563 4577 639 4633 De
706 4579 805 4632 hoc
855 4579 1100 4653 duplicis
1159 4577 1312 4633 metri
1396 4590 1586 4643 acuto,
1628 4582 1981 4653 elogantique

392 4649 787 4773 epigrammate
837 4650 1053 4706 dubium
1104 4666 1206 4703 non
1249 4660 1328 4704 est
1364 4653 1489 4720 quin
1541 4651 1830 4719 Majoriano
1869 4649 1981 4710 tum

392 4736 439 4773 ο
478 4722 641 4773 latum
689 4721 759 4773 sit
785 4735 905 4773 cum
947 4722 990 4773 is
1036 4720 1347 4773 Lugdunum
1390 4730 1510 4773 nost
1540 4732 1809 4773 receptam
1840 4725 1981 4773 illam

392 4720 641 4776 oblatum
689 4721 759 4774 sit
785 4735 905 4775 cum
947 4722 990 4775 is
1036 4720 1347 4789 Lugdunum
1390 4730 1510 4788 post
1540 4732 1809 4789 receptam
1840 4725 1982 4779 illam

392 4792 611 4864 urbem
641 4792 813 4864 venit.
865 4792 979 4857 Qua
1034 4793 1101 4846 de
1151 4808 1207 4845 re
1263 4792 1600 4864 dictutnest
1640 4793 1689 4844 in
1741 4796 1982 4864 Panegy-

398 4862 521 4935 rico
551 4880 565 4935 ξ
599 4861 872 4935 ΙὶμεξωθᾲξειΔ
895 4864 1211 4935 tributoruum
1254 4871 1377 4935 sunt
1404 4862 1766 4935 indulgentiae.
1805 4861 1999 4935 Ennog

395 4933 525 4987 dius
553 4933 605 4985 in
632 4933 748 4986 Vita
782 4932 1060 4999 Epiphanii
1096 4952 1106 4985 .
1137 4932 1303 4984 Fessis
1344 4932 1482 4984 urbis
1512 4931 1878 4988 habitatoribus
1908 4952 1987 4989 re-

396 5005 691 5075 mediorum
736 5003 954 5075 utilitate
1006 5004 1283 5072 prospexit.
1330 5001 1464 5055 Nam
1514 5003 1707 5075 directa
1737 5004 1987 5075 legatione

394 5075 475 5129 ad
509 5074 789 5127 Odoacrem
809 5073 1135 5144 quinquennii
1165 5074 1474 5126 racatiouem
1496 5074 1747 5140 ﬁscatium
1772 5073 1983 5131 tributo-

394 5160 521 5216 rum
546 5143 849 5216 impetravit.
873 5143 1054 5213 Capita
1078 5160 1302 5216 quorum
1319 5145 1611 5199 remedium
1626 5147 1837 5215 qumrit,
1862 5156 1987 5202 sunt

396 5215 605 5270 tributa
651 5230 768 5286 qua:
798 5215 849 5267 in
891 5215 1105 5286 singula
1137 5216 1309 5286 capita
1356 5216 1744 5271 indicebantur.
1780 5217 1984 5273 Clossze

398 5296 667 5365 Eeteres,‘
703 5285 991 5365 Tribu_t_u_m’
1034 5289 1315 5365 capitulum
1346 5328 1361 5353 ,
1405 5290 1758 5365 immediate;
1814 5291 1979 5365 φόρος.

402 5356 783 5427 Panegyristes
822 5356 1029 5411 .Eduus
1054 5374 1070 5412 :
1098 5356 1307 5427 Septem
1345 5358 1509 5412 millia
1535 5356 1760 5426 capitum
1789 5356 1984 5414 remisi-

401 5428 498 5494 sti,
529 5436 758 5497 quartam
787 5428 1005 5498 amplius
1055 5439 1250 5495 partem
1292 5436 1578 5482 nostrorum
1615 5446 1870 5484 censuum.
1902 5431 1985 5487 Si-

401 5498 602 5573 donius
631 5500 765 5573 tria,
811 5513 1057 5573 quaesuo
1104 5500 1187 5554 vel
1214 5514 1429 5554 suorum
1477 5501 1690 5556 nomine
1736 5500 1983 5573 debebat,

403 5568 513 5639 sibi
541 5570 736 5623 remitti
774 5570 1024 5639 postulat.

484 5636 513 5677 ⁸
555 5641 687 5694 Hinc
727 5636 906 5695 videre
949 5648 1031 5694 est
1060 5640 1470 5711 quinquennalia
1503 5682 1517 5706 ,
1556 5641 1865 5697 decennalia
1893 5684 1908 5708 ,
1935 5652 1989 5697 et

403 5721 607 5767 Caetera
635 5711 686 5764 id
707 5726 896 5782 genus,
937 5727 1042 5766 non
1067 5714 1283 5767 ineunte
1300 5711 1399 5782 sed
1433 5722 1647 5782 peracto
1668 5713 1837 5767 ultimi
1855 5715 1979 5768 anni

404 5783 617 5839 circulo
640 5781 899 5839 celebrari
938 5796 1250 5841 consuesse.
1278 5781 1443 5850 Quod
1466 5782 1623 5841 docet
1648 5783 1811 5841 etiam
1841 5783 1990 5840 locus

1831 286 2163 346 CARMINA.
2586 364 2593 371 .

1992 403 2043 462 Α
2143 395 2241 451 Hic
2270 395 2478 467 capita,
2510 403 2567 451 ut
2589 392 2787 465 vivam,
2822 402 2879 450 tu
2898 393 3029 451 mihi
3059 395 3186 453 tolle
3206 395 3329 451 tria.

3544 278 3654 341 710

2140 557 2249 612 llas
2272 556 2500 626 supplex
2520 555 2754 613 famulus
2779 569 2971 626 preces
2994 554 3229 621 dicavit,

2068 650 2407 719 Responsum
2434 646 2724 717 opperiens
2746 647 2893 717 pium
2917 662 2983 704 ac
3009 648 3258 718 salubre,

2068 742 2139 799 Ut
2166 741 2358 798 reddas
2385 741 2635 813 patriam,
2658 742 2929 813 simulque
2956 744 3155 815 vitam,

2069 834 2385 905 Lugdunum
2413 850 2726 912 exonerans.
2743 836 2857 891 suis
2888 837 3077 893 ruinis.

2069 928 2183 984 Hoc
2203 938 2255 983 te
2280 927 2534 984 Sidonius
2561 937 2685 983 tuus
2716 936 2987 997 precatur.

2068 1020 2160 1076 Sic
2192 1030 2244 1077 te
2272 1021 2497 1076 Sidonio
2522 1027 2737 1075 recocta
2765 1018 2923 1086 luco,

2072 1113 2265 1169 Multos
2290 1128 2524 1183 purpura
2559 1110 2755 1168 vestiat
2782 1126 2875 1181 per
2901 1124 3092 1166 annos.

2070 1204 2208 1261 Sicd
2238 1206 2409 1260 lustro
2442 1205 2649 1274 imperii
2689 1204 2938 1273 perennis
2965 1210 3085 1257 acto
3104 1242 3121 1270 ,

2070 1296 2501 1367 Quinquennaiia
2528 1297 2761 1352 fascibus
2785 1295 3053 1350 dicentur.

2068 1389 2161 1445 Sic
2181 1391 2311 1459 ripa:
2344 1388 2574 1458 duplicis
2605 1396 2819 1443 tumore
2848 1388 3051 1452 tracto,

2072 1485 2335 1538 Detonsus
2366 1481 2644 1537 Vachalim
2667 1481 2815 1537 bibat
2836 1480 3155 1537 Sieamber..

2071 1572 2223 1643 Quod
2254 1574 2298 1627 si
2325 1573 2621 1628 contuleris
2647 1580 2738 1628 tuo
2766 1583 2941 1643 poeta:
2967 1612 2983 1637 ,

2074 1666 2316 1721 Mandem
2356 1666 2629 1736 perpetuis
2656 1664 2877 1734 legenda
2909 1662 3091 1729 lastis;

2073 1760 2418 1830 Quaecunque
2447 1758 2679 1829 egregiis
2699 1758 2842 1827 geris
2878 1755 3182 1824 triumphis.

2072 1854 2204 1907 Nam
2239 1868 2379 1907 nunc
2402 1851 2548 1907 Musa
2575 1851 2767 1920 loquax
2796 1858 2938 1905 tacet
2970 1848 3196 1914 tributo,

2072 1946 2228 2017 371
2260 1948 2391 2013 Quae
2422 1959 2519 2014 pro
2540 1941 2768 2013 Virgilio
2805 1941 3198 2010 Terentioque,

2074 2039 2360 2094 Sextantes
2386 2037 2517 2107 legit
2543 2038 2837 2104 unciasque
2868 2034 2980 2089 lisci
3005 2074 3021 2101 ,

2075 2139 2099 2168 ο
2144 2131 2475 2201 Marsyaeque
2498 2131 2650 2184 timet
2677 2144 2891 2183 manum
2919 2142 2982 2182 ac
3004 2126 3307 2196 rudentem,

2073 2222 2170 2291 Qui
2197 2223 2383 2278 thbi
2411 2238 2475 2277 ex
2506 2222 2632 2276 odio
2652 2221 2955 2275 vetustiore

2070 2313 2222 2370 Nunc
2250 2313 2537 2384 suspendia
2566 2312 2778 2367 vatibus
2806 2312 3063 2365 minatur.

2392 2425 2641 2481 Sidonius
2676 2421 2696 2461 ί
2728 2422 2961 2477 Polemio
2990 2436 3081 2476 suo
3103 2419 3343 2474 salutem.

2147 2543 2281 2599 Dum
2327 2553 2439 2613 post
2499 2540 2864 2611 profectionem
2909 2546 3071 2603 tuam,
3117 2534 3186 2587 nti
3235 2532 3458 2603 Polemi,
3504 2534 3659 2602 frater

2072 2636 2443 2702 amantissime,
2468 2648 2660 2686 mecum
2684 2630 2945 2701 granditer
2966 2637 3168 2699 reputo,
3189 2626 3429 2697 quatinus
3460 2624 3511 2676 iu
3542 2624 3666 2679 votis

2074 2729 2174 2781 tuis
2206 2725 2495 2796 philosophi
2539 2723 2834 2793 fescennina
2857 2730 3114 2773 cantarem
3140 2763 3154 2787 ,
3180 2718 3398 2786 obrepsit
3420 2715 3630 2773 materia
3648 2754 3664 2780 ,

2074 2836 2174 2890 qua
2196 2819 2411 2871 decursa
2444 2817 2594 2887 facile
2615 2813 2845 2885 dignosci
2868 2822 2891 2861 Β
2926 2811 3055 2865 valet
3076 2854 3090 2877 ,
3125 2810 3287 2879 magis
3318 2824 3396 2861 me
3421 2806 3667 2860 doctrina:

2073 2928 2227 2981 quam
2274 2926 2443 2969 comat
2482 2919 2581 2962 ltttB
2639 2907 2874 2961 habuisse
2929 2906 3199 2959 rationem.
3252 2901 3455 2959 Omissa
3501 2901 3668 2971 itaque

2076 3004 2391 3076 epithalamii
2422 3001 2779 3069 teneritudine,
2808 3016 2898 3071 per
2914 2998 3223 3071 asperrimas
3251 2994 3591 3067 philosophice
3618 3001 3668 3046 et

2077 3097 2505 3152 salebrosissimas
2534 3093 2735 3166 regulas
2755 3090 2945 3163 stylum
2968 3090 3120 3145 traxi.
3151 3089 3380 3157 Quarum
3401 3086 3516 3139 talis
3542 3083 3667 3137 ordo

2002 3163 2049 3227 Ο
2079 3191 2370 3259 est,.utsine
2386 3163 2618 3260 plurimis
2646 3188 2784 3241 novis
2807 3186 2966 3240 verbis
2984 3200 3115 3255 quw,
3131 3183 3348 3256 prwfata
3361 3196 3484 3253 pace
3509 3177 3669 3248 pluri-

2078 3302 2277 3340 morum
2301 3285 2644 3354 eloquentum,
2665 3280 2950 3352 specialiter
2963 3280 3051 3333 tibi
3077 3288 3121 3332 et
3145 3274 3533 3343 compla‘onicis
3570 3277 3670 3329 tuis

2078 3389 2199 3433 nota
2236 3387 2389 3443 sunt,
2423 3391 2572 3447 nugo:
2600 3379 2724 3445 ipsa:
2758 3390 2858 3429 non
2890 3372 3141 3426 valuerint
3170 3367 3420 3440 expediri.
3462 3363 3665 3420 Videris

2077 3483 2246 3525 utrum
2271 3486 2419 3524 aures
2449 3468 2789 3539 quorumdam
2831 3482 2920 3539 per
2954 3464 3264 3535 imperitiam
3299 3472 3484 3515 temere
3523 3475 3662 3512 tuen-

2078 3563 2266 3616 tionem
2310 3562 2466 3615 centri
2492 3602 2506 3627 ,
2541 3559 2919 3631 proportionis,
2952 3559 3331 3620 diastematum,
3372 3552 3663 3617 climatum,

2083 3657 2157 3709 vel
2189 3652 2216 3691 ιι
2243 3655 2518 3719 mirarum,
2564 3650 2896 3721 epithalamio
2932 3648 3298 3707 conducibilem
3345 3662 3445 3699 non
3476 3653 3670 3709 putent.

2088 3748 2113 3802 I
2124 3747 2233 3803 llud
2260 3756 2395 3802 certe
2429 3745 2687 3801 consulari
2719 3746 2825 3797 viro
2875 3759 2987 3797 vere
3028 3757 3233 3814 magno,
3264 3739 3533 3811 qutt’storio
3567 3738 3672 3791 viro

2093 3938 2384 4007 Marcellini
2436 3950 2505 4005 l5
2536 3967 2549 4003 :
2586 3947 2795 4003 Arelate
2843 3946 3057 3999 hiemem
3110 3958 3262 4015 agens
3320 3938 3671 4015 Constantius.

2090 4033 2202 4092 post
2243 4020 2697 4092 theatraleslutlos
2735 4010 3163 4092 atqttehcircettses
3197 4012 3467 4092 ambitioso
3492 4010 3674 4092 "editos

2089 4081 2344 4163 apparatu
2393 4094 2455 4146 Α.
2511 4090 2579 4145 D.
2628 4106 2678 4143 vr
2727 4081 3136 4163 idusAUctobrcs,
3186 4086 3270 4163 qui
3303 4081 3521 4163 iituperii
3558 4081 3675 4163 eius

2087 4150 2279 4217 annum
2299 4164 2367 4218 30
2394 4163 2715 4215 terminabat.
2740 4159 2994 4228 Designat
3018 4159 3158 4210 cnim
3194 4150 3528 4228 tricennalla.
3554 4150 3672 4205 Cte-

2088 4245 2260 4290 terum
2304 4228 2461 4305 1&5
2492 4225 3099 4305 Maiorianus‘quintum
3129 4225 3338 4296 imperii
3370 4238 3569 4305 annum
3593 4228 3675 4305 at-

2088 4307 2202 4374 tigit
2255 4296 2456 4361 taﬁtt'ttit
2486 4346 2500 4369 ,
2535 4296 2640 4358 nbn
2692 4296 2939 4357 absolvit.
2976 4300 3152 4365 Quare
3180 4312 3331 4353 cassa
3365 4296 3515 4350 fuere
3544 4302 3669 4351 vota

2087 4377 2313 4432 Sidonii.

2159 4458 2183 4485 ο
2224 4449 2446 4515 Marsya:
2497 4453 2669 4499 statua
2710 4454 2825 4500 erat
2866 4440 3085 4515 inloro
3126 4440 3390 4515 Romano,
3424 4437 3488 4491 ad
3516 4451 3675 4515 quam

2093 4518 2212 4574 lites
2266 4508 2577 4587 agebantur,
2637 4516 2869 4587 dehqua‘
2910 4513 3155 4587 lloratius
3184 4527 3220 4576 ι,
3257 4511 3576 4566 Sermonum
3618 4508 3672 4577 6,

2086 4584 2342 4644 obeundus
2377 4588 2621 4657 Marsya;
2644 4596 2697 4640 et
2723 4584 2977 4639 Martialis
3008 4598 3069 4648 tt,
3095 4584 3161 4637 64
3192 4598 3209 4642 ;

2581 4742 2702 4792 Fora
2727 4743 2894 4791 litibus
2919 4743 3081 4791 omnia
3103 4742 3315 4801 fervent,

2366 4804 2481 4866 Ipse
2503 4813 2666 4867 potest
2686 4804 2790 4854 ﬁeri
2813 4803 2997 4866 Marsya
3020 4802 3310 4853 causidicus.

2089 4931 2231 4988 Scite
2253 4945 2381 5002 ergo
2406 4931 2692 5002 Marsyam,
2718 4929 2822 4984 hoc
2848 4939 2930 4985 est
2954 4930 3334 4993 vadimonium,
3361 4927 3665 5002 sibipoette,

2092 5004 2135 5058 si
2194 5000 2391 5058 tributa
2432 5000 2639 5055 dilferat
2671 5042 2684 5067 ,
2748 5002 3091 5056 metuendum
3146 5002 3258 5067 ait,
3305 5001 3444 5071 quod
3503 5001 3674 5068 poetis

2093 5083 2309 5199 prtohqter
2341 5073 2641 5144 Apollinem
2672 5073 2759 5143 qui
2801 5073 2942 5128 victo
2969 5073 3108 5144 pelle
3155 5070 3414 5141 detraXit,
3449 5070 3675 5127 infestus

2093 5160 2134 5199 sn
2236 5159 2439 5199 arsvas.

2090 5154 2160 5200 Sil
2183 5154 2439 5214 Marsyas.

2166 5215 2184 5253 τ
2230 5212 2657 5287 Poletuioeidem
2683 5214 3085 5287 hienniuntjam
3109 5215 3360 5284 praelecto
3378 5212 3673 5287 Galliarum
3722 5266 3739 5287 ,

2092 5295 2271 5357 postea
2298 5286 2511 5357 scripsit
2535 5291 2815 5356 epistolam
2848 5287 2931 5349 li,
2964 5286 3057 5339 lib.
3085 5302 3137 5349 v,
3170 5301 3237 5340 ex
3272 5301 3372 5354 qua
3404 5286 3585 5357 itidem
3618 5294 3677 5337 ut

2090 5356 2157 5413 ex
2181 5358 2278 5412 hac
2310 5358 2453 5427 ipsa,
2484 5356 2771 5412 Platonica:
2803 5356 3154 5427 philosophiae
3178 5357 3475 5410 studiosum
3509 5356 3673 5409 fuisse

2090 5437 2272 5498 patet:
2314 5439 2370 5483 ut
2399 5442 2502 5482 non
2546 5429 2815 5483 immerito
2861 5428 3113 5482 Sidonius
3151 5429 3201 5482 in
3248 5427 3527 5498 pangendo
3558 5428 3674 5495 ejus

2093 5500 2482 5581 epithalamio,
2521 5498 2659 5580 .dlllll
2720 5499 3148 5581 pltilosoplticum
3205 5498 3397 5579 lemma
3454 5506 3669 5581 tractat,

2092 5569 2209 5639 ejus
2262 5586 2320 5625 se
2362 5571 2621 5625 doctrinae
2662 5570 2838 5639 potius
2881 5585 3041 5640 quam
3083 5584 3258 5626 causa:
3290 5574 3547 5626 rationem
3580 5569 3673 5623 ha-

2095 5641 2275 5696 buisse
2300 5643 2466 5697 dicat.

2166 5721 2192 5760 e
2234 5711 2434 5767 Savaro
2456 5723 2507 5765 et
2538 5710 2806 5777 Labbeus,
2836 5712 3043 5769 valeret.

2236 5782 2363 5839 Vide
2393 5782 2527 5839 inira
2549 5783 2943 5841 adnotationem
2967 5787 3030 5841 ad
3061 5801 3201 5843 vers.
3229 5786 3319 5845 66.
