4060 6332
586 294 685 354 7H

1789 295 2034 354 SIDONll
2073 292 2528 356 APOLLINARIS

3738 296 3825 356 7|?

584 413 863 481 Domnulo,
889 412 1151 484 spectabili
1176 410 1283 466 viro
1307 410 1474 466 Leone
1501 410 1715 465 ducibus
1746 410 1993 465 audacter
2008 413 2162 483 afﬁr-
2190 417 2243 479 Α
2267 414 2431 470 Audit
2459 423 2610 484 pacta
2641 415 2853 485 Pelops,
2884 428 2986 472 nec
3016 414 3386 485 insequentem

582 523 694 575 mo,
727 506 972 560 musicam
1000 514 1047 559 et
1075 503 1405 575 astrologiam
1431 544 1444 569 ,
1473 519 1587 574 qua:
1607 512 1724 559 sunt
1754 503 1890 575 infra
1915 505 2161 559 arithme-

583 600 733 652 ticam
783 596 1141 668 consequentia
1185 596 1407 650 membra
1449 595 1818 667 philosophice,
1873 595 2164 651 nullatenus

582 705 727 760 posse
750 688 860 742 sine
905 688 1039 742 hisce
1062 687 1347 742 nominibus
1376 686 1615 741 indicari.
1669 686 1797 753 Quae
1839 688 1882 741 si
1908 687 2165 758 quispiam

579 790 636 836 ut
666 779 869 845 Gre-ca,
898 781 1028 835 sicut
1055 788 1192 845 sunt,
1235 790 1281 834 et
1301 780 1570 859 peregrina
1604 781 1754 834 verba
1788 781 2163 848 contempserit,

580 874 772 927 noverit
821 873 981 945 372
1012 872 1105 926 sibi
1134 882 1224 925 aut
1252 888 1405 943 super
1431 872 1741 943 ejuscemodi
1768 873 1892 925 artis
1914 872 2164 925 mentione

579 965 1031 1035 supersedendum,
1075 974 1165 1018 aut
1194 963 1324 1017 nihil
1349 965 1553 1017 omnino
1590 979 1643 1018 se
1664 1004 1678 1028 ,
1701 973 1790 1017 aut
1819 973 1951 1016 certe
1974 962 2165 1017 nonad

578 1072 764 1123 assem,
792 1054 992 1109 Latiari
1022 1055 1199 1126 lingua
1223 1054 1342 1109 hinc
1354 1070 1499 1125 posse
1524 1056 1793 1109 disserere.
1827 1054 1977 1122 Quod
1996 1055 2042 1110 si
2063 1054 2168 1108 ali-

577 1150 695 1219 quis
742 1164 887 1203 secus
930 1157 1080 1219 atque
1124 1162 1330 1217 assero,
1370 1165 1475 1202 rem
1501 1164 1554 1203 se
1580 1146 1761 1203 habere
1790 1147 2069 1214 censuerit,
2101 1146 2167 1200 do

578 1243 785 1314 quidem
803 1242 985 1297 absens
1008 1240 1425 1296 obtrectatoribus
1444 1256 1659 1301 manus;
1686 1240 1775 1295 sed
1800 1240 2028 1295 noverint
2053 1254 2169 1294 sen-

581 1336 791 1391 tentiam
819 1352 984 1390 meam
1026 1335 1367 1405 discrepantia
1390 1334 1659 1390 sentientes
1680 1335 1788 1390 sine
1813 1333 1994 1388 Marco
2032 1333 2166 1388 Var-

540 1462 543 1465 -
579 1444 735 1496 rone,
762 1427 870 1483 sine
902 1436 928 1464 τι
972 1426 1197 1496 Sereno,
1235 1442 1339 1481 non
1384 1426 1657 1496 Septimio,
1688 1426 1776 1482 sed
1818 1426 2165 1492 Sammonico,

580 1519 690 1574 sine
716 1516 998 1573 Censorino
1016 1557 1033 1584 ,
1064 1518 1152 1588 qui
1178 1519 1239 1571 de
1260 1516 1343 1571 die
1369 1516 1534 1571 natali
1563 1517 1799 1571 volumen
1820 1517 2021 1571 illustre
2048 1532 2168 1570 eon-

580 1610 703 1683 fecit
724 1650 739 1677 ,
769 1625 872 1665 non
900 1624 1047 1680 posse
1067 1609 1326 1663 damnari.
1354 1609 1601 1664 Lecturus
1627 1626 1678 1663 es
1702 1608 1785 1663 hic
1808 1609 1962 1664 etiam
1984 1625 2165 1663 novum

578 1699 806 1767 uerbum,
829 1700 884 1755 id
905 1709 977 1755 est
1001 1741 1018 1767 ,
1046 1699 1318 1756 eisentiam
1346 1716 1365 1754 :
1395 1701 1485 1755 sed
1512 1701 1641 1755 scias
1660 1701 1757 1754 hoc
1784 1701 1952 1770 ipsum
1979 1701 2168 1755 dixisse

2269 504 2480 561 Pallens
2509 505 2870 575 Hippomenes
2906 506 2972 561 ad
3002 507 3107 561 ima
3140 513 3297 560 meta:

2266 596 2469 654 Tardat
2497 598 2787 655 Schoenida
2826 607 2907 655 ter
2931 598 3157 654 cadente
3188 612 3363 667 pomo.

2268 688 2385 744 Non
2417 689 2504 745 hic
2530 689 2817 746 Herculeas
2843 689 2987 745 videt
3014 690 3287 760 palaestras

2269 780 2449 836 IEtola
2476 781 2716 852 Calydon
2747 789 2968 852 stupens
2995 781 3063 835 ab
3088 779 3244 850 arce,

2268 872 2399 929 Cum
2430 889 2597 929 cornu
2619 874 2770 930 ﬂuvii
2798 874 3156 944 superbientis

2269 964 2484 1020 Alcides
2515 973 2801 1035 premeret,
2831 963 3058 1022 subinde
3086 966 3286 1021 fessum

2272 1052 2488 1111 Undoso
2516 1053 2767 1111 refovens
2797 1055 2863 1111 ab
2889 1053 3046 1112 hoste
3068 1064 3275 1126 pectus.

2270 1144 2378 1202 Sed
2407 1144 2597 1201 doctus
2624 1144 2838 1215 juvenis
2857 1186 2874 1215 ,
2906 1144 3211 1218 decensque
3248 1145 3429 1218 virgo,

2273 1248 2297 1278 ο
2323 1238 2456 1294 Ortu
2484 1238 2714 1296 eulmina
2741 1238 2924 1296 Galliae
2956 1248 3204 1297 tenentes
3239 1258 3250 1293 :

2272 1328 2575 1401 Junguntur
2596 1346 2611 1397 ;
2632 1330 2739 1387 cito
2760 1331 2892 1387 Diva
2923 1341 3078 1388 necte
3098 1330 3357 1398 chordas;

2281 1419 2392 1477 Nec
2416 1423 2560 1493 quod
2590 1423 2832 1479 detonuit
2858 1438 3101 1480 cammna
3118 1423 3292 1494 major
3308 1467 3322 1493 ,

2266 1510 2514 1568 Nostram
2553 1516 2859 1584 pauperiem
2888 1513 3050 1571 silere
3069 1531 3250 1586 cogas.

2268 1603 2339 1658 At
2358 1603 2523 1660 tzedas
2551 1605 2814 1675 Thetidis,
2849 1607 3367 1683 probantePhoebo,

2268 1693 2341 1751 Et
2365 1695 2565 1752 Chiron
2591 1698 2785 1754 cecinit
2814 1699 3021 1755 minore
3041 1698 3245 1768 plectro
3274 1716 3287 1753 :

580 1790 896 1848 Ciceronem.
924 1790 1064 1846 Nam
1088 1790 1117 1831 1³
1159 1792 1431 1847 essentiam
1452 1830 1465 1853 ,
1522 1809 1614 1847 nec
1659 1808 1761 1846 non
1786 1800 1831 1845 et
1862 1792 2168 1846 indoloriam
2199 1801 2246 1863 Β
2270 1784 2379 1842 Nec
2408 1788 2527 1843 risit
2546 1789 2628 1857 pia
2660 1789 2815 1846 turba
2846 1791 3222 1856 rusticantem,

579 1883 890 1952 nontinavit,
922 1882 1119 1938 addens
1142 1923 1158 1950 ,
1190 1883 1338 1940 Licet
1366 1883 1506 1940 enim
1538 1884 1691 1938 novis
1715 1883 1877 1939 rebus
1904 1898 2041 1939 nova
2072 1898 2169 1938 no-

577 1968 723 2032 mina
756 1976 1032 2046 imponere
1064 1991 1077 2029 :
1109 1984 1156 2031 et
1189 1985 1324 2030 recte
1350 1977 1505 2030 dixit.
1540 1975 1678 2029 Nam
1700 1976 1829 2030 sicut
1857 1976 1919 2028 ab
1950 1992 2007 2030 eo
2033 1976 2167 2046 quod

575 2075 685 2135 est,
712 2066 847 2121 uerbi
875 2068 1045 2138 gratia
1066 2107 1082 2133 ,
1128 2083 1308 2135 sapere
1342 2076 1391 2122 et
1430 2068 1712 2137 intelligere
1736 2107 1751 2132 ,
1783 2067 2083 2137 sapientiam
2122 2076 2169 2120 et

576 2162 966 2233 intelligentiam
989 2162 1336 2227 nominamus,
1370 2163 1675 2232 regulariter
1698 2170 1745 2215 et
1768 2161 1831 2214 ab
1853 2179 1909 2215 eo
1933 2161 2072 2232 quod
2094 2170 2167 2216 est

576 2270 704 2323 esse,
738 2256 1007 2308 essentiam
1029 2269 1131 2307 non
1163 2261 1410 2308 tacemus.
1445 2252 1614 2323 Igitur
1643 2254 1882 2320 quoniam
1912 2254 1986 2306 tui
2027 2270 2169 2307 amo-

576 2345 650 2399 ris
678 2345 852 2398 studio
867 2344 1109 2399 inductus
1132 2346 1284 2399 homo
1302 2343 1506 2413 Gallus,
1539 2342 1727 2398 δεΙιοΙιυ
1753 2344 2049 2413 sapitistica:
2082 2345 2164 2398 in-

578 2437 779 2492 tromisi
803 2438 1088 2503 materiam,
1122 2438 1199 2492 vel
1227 2446 1275 2491 te
1301 2437 1620 2507 potissimum
1652 2438 1775 2507 facti
1797 2438 1894 2490 mei
1926 2437 2167 2505 depreca-

576 2537 742 2585 torem
782 2530 1009 2601 requiro.
1051 2528 1144 2583 Illi
1182 2528 1350 2583 Vcnus
1374 2568 1390 2597 ,
1438 2528 1515 2582 vel
1549 2529 1794 2582 Amorum
1827 2520 2165 2601 coitnnentitiu

574 2598 1200 2692 pigmentattribuantur,
1245 2620 1330 2674 cui
1371 2620 1588 2690 defuerit
1631 2620 1703 2674 sic
1743 2635 1888 2691 posse
1938 2598 2161 2676 laudari.

581 2710 734 2770 Vale.

1138 2781 1423 2839 CARMEN
1454 2782 1591 2837 XIV.

572 2889 847 2934 ΡΙΙΕΡΑΤΙΟ
895 2893 1235 2934 ειιιτιιιιλιιιι
1283 2891 1511 2934 ιιοιειιιο
1549 2893 1618 2934 ΕΤ
1660 2892 1953 2935 ΔΗΔΝΕΟΒᾹΞ
1997 2892 2157 2933 [διατι.

572 2989 819 3061 Prosper
845 2991 1114 3048 connubio
1133 2991 1249 3048 dies
1275 3001 1556 3061 coruscat,

572 3084 743 3153 Quem
772 3087 964 3145 Clotho
991 3088 1163 3145 niveis
1193 3089 1419 3160 benigna
1451 3091 1653 3160 pensis,

573 3178 741 3235 Albus
769 3195 929 3250 quem
958 3180 1096 3249 picei
1128 3179 1341 3250 lapillus
1370 3179 1485 3235 Indi

571 3268 743 3338 Quem
768 3271 914 3341 pacis
941 3271 1100 3326 simul
1126 3269 1288 3326 arbor
1316 3278 1371 3326 et
1394 3270 1662 3339 juventae,

572 3358 732 3431 373
752 3359 1142 3433 IEternumque
1168 3360 1352 3417 virens
1379 3362 1519 3417 oliva
1535 3362 1730 3433 signet.

573 3450 692 3521 Eia,
719 3451 983 3523 Calliope,
1016 3453 1218 3510 nitente
1239 3452 1412 3523 palma
1434 3494 1449 3519 ,

571 3541 648 3599 Da
671 3545 809 3600 sacri
837 3544 1009 3601 laticis
1038 3544 1415 3615 loquacitatem
1433 3588 1449 3615 ,

569 3638 739 3709 Quem
761 3639 894 3695 fodit
914 3640 1049 3711 pede
1069 3637 1309 3711 Pegasus
1335 3642 1565 3709 volanti,

568 3731 807 3807 Cognato
836 3733 1079 3791 madidus
1095 3734 1283 3805 jubam
1307 3750 1538 3793 veneno.

567 3825 684 3883 Non
705 3827 793 3883 hic
814 3827 1080 3897 impietas,
1108 3842 1208 3883 nec
1239 3827 1377 3883 hanc
1406 3828 1641 3899 puellam

568 3919 743 3976 Donat
762 3920 1027 3979 mortibus
1055 3921 1286 3977 ambitus
1311 3936 1615 3992 procorum.

568 4012 685 4071 Non
715 4012 804 4074 hic
830 4014 1094 4073 (Euomai
1119 4024 1344 4073 cruenta
1365 4017 1511 4073 circo

645 4222 671 4250 ι
709 4211 897 4285 Sereni
925 4226 1053 4283 ergo
1072 4213 1211 4269 inter
1238 4215 1528 4285 scriptores
1577 4214 1701 4269 duo.
1752 4218 1819 4269 A.
1865 4214 2155 4269 SE‘PTtItus

570 4281 850 4356 Sanctius,
884 4281 1080 4356 lyricus
1124 4293 1312 4354 poeta,
1350 4281 1808 4354 ’Vespasianorum
1871 4301 1984 4339 mvo
2039 4287 2151 4340 cla-

571 4369 686 4412 rus.
739 4353 921 4426 Neque
965 4353 1140 4423 enim,
1188 4357 1328 4426 quod
1380 4356 1433 4410 in
1474 4353 1867 4411 concinnandis
1913 4366 2153 4411 veterum

680 4436 853 4481 tarum
885 4427 1123 4482 historiis
1148 4468 1164 4494 ,
1194 4442 1485 4496 eorumque
1516 4426 1825 4496 fragmentis
1857 4427 2015 4496 vulgo
2061 4428 2149 4493 fit,

617 4497 867 4569 eptimius
908 4514 936 4552 a
967 4499 1172 4554 Sereno
1211 4498 1463 4569 distingui
1510 4498 1709 4552 debet:
1752 4513 1873 4551 cum
1905 4499 2156 4569 Sidonius

570 4568 864 4635 reclamet,
917 4577 972 4624 et
1018 4569 1216 4623 Marius
1254 4568 1557 4622 Victorinus
1592 4568 1682 4622 lib.
1737 4585 1793 4623 ιιι
1824 4569 1890 4623 de
1932 4568 2157 4625 Ratione

572 4642 888 4705 carminum,
921 4656 985 4695 ac
1011 4640 1365 4695 Terentianus
1392 4639 1539 4709 ipse,
1571 4641 1657 4708 qui
1689 4650 1914 4709 utroque
1942 4643 2157 4696 nomine

572 4712 827 4781 appellat,
846 4713 1092 4778 rurisque
1116 4710 1370 4779 opuscula
1401 4728 1430 4765 e
1462 4711 1722 4781 Septimio
1752 4712 1900 4778 citat,
1927 4727 2156 4780 quorum

572 4790 845 4837 auctorem
864 4783 953 4837 alii
980 4782 1240 4838 Serenum
1269 4782 1567 4836 nominant.
1610 4782 1759 4837 Alter
1804 4783 1869 4849 Q.
1913 4784 2160 4838 Senexns

572 4852 939 4918 Suuomcus,
997 4853 1085 4922 qui
1140 4854 1321 4907 Severi
1377 4858 1514 4921 Aug.
1558 4862 1714 4908 aetate
1769 4852 1982 4919 ﬂoruit,
2026 4864 2080 4909 et
2128 4872 2185 4909 a-

572 4923 844 4998 Caraealla
890 4920 1187 4998 ejusililio,
1201 4934 1274 4998 ut
1301 4920 1637 4998 Lampridius
1668 4934 1887 4998 narrat,
1942 4935 2159 4979 necatus

572 5004 677 5070 est.
721 4996 884 5063 Cujus
910 4993 1278 5070 quidemulibri
1310 4994 1521 5070 plurimi
1547 4997 1676 5049 olim
1706 4997 1923 5070 fuerunt
1950 5011 1964 5049 :
1998 5012 2159 5070 nunc

576 5066 764 5122 unicus
807 5063 974 5121 restat
1020 5063 1229 5119 libellus
1267 5068 1489 5120 metrice
1518 5066 1853 5132 conscriptus
1896 5068 1963 5119 de
1993 5067 2158 5121 Medi-

574 5139 715 5193 cina.
768 5137 1068 5192 Macrobius
1122 5136 1447 5190 Sammonici
1505 5137 1701 5190 lterum
1758 5137 2154 5191 reconditarum

573 5209 741 5264 libros
759 5208 939 5264 laudat
967 5207 1057 5263 lib.
1088 5222 1140 5260 ιιι
1172 5207 1557 5273 Saturnalium,
1580 5224 1713 5276 quos
1743 5224 1770 5259 a
1804 5208 2026 5262 Sidonio
2056 5209 2155 5263 hoc

572 5280 691 5336 loco
732 5278 957 5351 intelligi
996 5278 1287 5351 verisimile
1326 5290 1427 5351 est.
1466 5278 1653 5331 Filium
1698 5280 1742 5330 is
1784 5280 2154 5351 cognominem

573 5352 789 5422 reliquit
831 5349 1091 5407 Serenum
1132 5349 1981 5422 Sammonicum,prazeeptorem
2015 5350 2155 5403 Col--

575 5420 718 5477 diani
744 5423 973 5477 minoris
996 5463 1013 5486 ,
1054 5422 1137 5475 cui
1169 5422 1405 5475 moriens
1450 5421 1618 5488 patris
1649 5423 1728 5471 sui
1782 5420 2157 5474 hihliotheeani

575 5492 798 5563 legavit,
823 5510 940 5563 qua:
965 5492 1033 5547 ad
1056 5492 1130 5563 762
1158 5492 1323 5545 millia
1377 5491 1634 5545 librorum
1654 5490 1996 5563 censebatur.
2028 5494 2156 5557 Quae

578 5561 699 5619 ideo
726 5561 893 5617 fusius
923 5562 1238 5633 explicanda
1266 5563 1494 5624 fuerunt,
1526 5561 1667 5630 quod
1693 5564 1833 5633 hunc
1860 5571 2152 5629 contrario,

575 5649 735 5707 quam
769 5635 819 5688 in
849 5631 1107 5704 Septimio
1122 5634 1356 5707 Sereno,
1388 5647 1574 5688 errore
1598 5631 1833 5686 nonnulli
1865 5646 1983 5685 eum
2009 5633 2156 5686 Sam-

578 5706 793 5766 monico
823 5716 970 5775 patre
1002 5706 1351 5761 confundant.

648 5773 953 5834 bEsseb‘tia:
986 5778 1299 5834 vocabulum
1326 5776 1395 5833 Μ.
1418 5775 1595 5832 Tullio
1612 5773 2030 5845 asseruitetiam
2061 5775 2158 5833 Se-

2274 1877 2527 1945 Quamvis
2555 1894 2699 1950 sape
2721 1895 2886 1938 senex
2916 1880 3159 1937 biformis
3177 1881 3287 1936 illic

2269 1969 2499 2026 Carmen
2530 1981 2809 2044 rumperet
2837 1972 3118 2031 hinniente
3137 1984 3319 2030 cantu.

2739 2106 2902 2178 374
2938 2086 3235 2164 CARMEN‘
3261 2107 3376 2163 xv.

2376 2235 2774 2277 ΕριτιιΑιΑιιιωι
2822 2237 3050 2279 Ροιειίιο
3089 2240 3156 2278 ΕΤ
3198 2239 3489 2280 ARANEOLE
3531 2239 3743 2280 DIC'I'UI.

2269 2353 2431 2411 Forte
2456 2356 2743 2426 procellosi
2770 2372 3018 2414 remeans
3038 2373 3103 2414 ex
3135 2374 3258 2413 arce
3279 2357 3569 2434 Capharei,

2268 2447 2575 2505 Phoebados
2597 2450 2771 2506 Iliacae
2794 2462 3003 2522 raptum
3034 2452 3163 2507 satis
3192 2452 3300 2506 ulta
3333 2453 3613 2522 pudorem.

2268 2542 2465 2611 Pallas,
2492 2544 2800 2601 Erichthaao
2830 2545 3100 2601 Xanthum
3128 2547 3365 2600 mutabat
3384 2546 3633 2616 Hymetto
3660 2562 3674 2599 :

2267 2637 2470 2694 Aurato
2490 2640 2651 2694 micat
2672 2654 2781 2694 aere
2804 2649 2984 2710 caput,
3012 2640 3289 2709 majusque
3321 2653 3573 2695 serenum

2270 2730 2344 2783 De
2361 2740 2566 2785 terrore
2595 2731 2739 2800 capit
2770 2746 2784 2784 :
2815 2732 2992 2801 posito
3020 2746 3142 2786 nam
3172 2730 3395 2786 fulmine
3416 2730 3641 2786 necdum

2264 2819 2531 2892 Cinyphio
2560 2821 2781 2878 Tritone
2812 2832 2990 2878 truces
3013 2824 3335 2878 hilaraverat
3362 2832 3533 2877 artus.

2266 2913 2439 2986 Gorgo
2471 2923 2616 2971 tenet
2637 2924 2820 2985 pectus
2848 2916 3081 2970 medium
3106 2956 3120 2981 ,
3145 2916 3349 2971 factura
3370 2914 3571 2970 videnti

2263 3006 2332 3061 Et
2364 3014 2606 3061 truncata
2635 3020 2849 3061 moras:
2883 3007 3017 3062 nitet
3044 3004 3302 3061 insidiosa
3332 3004 3629 3074 superbum

2267 3098 2514 3171 Efﬁgies,
2546 3100 2785 3170 vivitque
2810 3100 2987 3154 anima
3020 3107 3279 3170 pereunte
3308 3106 3579 3155 venustas.

2189 3183 2236 3247 C
2266 3189 2387 3247 Alta
2409 3201 2740 3248 cerastarum
2774 3193 2935 3262 spiris
2964 3201 3127 3261 caput
3155 3200 3371 3262 asperat
3394 3201 3572 3247 atrum

2266 3285 2593 3354 Congeries;
2622 3294 2836 3356 torquet
2865 3286 3143 3341 maculosa
3172 3286 3444 3341 volumina
3473 3285 3681 3342 mordax

2266 3375 2467 3443 Crinis,
2496 3386 2552 3433 et
2582 3376 2702 3432 irati
2728 3375 2859 3432 dant
2880 3378 3038 3433 sibila
3069 3388 3205 3433 tetra
3226 3379 3426 3449 capilli.

2264 3470 2564 3540 Squameus
2592 3469 2661 3526 ad
2707 3468 2940 3525 mediam
2985 3470 3177 3526 thorax
3209 3486 3314 3528 non
3348 3469 3582 3541 pervenit
3610 3463 3782 3521 alvum

2266 3562 2394 3618 Post
2419 3561 2699 3634 chalybem
2731 3563 3000 3633 pendente
3036 3564 3229 3633 peplo;
3276 3564 3409 3635 tegit
3443 3563 3636 3620 extima
3658 3557 3689 3597 ἀ
3715 3558 3836 3614 linit

2264 3652 2464 3710 Circite
2494 3655 2632 3725 palla
2662 3656 2848 3726 pedes,
2878 3657 2967 3725 qui
2996 3671 3120 3710 cum
3145 3657 3244 3712 sub
3273 3663 3425 3713 veste
3444 3661 3751 3719 moventur,

2262 3748 2516 3815 Crispato
2540 3749 2725 3818 rigidae
2752 3749 3018 3820 crepitant
3044 3750 3096 3805 in
3123 3760 3360 3821 syrmate
3387 3765 3553 3820 rugae.

2264 3839 2477 3894 Laevum
2510 3855 2693 3908 parma
2725 3842 2876 3911 tegit,
2904 3841 3167 3911 Phlegraei
3196 3842 3350 3910 plena
3380 3840 3664 3899 tumultus.
3734 3830 3742 3839 ”

2266 3929 2364 3984 llic
2388 3939 2531 3985 rotat
2556 3943 2843 3987 excussum
2874 3931 3089 3987 vibrans
3120 3934 3173 3988 in
3198 3932 3375 3989 sidera
3396 3932 3627 3989 Pindum

2174 4070 2177 4073 .
2265 4020 2584 4087 Enceladus,
2620 4022 2807 4092 rapido
2838 4022 2896 4079 fit
2924 4024 3145 4081 missilis
3174 4027 3308 4080 Ossa
3337 4023 3610 4097 Typhmo.

2262 4233 2415 4285 neca,
2450 4226 2508 4275 ut
2531 4231 2680 4278 recte
2705 4222 3010 4280 observavit
3038 4226 3279 4281 Muretus
3308 4226 3406 4282 lib.
3448 4243 3520 4281 xv
3544 4222 3852 4290 Variarum,

2260 4300 2527 4371 extremo.
2551 4292 2692 4348 Idem
2720 4308 2848 4349 mox
2878 4297 3337 4371 nonindoloriam,
3363 4300 3459 4353 sed
3491 4298 3855 4371 indolentiam,

2261 4361 2604 4436 scribendum
2631 4376 2837 4431 censet,
2862 4368 3005 4436 quod
3032 4367 3103 4422 ita
3145 4361 3332 4423 Cicero
3360 4384 3466 4423 non
3496 4370 3673 4425 semel
3706 4361 3855 4422 mur;

2262 4433 2421 4511 parit.
2461 4432 2567 4511 Nqs
2611 4450 2731 4511 cum
2764 4432 2971 4511 veteres
3024 4437 3225 4494 Sidonii
3271 4438 3427 4511 146
3474 4440 3648 4495 libros
3711 4455 3861 4495 com-

2261 4505 2803 4581 pluresviilerimus,
2854 4510 3071 4564 unicum
3101 4512 3237 4564 nacti
3269 4505 3455 4565 sumas
3486 4512 3538 4565 in
3571 4526 3689 4581 quo
3715 4513 3861 4565 indo-

2259 4576 2419 4628 lentia
2450 4575 2741 4653 legeretur,
2771 4578 2823 4633 in
2858 4581 3079 4651 reliquis
3106 4581 3355 4653 omnibus
3383 4575 3654 4637 indolui-ia
3687 4598 3706 4637 :
3744 4597 3864 4653 qua

2184 4660 2370 4725 Dvox
2420 4647 2560 4725 apud
2607 4648 2919 4725 Ciceronem
2969 4647 3303 4725 quoquelib.
3347 4668 3382 4707 ιι
3428 4653 3495 4707 de
3543 4647 3786 4709 Finibus
3816 4656 3866 4709 in

2263 4716 2582 4791 quibusdam
2632 4720 2866 4789 antiquis
2908 4716 3306 4791 exemplaribus
3354 4732 3572 4781 exstare
3615 4726 3863 4790 dicitur,

2263 4787 2350 4841 ubi
2383 4789 2579 4861 vulgati
2602 4787 2939 4845 indolentiam
2962 4787 3159 4861 legunt.

2340 4869 2361 4895 ε
2408 4859 2581 4938 Prima
2609 4877 2639 4916 e
2687 4863 2964 4938 ntﬂiilitate
2999 4859 3203 4938 Calliae.
3254 4864 3473 4938 Polemii
3512 4868 3801 4938 originem
3844 4884 3871 4921 a

2262 4929 2512 5011 Cornelio
2544 4947 2713 5000 usque
2738 4932 2923 4988 Tacito
2945 4934 3167 5011 repetiit
3193 4936 3421 5011 epistola
3455 4929 3869 5011 suprascripta.
3910 4958 3913 4961 ί

2262 5001 2543 5071 Araneolae
2575 5018 2829 5071 proavum
2852 5001 3129 5060 consulem
3157 5001 3297 5061 infra
3320 5001 3593 5062 ostendet.

2336 5070 2623 5147 d_0liliqtio
2644 5075 2809 5147 vestis
2832 5074 2975 5129 ﬂexu
2999 5092 3061 5130 ac
3087 5079 3332 5132 circuitu.
3358 5078 3480 5133 llzec
3508 5081 3724 5147 optimi
3756 5082 3875 5135 libri

2262 5140 2446 5205 lectio,
2495 5159 2613 5211 qua:
2660 5144 2833 5212 aptior
2877 5148 3087 5201 videtur
3130 5164 3286 5213 quam
3337 5149 3380 5203 si
3418 5140 3562 5203 cum'
3594 5152 3737 5207 aliis
3769 5151 3876 5205 limi

2264 5213 2427 5288 legas.
2485 5213 2663 5288 Limus
2693 5218 2833 5288 extim
2875 5232 3041 5283 genus
3073 5220 3237 5273 vestis
3282 5220 3441 5288 quale
3466 5236 3495 5273 a
3529 5222 3751 5279 Servio
3783 5226 3881 5277 de-

2262 5285 2614 5360 scribitur,a_b
2646 5287 2979 5360 uinbilicoad
3007 5291 3167 5354 pedes
3200 5285 3561 5360 propendens,
3595 5309 3723 5348 non
3746 5295 3881 5347 satis

2261 5355 2508 5433 convenit
2540 5356 2811 5433 Minervio,
2858 5359 2959 5412 nisi
3006 5360 3142 5415 forte
3189 5355 3370 5433 limum
3401 5361 3506 5417 dici
3548 5355 3701 5433 quis
3752 5366 3885 5421 velut

2263 5440 2379 5509 eam
2399 5428 2520 5509 “ejus
2559 5427 2713 5495 palla:
2743 5439 2948 5509 partem
2992 5446 3111 5509 qua:
3140 5432 3253 5487 sola
3282 5430 3418 5487 infra
3460 5427 3770 5509 thoracem
3803 5437 3886 5509 in—

2263 5504 2375 5573 star
2398 5496 2508 5573 limi
2539 5501 2850 5573 apparebat.
2882 5496 3131 5573 Circitem
3156 5512 3331 5559 autem
3363 5518 3460 5573 pro
3499 5505 3734 5560 circulo
3763 5508 3886 5561 aliis

2264 5570 2424 5621 etiam
2456 5569 2587 5623 locis
2616 5570 2753 5625 dixit
2779 5590 2790 5624 :
2824 5580 2882 5626 ut
2904 5571 3101 5629 Marius
3133 5574 3302 5630 victor
3329 5569 3424 5631 lib.
3456 5590 3513 5629 ιιι
3541 5574 3624 5633 de
3661 5576 3844 5637 Iride.

2391 5726 2643 5791 Etl'undam
2670 5727 2850 5791 radios,
2872 5737 2923 5791 et
2947 5728 3200 5791 pulchrum
3229 5733 3397 5781 circite
3418 5744 3621 5787 summo

2391 5790 2566 5841 Arcum
2585 5803 2731 5843 curva
2750 5791 2871 5844 mihi
2895 5790 3149 5847 decorabit
3171 5791 3301 5847 Solis
3316 5796 3495 5858 imago.
