4060 6332
215 330 310 384 7l3
1643 322 1975 386 CABMINA.

201 443 534 517 'Porphyrion
563 442 790 514 Pangata
813 442 972 513 rapit,
1001 439 1401 512 Rhodopenque
1423 438 1788 495 Adamasthor
1812 443 1866 503 Α
1894 437 1949 494 Si
1979 452 2116 508 quos
2140 452 2269 509 ergo
2297 440 2507 512 chelys,
2529 443 2574 500 si
2601 459 2740 513 quos
2769 444 2904 515 lyra,
2930 445 3057 502 tibia
3079 446 3124 502 si
3151 461 3287 515 quos

217 538 510 612 Strymonio
539 554 660 594 cum
694 537 841 593 fonte
873 537 1032 603 levat,
1064 538 1392 606 veniensque
1419 549 1655 604 superne
1898 528 2178 585 Ediderint
2207 545 2328 585 cum
2358 549 2490 590 voce
2516 537 2724 603 modos,
2760 539 3035 610 exemplar
3057 539 3124 594 ad
3160 541 3304 596 istud

220 635 408 690 lutorto
434 629 668 686 calidum
699 629 981 700 restinguit
1008 629 1227 684 ﬂumine
1256 627 1481 682 fulmen.
1899 621 2236 678 Ponderibus
2267 625 2475 693 positis,
2505 640 2763 697 quantum
2799 633 3074 700 proportio
3099 633 3310 697 suadet,

220 727 307 782 Hic
337 725 508 782 Pallas
535 723 775 778 Pallanta
808 724 959 794 petit,
992 723 1077 778 cui
1100 722 1350 792 Gorgone
1375 720 1486 776 visa
1898 716 2187 771 Intervalla
2215 718 2365 788 sequi
2392 722 2600 788 septeni
2633 721 2830 777 sideris
2851 724 2980 778 edit.

218 819 411 876 Invenit
442 817 674 872 solidum
703 816 814 886 jam
847 817 1029 872 lancea
1060 815 1209 871 tarda
1240 814 1489 870 cadaver.
1899 807 2242 864 Harmoniam
2269 808 2456 864 dicens
2485 811 2666 868 etiam.
2701 814 2841 882 quod
2872 824 3100 885 quatuor
3127 816 3243 870 istis

218 913 366 988 375
405 911 503 968 Hic
539 910 781 967 Lemnon
826 925 922 981 pro
960 910 1128 966 fratre
1166 909 1349 965 Mimas
1389 915 1580 962 contra
1625 903 1794 974 aegida
1898 903 1989 960 Sic
2014 905 2240 960 sedeant
2269 904 2536 959 elementa
2567 907 2763 971 modis,
2789 917 2844 962 ut
2875 909 3114 978 pondere
3139 910 3346 980 magnis

1461 998 1720 1068 [torquct,
1900 1001 1983 1056 Sit
2014 1001 2166 1056 locus
2196 1001 2419 1055 inferior
2448 1017 2461 1054 :
2489 1000 2662 1054 media
2693 1002 2879 1056 tellure
2905 1003 3044 1070 quod
3074 1014 3251 1059 autem

220 1099 608 1170 Impulsumque
638 1097 812 1169 quatit
831 1095 1155 1166 jaculabulis
1182 1094 1353 1149 insula
1383 1093 1602 1148 caelum.
1902 1092 2144 1147 Perfecta
2175 1090 2411 1146 medium
2443 1100 2545 1157 est,
2580 1093 2744 1147 imum
2777 1103 2924 1162 patet
2951 1109 3072 1150 esse
3103 1098 3342 1161 rotundi,

217 1191 483 1248 Plurimus
513 1189 611 1245 hic-
632 1190 884 1245 Briareus
908 1188 1166 1260 populoso
1194 1200 1421 1256 corpore
1451 1195 1669 1255 pugnat,
1906 1185 2042 1242 Hinc
2073 1185 2211 1249 ﬁeri,
2240 1199 2295 1240 ut
2329 1196 2522 1240 terram
2559 1187 2729 1242 levior
2759 1191 3120 1258 superemicet
3148 1191 3352 1254 undas;

217 1287 504 1354 Cognatam
538 1292 762 1352 portans
791 1283 984 1347 aciem,
1012 1281 1099 1336 cui
1131 1277 1332 1334 vertice
1357 1278 1426 1332 ab
1453 1292 1558 1333 uno
1902 1281 2078 1338 Altior
2109 1281 2190 1337 his
2215 1296 2429 1351 quoque
2456 1282 2544 1345 sit,
2577 1283 2666 1350 qui
2699 1283 2885 1350 purior
2910 1283 3108 1338 eminet
3133 1299 3254 1342 aer:

214 1379 412 1432 Ccrnas
443 1375 672 1431 ramosis
703 1376 907 1445 palmas
937 1374 1189 1428 fruticare
1212 1373 1449 1426 lacertis.
1901 1375 2090 1431 omnia
2116 1375 2400 1431 concludat
2424 1375 2621 1432 emtum
2653 1376 2872 1431 levitate
2900 1391 3188 1446 “preme,

215 1467 315 1521 Nec
344 1467 558 1536 species
581 1467 724 1522 solas
752 1467 1030 1534 monstris,
1060 1464 1209 1520 dedit
1247 1475 1362 1518 arte
1387 1464 1620 1518 furorem
1905 1469 2142 1524 Pendeat
2169 1476 2224 1523 et
2251 1477 2418 1523 totum
2452 1469 2610 1523 simul
2642 1469 2744 1523 hoc
2767 1469 2834 1523 ab
2854 1470 3062 1538 origine
3087 1469 3280 1525 centri.

215 1560 495 1628 Mulciber,
532 1569 691 1631 atque
718 1560 863 1629 ipsas
893 1559 1069 1614 timuit
1092 1547 1226 1628 quas
1257 1557 1487 1612 ﬁnxerat
1518 1557 1645 1610 iras.
1975 1561 2172 1617 Thales
2201 1561 2285 1616 hic
2314 1562 2475 1615 etiam
2505 1563 2745 1616 numeris
2775 1561 3038 1631 perquirit
3062 1571 3115 1615 et
3143 1563 3324 1624 astris,
3377 1601 3382 1604 -

214 1650 428 1706 Ilastam
456 1651 645 1707 dextra
676 1661 845 1718 tenet,
891 1666 1062 1722 nuper
1085 1665 1245 1721 quam
1277 1658 1303 1686 ι
1337 1649 1473 1705 valle
1507 1645 1802 1718 Aracynthi
1910 1653 2185 1709 Deiectum
2219 1662 2275 1707 ut
2303 1652 2510 1716 Phoebi,
2540 1668 2638 1707 nec
2671 1667 2774 1706 non
2799 1652 3045 1720 lunzeque
3076 1653 3314 1707 laborem

216 1745 324 1814 Ipsa
355 1743 463 1798 sibi
491 1745 660 1814 posita
686 1745 860 1800 Pallas
891 1745 1156 1814 protraxit
1184 1744 1341 1798 oliva.
1905 1745 2124 1801 Nuntiet
2155 1746 2429 1808 anterius;
2463 1744 2557 1799 sed
2593 1745 2755 1799 rebus
2785 1745 2973 1799 inutile
3005 1746 3148 1814 ponit

214 1837 320 1892 Hoc
348 1846 584 1892 steterat
609 1837 789 1905 genio,
822 1851 985 1906 super
1014 1845 1070 1891 ut
1097 1835 1316 1905 vestigia
1349 1834 1484 1890 diva:
1838 1826 1884 1886 Β
1912 1835 2262 1907 Principium,
2293 1838 2419 1891 dum
2446 1836 2620 1891 credit
2651 1837 2802 1905 aquis
2830 1836 3127 1892 subsistere
3160 1838 3434 1892 mundum.

216 1929 483 1984 Labeates
513 1936 694 1983 teneat
713 1927 1043 1983 Marathonia
1066 1929 1227 1982 bacca
1262 1937 1512 1995 trapetas.
1906 1929 2074 1998 Hujus
2098 1928 2343 1998 discipuli
2371 1942 2524 1982 versa
2549 1937 2634 1983 est
2667 1929 2952 1992 sententia,
2983 1929 3169 1984 decens

279 2023 373 2077 llic
393 2023 511 2076 duo
537 2023 730 2090 templa
759 2023 978 2089 micant,
1009 2037 1236 2092 quorum
1267 2021 1631 2090 supereminet
1664 2035 1802 2076 unus
1908 2022 2190 2091 Principiis
2213 2022 2441 2091 propriis
2471 2036 2686 2091 semper
2717 2036 2805 2078 res
2845 2037 3084 2093 quasque
3113 2026 3301 2080 creari.

212 2116 276 2173 Ut
298 2115 535 2180 meritis,
569 2115 644 2169 sic
676 2113 805 2169 sede
826 2114 995 2180 locus,
1027 2115 1116 2184 qui
1144 2114 1387 2169 continet
1410 2115 1514 2167 alta
1906 2114 2065 2184 377
2092 2114 2308 2184 Singula
2338 2113 2424 2183 qui
2453 2113 2715 2184 quosdam
2748 2113 2923 2168 fontes
2950 2115 3190 2172 tleCernit
3215 2115 3414 2172 habere

209 2212 534 2266 Scrutantes
566 2208 772 2263 ratione
799 2209 966 2272 viros,
998 2207 1123 2276 quid
1157 2206 1401 2261 machina
1433 2206 1576 2267 cit-li,
1909 2206 2191 2262 Eternunt
2224 2206 2472 2276 irriguos,
2502 2220 2563 2260 ac
2595 2222 2773 2262 rerum
2801 2210 3005 2261 semine
3038 2207 3245 2277 plenos,

3385 332 3489 387 7M

209 2305 342 2372 Quid
375 2302 566 2367 tellus,
599 2300 723 2372 quid
757 2301 898 2354 fossa
928 2300 1111 2362 maris,
1142 2300 1266 2369 quid
1295 2297 1538 2352 turbidus
1567 2313 1680 2362 aer,

209 2395 346 2464 Quid
377 2393 560 2450 noctis
591 2391 833 2463 lucisque
863 2393 1031 2457 vices,
1065 2391 1192 2461 quid
1226 2401 1501 2445 menstrua
1534 2390 1670 2444 luna:

204 2487 552 2542 Incrementa
582 2490 791 2554 parent,
825 2481 1044 2537 totidem
1074 2497 1167 2535 cur
1197 2481 1389 2535 damna
1417 2489 1728 2550 sequantur.

209 2579 358 2634 Ilicet
389 2577 485 2631 hic
516 2575 710 2631 summi
735 2574 976 2630 resident
1003 2584 1209 2644 septem
1238 2575 1529 2643 sapientes,

210 2669 691 2726 Innumerabilium
717 2667 1007 2737 primordia
1033 2667 1500 2737 philosophorum.

209 2764 412 2820 Thales
450 2763 632 2818 Mileto
661 2762 876 2832 genitus
903 2761 1204 2815 vadimonia
1236 2761 1473 2828 damnat,

211 2857 422 2930 Lyndie
452 2865 507 2911 tu
537 2854 796 2910 Cleobule
825 2854 982 2923 jubes
1008 2854 1198 2908 modus
1229 2856 1464 2922 optimus
1492 2863 1549 2907 ut
1575 2854 1661 2914 sit,

211 2948 290 3004 Tu
322 2947 599 3005 meditans
645 2945 816 3001 totuln
847 2947 1074 3001 decoras
1111 2946 1409 3000 Periandre
1446 2945 1768 3010 Corinthon,

215 3041 428 3096 Atticus
456 3038 581 3096 inde
611 3039 780 3095 Solon
811 3054 879 3094 ne
906 3039 1030 3108 quid
1062 3038 1220 3092 nimis
1250 3039 1510 3110 approbat
1541 3055 1725 3107 unum,

212 3131 465 3189 Prietttee
496 3132 608 3200 Bia,
641 3131 845 3202 plureis
876 3130 955 3184 ais
985 3145 1106 3184 esse
1139 3131 1423 3200 malignos,

213 3221 293 3277 Tn
327 3222 585 3294 Mitylene
616 3232 765 3278 satus
787 3224 1065 3292 cognoscis
1101 3222 1302 3277 Pittace
1334 3232 1563 3292 tempus,

211 3315 455 3372 Noscere
483 3330 602 3372 sese
631 3316 806 3385 ipsum
834 3314 1025 3368 Chilon
1053 3314 1316 3386 Spartane
1343 3315 1594 3371 docebas.

210 3408 429 3463 Asserit
462 3409 547 3464 hic
567 3408 778 3463 Samius
800 3417 916 3478 post
937 3409 1093 3462 docta
1127 3411 1338 3465 silentia
1368 3411 1518 3465 lustri

203 3498 578 3572 Pythagoras,
611 3502 840 3556 solidum
872 3503 1124 3571 princeps
1154 3504 1295 3572 quod
1322 3504 1523 3560 musica
1556 3506 1810 3559 mundum

201 3596 534 3664 Temperet.
567 3604 621 3650 et
647 3595 813 3649 certis
839 3605 1160 3649 concentum
1193 3596 1384 3650 reddat
1411 3598 1478 3650 ab
1507 3598 1690 3661 astris,

201 3687 500 3756 Signaque
525 3685 785 3740 Zodiacus
815 3701 935 3755 qua:
964 3687 1195 3742 circulus
1226 3704 1325 3744 axe
1350 3704 1603 3758 supremo

202 3777 378 3851 376
395 3777 580 3833 Terna
600 3787 790 3848 quater
809 3765 1022 3841 retinet,
1047 3781 1264 3847 proprio
1285 3796 1388 3833 non
1411 3795 1629 3835 currere
1644 3790 1811 3849 motu,

201 3868 414 3940 Equis
451 3869 590 3924 inter
620 3883 680 3923 se
704 3869 891 3937 Spatiis
917 3880 1095 3924 tamen
1121 3886 1241 3926 esse
1273 3873 1465 3926 locata.

206 3964 468 4033 Fixaque
496 3960 755 4032 signifero
786 3963 985 4030 pariter
1014 3978 1227 4032 quoque
1258 3979 1455 4020 cernua
1481 3965 1625 4030 ferri,

207 4052 673 4124 Prmeipuumque
703 4054 864 4108 etiam
893 4063 1098 4124 septem
1132 4071 1258 4127 vaga
1293 4058 1467 4112 sidera
1497 4069 1710 4112 cantum

214 4149 360 4204 Ilinc
377 4147 535 4212 dare,
554 4147 822 4216 perchtus
841 4162 1096 4202 numerus
1119 4149 1256 4217 quod
1282 4158 1504 4220 uterque
1528 4149 1814 4205 habeatur:

216 4242 336 4296 Iloc
368 4253 599 4294 numero
627 4238 922 4305 affirmans,
956 4239 1058 4295 hoc
1082 4239 1272 4296 ordine
1302 4251 1490 4297 cuncta
1522 4245 1708 4299 rotari.

215 4331 477 4390 Falciferi
501 4329 528 4369 δ
552 4331 765 4386 Cronon
800 4335 877 4386 ire
905 4331 1052 4388 senis
1083 4349 1179 4403 per
1207 4349 1414 4389 summa
1443 4337 1708 4406 polorum,

216 4427 413 4484 Martis
444 4428 779 4498 contiguum,
811 4427 990 4483 medio
1019 4429 1173 4493 Jove,
1203 4445 1423 4500 pergere
1456 4431 1622 4496 sidus,

220 4516 354 4572 Post
385 4519 512 4582 bos,
536 4518 644 4587 jam
673 4528 862 4588 quarto
886 4533 945 4574 se
972 4519 1191 4575 flectere
1220 4521 1434 4576 tramite
1461 4523 1653 4591 solem,

219 4609 308 4665 Sic
338 4607 614 4678 placidam
640 4610 875 4675 Paphien
907 4626 1124 4667 servare
1152 4611 1412 4667 diastema
1435 4615 1702 4683 quintum,

218 4702 525 4760 Arcadium
555 4709 731 4766 sexto,
767 4699 946 4754 lunam
975 4703 1053 4756 sic
1079 4703 1211 4756 orbe
1241 4717 1494 4770 supremo

225 4806 246 4833 ε
274 4796 386 4849 Ter
413 4793 588 4848 denas
612 4790 816 4860 tropico
842 4806 1008 4861 prope
1029 4807 1247 4848 currere
1277 4793 1490 4848 climate
1517 4796 1696 4850 miras.

297 4991 322 5018 ε
361 4978 570 5035 Montis
607 4975 827 5031 Bceotia:
852 4975 1028 5030 :unde
1058 4975 1414 5046 Aracyntbias
1444 4978 1562 5034 dea.
1597 4978 1836 5037 Iiltianus

222 5059 272 5110 ἓν
305 5059 491 5126 φήμηί
1065 5117 1068 5120 .

379 5142 546 5195 κλῦθὶ
571 5160 656 5210 μοι
686 5142 888 5209 ιὺχάων
909 5141 1235 5215 ’Δρακννθιάς
1260 5143 1579 5218 εὐπατέρεια.

301 5259 330 5298 δ
357 5263 612 5330 Φαίνςιντα
639 5255 845 5330 κρόνου,
874 5252 925 5308 id
956 5263 1040 5308 est
1065 5254 1278 5310 Saturni
1307 5256 1538 5310 stellam.

305 5343 332 5405 τί
360 5326 600 5398 Quidam
629 5326 813 5405 itinera:
857 5335 1141 5405 reponunt,
1191 5330 1409 5405 μοίραςε
1445 5336 1502 5405 ut
1529 5329 1833 5405 apud_Cen-

227 5396 484 5459 sorinum
511 5412 631 5466 cap.
658 5396 712 5449 8.
745 5396 1047 5466 Et‘quidem
1073 5397 1144 5451 ita
1173 5412 1261 5451 res
1279 5396 1630 5466 'exigebat,‘et
1648 5400 1832 5455 Graeca

229 5464 634 5542 diphthongus.
653 5465 774 5542 __Sed
801 5464 870 5521 de
891 5466 990 5520 hoc
1011 5483 1209 5542 genere
1235 5469 1514 5542 scriptura;
1536 5464 1695 5538 Supra
1718 5486 1837 5524 car-

232 5537 385 5599 mine
417 5543 454 5596 9
495 5537 604 5608 jam
636 5537 839 5592 dictum
869 5545 952 5590 est
979 5537 1045 5591 ad
1077 5539 1446 5593 hecatombion.
1491 5537 1630 5595 Sunt
1656 5549 1836 5595 autem

236 5625 420 5688 μοῖραι
448 5623 504 5666 et
527 5615 683 5688 μυρίᾳ
711 5608 1290 5688 Graecisastronomis,
1311 5626 1430 5688 qua:
1452 5621 1630 5688 partes
1661 5614 1841 5680 signo-

239 5679 387 5746 rum,
439 5691 498 5735 et
528 5679 742 5750 "gradus
768 5679 992 5735 Latinis.
1045 5680 1360 5736 Ambrosius
1399 5683 1448 5734 in
1477 5679 1837 5737 hexaemeron

239 5755 274 5810 4
303 5773 316 5809 ;
348 5753 418 5808 1η
444 5750 653 5828 triginta
667 5750 1044 5828 partiti-nenias,
1068 5751 1425 5828 (ζειαί-μερίδας
1446 5763 1642 5828 vocant,
1662 5771 1843 5807 unam-

242 5821 808 5895 quamque'duodecim
836 5822 1041 5876 illorum
1068 5821 1378 5877 distribuunt
1413 5825 1714 5890 portionem.

506 5918 775 5977 ΡΑτιιοι..
824 5917 1039 5977 LVIII.

1915 2298 2068 2353 IIune
2099 2299 2260 2352 etiam
2289 2299 2532 2368 sequitur
2557 2298 2647 2368 qui
2675 2299 2892 2367 gignere
2915 2310 3106 2353 cuncta
3136 2300 3355 2368 putabat

1914 2393 2065 2447 Hunc
2089 2407 2291 2456 aerem,
2328 2392 2633 2462 pariterque
2653 2392 2786 2446 deos
2822 2392 2900 2446 sic
2926 2399 3168 2445 autumat
3197 2401 3365 2447 ortos.

1911 2488 2142 2554 Quartus
2166 2487 2518 2556 Anaxagoras
2551 2486 2830 2542 Thaletica
2859 2487 3108 2557 dogmata
3139 2498 3338 2542 servat.

1916 2579 2023 2635 Sed
2052 2579 2293 2634 divinum
2325 2580 2562 2633 animum
2595 2579 2780 2645 sentit,
2815 2579 2904 2649 qui
2932 2579 3116 2634 fecerit
3142 2579 3349 2634 orbem.

1916 2673 2104 2727 Iunior
2136 2673 2258 2727 huic
2281 2673 2501 2742 junctus
2532 2672 2730 2727 residet
2759 2673 3002 2743 collega;
3032 2673 3125 2727 sed
3153 2673 3292 2728 idem

1919 2766 2194 2819 Materiam
2225 2766 2431 2820 cunctis
2461 2766 2723 2819 creaturis
2750 2780 2872 2820 aera
2900 2765 3149 2826 credens.

1918 2859 2132 2914 Iudicat
2165 2858 2286 2911 inde
2321 2858 2487 2912 Deum
2523 2857 2723 2912 faceret
2753 2873 2858 2928 quo
2885 2868 3077 2913 cuncta
3106 2858 3314 2913 tulisse.

1920 2951 2042 3004 Post
2074 2949 2171 3004 bos
2197 2950 2464 3004 Arcesilas
2492 2949 2670 3002 divina
2712 2960 2890 3004 mente
2916 2959 3152 3017 paratam

1917 3038 2144 3110 Conjicit
2177 3039 2313 3093 hanc
2343 3040 2566 3104 molem,
2597 3040 2894 3094 confectam
2925 3041 3162 3108 partibus
3189 3041 3295 3096 illis

1917 3135 2062 3201 Quas
2087 3143 2298 3188 atomos
2327 3144 2481 3186 vocat
2512 3133 2624 3197 ipse
2655 3132 2815 3186 leves.
2846 3132 2871 3168 ά
2903 3133 3177 3187 Socratica
3215 3141 3335 3202 post
3365 3135 3504 3191 hunc

1841 3199 1888 3264 Ο
1919 3199 2076 3282 Secta
2110 3226 2294 3291 micat,
2321 3240 2441 3294 quae
2469 3225 2536 3278 de
2569 3233 2771 3278 naturm
2806 3224 3042 3292 pondere
3071 3199 3308 3294 migrans

1920 3321 2002 3376 Ad
2035 3336 2212 3375 mores
2246 3321 2520 3375 hominum
2554 3319 2819 3374 limandos
2851 3321 3123 3374 transtulit
3156 3337 3330 3374 usum.

1923 3417 2072 3470 llanc
2101 3425 2301 3470 sectam
2325 3416 2612 3484 perhibent
2633 3429 2897 3468 summum
2927 3415 3230 3470 excoluisse
3256 3417 3489 3488 Platona,

1921 3508 2026 3564 Sed
2060 3508 2254 3577 triplici
2290 3508 2553 3560 formasse
2585 3506 2765 3567 tnodo,
2796 3505 2921 3559 dum
2949 3506 3150 3574 primus
3178 3516 3229 3561 et
3260 3524 3395 3562 unus

1921 3585 2148 3668 Pliysica
2179 3597 2263 3652 vel
2297 3597 2490 3664 logico,
2527 3597 2756 3665 logicum
2790 3597 2872 3650 vel
2899 3597 3070 3665 jungit
3103 3599 3170 3650 ad
3202 3598 3378 3652 ethos.

1924 3688 2138 3742 Invenit
2164 3687 2250 3740 hic
2281 3688 2530 3755 princeps
2560 3687 2684 3754 quid
2720 3687 2887 3754 prima
2920 3689 3150 3741 essentia
3179 3689 3339 3742 distet

1926 3784 1968 3837 Α
2001 3797 2209 3836 summo
2233 3791 2494 3849 sextoque
2527 3780 2694 3842 bono;
2721 3794 2841 3833 cum
2873 3780 3104 3848 denique
3133 3796 3258 3833 saxa

1926 3875 2047 3931 Sint
2076 3882 2305 3937 tantum,
2344 3873 2658 3940 penitusque
2706 3871 2834 3924 nihil
2880 3871 2980 3924 nisi
3025 3885 3145 3926 esse
3185 3873 3513 3941 probentur:

1930 3970 2176 4026 Proxima
2208 3966 2522 4031 succedant,
2551 3966 2742 4034 quibus
2773 3979 2895 4018 esse
2926 3972 2978 4016 ct
3010 3965 3190 4019 vivere
3211 3977 3516 4036 promptum

3321 4058 3444 4128 [εει.

1928 4152 2142 4210 Addere
2171 4151 2290 4221 quis
2315 4150 2487 4220 possis
2517 4148 2589 4202 nil
2619 4148 2847 4217 amplius
2871 4148 3064 4200 artiore
3089 4155 3143 4201 et
3170 4146 3371 4211 herba;

1927 4245 2108 4300 Tertia
2137 4244 2206 4297 sit
2239 4255 2516 4310 pecorum,
2551 4254 2775 4308 quorum
2803 4253 2922 4292 e~se
2950 4247 3004 4292 et
3032 4238 3213 4293 vivere
3241 4247 3387 4293 motu

1929 4339 2043 4395 Non
2071 4346 2218 4393 caret
2245 4344 2299 4391 ct
2327 4349 2521 4398 sensu;
2556 4331 2808 4386 mortales
2838 4340 3026 4400 quarta
3049 4330 3245 4385 deinde

1930 4429 2203 4500 Respiciat
2234 4428 2439 4484 factura
2470 4441 2620 4492 suos,
2650 4423 2843 4494 quibus
2873 4439 3016 4490 esse,
3045 4425 3270 4488 moveri,

1931 4526 2149 4587 Vivere,
2184 4538 2305 4579 cum
2335 4535 2496 4577 sensu
2528 4519 2709 4579 datur,
2739 4527 2793 4570 et
2820 4514 3182 4582 supereminet
3211 4514 3338 4568 illud

1848 4589 1906 4651 Ῑ)
1930 4617 2081 4686 Quod
2114 4615 2347 4683 sapiunt,
2379 4627 2613 4679 veroque
2642 4609 2824 4661 valent
2853 4606 3156 4659 discernere
3183 4606 3372 4660 falsum
3405 4624 3417 4658 :

1932 4709 2127 4775 Quinta
2160 4714 2436 4759 creaturas
2464 4714 2689 4766 superas
2719 4696 3012 4750 substantia
3039 4695 3248 4762 prodat,

1933 4800 2078 4866 Quas
2107 4793 2322 4864 quidam
2355 4790 2541 4846 dixere
2561 4789 2710 4854 deos,
2743 4786 2866 4855 quia
2899 4799 3125 4854 corpora
3151 4799 3366 4840 sumant

2015 4977 2041 5016 ἀ
2070 4974 2370 5034 Secundam
2407 4970 2672 5041 produxit,
2704 4980 2763 5024 ut
2794 4968 3114 5041 Prudentius
3145 4967 3342 5041 hymno
3382 4970 3444 5025 10
3475 4973 3525 5026 in

1943 5048 2314 5121 Hippocrﬁatt'ca
2342 5039 2607 5121 tertiani:
2639 5042 2775 5121 quia
2793 5043 2844 5094 in
2885 5040 3132 5094 Socrates
3163 5049 3216 5121 et
3239 5039 3531 5121 Hippocra-

1940 5113 2030 5178 tes
2055 5113 2276 5175 easdem
2318 5115 2706 5185 producebant,
2737 5113 2981 5185 Crzecum
3013 5119 3289 5185 accenttun
3335 5115 3528 5178 secuti,

1940 5196 2223 5269 Σωκράτης,
2253 5182 2615 5263 ίιτὲποκράτης.
2667 5186 2738 5238 Ita
2769 5183 2911 5239 enim
2943 5191 2995 5236 et
3027 5182 3377 5235 Maximianus
3417 5185 3528 5238 eleo

1938 5265 2023 5336 gia
2044 5265 2080 5317 'l
2110 5279 2124 5318 :

2036 5353 2139 5404 Hoc
2157 5365 2353 5414 quoque
2388 5352 2614 5414 virtutum
2637 5345 2874 5414 quondam
2897 5344 3165 5414 certamine
3190 5355 3420 5405 magnum

2095 5406 2347 5464 SoCratém
2372 5413 2576 5474 palmam
2603 5406 2936 5471 promeruisse
2961 5406 3143 5456 lerunt.

1946 5541 2011 5595 Et
2047 5539 2298 5596 Paulinus
2330 5545 2517 5591 auctor
2551 5531 2903 5588 Eucharistici
2937 5550 2948 5582 :
2980 5531 3236 5602 Dogmata
3264 5531 3532 5600 Somnus,

1944 5622 1992 5665 et
2035 5611 2214 5665 bellica
2263 5609 2514 5676 plasmata
2562 5605 2794 5658 Homeri.
2862 5603 3030 5676 Hujus
3075 5605 3290 5676 generis
3338 5613 3390 5676 et
3432 5605 3535 5676 alia

1946 5684 2142 5754 passim
2191 5674 2329 5752 apud
2374 5677 2650 5754 Sidonium
2695 5694 2706 5728 :
2755 5685 2812 5754 ut
2852 5674 3203 5754 AglhiopSft
3239 5674 3537 5754 Euripides

1949 5745 2240 5822 penultima
2284 5754 2434 5817 longa
2463 5767 2475 5801 :
2504 5750 2716 5822 Aratus,
2754 5745 3057 5822 thedonis,
3111 5745 3396 5822 diastema,
3428 5759 3536 5799 ma-

1951 5816 2141 5887 ihesis,
2172 5816 2486 5902 Ileracljttts,
2514 5818 2802 5888 sapphirus
2829 5817 3016 5873 eadem
3043 5816 3210 5871 brevi.

3171 5907 3248 5967 23
