4060 6332
216 344 290 401 721
1656 328 1984 393 CARMINA.

1798 456 1846 517 Α
1874 446 2329 502 Co’ncionaturum
2359 445 2373 482 ί
2410 444 2565 517 plebs
2590 442 2776 503 sedula
2805 448 3175 518 circumsistit,

1886 538 2161 607 Exposita:
2194 535 2326 605 legis
2351 536 2498 593 bibat
2528 539 2748 595 auribus
2773 548 2831 595 ut
2854 540 3202 598 medicinam.

1885 628 2152 700 Quidquid
2204 627 2360 698 agis,
2404 643 2723 700 quocunque
2767 631 2868 688 loci
2908 647 3012 703 es,
3067 649 3286 705 semper
3339 636 3472 692 mihi

214 457 389 513 Miserit
413 455 467 510 in
494 457 691 512 cmlum
719 462 932 510 montes
964 472 977 509 :
1007 470 1126 526 qua:
1151 463 1335 511 sancta
1369 464 1393 491 κ
1423 452 1644 523 Caprasi

216 550 314 605 Vita
339 549 501 617 senis,
528 548 556 589 ιδ
574 549 889 620 juvenisque
918 550 1078 621 Lupi:
1103 565 1223 621 qua:
1249 550 1414 619 gratia
1442 560 1462 587 ε
1498 558 1698 618 patrem

216 643 384 699 Mansit
413 641 774 708 Honoratum;
799 642 959 699 fuerit
980 639 1003 680 ἀ
1032 643 1152 713 quis
1176 642 1435 698 Maximus
1465 640 1574 703 ille,

216 736 389 791 Urbem
418 742 474 790 tu
497 735 650 806 cujus
676 734 1075 806 monachosque
1103 734 1328 790 antistes
1359 742 1414 788 et
1439 731 1606 788 abbas

146 814 156 879 ζ
217 840 236 867 ε
266 830 343 899 Bis
362 842 644 885 successor
668 831 782 902 agis
808 846 822 882 :
854 828 1135 884 celebrans
1156 843 1373 899 quoque
1399 826 1644 881 laudibus
1668 824 1775 880 illis

208 924 352 995 385
384 920 404 960 ί
442 922 696 979 Eucherii
726 921 993 977 venientis
1022 922 1149 987 iter,
1175 931 1199 968 ἐ
1230 919 1502 976 redeuntis
1536 918 1718 973 llilari.

208 1016 299 1072 Seu
322 1025 369 1069 te
390 1015 715 1073 commissus
737 1014 962 1084 populus
993 1023 1161 1083 tenet,
1186 1022 1241 1068 et
1269 1013 1444 1068 minor
1469 1009 1628 1066 audet

207 1109 275 1164 'l‘e
296 1106 467 1164 medio
495 1096 730 1163 tumidos
754 1106 1016 1175 majorum
1041 1116 1284 1161 temnere
1310 1119 1510 1160 mores.

205 1205 300 1260 Seu
325 1212 377 1258 tu
399 1202 663 1258 sollicitus
690 1216 870 1267 curas,
894 1215 996 1272 qua
1028 1198 1312 1271 languidus
1338 1212 1486 1260 esca,

205 1298 369 1363 Quave
393 1294 712 1367 peregrinus
733 1294 897 1359 vivat,
921 1293 1047 1364 quid
1073 1301 1257 1363 pascat
1284 1301 1341 1348 et
1367 1290 1537 1355 illum,

203 1390 419 1447 Lubrica
442 1402 599 1445 crura
622 1388 705 1444 cui
738 1397 923 1444 tenuat
952 1386 1053 1442 sub
1082 1385 1342 1455 compede
1371 1398 1577 1440 carcer.

202 1481 298 1538 Seu
324 1496 479 1551 mage
500 1479 779 1536 funeribus
803 1490 1040 1535 mentem
1070 1478 1362 1534 distractus
1395 1474 1707 1540 humandis,

203 1572 371 1629 Livida
396 1572 637 1628 defuncti
668 1573 711 1626 si
736 1571 988 1642 pauperis
1017 1585 1138 1626 ossa
1163 1569 1434 1626 virescant

206 1664 558 1721 lnfastiditum
587 1664 696 1720 fers
728 1665 842 1735 ipse
870 1664 937 1719 ad
965 1664 1120 1719 busta
1149 1663 1399 1719 cadaver.

194 1757 295 1816 Seu
325 1768 373 1814 te
402 1758 708 1828 cortSpiculs
740 1753 767 1793 ¹³
797 1756 1053 1827 gradibus
1084 1756 1407 1813 venerabilis
1441 1769 1551 1810 arte

3368 334 3472 396 792

1891 813 2116 885 Semper
2146 811 2473 881 Honoratus,
2503 828 2956 889 semper‘quoque
2974 727 3405 879 ﬁniriﬁniri,

2435 947 2720 1005 CARMEN
2762 951 2922 1009 XVII.

1886 1077 2098 1118 INVITAT
2140 1063 2156 1113 Ῑ
2194 1078 2473 1119 ουκηιωί
2505 1079 2557 1118 ν.
2600 1079 2651 1119 C.
2695 1082 2764 1121 AD
2801 1082 3053 1124 ΝΔτΔιΕΙ
3086 1086 3212 1126 DIE)!
3249 1086 3477 1128 ευοιιωι.

1890 1182 2154 1266 Quattuor
2180 1206 2306 1255 ante
2335 1198 2480 1268 dies,
2511 1213 2670 1269 quam
2698 1201 2785 1256 lux
2813 1201 3037 1259 Sextilis
3063 1204 3240 1261 adusti

1961 1290 2133 1346 Prima
2163 1292 2470 1362 spiciferum
2498 1293 2735 1363 proferat
2766 1295 2899 1352 orbe
2928 1310 3108 1368 caput,

1888 1382 2089 1440 Natalis
2119 1386 2317 1441 nostris
2344 1386 2587 1442 decimus
2609 1398 2903 1461 sextusque
2928 1392 3158 1462 coletur,

1964 1478 2212 1534 Adventu
2244 1478 2370 1535 felix
2402 1481 2494 1550 qui
2526 1482 2659 1551 petit
2683 1497 2805 1539 esse
2836 1494 2947 1540 tuo.

1892 1566 2009 1624 Non
2042 1569 2136 1625 tibi
2157 1572 2438 1641 gemmatis
2470 1581 2739 1639 ponentur
2761 1575 2982 1642 prandia
3011 1578 3236 1648 mensis,

1966 1661 2222 1733 Assyrius
2246 1677 2441 1717 murex
2470 1678 2572 1718 nec
2594 1664 2690 1719 tibi
2716 1665 2885 1735 sigma
2918 1666 3088 1724 dabit.

1896 1750 2004 1808 Nec
2033 1769 2128 1823 per
2154 1753 2484 1823 multiplices
2503 1755 2673 1811 abaco
2698 1758 3019 1827 splendente
3048 1774 3307 1817 cavernas

264 1882 288 1909 ι
316 1872 490 1947 Quem
520 1869 784 1947 religiosae
797 1869 1301 1947 _v_i‘t:n__m‘agistrum‘
1320 1869 1508 1947 habuit
1539 1869 1784 1947 llonora-
1816 1864 1866 1927 B
1894 1876 2074 1947 ctores
2105 1866 2323 1925 docent.
2366 1868 2686 1925 Prudentius
2715 1870 2782 1925 de
2806 1872 2864 1928 S.
2895 1873 3164 1947 Hippolyti
3205 1878 3430 1935 ecclesia
3456 1919 3473 1946 ,

200 1955 277 1999 tus
315 1962 328 1997 :
377 1943 564 2006 virum,
598 1954 654 1996 ut
696 1942 748 1996 in
796 1942 976 1996 llilarii
1003 1940 1334 1997 Arelatensis
1384 1940 1500 1994 Vita
1529 1939 1785 2006 scriptum

199 2024 295 2081 est,
316 2015 553 2085 angelica
580 2015 635 2067 in
654 2014 833 2069 insulis
856 2013 1229 2085 conversatione
1242 2014 1525 2085 degentem.
1563 2008 1789 2085 venera-

199 2088 362 2153 bilem,
386 2082 461 2140 ἰιι
493 2085 785 2140 Eucherius
830 2085 879 2137 iu
912 2084 1094 2139 libello
1141 2084 1209 2140 de
1240 2082 1421 2138 Laude
1467 2083 1635 2138 eremi
1688 2082 1785 2147 ait,

196 2161 443 2229 gravitate
474 2155 721 2210 veteribus
751 2156 940 2229 somnis
972 2171 1164 2229 parem.

265 2229 291 2267 ι»
324 2228 577 2298 Episcopi
610 2236 792 2298 postea
822 2223 1447 2282 Tricassini.Eucherius
1475 2223 1788 2298 ibidem,de

199 2294 383 2357 Lirind
412 2294 586 2355 insula
613 2294 627 2353 ὲ
662 2297 788 2352 llam
814 2298 992 2350 habuit
1030 2299 1285 2352 reverendi
1310 2298 1531 2351 nominis
1562 2294 1785 2363 Lupum,

196 2373 277 2440 qui
298 2371 452 2426 nobis
474 2370 623 2424 illum
652 2386 714 2424 ex
744 2369 877 2423 tribu
904 2367 1175 2441 Benjamin
1199 2367 1403 2438 Lupum
1430 2368 1628 2421 retulit.

267 2478 288 2505 ε
324 2464 628 2521 Lirinensis
678 2464 1025 2527 monasterii,
1076 2471 1135 2517 ut
1182 2463 1442 2528 diximus,
1491 2471 1786 2517 auctorem.

195 2536 497 2594 Eucherius
540 2536 607 2592 de
661 2535 846 2588 eadem
878 2535 1049 2589 insula
1087 2553 1098 2587 :
1137 2533 1308 2604 Digna
1349 2549 1464 2604 qua:
1521 2532 1792 2587 Honorato

196 2619 405 2665 auctore
432 2606 652 2677 fundata
678 2606 779 2670 sit;
800 2606 914 2675 q‘ua’
942 2606 1069 2659 tanti
1095 2595 1312 2660 instituti
1339 2595 1536 2677 tantum
1562 2616 1708 2659 nacta
1728 2604 1793 2658 sit

198 2676 724 2750 patrent,’apostolici
754 2678 964 2750 spiritus
992 2679 1160 2750 vigore
1208 2686 1254 2730 et
1284 2678 1451 2750 rultus
1480 2676 1675 2730 honore
1703 2691 1793 2750 ra-_

196 2746 428 2805 diantem
458 2746 661 2819 :digna
689 2764 801 2816 qua'
827 2748 974 2800 illum
1001 2746 1304 2819 suscipiens,
1328 2749 1400 2801 ita
1425 2749 1705 2819 emitteret:
1729 2746 1795 2819 ad

195 2821 513 2877 cathedram
553 2815 759 2875 scilicet
789 2815 1180 2885 Arelatensem,
1211 2819 1280 2875 ad
1318 2834 1478 2889 quam
1507 2816 1575 2873 ab
1606 2815 1797 2872 insula:

193 2893 525 2964 praefectura
555 2902 773 2946 creetus
804 2898 906 2945 est.

263 2984 293 3025 ιι
338 2983 601 3040 Honorati
654 2984 706 3037 iu
757 2982 1070 3038 monasterii
1118 2982 1436 3052 praefectura
1490 2993 1793 3048 successor,

191 3058 491 3124 episcopus
537 3054 660 3109 inde
705 3054 971 3109 Reiensis.
1018 3053 1323 3124 Eucherius
1365 3053 1433 3107 de
1482 3052 1794 3107 Honorato:

190 3123 328 3184 [hac
379 3123 520 3182 nunc
558 3141 897 3181 successorem
938 3126 1048 3196 ejus
1095 3135 1225 3179 tenet
1270 3123 1558 3196 Maximum
1598 3123 1801 3196 nomine

192 3200 426 3264 clarum,
468 3198 588 3269 quia
618 3211 731 3265 post
778 3193 1171 3269 ipsum'meruit
1206 3197 1423 3269 rascisci.
1459 3194 1688 3250 Faustus
1733 3193 1800 3269 de

189 3244 727 3351 ᾗῖξῖὲίἰόξῖῖρῖιὶιῖ
746 3244 1165 3351 sirit-tinam;
1188 3244 1432 3351 nam;
1452 3244 1797 3351 gessisti;
1827 3244 1876 3309 ε

186 3332 493 3397 Lirinensis
521 3332 662 3393 nabis
694 3348 807 3408 post
846 3332 899 3393 se
938 3332 1253 3395 moderanda
1290 3332 1645 3393 committeret.
1675 3336 1799 3392 Htrc

184 3412 289 3468 ille
323 3415 383 3467 in
422 3409 878 3479 pscudepigrapha
911 3410 1124 3464 Eusebii
1144 3411 1375 3466 Emiseni
1401 3411 1619 3465 homilia
1648 3408 1714 3462 de
1738 3408 1796 3464 S.

181 3478 465 3545 Maximo,
509 3478 772 3547 quatn’ut
818 3480 1013 3535 Fausto
1064 3482 1434 3536 vindicandam
1482 3492 1659 3551 putem
1713 3478 1800 3533 hic

180 3558 315 3624 ejus
347 3555 506 3606 locus
529 3552 669 3624 inter
695 3553 1244 3624 cmteragpersuadet:
1277 3550 1495 3617 Merito,
1519 3550 1802 3624 inquit,“

176 3620 335 3679 vobis
360 3624 584 3692 imputet
606 3621 750 3674 beata
777 3620 871 3674 illa
898 3620 1068 3675 insula
1098 3638 1160 3676 ex
1189 3626 1285 3675 hoc
1312 3639 1413 3676 uno
1453 3626 1626 3691 atque‘
1652 3622 1802 3692 unico

177 3691 454 3759 munere,
483 3694 598 3747 licet
638 3695 851 3746 multant
892 3694 1147 3746 erubescat
1193 3710 1255 3747 ea:
1297 3692 1479 3749 altero.
1528 3691 1806 3758 Signiﬁcat

180 3768 346 3823 enim
383 3763 884 3830 Lirinumjusulam
910 3766 1045 3816 duos
1071 3764 1215 3818 liciis
1243 3767 1523 3833 episcopus
1552 3762 1801 3817 dedisse:

180 3836 527 3901 Maximum,
561 3834 629 3890 de
660 3849 767 3902 quo
792 3835 912 3903 jure
960 3833 1178 3901 gloriari
1220 3835 1407 3901 possit.
1450 3844 1503 3888 et
1548 3834 1804 3888 Faustum

182 3912 381 3972 ipsum
414 3906 487 3961 de
510 3920 616 3975 quo
640 3905 938 3961 erubescat.
956 3905 1087 3972 Quae
1113 3908 1275 3960 verba
1295 3905 1363 3960 de
1386 3904 1583 3960 Fausto
1613 3912 1808 3975 praeter

185 3980 473 4037 Faustum
504 3976 677 4046 ipsum
709 3990 867 4030 nemo
894 3984 1221 4046 usurpasset.

266 4081 293 4108 ε’
328 4066 620 4125 Successit
647 4066 791 4122 cnim
816 4066 1045 4120 Maximo
1074 4068 1323 4133 Faustus,
1351 4068 1583 4136 primum
1614 4068 1666 4123 in
1692 4084 1808 4123 mu-

188 4157 336 4198 nere
369 4139 613 4205 abhatis,
644 4154 764 4193 cum
804 4137 1065 4192 Maximus
1108 4153 1136 4191 a
1182 4138 1447 4194 Lirinensi
1491 4142 1808 4208 praelectum

188 4214 260 4268 ad
297 4212 606 4269 Reiensem
637 4208 945 4263 cathedram
992 4210 1193 4264 ascitus
1230 4221 1333 4264 est.
1372 4211 1575 4266 Deinde
1615 4210 1807 4267 iterum

188 4287 246 4340 in
283 4285 639 4351 episcopatu,
669 4294 789 4334 cum
813 4289 1027 4334 mortuo
1053 4280 1283 4335 Maximo
1313 4281 1567 4337 Reiorum
1597 4283 1811 4351 episco-

190 4371 299 4425 pus
352 4370 430 4410 ex
481 4352 672 4425 abbate
716 4361 926 4425 creatus
966 4360 1091 4425 est.
1120 4352 1192 4425 lta
1244 4368 1373 4421 ergo
1418 4364 1472 4409 et
1515 4356 1810 4409 monachos

190 4422 458 4487 Maximi,
491 4433 545 4479 et
573 4422 765 4477 urbem
788 4422 904 4492 ejus
934 4432 1054 4493 post
1084 4423 1230 4478 illum
1253 4425 1412 4479 rexit.

272 4519 296 4593 ζ
323 4520 498 4593 151
518 4515 889 4593 Lugdunensis
905 4525 1087 4593 postea
1106 4518 1363 4593 episcopi.
1384 4517 1679 4593 Lirinensis
1699 4532 1811 4573 sum

188 4587 569 4647 habit—attonis
618 4588 769 4643 testis
815 4596 899 4641 est
940 4587 1233 4642 Eucherius
1266 4591 1377 4655 ipse
1424 4590 1474 4642 in
1524 4590 1704 4643 libello
1746 4594 1811 4643 de

193 4663 505 4719 Laudibus
532 4658 720 4713 eremi.
753 4656 1031 4727 Equidem,
1056 4657 1250 4726 inquit,
1279 4661 1473 4711 cunctis
1500 4662 1655 4712 eremi
1686 4660 1811 4712 locis

191 4752 315 4805 quae
344 4735 564 4802 piorum
590 4731 951 4805 illuminantur
977 4744 1193 4805 secessu,
1239 4733 1571 4805 reverentiam
1613 4729 1769 4782 debeo
1799 4746 1812 4781 :

188 4799 496 4878 principue
507 4811 673 4878 tamen
700 4799 931 4878 Lirinum
952 4814 1119 4878 meant
1146 4800 1339 4878 honore
1359 4803 1685 4878 contplegtor,
1704 4815 1817 4865 qua:

189 4868 511 4947 jJroceilnsi
529 4871 815 4941 naufragiis
834 4870 1014 4924 mundi
1030 4868 1220 4938 e/fusos
1246 4873 1491 4930 piissimis
1515 4874 1650 4926 ulnis
1680 4887 1818 4924 rece-

188 4945 351 5018 perat
388 4945 674 5000 t‘enientes.

267 5049 295 5087 IS
334 5035 606 5106 Episcopi
624 5032 973 5106 Arelatensis.
1001 5032 1178 5106 lnuu‘it
1200 5033 1457 5088 Hilarium
1480 5034 1817 5092 Liriueusem

189 5104 456 5166 insulam
503 5105 586 5160 bis
630 5105 961 5169 incoluisse;
1001 5104 1142 5175 quod
1187 5120 1374 5160 verum
1425 5118 1525 5162 est.
1578 5107 1814 5163 Primum

189 5181 492 5251 siquidem
524 5176 1062 5251 Honorati‘precibus
1091 5177 1296 5233 evictus
1324 5193 1390 5251 eo
1418 5182 1678 5245 secessit,
1706 5180 1806 5233 ibi-

191 5246 308 5322 qu'e
343 5247 675 5318 aliquandiu
704 5246 837 5322 vixit
863 5262 981 5301 cum
1014 5247 1304 5305 Houorato.
1337 5249 1504 5316 Quem
1534 5252 1729 5307 deinde
1750 5253 1817 5307 ad

195 5319 602 5393 Arelatensem
627 5319 935 5374 cathedram
960 5322 1273 5393 translatum
1295 5335 1414 5376 cum
1442 5323 1609 5392 ipsius
1630 5334 1817 5393 rogatu

190 5395 407 5450 relicta
446 5390 625 5445 insula
666 5401 882 5445 secutus
912 5400 1086 5455 esset,
1136 5392 1361 5460 pristino
1407 5390 1617 5448 tandem
1652 5390 1820 5453 eremi

192 5481 408 5520 amore
460 5472 673 5530 captus,
718 5460 958 5534 Liriuum
990 5460 1169 5534 rediit,
1201 5478 1308 5531 quo
1338 5474 1578 5534 tempore
1610 5466 1819 5522 Euche-

2018 1945 2203 2010 Frgnte
2225 1948 2318 1997 sub
2343 1947 2549 1998 adversa
2571 1951 2807 2010 gradibus
2829 1952 3039 2004 sublime
3067 1945 3280 2006 tribunal

2079 2007 2305 2070 Tollitur,
2335 2011 2542 2061 antistes
2567 2007 2801 2074 praedicat
2825 2014 2956 2064 unde
2994 2014 3173 2066 Deum.

1894 2112 2158 2169 Eumdem
2197 2116 2356 2170 etiam
2400 2115 2602 2170 Graecis
2649 2133 2854 2174 morem
2887 2119 3075 2185 fuisse,
3110 2130 3165 2177 et
3195 2122 3487 2180 hodiernus

1894 2200 2080 2240 eorum
2106 2186 2529 2262 mos__ostendit,
2563 2196 2621 2262 et_
2633 2188 2784 2262 quod
2817 2191 2883 2244 de
2906 2192 3297 2262 Chrysostomo
3326 2211 3354 2248 a
3387 2194 3489 2252 So-

1894 2268 2040 2310 crate
2087 2266 2142 2311 et
2169 2257 2317 2324 aliis,
2364 2267 2421 2310 ut
2468 2257 2743 2326 peculiare
2775 2257 3043 2328 proditum
3093 2272 3198 2328 est,
3253 2264 3402 2319 illum
3432 2267 3488 2322 in

1895 2328 2183 2399 ambouem
2231 2327 2616 2383 conscendisse
2681 2343 2739 2383 ut
2794 2344 2824 2383 a
2886 2333 3132 2399 pluribus
3192 2335 3488 2393 audiretur.

1894 2396 2370 2469 Concionabantur
2413 2413 2544 2468 ergo
2595 2414 2692 2469 pro
2732 2396 2987 2469 gradibus
3028 2418 3157 2469 arae,
3192 2404 3329 2460 intra
3359 2421 3491 2461 can-

1897 2468 2212 2551 cellosxqui
2244 2469 2387 2553 ρῆμα
2418 2483 2511 2553 seu
2534 2468 2812 2553 Δἱερατεῖὸν,
2843 2475 2943 2527 hoc
2967 2468 3348 2553 est-tribunal,
3377 2477 3491 2553 sive

1897 2540 2197 2617 sacrarium
2228 2540 2550 2617 dirimebant
2578 2540 2605 2593 εἰ
2631 2556 2814 2617 capso,
2840 2543 2983 2617 quod
3013 2543 3087 2617 illi
3118 2546 3230 2600 ναὸν
3256 2547 3491 2617 appella-

1902 2609 2233 2687 bant._Huﬂnc
2255 2611 2604 2687 enim_locum
2633 2609 2833 2687 iudicat
2860 2609 3151 2685 Gregorius
3180 2609 3491 2687 theolbgus,

1903 2696 2027 2758 cum
2052 2681 2121 2758 de
2142 2682 2748 2758 Constantinopolitanis
2768 2681 3252 2758 concionibussuls
3270 2681 3493 2758 loquens

1900 2751 1953 2806 in
1978 2754 2223 2807 oratione
2242 2751 2309 2806 ad
2336 2751 2617 2821 epischtos
2640 2754 2760 2819 150,
2790 2756 3062 2811 cancellos
3089 2757 3159 2812 ab
3184 2751 3491 2815 auditorum

1902 2837 2025 2879 sese
2049 2824 2439 2893 impellentium
2471 2825 2628 2879 turba
2660 2824 2765 2878 vim
2799 2840 2987 2894 passos
3013 2827 3231 2892 scribit,
3264 2828 3349 2883 his
3376 2846 3495 2885 ver-

1901 2893 1983 2948 bis
2010 2912 2034 2977 Ξ
2054 2899 2264 2977 Χαίρετε
2294 2902 2396 2977 τῶν
2422 2897 2574 2977 »ἔμέιν
2618 2896 2778 2967 λόγων
2798 2893 3049 2977 ζὲρασςτςιὶ,
3069 2903 3188 2977 ⁸ξιοςὶ
3216 2900 3494 2977 σύνδρομοε

1905 2964 2215 3042 ςυνδρομάὶ.
2233 2964 2579 3042 καὶλγραςέίδις
2603 2964 2842 3042 φαῦεραὶξ
2856 2972 2951 3042 Δκριὲ
2975 2966 3331 3039 λωθάνὸυσαι,
3345 2964 3443 3027 ’κάὶ
3464 2973 3497 3030 ri

1903 3036 2175 3114 ﬁtucopivn
2204 3036 2392 3114 κξσγκλῖξ-
2414 3036 2545 3095 αὕτη
2572 3036 2828 3114 τὸῖςᾳτὲιρὶ
2855 3039 2999 3113 λόγον
3021 3036 3353 3114 ὠθιζρμᾶνοιέτ

1982 3105 1999 3144 ί
2033 3105 2218 3176 Neque
2242 3105 2342 3162 hoc
2373 3105 2806 3177 praetereundum
2833 3105 2951 3165 eam
2979 3113 3107 3167 olim
3122 3105 3296 3169 fuisse
3323 3112 3497 3168 divini

1906 3179 2054 3255 verbi
2084 3178 2466 3255 reverentiam,
2520 3189 2577 3234 ut
2626 3190 2853 3255 stantes,
2896 3196 3001 3237 non
3042 3181 3321 3253 sedentes,
3353 3185 3498 3255 quod

1906 3248 2103 3321 passim
2136 3249 2294 3305 hodie
2326 3249 2404 3315 fit,
2438 3264 2623 3305 sacras
2653 3248 2943 3308 conciones
2982 3255 3254 3310 audirent.
3289 3248 3502 3311 Auctor

1908 3321 2173 3392 imprimis
2202 3322 2554 3392 Augustinus,
2598 3322 2651 3378 in
2682 3338 2932 3379 sermone
2961 3324 3030 3379 de
3060 3326 3348 3382 honestate
3378 3325 3496 3383 cle-

1908 3393 2168 3465 ricorum,
2191 3400 2262 3465 _et
2292 3392 2507 3447 humilia
2535 3392 2629 3448 26.
2677 3393 2744 3449 Et
2779 3394 2962 3465 colligi
3009 3397 3136 3452 licet
3164 3414 3231 3453 ex
3275 3397 3413 3453 libro
3450 3412 3503 3453 tv

1905 3464 2085 3533 Optati
2115 3463 2429 3535 Milevitani,
2458 3465 2548 3532 qui
2582 3467 2837 3535 pottulum
2871 3463 2931 3521 in
2958 3468 3189 3524 ecclesia
3225 3478 3385 3534 negat
3405 3468 3504 3523 ha-

1906 3534 2283 3608 beresedendi
2314 3534 2607 3608 licentiam.
2635 3538 2707 3608 I__ta
2730 3547 2784 3591 ct
2808 3537 3220 3594 Constantinum
3253 3539 3503 3608 Magnum

1908 3603 2173 3660 Eusebius
2199 3605 2335 3659 libro
2365 3604 2607 3680 Vitae“,
2633 3603 3062 3680 mercaturam,
3099 3603 3506 3664 stantem'inter

1914 3684 2165 3737 caeteros,
2218 3676 2393 3728 oranti
2425 3676 2528 3729 sibi
2580 3676 2741 3732 aures
2795 3678 3010 3734 dedisse
3048 3676 3323 3744 testatur,
3380 3693 3508 3733 cum

1909 3759 2125 3813 aequum
2155 3744 2381 3815 diceret,
2431 3754 2491 3799 ut
2533 3746 2725 3815 stando
2753 3747 2933 3801 divina
2962 3750 3266 3815 audiantur,
3301 3751 3507 3809 ἑστῶτα

1909 3817 2009 3893 γὰρ
2037 3813 2311 3893 ὑπακούσῃ
2327 3823 2427 3871 τῶν
2447 3817 2589 3893 Gaium
2616 3814 2768 3893 aeros.
2796 3813 3342 3893 Nectameninlicias
3369 3835 3507 3893 eun-

1914 3888 2039 3941 du'm
2099 3901 2193 3939 sua
2238 3890 2400 3942 etlam
2454 3888 2789 3944 auditoribus
2828 3889 3021 3944 sedilia
3064 3891 3191 3946 olim
3240 3889 3406 3945 fuisse
3452 3891 3508 3945 in

1913 3956 2235 4032 quibusdam
2266 3956 2538 4032 ecclesiis.
2565 3958 2695 4032 Hoc
2721 3960 2867 4032 enim
2894 3960 3074 4028 docet,
3124 3962 3409 4032 aptiusque
3437 3960 3508 4017 ad

1913 4031 2267 4102 attentionem
2294 4028 2498 4102 judicat
2525 4028 2669 4085 idem
2702 4030 3036 4102 Augustinus
3062 4033 3115 4087 in
3145 4028 3284 4088 libro
3314 4028 3380 4087 de
3400 4032 3509 4087 Ca-

1914 4101 2254 4173 techizaudis
2279 4099 2521 4173 rudibus,
2550 4115 2670 4172 cap.
2707 4099 2811 4158 i3:
2828 4101 3119 4173 Longeque,
3163 4104 3273 4170 ait,
3306 4105 3509 4157 consul-

1913 4171 2018 4225 tius
2046 4172 2101 4224 in
2145 4169 2453 4242 quibusdam
2497 4169 2855 4227 transmarinis
2902 4169 3146 4241 ecclesiis,
3198 4169 3302 4228 non
3342 4174 3512 4229 solum

1913 4242 2162 4317 antistites
2212 4243 2368 4315 152
2395 4243 2623 4317 sedentes
2670 4244 2950 4317 loquuntur
2998 4246 3066 4300 ad
3111 4248 3379 4317 populum,
3419 4248 3510 4299 sed

1914 4312 2015 4387 ipsi
2043 4314 2200 4387 etiam
2222 4312 2423 4387 populo
2469 4314 2655 4369 sedilia
2685 4316 2951 4387 subjacent
2974 4357 2991 4383 ,
3024 4334 3084 4370 ne
3112 4312 3399 4387 quisquam
3428 4321 3512 4371 in-

1915 4383 2116 4452 ﬁrmior
2143 4386 2327 4437 stando
2360 4386 2580 4440 lassatus
2611 4403 2641 4440 a
2670 4383 3009 4441 saluberrima
3035 4383 3317 4443 intentione
3363 4402 3512 4442 aver-

1916 4463 2077 4525 tatur,
2108 4463 2196 4507 aut
2225 4457 2377 4509 etiam
2400 4467 2613 4525 cogatur
2639 4458 2933 4514 abscedere.

1993 4525 2006 4574 i
2042 4500 2370 4580 dmmatium
2401 4500 2605 4582 Raricii
2636 4542 2884 4582 socerum
2915 4529 3097 4583 docuit
3147 4544 3246 4583 nos
3290 4543 3514 4583 carmen

1837 4625 1894 4686 Β
1922 4593 2009 4660 Η,
2040 4611 2144 4663 quo
2166 4596 2283 4676 loco
2313 4600 2614 4677 {Arvernum
2649 4598 2798 4651 illum
2825 4599 2987 4652 fuisse
3016 4599 3338 4653 monuimus.
3366 4596 3514 4651 Idem

1920 4665 1989 4717 de
2011 4664 2279 4717 Ommatio
2316 4681 2556 4717 tumore.
2605 4668 2694 4717 aui
2724 4666 3063 4717 Turonorum
3108 4670 3331 4717 antistes
3375 4667 3514 4717 fuit.

1957 4679 1989 4719 Β

2011 4664 2279 4719 Ommatio
2310 4665 2556 4735 juniore,
2605 4668 2694 4735 qui
2724 4666 3063 4722 Turonorum
3108 4670 3331 4723 antistes
3375 4667 3515 4732 fuit,

1922 4746 2105 4788 monet
2130 4734 2425 4804 Gregorius
2476 4737 2568 4791 lib.
2600 4734 2633 4790 x
2682 4736 2949 4792 Historim.
2985 4738 3137 4792 llunc
3176 4754 3308 4793 vero
3354 4737 3514 4794 Sido-

1924 4806 2046 4860 nius
2074 4820 2295 4860 suorum
2332 4805 2561 4861 natalem
2610 4808 2891 4877 celebrans
2921 4808 3109 4863 invitat
3150 4810 3513 4877 pulcherrimo

1923 4877 2309 4945 epigrammate
2341 4895 2353 4932 :
2387 4877 2529 4945 quod
2572 4875 2789 4947 quidem
2833 4877 3060 4933 Martino
3091 4875 3363 4935 Dumiensi
3387 4878 3514 4934 olim

1925 4947 2181 5020 episcopo
2206 4951 2280 5020 ita
2332 4948 2612 5020 probatum
2660 4958 2770 5015 est,
2796 4957 2858 5004 ut
2886 4949 3117 5005 triclinio
3157 4966 3279 5016 suo,
3331 4950 3517 5020 paucis

1923 5019 2162 5085 mutatis,
2187 5018 2596 5073 describendum
2615 5023 2820 5074 curarit
2847 5021 2899 5075 in
2934 5021 3077 5077 hunc
3098 5018 3338 5077 modum.

2128 5139 2188 5193 B.
2232 5139 2521 5195 MARTINI
2564 5110 2930 5199 DUMIEN'SIS
2972 5143 3304 5202 EPISCOPI.

2440 5211 2508 5267 IN
2548 5211 3004 5271 REFECTORIO.

2053 5301 2160 5369 Non
2185 5300 2466 5369 hicauratis
2489 5312 2725 5356 ornantur
2750 5308 2947 5369 prandia
2967 5306 3151 5365 fulcris.

2118 5365 2345 5427 Assyrius
2365 5379 2540 5417 murex
2566 5379 2659 5416 nec
2684 5365 2770 5418 tibi
2796 5371 2951 5429 sigma
2971 5371 3130 5420 dedit.

2054 5424 2159 5502 Nec
2180 5424 2270 5488 per
2290 5429 2582 5502 multiplices
2606 5430 2756 5502 abaco
2771 5424 3067 5502 splendente
3084 5444 3321 5484 cavernas

2121 5487 2376 5556 Pcttentur
2399 5487 2565 5556 nitidas
2584 5492 2762 5556 codicis
2784 5487 2891 5556 arte
2922 5493 3087 5556 dapes.

2058 5549 2164 5619 Non
2187 5553 2395 5614 scyphus
2418 5554 2497 5619 hic
2520 5554 2735 5609 dabitur.
2755 5554 2907 5619 rutilo
2933 5549 3010 5606 cui
3035 5557 3160 5609 forte
3185 5555 3384 5610 metallo

2115 5612 2388 5663 Crustatum
2407 5617 2616 5675 stringat
2633 5617 2810 5667 tortilis
2829 5616 2942 5667 ansa
2971 5619 3114 5671 latus.

2056 5672 2179 5744 Vina
2203 5677 2317 5723 mihi
2345 5689 2438 5744 non
2464 5672 2576 5726 sunt
2596 5680 2838 5744 Gazetica,
2864 5680 3003 5744 Chia,
3029 5683 3253 5744 Falerna,

2119 5738 2341 5800 Quasque
2364 5739 2639 5800 Sarapteuo
2663 5739 2861 5800 palmite
2884 5738 3027 5795 missa
3052 5746 3203 5794 bibas.

2054 5799 2153 5873 Sed
2169 5800 2403 5873 quidquid
2429 5802 2591 5873 tenuis
2610 5799 2704 5849 non
2725 5805 3317 5873 completcopiamense,

2121 5862 2357 5929 Suppleat
2378 5863 2467 5915 hoc
2492 5865 2703 5932 petimus
2730 5862 2886 5929 gratia
2906 5862 3051 5935 pleu'a
3075 5870 3180 5924 tibi.

194 5539 321 5592 rius
354 5536 671 5601 elegantem
699 5534 767 5587 de
798 5532 954 5587 laude
979 5532 1146 5587 eremi
1188 5533 1427 5589 libellum
1450 5532 1662 5591 Hilario
1690 5538 1824 5593 scri-

193 5610 339 5677 psit,
379 5606 484 5678 qui
516 5604 631 5659 haec
660 5603 837 5678 omnia
869 5601 1187 5659 conﬁrmat:
1220 5614 1273 5660 et
1305 5605 1538 5663 Hilarius
1579 5613 1693 5678 ipse
1725 5608 1825 5664 ho-

197 5675 365 5734 inilia
396 5677 477 5727 de
507 5686 692 5731 sancto
722 5675 1012 5730 Honorato.

277 5769 312 5810 1·
345 5766 498 5825 lnde
528 5769 668 5824 enim
700 5770 947 5827 sedentes
970 5768 1020 5824 in
1050 5770 1308 5827 cathedra
1331 5772 1585 5828 tribunali
1609 5778 1827 5831 concio-

196 5844 335 5906 nari
385 5840 686 5900 solebant:
718 5841 861 5917 quod
903 5840 1175 5900 ritualium
1204 5856 1416 5916 quoque
1444 5844 1701 5902 librorum
1734 5862 1827 5905 au-
