4060 6332
190 406 289 463 725

1643 401 1937 463 CARMINA
1948 444 1962 463 .

3337 414 3439 477 γει

188 525 303 579 ratis
331 535 471 592 aquo
497 520 785 591 plusculum
814 521 937 577 locis
966 523 1042 577 lar
1074 522 1342 594 familiaris
1364 520 1622 585 incolitur,
1654 535 1753 574 non
1784 522 1837 578 Α
1861 519 2045 576 Sudati
2076 521 2143 577 de
2171 535 2290 577 rore
2320 524 2453 580 meri
2490 542 2502 578 :
2536 536 2693 596 caput
2720 541 2878 581 aurea
2907 488 3157 595 rumpunt

184 613 365 669 idcirco
409 621 514 667 tam
562 612 703 665 nobis
757 612 983 667 animum
1028 612 1274 667 diuidere
1323 629 1472 682 quant
1516 614 1749 681 patriam.

185 703 346 758 Habes
375 718 493 773 ergo
520 702 603 756 hic
627 700 932 772 Dionysium
968 703 1100 757 inter
1128 702 1371 774 triumphi
1419 700 1588 756 Indici
1619 702 1757 755 oble-

1861 615 2092 673 Cornua.
2120 622 2182 669 et
2211 614 2510 684 indigenam
2540 619 2842 686 iaculantur
2871 618 3103 673 fulminis
3133 620 3326 688 ignem.

1860 704 2170 774 Sumpserat
2192 706 2292 760 hoc
2317 707 2544 775 primum
2575 708 2821 773 nascens,
2854 724 2974 764 cum
3006 711 3221 764 transiit
3240 710 3364 763 olim

181 801 424 849 ctamenta
452 802 787 859 marcentem;
818 794 970 850 habes
989 803 1038 849 et
1064 792 1333 862 Phoebum,
1360 810 1506 866 quem
1532 793 1621 848 tibi
1639 797 1760 867 jure
1804 824 1809 827 ι
1861 797 1917 851 In
1949 798 2175 867 patrium
2204 796 2272 852 de
2298 807 2465 853 matre
2492 797 2691 863 femur;
2726 799 2828 855 fert
2852 812 3058 869 tempus
3083 810 3368 871 utrumque

180 887 366 955 poetico
413 884 714 954 inquilinum
745 884 939 954 factum
983 895 1174 942 constat
1214 903 1279 941 ea:
1323 886 1529 940 numine
1560 900 1579 941 :
1609 885 1756 939 illum

176 978 356 1031 scilicet
386 974 666 1045 Pluebum,
702 987 730 1015 ιι
756 977 998 1033 Anthedii
1025 979 1124 1033 mei
1155 978 1578 1050 perfamiliarem,
1609 979 1756 1048 cujus

176 1067 383 1138 collegio
412 1069 489 1122 uir
517 1069 808 1139 prtefectus,
840 1086 942 1123 non
970 1069 1124 1124 modo
1150 1070 1368 1124 musicos
1396 1085 1637 1139 quosque.
1670 1084 1753 1120 ve-

173 1176 277 1213 rum
306 1160 460 1214 etiam
486 1171 793 1231 geometras,
836 1161 1182 1217 arithmeticos
1210 1170 1258 1217 et
1291 1160 1575 1231 astrologos
1599 1160 1702 1213 diss
1722 1179 1757 1201 '-

174 1251 316 1305 rendi
346 1261 453 1307 arte
490 1253 794 1322 supervenit.
834 1251 1103 1322 Siquidem
1146 1255 1346 1308 nullum
1392 1254 1484 1308 hoc
1528 1254 1754 1307 exactius

173 1351 477 1412 compertum
503 1343 687 1397 habere
714 1344 1017 1408 censuerim,
1039 1344 1162 1412 quid
1175 1341 1203 1381 δ
1218 1344 1386 1399 sidera
1407 1342 1603 1401 zodiaci
1625 1342 1754 1395 obti-

170 1451 296 1505 qua,
330 1435 454 1505 quid
485 1434 802 1504 planetarum
835 1452 962 1506 vaga
981 1477 997 1503 ,
1027 1436 1153 1506 quid
1180 1438 1376 1490 exotica
1412 1452 1594 1506 sparsa
1621 1451 1755 1503 prae-

166 1524 385 1581 valeant.
416 1523 554 1581 Nam
577 1527 671 1593 ita,
698 1536 752 1581 ut
786 1529 858 1582 sic
883 1529 1123 1594 dixerim,
1148 1526 1228 1582 his
1259 1528 1495 1583 membris
1520 1528 1747 1598 philoso

168 1620 295 1689 phire
323 1621 509 1684 claret,
544 1631 601 1675 ut
626 1621 857 1675 uideatur
883 1622 1009 1674 mihi
1038 1619 1240 1675 Julium
1260 1618 1567 1687 Firmicum,
1598 1621 1751 1676 Sam-

160 1714 436 1778 monicum,
455 1711 723 1767 lulianum
751 1711 1043 1780 Vertacum,
1067 1710 1369 1767 Fullonium
1387 1712 1745 1781 Saturninum,

160 1807 208 1860 in
236 1807 381 1862 libris
412 1812 689 1862 matheseos
716 1807 1045 1879 peritissimos
1072 1808 1359 1863 conditores
1384 1810 1570 1876 absque
1593 1810 1743 1863 inter-
1792 1844 1801 1854 -

1864 888 2012 949 Veris
2040 903 2170 959 opes
2194 931 2207 951 ,
2241 890 2535 959 rutilosque
2560 890 2685 961 ligat
2714 891 2979 947 vindemia
3010 891 3186 947 tiores.

1858 982 2154 1038 Cantltarus
2186 992 2238 1037 et
2282 983 2496 1055 thyrsus
2524 983 2710 1038 dextra
2744 983 2983 1054 laevaque
3013 985 3291 1040 feruntur:

1855 1072 1966 1129 Nec.
1995 1075 2123 1144 tegit
2150 1084 2423 1142 exsertos,
2454 1074 2549 1131 sed
2580 1074 2745 1144 tangit
2771 1076 2909 1146 palla
2942 1078 3187 1131 lacertos.

1858 1165 2021 1219 Dulce
2046 1175 2232 1225 natant
2256 1167 2418 1234 oculi,
2447 1181 2580 1236 quos
2602 1166 2646 1221 si
2677 1165 2787 1221 fors
2815 1176 2988 1221 vertat
3015 1167 3067 1220 in
3100 1169 3330 1232 hostem,

1856 1255 2124 1311 Attonitos
2149 1258 2318 1310 solum
2346 1256 2471 1311 dum
2497 1257 2671 1313 cernit
2700 1256 2923 1312 inebriat
2952 1257 3127 1312 Indos.

1856 1347 1989 1401 Tum
2017 1349 2241 1403 salebris
2268 1348 2468 1404 saliens
2496 1352 2703 1417 quoties
2725 1363 2783 1404 se
2811 1350 3046 1404 concutit
3069 1348 3207 1412 axis,

1856 1440 2062 1493 Passim
2090 1439 2316 1495 deciduo
2347 1440 2679 1509 perfunditur
2705 1441 2876 1495 orbita
2910 1449 3107 1495 musto.

1855 1531 2187 1595 Bassaridas,
2221 1533 2462 1604 Satyros,
2506 1534 2695 1599 Panas,
2731 1532 3051 1602 Faunosque
3072 1532 3298 1588 docebat

1854 1622 2066 1678 Ludere
2092 1622 2304 1678 Silenus
2323 1667 2337 1692 ,
2367 1624 2477 1694 jam
2508 1626 2726 1679 numine
2753 1626 2941 1694 plenus
2971 1626 3212 1693 alumno,

1856 1714 1960 1770 Sed
1994 1725 2238 1786 comptus
2277 1726 2452 1771 tamen
2493 1717 2582 1772 ille
2610 1725 2798 1785 caput;
2841 1732 2962 1771 nam
2995 1718 3194 1773 vertice
3224 1718 3367 1774 nudo

1854 1808 2094 1863 Amissos
2122 1810 2279 1864 sertis
2307 1810 2485 1865 studet
2521 1825 2777 1866 excusare
2805 1811 3046 1882 capillos.

158 1908 313 1963 prete,
345 1898 546 1968 ingenio
580 1906 778 1952 tantum
806 1897 1142 1971 suﬁ'ragante,
1172 1900 1428 1955 didicisse.
1467 1899 1581 1956 Nos
1601 1903 1747 1956 vesti-
1777 1880 2110 1972 B‘Corniger
2139 1902 2262 1957 inde
2291 1904 2414 1958 novi
2454 1904 2665 1973 Ganges
2693 1903 2750 1958 lit
2778 1880 2967 1973 pompa
2998 1903 3272 1973 triumphi.

156 1990 234 2058 gia
277 1989 532 2043 doctrinm
570 1990 729 2062 ipsius
777 1991 1051 2046 adorantes
1076 2032 1091 2056 ,
1142 2009 1315 2047 coram
1360 2008 1548 2048 canoro
1589 2010 1745 2065 cycno

155 2095 368 2133 raucum
412 2096 639 2135 anserem
678 2082 994 2152 proﬁtemur.
1018 2126 1025 2131 .
1046 2083 1183 2153 Quid
1204 2092 1253 2141 te
1280 2088 1503 2158 amplius
1529 2102 1701 2141 moror
1725 2089 1749 2141 Ρ

152 2166 383 2239 Burgum
424 2182 600 2240 tuam,
632 2190 745 2243 'qno
764 2191 889 2247 jure
924 2178 1145 2232 amicum
1174 2180 1372 2245 decuit,
1407 2196 1572 2234 meam
1604 2182 1699 2251 feci
1727 2198 1744 2234 :

152 2265 300 2333 probe
342 2266 509 2338 339
540 2269 702 2324 sciens
721 2311 736 2336 ,
769 2269 847 2324 vel
875 2272 1139 2327 materiam
1169 2272 1259 2327 tibi
1284 2289 1391 2329 esse
1414 2275 1738 2343 placituram,

151 2360 351 2413 etiamsi
378 2376 439 2415 ex
463 2361 628 2416 solido
656 2379 832 2434 poema
858 2364 1144 2435 displiceat.

703 2498 988 2557 CARMEN
1019 2501 1187 2561 XXII.

574 2623 597 2651 θ
638 2628 843 2669 νείκους
876 2629 1057 2671 PONTII
1091 2630 1323 2671 LEONTII.

213 2748 440 2803 Bistonii
471 2747 738 2803 stabulum
770 2749 909 2817 regis
933 2792 949 2817 ,
979 2750 1239 2805 Busiridis
1269 2767 1415 2820 aras,

146 2837 444 2911 Antiphatae
475 2855 718 2906 mensas,
749 2848 803 2896 et
831 2839 1055 2895 Taurica
1088 2857 1247 2915 regna
1282 2842 1561 2907 Thoantis,

145 2934 319 3001 Atque
358 2931 521 2986 ltbaci
553 2931 769 3001 ingenio
802 2930 1100 2987 fraudatum
1134 2933 1252 2989 luce
1280 2935 1554 3005 cyclopem
1577 2977 1591 3000 ,

143 3019 455 3078 Portantem
485 3023 678 3077 frontis
708 3038 897 3092 campo
932 3039 1028 3093 per
1055 3039 1287 3080 concava
1319 3027 1517 3081 montis

140 3112 240 3169 Par
271 3130 443 3185 prope
484 3114 765 3170 transl‘OSsi
798 3116 1141 3171 tenebrosum
1175 3117 1391 3173 luminis
1428 3128 1659 3181 antrum,

141 3204 349 3276 Hospes
374 3207 483 3273 adi,
513 3207 681 3278 siquis
704 3206 937 3278 Burgum
964 3210 1220 3264 taciturus
1245 3209 1403 3266 adisti
1430 3228 1444 3264 :

140 3295 205 3350 Et
236 3299 367 3353 licet
393 3298 445 3354 in
468 3312 684 3354 carmen
713 3314 819 3354 non
848 3300 1043 3370 passim
1073 3300 1214 3357 laxet
1241 3300 1473 3359 habenas

138 3388 382 3447 Phoebus
402 3432 417 3457 ,
450 3402 502 3446 et
527 3390 613 3445 hic
641 3394 764 3448 tmis
796 3408 899 3447 non
931 3394 1125 3463 pandat
1154 3394 1375 3449 carbasa
1402 3395 1584 3466 fandi;

136 3481 381 3552 Quisque
412 3493 587 3538 tamen
620 3492 793 3539 tantos
821 3500 925 3539 non
964 3485 1186 3541 laudans
1213 3502 1309 3543 ore
1334 3498 1553 3558 penates

134 3571 369 3642 inspicis
389 3613 404 3635 ,
439 3574 723 3639 inspiceris
751 3591 766 3627 :
794 3585 1012 3629 resonat
1039 3574 1155 3631 sine
1184 3592 1314 3633 voce
1339 3579 1584 3637 voluntas
1611 3600 1623 3635 :

133 3661 278 3717 Nam
309 3669 397 3716 tua
430 3668 483 3717 te
510 3664 728 3717 tacitum
760 3662 929 3718 livere
959 3664 1170 3720 silentia
1195 3667 1447 3724 clamant.

209 3752 360 3822 Ergo
386 3766 503 3823 age,
533 3751 735 3807 Pierias
767 3752 927 3808 Erato
957 3755 1085 3810 mihi
1119 3766 1331 3825 percute
1358 3759 1623 3815 chordas:

133 3841 476 3913 Responsent
501 3841 702 3913 Satyri,
734 3842 1064 3914 digitumque
1099 3847 1397 3919 pedemque
1436 3860 1733 3916 moventes,

133 3935 381 4001 Ludant,
411 3940 466 3989 et
496 3934 725 3990 tremulo
752 3949 858 3989 non
887 3948 1142 4006 rumpant
1170 3942 1381 3994 cantica
1414 3941 1573 3996 saltu.

135 4023 409 4097 Quidquid
452 4023 590 4080 forte
635 4023 799 4096 Dryas
820 4070 833 4091 ,
879 4026 964 4081 vel
998 4026 1253 4099 quidquid
1285 4030 1612 4102 Hamadryas
1641 4047 1738 4087 un-

1488 4127 1665 4197 [quam

137 4213 413 4271 Connexis
442 4213 656 4270 sibimet
684 4214 877 4271 festum
910 4214 1158 4284 plausere
1194 4208 1427 4285 Napaeis,

137 4305 456 4374 Dependent
486 4305 665 4376 modo,
696 4307 888 4377 Burge,
923 4305 1035 4373 tibi,
1066 4307 1151 4362 vel
1180 4305 1377 4363 Naidas
1403 4308 1523 4363 istic

138 4397 430 4455 Nereidum
462 4400 657 4454 chorus
686 4399 826 4454 alme
856 4399 1009 4464 doce,
1040 4414 1162 4455 cum
1191 4399 1327 4455 forte
1352 4399 1624 4456 Garumna

140 4491 253 4547 lluc
282 4491 545 4546 redeunte
578 4490 745 4554 venis,
777 4500 1103 4560 pontumque
1133 4492 1185 4546 in
1215 4490 1439 4547 flumine
1464 4493 1658 4547 sulcas.

140 4584 320 4641 Pande
350 4585 513 4655 igitur
540 4597 727 4639 causas
757 4582 937 4647 Erato,
968 4583 1273 4655 laribusque
1299 4585 1369 4639 sit
1394 4585 1491 4641 ede

139 4676 270 4742 Quis
296 4676 490 4746 genius
516 4693 529 4729 :
557 4683 757 4729 tantum
786 4688 889 4729 non
917 4683 1000 4729 est
1028 4674 1143 4730 sine
1168 4676 1400 4742 praesule
1425 4677 1655 4732 culmen.

212 4767 379 4821 Forte
407 4764 731 4837 sagittiferas
754 4763 901 4819 Evan
933 4764 1215 4834 populatus
1237 4765 1512 4835 Erythras,

144 4858 259 4911 Vile
289 4859 607 4928 capistratas
637 4854 859 4928 cogebat
887 4857 957 4910 ad
989 4855 1184 4912 esseda
1212 4856 1373 4927 tigres
1407 4875 1418 4909 :

141 4947 379 5005 Intrahat
406 4951 671 5021 duplicem
701 4966 805 5020 qua
828 4960 969 5005 temo
994 4948 1277 5006 racemifer
1300 4964 1482 5005 arcum
1500 4990 1517 5015 ,

1852 1994 2093 2051 Cernuos
2125 1995 2391 2066 impexam
2421 1994 2607 2051 faciem
2636 1996 2782 2050 stetit
2812 2009 2906 2050 ore
2946 1995 3215 2061 madenti,
3243 2002 3298 2050 et

1849 2087 2079 2141 Arentes
2103 2087 2289 2142 vitreis
2318 2086 2524 2156 adjuvit
2547 2086 2757 2141 ﬂetibus
2786 2086 2972 2141 undas.

1847 2178 2132 2248 Conjectas
2162 2178 2212 2233 in
2242 2178 2414 2234 vincla
2446 2194 2634 2233 manus
2664 2188 2784 2248 post
2814 2186 2959 2248 terga
2987 2180 3228 2235 revinxit

1847 2268 2175 2337 Pampinus;
2217 2268 2305 2323 hic
2327 2270 2528 2324 sensim
2556 2270 2767 2338 captivo
2795 2270 3019 2325 humore
3049 2269 3260 2326 refusus

1845 2360 2051 2428 Sponte
2078 2359 2433 2415 refrondescit
2462 2375 2556 2428 per
2582 2360 2792 2415 brachia
2827 2361 3034 2416 roscida
3065 2362 3286 2430 pahnes.

1845 2455 1952 2511 Nec
1981 2471 2085 2510 non
2112 2465 2166 2510 et
2190 2457 2323 2526 rapti
2348 2455 2540 2524 conjux
2564 2458 2634 2511 ibi
2660 2457 2837 2511 vincta
2863 2457 3037 2511 mariti

1845 2551 1890 2604 lt
1919 2564 2135 2605 croceas
2162 2549 2392 2605 demissa
2421 2563 2605 2620 genas,
2641 2551 2909 2619 vetitaque
2934 2552 3150 2606 recondi

1843 2644 2147 2714 Lampade,
2179 2660 2298 2699 cum
2329 2645 2458 2699 solis
2486 2644 2650 2699 radiis
2678 2658 2868 2699 aurora
2899 2644 3146 2699 rubebat.

1842 2736 2026 2792 Adfuit
2058 2735 2142 2790 hic
2167 2737 2325 2789 etiam
2354 2746 2475 2804 post
2497 2735 2702 2805 perdita
2723 2736 2965 2790 cinnama
2996 2735 3235 2804 phoenix,

1843 2826 2163 2883 Formidans
2194 2834 2418 2881 mortem
2466 2826 2567 2880 sibi
2598 2840 2703 2880 non
2732 2840 3013 2896 superesse
3045 2825 3359 2880 secundam.

1841 2920 2092 2976 Succedit
2123 2919 2329 2988 captiva
2360 2917 2572 2979 cohors.
2604 2932 2720 2985 quae
2751 2918 2944 2972 fercula
2974 2918 3118 2987 gazis

1840 3012 1970 3068 Fert
1995 3021 2213 3067 onerata
2244 3011 2352 3064 suis
2376 3027 2389 3064 :
2411 3010 2543 3063 ebur
2564 3009 2673 3071 hic,
2699 3009 3062 3078 hebenusque,
3087 3009 3177 3063 vel
3194 3021 3406 3074 aurum,

1842 3104 1909 3159 Et
1940 3104 2113 3159 niveae
2143 3102 2294 3173 piceo
2332 3111 2498 3170 raptae
2527 3100 2595 3155 oe
2623 3109 2841 3170 pectore
2871 3101 3048 3155 baccae

1841 3197 2002 3269 391
2054 3195 2371 3258 Gestantur;
2416 3194 2718 3263 quicunque
2757 3192 2887 3248 nlltil
2927 3200 3190 3248 sustentat
3226 3191 3430 3253 odoris,

1757 3267 1805 3332 δ
1837 3267 2063 3350 biittitur
2088 3289 2142 3345 in
2167 3302 2355 3345 nexus.
2388 3286 2577 3343 Videas
2600 3286 2687 3343 hic
2714 3287 2825 3355 ipsa
2850 3286 3060 3356 placere

1844 3386 2141 3455 Supplicia,
2181 3394 2235 3440 et
2262 3382 2463 3439 virides
2494 3381 2649 3437 violis
2681 3379 2864 3436 balare
2887 3388 3124 3436 catenas.

1836 3479 2038 3537 Ultima
2065 3478 2336 3549 nigrantes
2366 3474 2616 3530 incedunt
2640 3472 2819 3542 prmda
2850 3472 3140 3541 elephanti.

1838 3573 2090 3631 Informis
2113 3572 2200 3628 cui
2228 3570 2399 3625 forma
2429 3571 2606 3640 gregi;
2646 3570 2783 3635 riget
2812 3568 3213 3637 hispida'dorso

1842 3667 1942 3720 Vix
1971 3665 2172 3720 ferrum
2206 3677 2423 3731 passura
2450 3662 2587 3716 cutis
2620 3678 2633 3714 :
2668 3659 2863 3730 quipp'e
2885 3658 3124 3728 improba
3155 3666 3355 3713 cratem

1840 3756 2084 3812 Nativam
2113 3768 2212 3809 nec
2240 3753 2345 3808 tela
2376 3751 2579 3815 forant,
2610 3761 2885 3806 contracta
2914 3750 3145 3803 vicissim

1842 3847 2128 3915 Tensaque
2157 3853 2303 3913 terga
2332 3843 2460 3897 feris
2485 3840 2771 3911 crepitant,
2798 3854 3001 3909 usuque
3030 3838 3253 3894 cavendi

1843 3939 2058 3994 l’cllunt
2081 3934 2320 3993 excussis
2350 3933 2637 4003 impactum
2677 3932 2878 3987 missile
2907 3930 3071 4001 rugis.

1915 4030 2139 4100 Jamque
2170 4029 2271 4083 iter
2298 4026 2363 4082 ad
2391 4024 2601 4081 Thebas
2629 4038 2725 4095 per
2753 4038 3003 4094 magnum
3042 4023 3214 4078 victor
3242 4021 3429 4092 agebat

1843 4132 2007 4195 Aera,
2039 4134 2095 4183 et
2121 4127 2188 4181 ad
2215 4139 2454 4183 summas
2478 4132 2733 4181 erexerat
2760 4124 2906 4207 orgia
2934 4123 3101 4179 nubes
3130 4143 3143 4179 :

1842 4219 1976 4275 Cum
2006 4218 2153 4275 videt
2181 4219 2349 4273 Aonia
2377 4217 2676 4273 venientem
2708 4216 2895 4272 Delion
2926 4232 3069 4271 arce.

1845 4311 2055 4383 Grypas
2082 4319 2135 4366 et
2167 4309 2280 4381 ipse
2311 4316 2497 4364 tenet:
2531 4309 2711 4363 vultus
2736 4307 2822 4363 his
2849 4307 3028 4363 laurea
3060 4322 3252 4362 curvos

1842 4403 2057 4458 Fronde
2088 4403 2262 4470 lupata
2292 4400 2481 4471 ligant,
2508 4399 2721 4455 hederis
2750 4414 2963 4470 quoque
2985 4398 3357 4469 circumplexis

1841 4493 2078 4548 Pendula
2102 4493 2446 4555 lora'virent;
2477 4491 2672 4546 sensim
2700 4488 2812 4545 fera
2837 4489 3084 4545 subvolat
3108 4489 3218 4545 ales

1840 4589 2032 4651 Aerias
2063 4599 2323 4665 terrasque
2352 4586 2487 4650 vias,
2512 4601 2579 4639 ne
2603 4583 2742 4639 forte
2767 4583 2929 4651 citato

1843 4679 2060 4733 Marum
2084 4678 2310 4744 strepitu
2330 4675 2564 4743 lignosas
2587 4672 2795 4745 frangat
2814 4672 3072 4726 habenas.

1825 4769 2123 4834 ,Aitcrnum
2154 4766 2284 4821 nitet
2315 4766 2429 4835 ipse
2456 4777 2619 4833 genas
2651 4779 2673 4831 :_
2696 4776 2917 4816 crevere
2945 4758 3218 4830 corymbis

1846 4864 2107 4933 Tempora
2129 4904 2143 4927 ,
2174 4869 2230 4914 et
2256 4868 2496 4913 auratum
2526 4856 2689 4912 verrit
2715 4870 2871 4910 coma
2896 4854 3148 4911 concolor
3178 4868 3353 4907 axem.

1846 4953 2001 5008 Laeva
2028 4962 2177 5023 parte
2206 4961 2350 5005 tenet
2378 4957 2524 5003 vasta
2546 4948 2827 5002 dulcedine
2856 4961 3068 5001 raucam

142 5045 304 5116 39o
330 5045 594 5100 Marcidus
616 5044 730 5114 ipse
756 5043 906 5099 sedet
931 5058 1090 5099 curru
1120 5060 1132 5095 :
1160 5036 1337 5098 madet
1362 5041 1525 5098 ardua
1549 5042 1733 5098 cervix
1847 5043 2049 5133 tlmlato
2074 5040 2301 5097 Pithone
2324 5039 2520 5112 lyram,
2549 5052 2672 5109 pars
2700 5036 2883 5093 dextra
2909 5035 3126 5106 sagittas

213 5231 241 5260 ι
283 5222 503 5277 Dulcem
528 5228 736 5291 poetam
758 5219 882 5275 alibi
906 5219 1067 5286 dixit;
1097 5217 1181 5274 hic
1202 5226 1487 5289 poetarum.
1500 5216 1733 5288 collegio

147 5293 454 5361 prmlectum
480 5292 625 5346 facit.

215 5363 241 5400 ι)
285 5365 443 5417 Extra
470 5364 747 5419 zodiacum
782 5362 974 5431 posita.
1012 5361 1148 5417 Tres
1175 5361 1315 5415 enim
1345 5361 1565 5418 Sidonio
1597 5362 1730 5415 stel-

149 5433 318 5487 larum
343 5434 546 5489 classes
569 5451 581 5487 :
611 5437 858 5503 planetas,
882 5431 970 5503 qui
990 5433 1108 5503 suis
1129 5434 1182 5503 in
1204 5431 1421 5503 orbibus
1443 5440 1729 5503 vagantur;

148 5504 321 5559 sidera
351 5505 588 5570 zodiaci,
614 5499 740 5573 quae
778 5499 1057 5573 duodecim
1095 5501 1211 5566 ejus
1248 5502 1412 5568 signis
1448 5499 1732 5555 continen—

150 5583 266 5637 tur;
309 5586 361 5628 et
388 5575 589 5645 reliqua
620 5572 767 5645 extra
798 5572 1105 5645 zodiacum,
1138 5586 1257 5638 qua:
1286 5580 1565 5639 propterea
1593 5586 1718 5624 exo-

149 5640 539 5709 tica.ttominai,
573 5644 721 5714 quasi
752 5645 846 5697 εςω
877 5648 973 5698 τοῦ
993 5640 1264 5714 ζώδιακᾳῦ.

223 5716 383 5787 ι,δῶ
413 5726 434 5755 ο
465 5710 623 5787 Burgi
645 5714 987 5787 Pauliniante,
1014 5725 1171 5781 quam
1196 5712 1297 5766 hoc
1314 5710 1501 5787 idyllia
1527 5710 1733 5787 descri-

152 5781 485 5847 bitjito'men
519 5781 791 5852 antiquum
839 5783 994 5837 hodie
1043 5790 1258 5846 manet;
1314 5781 1541 5849 Burgum
1588 5781 1733 5834 enim

149 5866 380 5909 castrum
414 5866 627 5923 vocant,
653 5857 717 5908 ad
749 5855 962 5910 Duranii
993 5852 1224 5907 lluminis
1251 5855 1442 5920 ripam,
1473 5866 1577 5906 non
1610 5866 1733 5920 pro-

792 6002 865 6013 ...η

1766 5134 1813 5149 συιδ

1844 5219 1931 5273 cul
1958 5218 2025 5272 ab
2051 5216 2197 5273 illius
2226 5226 2278 5272 et
2317 5215 2600 5272 Garumna:
2629 5213 3039 5272 confluentibus.
3092 5214 3165 5269 De
3204 5214 3426 5268 Leontio

1849 5302 2026 5343 autem
2048 5328 2064 5353 ,
2098 5290 2151 5343 in
2180 5289 2333 5357 cujus
2360 5290 2583 5357 gratiam
2615 5288 2741 5357 ha-e
2754 5285 2967 5355 scripsit
2988 5324 3005 5351 ,
3037 5283 3422 5357 dictumepist.

1847 5362 1909 5414 tl
1937 5371 1991 5414 et
2019 5359 2083 5414 ιε
2105 5360 2197 5413 lib.
2224 5355 2333 5413 viu.
2359 5355 2515 5425 Burgi
2534 5359 2683 5414 vocis
2707 5356 2890 5412 (ἐτίθει
2913 5364 2996 5413 est
3019 5355 3424 5425 origo.Glossa-

1844 5431 1983 5485 rium
2015 5440 2165 5509 vetans
2198 5449 2209 5482 :
2244 5429 2471 5509 Πᾴργος,
2502 5426 2927 5509 ιαττίιηὸιιταιιςς.
2964 5425 3087 5485 Inde
3117 5425 3307 5509 burgos
3332 5440 3426 5506 vo-

1843 5512 2035 5555 carunt
2084 5496 2329 5556 Bomani'
2356 5496 2529 5555 iurres
2576 5513 2669 5553 seu
2696 5496 2881 5552 turrita
2935 5496 3329 5566 propugnacula
3371 5497 3422 5550 in

1845 5570 2102 5626 limitibus
2128 5571 2437 5627 constituta.
2462 5571 2544 5625 Ab
2570 5569 2651 5623 his
2680 5582 2860 5637 porro,
2885 5568 3077 5623 similia
3105 5568 3283 5637 omnia
3309 5581 3424 5620 mu-

1845 5641 2038 5699 uitiosa
2061 5644 2175 5697 loca
2198 5642 2483 5711 burgorum
2504 5636 2931 5711 quoquenomen
2960 5637 3214 5691 tulerunt.
3242 5636 3424 5711 Neque

1843 5712 1983 5766 ratio
2010 5712 2112 5766 alia
2139 5707 2456 5781 requifenda
2484 5707 2577 5781 cur
2599 5707 2669 5763 ita
2702 5708 2932 5781 Burgum
2963 5722 3113 5781 suam
3143 5707 3422 5781 appellarit

1849 5782 2068 5836 Pontius
2097 5778 2350 5836 Paulinus
2393 5779 2673 5847 conditor,
2714 5794 2834 5835 cum
2878 5780 3013 5834 hanc
3038 5778 3205 5851 ipsum
3238 5779 3425 5847 prodat

1850 5862 1957 5908 tota
1987 5855 2102 5922 ejus
2132 5850 2441 5922 descriptio.

3490 5276 3497 5317 i
