4060 6332
616 356 717 411 727
1874 344 2113 405 SIDONII
2155 342 2610 403 APOLLINARIS
3770 351 3860 407 728

608 470 887 535 Continet,
916 476 1074 538 atque
1112 466 1214 521 alio
1253 473 1564 522 resonantes
1591 475 1867 519 murmure
1893 472 2109 515 nervos.
2208 459 2263 518 Α
2287 457 2502 530 Incipit;
2542 469 2597 516 at
2626 460 2808 516 fractis
2832 461 3029 518 saliens
3054 477 3084 518 e
3104 462 3348 518 cautibus
3376 463 3543 518 altum

606 563 760 620 Ibant
787 560 1108 631 Pimpliades
1136 560 1354 631 pariter,
1383 557 1726 627 mediumque
1753 567 1964 611 noveno
2292 550 2573 607 Excutitur
2597 559 2830 619 torrens,
2872 552 3109 625 ipsisque
3136 556 3415 627 aspergine
3443 554 3601 612 tectis

606 654 1076 711 Circumsistentes
1104 651 1424 708 umbrabant
1455 659 1691 722 syrmate
1721 659 1961 703 currum.
2292 639 2524 713 Impluit,
2555 658 2619 698 ac
2650 644 2788 700 tollit
2813 654 3020 715 nautas,
3052 656 3109 703 et
3131 662 3276 720 saepe
3299 648 3487 718 iocoso

603 746 808 802 Pendet
838 759 933 815 per
963 753 1157 799 teretes
1186 743 1422 813 tripodas
1451 739 1771 814 Epidaurius
1800 737 2013 809 anguis,
2291 734 2450 791 Ludit
2478 737 2785 809 naufragio;
2814 756 2935 796 nam
2964 748 3284 813 tempestate
3300 751 3517 813 peracta

606 838 836 892 Dill'usus
862 845 1105 893 sanctum
1131 851 1225 907 per
1244 835 1381 891 colla
1407 833 1639 890 salubria
1664 835 1834 888 virus.
2294 827 2544 885 Destituit
2570 830 2803 888 reﬂuens
2831 833 3022 889 missas
3046 836 3101 890 in
3133 835 3322 892 balnea
3348 836 3569 895 classes.

604 940 627 964 ι·
661 929 757 983 ilic
784 940 837 984 et
865 928 1145 984 crinisatas
1164 928 1417 999 iungebat
1440 926 1673 997 Pegasus
1696 924 1831 993 alas,
2294 921 2408 991 Ipsa
2435 931 2613 979 autem
2637 924 2870 995 quantis,
2894 926 3087 995 quibus
3110 936 3201 981 aut
3221 936 3349 981 sunt
3376 926 3505 983 fulta
3535 926 3829 985 columnis?

602 1019 831 1075 Portans
854 1020 1160 1091 doctiloquo
1189 1020 1474 1076 facundum
1499 1033 1655 1073 crure
1680 1014 1988 1072 Creontem.
2291 1011 2458 1067 Cedat
2484 1013 2708 1083 puniceo
2738 1015 2999 1083 pretiosus
3024 1017 3157 1072 livor
3183 1018 3239 1073 in
3266 1025 3422 1076 antro

622 1098 631 1103 ’
677 1111 743 1166 Ut
771 1127 891 1167 sese
911 1112 1140 1182 junxere
1166 1112 1317 1167 chori
1340 1154 1355 1179 ,
1388 1110 1660 1182 consurgit
1682 1118 1906 1178 uterque
2290 1104 2589 1176 Synnados,
2620 1118 2672 1163 et
2701 1108 2999 1166 Numadum
3030 1111 3118 1181 qui
3150 1118 3325 1182 portat
3352 1112 3586 1168 eburnea
3620 1127 3743 1168 saxa

605 1202 806 1259 Fratris
836 1204 887 1257 in
919 1204 1230 1274 amplexus;
1274 1200 1368 1258 Sed
1400 1202 1557 1272 paulo
1588 1200 1801 1270 segnior
1826 1198 2007 1263 Evan,
2289 1197 2486 1267 Collis,
2509 1211 2564 1257 et
2594 1202 2839 1258 herbosis
2865 1218 2984 1273 qua:
3008 1212 3235 1258 vernant
3270 1218 3538 1260 marmora
3558 1206 3726 1261 venis.

604 1300 765 1372 392
783 1301 913 1354 Dum
937 1299 1099 1370 pudet
1117 1296 1471 1363 instabiles,si
1488 1294 1934 1366 surgat,prodere
1953 1292 2185 1363 plantas.
2291 1292 2620 1350 Candentem
2640 1294 2749 1365 jam
2782 1296 2907 1351 nolo
2936 1294 3131 1365 Paron,
3153 1295 3263 1366 jam
3290 1296 3418 1352 nolo
3442 1295 3725 1369 Caryston.

603 1394 739 1448 'l‘um
766 1392 1001 1447 Phoebus
1030 1408 1044 1444 :
1073 1390 1191 1458 Quo
1216 1390 1429 1459 pergis?
1467 1388 1541 1443 ait
1570 1406 1583 1441 :
1614 1401 1740 1442 num
1770 1386 1904 1441 forte
1931 1392 2186 1440 nocentes
2293 1383 2463 1440 Vilior
2490 1395 2573 1442 est
2591 1387 2757 1443 rubro
2783 1403 2903 1457 qua:
2931 1389 3128 1457 pendet
3158 1403 3390 1459 purpura
3419 1403 3573 1445 saxo.

604 1486 815 1541 Bacche
845 1487 980 1556 petis
1008 1484 1253 1540 Thebas?
1296 1493 1346 1538 te
1376 1491 1556 1538 cretus
1584 1480 1823 1536 Echione
1851 1492 2045 1547 nempe
2291 1476 2358 1531 Et
2377 1490 2445 1532 ne
2467 1479 2750 1547 posteritas
2770 1478 2997 1546 dubitet,
3027 1480 3147 1551 quis
3171 1479 3418 1536 conditor
3445 1489 3651 1547 exstet,

603 1579 847 1647 Abnegat
873 1591 994 1632 esse
1021 1575 1211 1640 deum;
1232 1574 1413 1643 linque
1441 1574 1524 1641 iis,
1542 1586 1689 1643 rogo,
1718 1571 1938 1636 mtenia,
1965 1569 2178 1639 linque;
2289 1566 2453 1625 Fixus
2478 1570 2528 1624 in
2560 1571 2779 1626 introitu
2811 1570 2944 1641 lapis
2973 1580 3054 1627 est
3083 1590 3098 1623 :
3133 1571 3218 1627 hic
3247 1573 3460 1631 nomina
3484 1572 3657 1640 signat

605 1670 674 1723 Et
700 1684 908 1725 mecum
935 1684 1087 1738 mage
1110 1668 1267 1724 ﬂecte
1292 1678 1470 1732 rotas;
1504 1666 1749 1737 deepexit
1774 1667 1956 1735 Agave
2289 1660 2610 1728 Auctorum;
2641 1662 2736 1718 sed
2765 1673 2985 1734 propter
3010 1679 3166 1735 aqua,
3198 1674 3254 1720 et
3275 1664 3495 1734 vestigia
3520 1676 3699 1733 pressa

602 1761 679 1816 'I‘c
705 1762 907 1829 coiere,
930 1771 984 1816 et
1013 1768 1224 1817 nosmet
1251 1760 1456 1826 Niobe;
1489 1760 1626 1829 riget
1647 1757 1774 1814 inde
1799 1756 2112 1828 superbum,
2289 1752 2455 1825 395.
2480 1753 2611 1821 Quae
2641 1756 2811 1824 rapit,
2835 1766 2883 1812 et
2913 1755 3032 1812 fuso
3060 1756 3301 1827 deterget
3326 1756 3535 1826 gurgite
3564 1770 3774 1811 ccenum
3807 1773 3820 1810 :

604 1851 835 1909 Vulnera
866 1864 943 1908 tot
977 1853 1213 1923 patiens,
1244 1861 1375 1922 quut
1395 1860 1600 1921 spectat
1625 1852 1848 1921 pignora
1874 1852 2105 1910 ventris.
2212 1836 2265 1899 Β
2288 1845 2571 1902 Sectilibus
2596 1848 2770 1918 paries
2800 1848 2995 1905 tabulis
3021 1858 3292 1905 crustatus
3312 1849 3378 1904 ad
3410 1864 3572 1905 aurea

603 1945 996 2015 Optantemque
1016 1946 1150 1999 mori
1178 1945 1393 2013 gravius
1419 1944 1697 1999 clementia
1725 1942 1866 1998 ﬂxit.
1988 2007 2003 2023 .
2290 1940 2454 1996 Tecta
2482 1943 2647 2006 venit,
2672 1942 2816 1997 fulvo
2846 1943 3004 1999 nimis
3025 1943 3398 2000 abscondenda
3425 1944 3663 2000 metallo.

602 2036 833 2092 Parcere
855 2051 999 2107 saepe
1028 2037 1228 2092 malum
1256 2046 1340 2092 est
1360 2080 1375 2104 ,
1406 2050 1732 2105 sensumque
1762 2036 1961 2092 inferre
1989 2034 2182 2092 dolori.
2289 2033 2423 2089 Nam
2447 2035 2681 2106 locuples
2709 2034 2919 2091 fortuna
2941 2036 3133 2092 domus
3163 2052 3268 2093 non
3301 2052 3457 2108 passa
3480 2037 3651 2094 latere
3672 2082 3688 2105 ,

599 2126 718 2196 Ipsa
749 2138 928 2184 autem
957 2139 1083 2183 nato
1111 2128 1291 2183 occiso
1321 2128 1578 2184 Pentheia
1619 2136 1793 2182 mater
2291 2125 2512 2182 Divitias
2538 2127 2711 2198 prodit
2733 2142 2853 2184 cum
2881 2129 2959 2184 sic
2986 2144 3081 2185 sua
3109 2130 3341 2185 culmina
3369 2130 3535 2186 celat.
3590 2117 3603 2126 ’

601 2222 847 2292 Amplius
885 2231 943 2277 ut
971 2221 1162 2286 furiat,
1195 2220 1434 2290 nunquid
1462 2234 1657 2275 vesana
1685 2219 1861 2274 futura
1887 2219 2005 2275 est?
2364 2219 2489 2274 Haec
2513 2229 2632 2289 post
2654 2220 2906 2293 assurgit,
2941 2219 3321 2292 duplicemque
3347 2222 3659 2292 supervenit
3675 2219 3837 2275 ardent

601 2314 741 2383 Ergo
770 2330 869 2370 nec
896 2314 1096 2369 Aonios
1125 2312 1291 2368 colles
1318 2312 1558 2368 habitare
1582 2312 1861 2377 valemus,
2291 2311 2551 2379 Porticus,
2583 2313 2694 2380 ipsa
2737 2312 2954 2382 duplex,
2999 2313 3196 2384 duplici
3242 2330 3351 2397 non
3375 2314 3583 2385 cognita
3615 2314 3838 2385 plaustro

601 2409 736 2463 Cum
765 2410 931 2479 patris
954 2410 1201 2465 exstincti
1229 2409 1476 2465 thalamis
1504 2410 1737 2480 potietur
1756 2409 2001 2474 adulter,
2289 2402 2522 2468 Quarum
2551 2418 2710 2458 unam
2739 2404 2884 2459 molli
2915 2404 3229 2459 subductam
3253 2394 3454 2462 vertice
3480 2420 3656 2462 curvae

602 2500 789 2556 Frater
825 2510 1067 2556 natorum
1087 2542 1103 2567 ,
1133 2502 1329 2570 coniux
1363 2500 1639 2572 genitricis
1671 2500 1948 2557 habendus
1967 2492 2001 2566 ,’
2287 2501 2538 2557 Obversis
2564 2501 2777 2572 paulum
2806 2510 3111 2572 respectant
3140 2502 3395 2558 cornibus
3426 2504 3546 2558 alte.

604 2593 835 2649 Vitricus
857 2594 969 2663 ipse
995 2610 1144 2650 suus.
1172 2593 1333 2649 Cordi
1363 2603 1446 2650 est
1471 2595 1515 2650 si
1534 2593 1760 2664 jungere
1784 2609 2028 2665 gressum
2055 2636 2070 2661 ,
2286 2592 2405 2660 Ipsa
2435 2591 2575 2647 diem
2600 2602 2779 2646 natum
2804 2593 2981 2647 cernit
3009 2592 3310 2648 sinuamine
3336 2592 3551 2657 dextro,

602 2682 803 2749 Dicam,
833 2699 934 2752 qua
965 2685 1166 2754 pariter
1191 2685 1373 2741 sedem
1406 2685 1600 2740 tellure
1626 2684 1890 2740 locemus.
2285 2681 2486 2738 Fronte
2512 2682 2697 2738 videns
2723 2682 2980 2749 medium,
3011 2683 3144 2739 laevo
3179 2684 3356 2739 visura
3380 2684 3681 2739 cadentem.

668 2774 694 2813 ι)
736 2775 830 2830 Est
854 2776 1023 2842 locus,
1056 2776 1248 2847 irrigua
1276 2792 1377 2847 qua
1405 2792 1539 2847 rupe
1565 2774 1836 2831 Garumna
1863 2784 2065 2841 rotate,
2284 2774 2401 2828 Non
2434 2774 2606 2844 perdit
2633 2774 2917 2845 quidquam
2949 2775 3087 2830 trino
3113 2775 3179 2831 dc
3204 2776 3422 2832 cardine
3466 2776 3619 2842 coeli,

596 2866 662 2920 Et
686 2878 760 2934 tu,
796 2868 886 2935 qui
908 2867 1069 2922 simili
1095 2867 1321 2924 festinus
1343 2870 1394 2924 in
1428 2883 1642 2940 tequora
1665 2868 1817 2938 lapsu
2287 2866 2353 2922 Et
2376 2876 2547 2923 totum
2577 2867 2743 2923 solem
2773 2867 2949 2923 lunata
2984 2883 3077 2939 per
3096 2870 3228 2925 atria
3258 2878 3461 2925 servat.

592 2957 751 3023 Exis,
776 2968 990 3014 curvata
1020 2959 1216 3014 Durani
1243 2973 1488 3017 muscose
1516 2960 1738 3016 saburra
1760 2999 1777 3026 ,
2282 2961 2446 3017 Sacra
2477 2961 2792 3017 tridentiferi
2824 2960 2973 3017 Jovis
3004 2962 3091 3018 hic
3118 2973 3357 3029 armenta
3390 2962 3657 3033 profundo

593 3050 711 3104 .Iam
743 3051 1105 3120 pigrescentes
1129 3052 1329 3106 sensim
1358 3052 1684 3108 confunditis
1704 3064 1914 3107 amnes.
2284 3052 2575 3109 Pharnacis
2595 3050 2861 3123 immergit
2882 3054 3121 3123 genitor;
3160 3068 3413 3126 percussa
3443 3056 3617 3109 securi

592 3142 773 3198 Currit
798 3145 850 3197 in
878 3143 1161 3199 adversum
1187 3144 1274 3201 hic
1300 3157 1492 3215 pontus
1512 3191 1525 3214 ,
1554 3146 1829 3217 multoque
1855 3161 2077 3213 recursu
2210 3210 2249 3218 _
2283 3146 2520 3216 Corpora
2537 3146 2908 3218 cornipedum,
2931 3156 3214 3217 certasque
3241 3146 3531 3203 rubescere
3554 3146 3725 3217 plagas

593 3229 834 3287 Flumina
862 3248 994 3303 quas
1018 3234 1254 3302 volvunt,
1287 3210 1342 3291 et
1369 3210 1654 3305 spernit’et
1673 3210 2094 3309 expeditundas.
2201 3210 2251 3275 ο
2278 3210 2586 3312 Sanguineo
2609 3240 2677 3297 de
2691 3210 2822 3298 rore
2852 3210 3041 3313 putes;
3072 3210 3179 3297 stat
3207 3241 3450 3297 vulneris
3478 3210 3670 3298 ιιοίτοῖ»

590 3325 659 3377 At
681 3337 803 3378 cum
837 3336 1135 3380 summotus
1165 3326 1437 3383 lunaribus
1467 3327 1813 3386 incrementis
2275 3330 2470 3399 Verus,
2500 3341 2556 3388 et
2576 3332 2770 3387 occisis
2792 3333 2919 3387 vivit
2948 3332 3152 3402 pictura
3178 3332 3475 3403 quadrigis.

589 3413 709 3481 Ipse
730 3412 997 3469 Garumna
1024 3430 1151 3471 suos
1179 3416 1231 3472 in
1253 3418 1410 3473 dorsa
1442 3418 1699 3492 recolligit
1730 3429 1914 3485 aestus,
2273 3423 2530 3479 Ponticus
2559 3424 2684 3480 hinc
2714 3434 2889 3480 rector
2921 3424 3222 3480 numerosis
3251 3422 3486 3496 Cyzicon
3527 3437 3678 3479 amns

589 3500 857 3574 Praecipiti
880 3504 1044 3561 ﬂuctu
1071 3508 1261 3577 raptim
1293 3509 1464 3578 redit,
1493 3523 1653 3582 atque
1675 3512 1887 3567 videtur
2272 3514 2513 3581 Claudii;
2546 3526 2602 3587 at
2628 3517 2751 3572 hinc
2772 3516 2932 3572 sociis
2956 3517 3143 3571 consul
3171 3515 3427 3574 Lucullus
3452 3532 3610 3588 opem
3632 3514 3741 3579 tcrt,

590 3591 647 3648 In
671 3594 873 3650 fontem
891 3596 1003 3664 jam
1042 3612 1148 3653 non
1172 3601 1391 3666 reﬂuus,
1424 3603 1517 3657 sed
1547 3602 1755 3660 deﬂuus
1783 3605 1880 3661 ire.
2272 3607 2702 3679 Compulsusque
2732 3610 2887 3666 lamis
2916 3609 3227 3665 discrimina
3263 3624 3473 3666 summa
3504 3610 3711 3678 subire,

586 3685 721 3741 Tum
754 3688 941 3757 recipit
964 3690 1197 3757 laticem,
1227 3694 1469 3763 quamvis
1497 3696 1673 3750 minor
1699 3696 1821 3760 ille,
1852 3697 2058 3753 minore
2271 3701 2479 3759 Invidet
2504 3701 2725 3757 obsesso
2751 3701 2903 3756 miles
2935 3700 3322 3757 Mithridaticus
3350 3695 3513 3758 hosti.

586 3776 863 3863 Stagnanti
903 3779 972 3836 de
993 3780 1157 3839 fratre
1180 3796 1357 3854 suum,
1382 3787 1636 3857 turgescit
1661 3796 1713 3841 et
1738 3786 1853 3856 ipse
2270 3792 2467 3849 Enatat
2493 3793 2578 3848 hic
2597 3792 2811 3863 pelagus
2838 3791 3061 3847 Romani
3094 3792 3277 3847 militis
3304 3792 3488 3859 ardor,
3522 3810 3533 3851 ;

590 3860 825 3961 ρθεπξιον
854 3868 1199 3961 Ρςορςίδεῳιθ
1227 3871 1351 3926 facit
1381 3876 1481 3930 sibi
1507 3877 1682 3932 littora
1706 3881 1870 3951 ripas.
2270 3885 2338 3940 Et
2360 3860 2611 3940 chartam
2631 3860 2845 3939 madido
2878 3894 3208 3955 transportat
3236 3899 3466 3955 corpore
3491 3886 3704 3940 siccam.

588 3946 1102 4049 ’j‘fjmfl'_“u"i05.
1132 3961 1222 4015 uni
1254 3979 1404 4035 mage
1432 3970 1709 4036 proximus
1739 3974 1878 4029 unde
1906 3987 1990 4030 est
2267 3977 2508 4049 Desuper
2537 3978 2589 4033 in
2620 3979 2834 4048 longum
2872 3978 3133 4047 porrectis
3156 3977 3347 4033 horrea
3380 3977 3537 4033 tectis

587 4038 746 4140 ἔθει
769 4041 991 4140 βιίιθτίι
1013 4064 1178 4140 ληὶοηε
1204 4068 1483 4122 l'umpens,
1515 4062 1618 4114 alta
1642 4064 1951 4130 spectabilis
1977 4082 2126 4135 arce,
2266 4038 2553 4134 Crescunt,
2583 4038 2743 4140 atque
2775 4038 2963 4138 amplis
2991 4077 3287 4138 angustant
3307 4068 3575 4125 fructibus
3605 4066 3742 4124 aedes

586 4129 916 4241 Pluscelsos
939 4137 1218 4241 habiturus
1249 4147 1432 4241 heros,
1474 4129 1796 4222 vernamque
1824 4168 2087 4214 senatum.
2113 4129 2121 4135 Ι
2265 4160 2385 4216 Huc
2410 4129 2588 4216 veniet
2614 4129 2800 4217 calidis
2825 4129 3091 4231 quantuni
3110 4162 3262 4216 metit
3284 4159 3465 4217 Africa
3492 4159 3648 4217 terris
3666 4201 3682 4225 ,

584 4220 760 4328 ρυθηῖ
781 4228 991 4328 generis
1015 4232 1262 4328 princeps
1286 4236 1536 4328 Paulinus
1564 4220 1782 4299 Pt-nti‘us
1808 4249 1953 4314 nlini,
2266 4253 2536 4320 Quantum
2553 4253 2634 4309 vel
2657 4220 2910 4320 Calaber,
2933 4262 3186 4323 quantum
3217 4253 3348 4308 colit
3376 4253 3579 4323 Apulus
3605 4220 3739 4317 acer,

580 4312 919 4416 Eum-Pati“
949 4322 1133 4416 Patria:
1159 4323 1521 4384 dominabitur
1546 4373 1559 4397 ,
1582 4334 1775 4390 ambiet
1802 4340 1923 4393 altis
2265 4344 2474 4412 Quanta
2501 4342 2763 4399 Leontino
2789 4312 3041 4414 turgescit
3063 4344 3254 4400 messis
3281 4312 3501 4412 acervo,

576 4401 861 4507 Emnibus,
889 4418 941 4507 tt‘t
1141 4417 1501 4474 transmittent
1520 4436 1639 4476 aera
1667 4433 1859 4481 turres.
2263 4401 2532 4500 Guantum
2564 4434 2847 4506 Mygdonio
2867 4401 3208 4490 c'omminunt
3235 4401 3650 4507 Gargara}qu
3667 4479 3682 4503 ,

579 4493 812 4600 gnarum
844 4501 1166 4600 culmini-bus
1189 4508 1723 4600 sedeantcommune
1753 4521 2011 4580 micantes
2186 4580 2241 4600 ﬁ
2266 4527 2429 4600 395
2456 4527 2747 4593 Quantum,
2773 4542 2893 4596 qua:
2920 4526 3092 4582 tacitis
3108 4526 3358 4583 Cererem
3379 4539 3629 4585 venerata
3641 4524 3849 4584 choreis

574 4587 796 4688 Pompa,
830 4590 915 4646 vel
954 4593 1245 4662 auxilium;
1278 4610 1387 4652 non
1415 4597 1537 4654 illos
1568 4600 1811 4658 machina
1838 4620 2021 4663 muros
2168 4580 2245 4659 .Ῑ)
2466 4580 2806 4688 ἶνίριυιθιίκί
2828 4580 2935 4672 civi
2959 4580 3502 4685 condebat'Eleusivn:

572 4680 689 4790 ‘Non
720 4683 879 4753 aries,
909 4702 1015 4742 non
1039 4689 1144 4744 alta
1174 4700 1380 4760 strues,
1406 4695 1492 4751 vel
1525 4698 1800 4766 proximus
1825 4716 2006 4774 agger,
2129 4756 2140 4771 ,

2267 4706 2402 4763 Cum
2429 4680 2639 4778 populis
2661 4707 2934 4764 hominum
2966 4710 3214 4780 glandem
3242 4680 3601 4779 linquentibus
3626 4712 3750 4767 olim

569 4772 687 4873 Ijon
716 4791 835 4846 quas
873 4779 1162 4873 stridentes
1192 4793 1403 4855 torquet
1424 4790 1688 4859 catapulta
1719 4772 1972 4860 molares,
2130 4790 2133 4791 ⁷
2268 4772 2613 4871 [Vulva-fruge
2636 4801 2756 4856 data
2778 4803 2887 4871 jam
2919 4772 3115 4857 saecula
3146 4803 3292 4858 fulva
3325 4772 3567 4873 perirent

569 4865 675 4975 ξω
701 4872 1061 4975 ηθθξῗδιυάίξς
1092 4890 1191 4929 "‘30
1219 4877 1392 4945 Vinea.
1426 4896 1525 4937 nec
1547 4895 1660 4937 rota
1690 4900 1933 4954 currens,
2339 4896 2583 4951 Porticus
2613 4897 2679 4951 ad
2708 4897 2916 4967 gelidos
2948 4908 3093 4966 patet
3124 4898 3248 4953 hinc
3274 4899 3463 4953 :estiva
3495 4900 3712 4954 triones.

566 4957 683 5070 “In”
714 4962 1338 5070 POSi‘iS.5°31i§_ul“luam
1363 4986 1618 5040 Quassare
1651 4977 1925 5033 valebunt.
2263 4988 2398 5044 Hinc
2421 4989 2569 5045 calor
2593 4989 2856 5044 innocuus
2885 4991 3108 5045 thermis
3138 4990 3456 5047 hiemalibus
3483 4992 3613 5054 exit,

614 5051 872 5155 .Cernere
890 5056 1001 5125 jam
1027 5058 1210 5115 videor
1235 5078 1355 5132 quae
1382 5066 1490 5120 sint
1517 5066 1633 5132 tibi,
1660 5068 1851 5140 Burge,
1881 5073 2073 5129 futura.
2200 5100 2205 5105 -

2059 5115 2073 5128 -
2200 5100 2205 5105 ·
2263 5084 2437 5153 Atque
2466 5083 2646 5137 locum
2679 5091 2888 5151 tempus
2916 5082 3120 5149 mollit;
3150 5083 3347 5153 quippe
3378 5066 3466 5138 illa
3495 5051 3655 5150 rigori

564 5143 768 5254 Ρίξεενῖξ
796 5146 907 5254 sic;
940 5164 1168 5254 namque
1195 5152 1387 5209 domus
1407 5156 1475 5213 de
1497 5157 1720 5216 ﬂumine
1750 5174 2003 5235 surgunt.
2263 5143 2396 5229 Pars
2419 5182 2502 5230 est
2530 5183 2651 5244 apta
2679 5143 2881 5243 magis;
2912 5188 3035 5228 nam
3236 5143 3370 5244 fugit
3397 5189 3497 5230 ora
3520 5143 3719 5237 leonis;

562 5238 1017 5339 ﬁplendentesque
1051 5244 1237 5339 sedent
1268 5262 1365 5319 per
1394 5256 1789 5322 propugnacula
1823 5259 2067 5315 thermae.
2264 5266 2393 5322 Inde
2414 5238 2697 5336 Lycaonia:
2725 5238 2930 5321 rabiem
2961 5238 3099 5322 male
3124 5238 3354 5322 sustinet
3378 5281 3540 5322 ursas.

560 5327 659 5383 Hic
680 5346 803 5387 cum
828 5346 1050 5390 vexatur
1080 5335 1243 5406 piceis
1274 5342 1616 5410 aquilonibus
1640 5357 1825 5415 aestus,

2263 5359 2420 5413 Arcis
2441 5369 2495 5413 at
2516 5360 2568 5413 in
2594 5359 2833 5413 thermas
2855 5358 3011 5428 longe
3044 5358 3192 5414 venit
3222 5357 3380 5413 altior
3401 5360 3596 5425 amnis,

560 5422 829 5493 Scrupeus
852 5436 1064 5497 asprata
1097 5429 1290 5487 latrare
1324 5434 1596 5505 crepidine
1629 5452 1821 5507 pumex

2265 5453 2330 5507 Et
2350 5452 2492 5507 cadit
2517 5453 2572 5508 in
2598 5463 2859 5520 montem,
2888 5422 3188 5524 patulisque
3216 5452 3493 5508 canalibus
3509 5422 3671 5519 actus,

558 5578 1256 5699 ρρῖιηὲθὲἑξξῒῗιιῗ.¹ἐίι,1ῗξῖ⁸ί
1283 5592 1552 5649 θνίπίδαίαδ
1582 5612 1602 5651 ³
1632 5607 1880 5670 ¹³¹⁵α¹¹³¹¹¹
1911 5618 1975 5660 εκ
2011 5608 2143 5677 ipsis
2256 5616 2400 5677 είνε·
2434 5624 2490 5671 ιιι
2534 5614 2825 5699 Gregorius
2872 5611 3465 5699 ad.|'°4!ernum.fe:e
3507 5624 3697 5699 ερηιεηι
3754 5607 3849 5699 '1':-

602 5653 741 5717 egas't
768 5653 1003 5710 crinibus
1035 5667 1203 5713 natas.
1738 5653 1755 5670 ι
2011 5653 2138 5677 -ιν--υ

633 5718 786 5803 155
827 5720 1209 5803 δ.Τ⁰Ρ⁰ῑ¹¹θξίίι
1240 5734 1618 5793 conﬂuentium
1668 5739 1880 5798 Duranii
1930 5757 1984 5800 ct
2023 5747 2137 5803 Ca-

2250 5653 3045 5757 vrtthnu‘ncupatﬁVDorononite.
3070 5683 3219 5740 Nunc
3243 5682 3384 5740 enim
3403 5682 3729 5739 Dordoniatn
3766 5667 3845 5733 di-

2251 5767 2399 5803 mml.

1182 5766 1618 5811 tu.uvlluu_6lltllllll
1668 5766 1880 5798 υιιΓιιηιι
1930 5766 1984 5800 αι
2023 5766 2137 5803 ινδ-λ
2251 5767 2399 5811 cum.

556 5802 781 5857 rumine,
823 5792 909 5847 ubi
941 5792 1093 5852 sitam
1134 5800 1361 5861 diximus
1402 5792 1631 5879 Burgum
1664 5792 1880 5890 {alii};
1909 5792 2131 5876 tiaran-ii
2190 5825 2220 5926 ς
