4060 6332
296 419 392 476 799
1751 411 2078 468 (ZARMINA.
3446 409 3544 466 750

291 530 596 588 Circumfert
623 528 861 583 clausum
891 542 1019 582 cava
1054 542 1148 597 per
1178 527 1408 582 divortia
1434 527 1650 580 ﬂumen.

351 621 636 676 Occiduum
665 620 730 673 ad
763 620 953 684 solem,
981 629 1097 689 post
1128 620 1340 684 horrea,
1366 619 1534 688 surgit
1563 634 1726 686 Opaca

285 717 405 782 Qua
423 711 889 768 dominishiberna
909 709 1130 775 domus;
1160 712 1350 780 strepit
1383 710 1467 765 hic
1483 711 1620 766 bona
1647 711 1861 766 ﬂamma

284 805 555 877 Appositas
585 804 803 874 depasta
841 802 1051 869 trabes;
1092 805 1296 858 sinuata
1327 803 1543 858 camino

281 901 524 957 Ardentis
554 898 696 968 perit
726 897 866 952 unda
897 897 1069 966 globi,
1105 896 1381 966 fractoque
1413 896 1627 967 ﬂagello

279 992 483 1061 Spargit
517 999 541 1027 ἰ
569 991 831 1045 lentatum
857 1004 951 1058 per
981 990 1212 1044 culmina
1239 998 1346 1042 tota
1377 1002 1651 1057 vaporem.

277 1082 585 1137 Continuata
603 1081 798 1137 dehinc
828 1080 1034 1146 videas,
1058 1095 1177 1151 quae
1205 1079 1452 1135 conditor
1479 1094 1642 1135 ausus

274 1175 485 1232 Emula
516 1175 768 1231 Palladiis
794 1174 1030 1230 textrina
1052 1174 1284 1230 educere
1304 1173 1534 1242 templis.

272 1269 374 1324 Hac
404 1269 537 1324 celsi
566 1268 833 1338 quondam
856 1269 1051 1338 conjus
1081 1269 1386 1324 veneranda
1419 1267 1643 1333 Leonti,

271 1361 373 1426 Qua
398 1374 508 1415 nou
540 1359 648 1414 ulla
679 1360 848 1429 magis
881 1374 1044 1414 nurus
1072 1373 1307 1428 unquam
1339 1358 1528 1413 Pontia
1557 1357 1753 1429 gaudet

269 1451 492 1507 lllustris
522 1467 619 1522 pro
641 1463 791 1507 sorte
821 1452 950 1517 viri,
992 1451 1359 1507 celebrabitur
1390 1451 1506 1506 aede

268 1543 357 1600 Vel
386 1545 573 1616 Syrias
603 1560 860 1601 vacuasse
889 1545 1060 1606 colus.
1095 1545 1175 1598 vel
1207 1544 1377 1599 serica
1417 1544 1504 1599 Illa

265 1635 361 1691 Per
385 1649 592 1690 caunas
614 1637 837 1691 torsisse
867 1638 1034 1700 leves,
1069 1636 1153 1691 vel
1179 1637 1406 1690 stamine
1434 1634 1576 1689 fulvo

262 1725 594 1796 Praegnantis
623 1727 724 1782 fusi
758 1729 1022 1782 mollitum
1052 1743 1212 1784 nesse
1239 1729 1538 1782 metallum.

262 1818 564 1875 Parietibus
590 1828 712 1889 post
736 1820 864 1875 hinc
889 1821 1072 1874 rutilat
1097 1837 1218 1890 qua:
1241 1821 1486 1875 machina
1516 1819 1719 1890 junctis
1737 1860 1751 1884 ,

260 1909 388 1967 Fert
417 1913 771 1968 recutitorum
797 1912 1085 1982 primordia
1110 1912 1442 1968 Iudaeorum.

260 2005 584 2076 Perpetuum
615 2006 820 2076 pictura
854 2007 1036 2070 micat,
1064 2021 1163 2062 nec
1195 2016 1437 2077 tempore
1459 2006 1617 2078 longo

263 2099 576 2170 Depretiata
607 2115 733 2154 suas
757 2109 976 2170 turpant
1003 2102 1271 2170 pigmenta
1306 2099 1531 2169 figuras.

259 2190 522 2247 Flecteris
553 2191 616 2244 ad
641 2191 873 2247 laevam?
905 2201 955 2247 te
982 2193 1222 2263 porticus
1251 2192 1449 2262 accipit
1474 2195 1652 2262 ampla

255 2285 421 2357 396
453 2284 679 2341 Directis
699 2296 918 2341 curvata
949 2286 1082 2353 viis;
1111 2286 1201 2341 ubi
1232 2287 1474 2356 margine
1503 2300 1713 2340 summo

254 2377 482 2444 Pendet,
514 2387 568 2433 et
590 2380 806 2435 arctatis
838 2389 940 2434 stat
969 2394 1137 2435 saxea
1160 2379 1296 2433 silva
1319 2379 1601 2434 columnis.

253 2472 372 2526 Alta
400 2471 731 2527 volubilibus
757 2482 904 2543 patet
935 2471 1062 2528 hinc
1081 2473 1316 2529 cmnatio
1345 2472 1533 2527 valvis.

253 2562 455 2619 Fusilis
497 2565 716 2634 euripus
748 2575 995 2636 propter;
1028 2565 1172 2620 cadit
1201 2565 1340 2620 unda
1373 2579 1606 2636 superne

250 2658 393 2712 Ante
427 2656 572 2712 fores
601 2657 869 2728 pendente
892 2659 1032 2728 lacu,
1066 2673 1364 2728 venamque
1386 2657 1554 2714 secuti

255 2748 473 2804 Undosa
498 2750 776 2805 inveniunt
807 2761 999 2806 nantes
1025 2752 1300 2806 caenacula
1336 2752 1531 2820 pisces.

252 2840 514 2896 Cominus
540 2842 763 2912 erigitur
785 2842 869 2897 vel
896 2842 1092 2912 prima,
1127 2843 1208 2898 vel
1233 2843 1433 2898 extima
1462 2842 1645 2896 turris.

250 2934 396 2990 Mors
425 2937 530 2991 erit
556 2934 643 2990 hic
673 2935 908 2990 dominis
939 2936 1222 2992 hibernum
1247 2937 1415 3005 sigma
1449 2937 1654 2998 Iocare;

250 3026 425 3094 Ilujus
451 3027 745 3096 conspicuo
767 3027 1010 3084 residens
1035 3030 1087 3083 in
1117 3029 1372 3091 culmine,
1406 3043 1551 3097 saepe

248 3118 522 3176 Dilectum
547 3120 749 3177 uestris
778 3121 944 3176 musis
965 3121 1126 3176 simul
1157 3130 1318 3192 atque
1339 3120 1565 3190 capellis

247 3212 528 3283 Aspiciam
564 3223 800 3270 montem
835 3213 969 3268 lauri
1004 3211 1319 3284 :spatiabor
1346 3213 1399 3267 in
1428 3213 1546 3268 istis

246 3303 595 3372 Fraudibus,
663 3305 749 3360 hic
796 3303 1059 3374 trepidam
1110 3303 1329 3360 credam
1379 3303 1509 3359 mihi
1562 3302 1786 3358 credere

1460 3396 1782 3468 [Daphnem.

240 3488 368 3544 .Iam
395 3489 438 3542 si
467 3487 605 3544 forte
634 3490 831 3558 gradus
855 3491 1124 3559 geminam
1153 3490 1428 3545 convertis
1457 3489 1523 3543 ad
1546 3489 1777 3553 Arcton,

244 3581 320 3636 Ut
350 3581 538 3635 venias
569 3580 622 3636 itt
662 3583 855 3651 templa
889 3582 1007 3651 dei,
1039 3585 1134 3653 qui
1169 3584 1436 3637 maximus
1463 3582 1549 3636 ille
1576 3593 1658 3636 εει
1692 3600 1704 3634 :

240 3671 475 3726 Deliciis
494 3672 740 3728 redolent
761 3673 962 3742 junctis
986 3675 1247 3742 apotheca
1281 3688 1573 3743 penusque.

239 3762 352 3819 IIic
395 3763 592 3818 tnulttts
618 3772 674 3818 tu
704 3764 872 3819 frater
898 3765 1011 3820 eris
1068 3761 1177 3820 lam
1206 3764 1384 3820 divide
1407 3764 1611 3827 sedem,

237 3857 519 3912 Cessurus
542 3857 672 3912 mihi
702 3858 849 3912 fonte
880 3873 1026 3921 meo,
1053 3873 1214 3928 quem
1243 3866 1427 3913 monte
1457 3857 1709 3911 ﬂuentem

238 3948 482 4004 Umbrat
511 3950 830 4006 multicavus
859 3950 1095 4020 spatioso
1124 3952 1311 4006 circite
1346 3950 1539 4006 fornix.

240 4041 369 4096 Non
395 4051 513 4111 eget
534 4041 622 4096 hic
644 4041 814 4107 cultu,
838 4042 988 4098 dedit
1021 4042 1145 4098 huic
1172 4051 1362 4097 natura
1397 4044 1672 4098 decorem.

239 4132 330 4187 Nil
370 4131 550 4188 ﬂetum
579 4135 843 4203 placuisse
867 4135 1064 4204 placet,
1088 4149 1195 4190 non
1226 4149 1417 4206 pompa
1450 4149 1546 4204 per
1567 4144 1737 4190 artem

240 4225 397 4292 Ulla,
429 4227 705 4282 resultanti
738 4243 842 4283 non
873 4237 1055 4284 comet
1076 4229 1300 4284 malleus
1343 4229 1450 4284 ictu

238 4320 430 4386 Saxa“,
462 4335 560 4376 uec
583 4336 802 4377 exesum
826 4323 1151 4392 supplebunt
1179 4335 1448 4376 marmora
1480 4320 1724 4392 tophum.

237 4415 283 4470 11
294 4416 345 4469 ic
373 4415 492 4470 fons
518 4416 768 4473 Castalia
796 4418 951 4473 nobis
978 4420 1096 4474 vice
1120 4419 1320 4474 sufficit
1347 4418 1522 4483 undae,

236 4504 457 4563 Cetera
479 4506 630 4563 dives
653 4508 790 4564 habe
825 4527 840 4564 :
867 4510 1034 4565 colles
1064 4519 1152 4565 tua
1183 4511 1302 4580 jura
1331 4511 1667 4567 tremiscant.

1887 3299 1936 3363 C

1897 533 1945 588 Α
1981 524 2236 594 Captivos
2261 524 2346 578 hic
2372 524 2521 580 solve
2553 537 2692 592 tuos,
2727 533 2781 579 et
2809 539 2903 594 per
2924 526 3051 595 juga
3085 524 3239 595 Burgi

1975 620 2119 674 Lzeta
2154 620 2406 674 relaxata:
2438 620 2567 674 ﬂant
2597 620 2774 675 vineta
2809 629 3034 674 catenae.

2040 711 2339 767 Confirmat
2365 727 2550 767 vocem
2569 712 2788 782 jamjam
2815 727 2981 782 prope
3010 711 3224 767 sobrius
3253 711 3409 766 istam

1971 806 2205 872 Silenus,
2236 806 2542 876 pariterque
2580 804 2730 860 chori
2771 806 3016 860 cecinere
3047 808 3304 860 faventes.

1968 896 2108 968 Nysa
2140 897 2258 950 vale
2284 895 2522 961 Bromio,
2555 894 2759 950 Phoebo
2788 894 3056 950 Parnasse
3084 894 3344 949 bivertex.

1969 989 2084 1044 Non
2116 989 2261 1043 illum
2292 986 2502 1056 Naxus,
2535 1003 2642 1042 non
2671 987 2834 1042 istum
2865 985 3069 1057 Cyrrha
3111 986 3387 1056 requirat:

1970 1081 2126 1153 397
2160 1080 2267 1138 Sed
2304 1095 2456 1151 mage
2498 1088 2758 1150 perpetuo
2788 1078 2993 1148 Burgus
3033 1076 3291 1148 placitura
3325 1084 3558 1146 petatur.

2040 1296 2194 1362 Ecce,
2231 1297 2422 1365 quoties
2456 1295 2544 1349 tibi
2579 1295 2778 1349 libuerit
2804 1295 2994 1365 pateris
3028 1293 3382 1363 capacioribus
3415 1293 3555 1346 hila-

1966 1408 2082 1446 rare
2110 1390 2413 1455 convivium,
2442 1390 2554 1442 misi
2595 1389 2731 1458 quod
2762 1389 2893 1441 inter
2932 1385 3150 1457 scyphos
3189 1396 3234 1439 et
3279 1385 3560 1454 amystidas

1968 1497 2079 1541 tuas
2111 1485 2270 1557 legas.
2310 1483 2612 1538 Subveneris
2648 1482 2966 1536 verecundia
3005 1496 3149 1545 mete,
3191 1481 3234 1534 si
3271 1480 3324 1531 in
3364 1477 3560 1530 sobrias

1969 1595 2121 1632 aures
2149 1578 2250 1632 ista
2280 1593 2381 1630 non
2404 1575 2665 1639 venerint;
2694 1590 2787 1627 nec
2818 1573 3011 1642 injuria
3038 1572 3132 1626 hoc
3159 1588 3218 1624 ac
3245 1585 3385 1623 secus
3415 1577 3560 1636 atque

1967 1688 2166 1738 aequum
2210 1679 2282 1724 est
2331 1670 2507 1741 ﬂagito
2539 1685 2556 1722 :
2588 1667 3002 1737 quandoquidem
3037 1665 3237 1719 Baccho
3284 1679 3392 1717 meo
3415 1662 3558 1734 judi-

1966 1767 2102 1818 cium
2133 1763 2465 1817 decemvirale
2497 1777 2734 1830 passuro,
2776 1760 3118 1829 tempestivius
3147 1775 3299 1827 quam
3327 1755 3560 1809 convenit

1970 1856 2194 1912 tribunal
2219 1856 2451 1927 erigitur.
2482 1854 2544 1910 Si
2574 1854 2687 1923 quis
2708 1862 2878 1907 autem
2906 1868 3110 1905 carmen
3143 1850 3394 1923 prolixius
3421 1859 3560 1902 eate-

1890 1919 1942 1981 Β
1969 1969 2065 2006 nus
2091 1919 2314 2006 duxerit
2327 1966 2432 2004 esse
2460 1919 2799 2018 culpandum,
2823 1945 2960 2013 quod
2981 1919 3359 2015 epigrammatis
3392 1957 3559 1995 exces-

1964 2045 2087 2099 serit
2123 2044 2449 2113 paucitatem,
2498 2042 2653 2094 istum
2694 2038 2894 2107 liquido
2936 2045 3104 2106 patet,
3154 2051 3313 2104 neque
3357 2034 3562 2088 balneas

1964 2137 2192 2203 Etrusci,
2227 2151 2386 2205 neque
2412 2134 2693 2189 Herculem
2724 2132 3110 2195 Surrentinum,
3141 2141 3301 2199 neque
3329 2126 3355 2165 ι)
3389 2143 3561 2181 comas

1965 2227 2134 2282 Flavii
2177 2225 2387 2293 Earini,
2435 2242 2593 2295 neque
2642 2224 2814 2294 Tybur
2864 2223 3095 2291 Vopisci,
3145 2237 3302 2290 neque
3348 2220 3558 2274 omnino

1963 2320 2243 2389 quidquam
2289 2320 2350 2371 de
2381 2317 2591 2387 Papinii
2635 2316 2795 2369 nostri
2838 2314 3033 2368 silvulis
3081 2312 3334 2366 lectitasse
3381 2328 3397 2364 :
3436 2328 3562 2379 quas

1965 2430 2138 2467 omnes
2192 2411 2557 2480 descriptiones
2601 2410 2675 2462 vir
2723 2409 2810 2461 ille
2847 2405 3400 2478 prtejudicatissimus,
3459 2420 3560 2456 non

1963 2506 2298 2562 distichorum
2343 2516 2431 2558 aut
2477 2501 2885 2559 tetrastichorum
2925 2501 3126 2571 stringit
3173 2499 3443 2569 angustiis,
3475 2497 3563 2550 sed

1963 2601 2156 2671 potius,
2203 2608 2257 2652 ut
2305 2597 2496 2668 lyricus
2529 2593 2750 2649 Flaccus
2791 2594 2845 2646 in
2893 2593 3018 2645 artis
3062 2590 3272 2660 poetica
3313 2588 3562 2641 volumine

1964 2694 2219 2764 prtecipit,
2249 2692 2429 2744 multis
2459 2689 2740 2757 iisdemque
2765 2684 3034 2756 purpureis
3061 2682 3405 2736 communium
3429 2696 3563 2750 pan-

1963 2786 2042 2838 nis
2069 2784 2223 2837 semel
2267 2780 2532 2834 inchoatas
2575 2777 2818 2831 materias
2867 2776 3101 2828 decenter
3140 2771 3387 2825 extendit.
3439 2768 3564 2822 lites

1965 2895 2045 2932 me
2079 2879 2146 2930 ad
2182 2874 2490 2945 defensionis
2526 2871 2817 2940 exemplum
2842 2869 3071 2940 posuisse
3108 2866 3348 2936 suﬁiciat,
3373 2880 3432 2918 ne
3455 2864 3563 2917 hac

1964 2972 2075 3039 ipsa
2106 2968 2438 3039 longitudinis
2468 2963 2760 3035 deprecatio
2788 2963 2939 3031 longa
2971 2960 3227 3013 videatur.
3269 2957 3416 3012 Vale.

2506 3141 2787 3200 CABMEN
2826 3138 3014 3196 XXIII.

2009 3272 2028 3299 ο
2061 3274 2251 3316 Μιιεο.
2283 3274 2352 3314 Αἰ)
2381 3271 2713 3314 οοΝεεΝτιυι
2754 3271 2804 3310 ν.
2836 3271 2887 3308 C.
2920 3268 3080 3310 CIVEI
3118 3265 3518 3308 NABBONENSII.

2043 3398 2178 3454 Cum
2205 3396 2314 3467 jam
2347 3411 2446 3466 pro
2473 3394 2678 3450 meritis
2719 3393 2825 3448 tuis
2858 3406 3102 3461 pararem

1965 3494 2258 3562 Consenti,
2288 3493 2536 3548 columen
2567 3490 2842 3560 decusque
2870 3502 3114 3550 morum,

1966 3586 2133 3656 3m
2165 3585 2370 3639 Vestra:
2398 3583 2642 3638 laudibus
2667 3579 3052 3648 hospitalitatis

1966 3677 2194 3731 Cautum
2236 3675 2545 3746 impendere
2587 3673 2837 3744 pauperis
2871 3671 3096 3734 cicutze;

1970 3767 2123 3824 Ultro
2151 3768 2204 3822 in
2235 3767 2474 3822 carmina
2507 3776 2561 3820 tu
2594 3765 2776 3819 tubam
2808 3761 3093 3818 recludens
3116 3800 3129 3824 ,

1965 3857 2245 3912 Converso
2270 3855 2484 3923 ordine,
2514 3853 2760 3909 versibus
2784 3850 2958 3906 citasti

1963 3954 2189 4010 Suetum
2224 3952 2410 4008 ludere
2437 3952 2515 4006 sic
2543 3949 2710 4018 magis
2740 3945 3004 4002 sodalem.

1966 4047 2133 4101 Paret
2164 4059 2313 4100 musa
2345 4044 2473 4109 tibi;
2507 4042 2598 4098 sed
2630 4039 2996 4110 impudentem

1963 4138 2133 4192 Multo
2159 4137 2371 4192 cautius
2397 4135 2520 4190 hinc
2547 4132 2742 4204 stylum
2776 4127 3028 4184 movebit.

1964 4230 2096 4284 Nam
2125 4244 2246 4284 cum
2273 4227 2509 4283 carmina
2541 4225 2781 4296 postules
2811 4221 3040 4285 diserte,

1963 4322 2170 4377 Suades
2202 4320 2441 4376 scribere
2460 4361 2473 4385 ,
2503 4318 2594 4372 sed
2624 4316 2752 4371 facis
2786 4325 2984 4369 tacere.

1961 4414 2144 4484 Nuper
2169 4411 2605 4483 quadrupedante
2635 4423 2756 4464 cum
2785 4406 2949 4461 citato

1966 4506 2077 4562 lres
2095 4547 2110 4571 ,
2137 4503 2164 4542 ἀ
2192 4505 2449 4569 Phocida,
2483 4502 2800 4570 Sestiasque
2830 4499 2985 4553 Baias

316 4653 344 4680 ι
381 4642 496 4716 Per
519 4644 758 4716 tubulos
797 4645 1049 4700 nimirum
1091 4646 1385 4716 parietibus
1431 4648 1723 4716 impressos
1744 4687 1758 4709 ,
1790 4655 1850 4700 ut
1878 4646 1933 4706 D
1962 4642 2256 4716 bilissimos
2282 4651 2336 4716 et
2358 4639 2695 4693 doctissimos
2718 4637 2918 4699 tulerit,
2945 4635 3085 4716 hunc
3109 4633 3283 4701 ipsum
3303 4629 3369 4684 ad
3390 4644 3551 4716 quem

235 4714 488 4786 loquitur
511 4714 714 4770 Seneca
745 4717 902 4785 epist.
928 4717 1020 4772 90.
1047 4714 1220 4786 Atque
1260 4719 1330 4771 ita
1369 4714 1625 4786 legendus
1646 4758 1660 4780 ,
1687 4716 1844 4768 intelo

236 4785 605 4854 Iigendusque
637 4787 840 4841 Plinius
863 4789 1043 4855 junior
1072 4785 1166 4841 lib.
1215 4803 1248 4840 ll
1272 4827 1286 4849 ,
1315 4785 1471 4849 epist.
1509 4790 1572 4842 17
1607 4803 1622 4842 :
1655 4786 1842 4839 Adim-

235 4866 316 4910 ret
347 4857 707 4910 dormitorium
736 4859 1016 4913 ntembrum
1035 4899 1050 4922 ,
1081 4860 1296 4912 transitu
1319 4857 1842 4928 interjaceute;quod

237 4944 552 4996 suspensum
578 4937 623 4981 et
669 4930 987 4995 tabulatum,
1038 4939 1334 4998 conceptum
1380 4926 1617 4996 vaporem
1648 4926 1842 4982 salubri

237 5008 648 5068 temperamento
675 4999 772 5052 huc
802 5001 924 5054 illuc
947 5002 1130 5070 digerit
1163 5009 1209 5054 et
1238 5000 1518 5054 ministrat.

314 5099 344 5137 ἰ
380 5103 455 5154 Ita
503 5102 736 5171 reposui,
782 5117 879 5172 pro
911 5101 1097 5157 Cumas
1137 5099 1225 5155 Fl.
1253 5102 1454 5168 Sabini,
1501 5102 1641 5170 quod
1683 5113 1837 5156 antea

237 5172 548 5240 legebatur.
585 5172 768 5243 Neque
797 5174 953 5228 dubia
984 5173 1310 5239 emendatio,
1341 5188 1464 5227 cum
1495 5173 1655 5228 Silvae.
1686 5173 1840 5242 Papi-

239 5246 426 5297 nianae
458 5243 550 5296 lib.
583 5260 638 5298 ut
687 5255 1055 5313 argumentum
1087 5245 1156 5298 sit
1181 5245 1346 5299 Coma
1379 5243 1558 5300 Earini
1591 5262 1603 5298 :
1635 5244 1702 5298 de
1733 5261 1836 5314 qua

236 5325 298 5368 et
327 5315 587 5368 Martialis
615 5325 794 5370 exatat
824 5317 1174 5386 epigramma,
1209 5317 1301 5371 lib.
1336 5332 1410 5370 ut.

322 5426 347 5453 ε
377 5414 632 5470 Sidonius
663 5415 964 5470 Narbonem
997 5416 1124 5470 olim
1160 5417 1453 5485 profectus,
1493 5433 1612 5472 cum
1647 5418 1839 5472 huma-

242 5487 396 5540 niter
432 5495 682 5556 acceptus
724 5486 1040 5556 habitusque
1071 5498 1211 5541 esset
1251 5504 1280 5541 a
1309 5489 1616 5553 Consentio,
1655 5488 1842 5543 decre-

240 5567 402 5611 verat
436 5555 630 5626 hospiti
673 5573 772 5612 suo
801 5555 1024 5625 gratiam
1067 5560 1178 5612 suis
1218 5558 1463 5613 versibus
1510 5561 1838 5627 rependere;

240 5643 373 5680 cum
425 5627 569 5695 prior
597 5628 685 5683 ille
733 5629 938 5697 aliquot
980 5631 1274 5682 carminum
1321 5631 1520 5697 eclogis
1565 5631 1840 5684 Sidonium

241 5701 588 5765 provocavit.
633 5700 766 5754 Tum
809 5715 936 5768 ergo
976 5715 1193 5754 carmen
1236 5700 1335 5754 hoc.
1375 5701 1440 5755 ad
1485 5702 1630 5754 illum
1678 5702 1841 5763 misit,

241 5783 362 5837 quo
385 5768 987 5848 .Narbonem_mirilicis
1030 5770 1301 5848 Laudibus,
1349 5773 1453 5848 sed
1490 5789 1606 5848 non
1639 5775 1738 5826 alia
1786 5789 1845 5825 re

244 5839 426 5909 magis
457 5842 815 5910 commendat,
845 5857 1002 5914 quam
1031 5839 1173 5911 quod
1201 5841 1521 5898 Consentius
1563 5846 1706 5898 cives
1749 5859 1843 5898 no-

1958 4712 2170 4774 scribit,
2204 4720 2257 4764 et
2289 4711 2404 4777 ejus
2436 4718 2682 4778 patrem:
2715 4720 2937 4773 quorum
2981 4704 3258 4778 utriusque
3306 4701 3550 4778 meminit

1959 4783 2052 4836 lib.
2088 4773 2162 4846 ts,
2193 4773 2350 4849 epist.
2386 4773 2482 4844 15;
2514 4779 2581 4832 ad
2614 4777 2780 4830 lilium
2827 4785 3004 4828 autem
3035 4775 3157 4828 data
3188 4780 3271 4827 est
3299 4773 3456 4840 epist.
3489 4773 3548 4838 4,

1960 4853 2055 4906 lib.
2089 4867 2201 4905 vut.

2028 4921 2054 4958 ιι
2079 4920 2362 4976 Massiliam
2385 4927 2439 4973 et
2460 4919 2636 4990 Aquas
2661 4919 2889 4975 Sestias.
2919 4914 3327 4990 Massiliensium
3359 4910 3548 4990 urbem

1956 5009 1984 5048 a
2008 4991 2424 5048 Phocteensibus
2445 4981 2582 5046 Asiae
2607 4990 2815 5060 populis
2841 4989 3110 5044 conditam
3133 4992 3362 5060 constat.
3386 4981 3545 5060 Aliud

1956 5075 2134 5119 autem
2169 5063 2381 5136 fuerunt
2410 5055 3063 5136 sexagte,'Phocacens_es,
3100 5055 3388 5136 a_Phoc:ea
3417 5055 3549 5136 urbe

1956 5137 2128 5209 Asiae;
2162 5134 2301 5209 aliud
2333 5133 2879 5209 φωκςῖςηριιοᾳε-ηςεξ,
2910 5149 2935 5183 a
2970 5127 3222 5209 Phocide,
3244 5142 3370 5209 quae
3398 5127 3547 5209 regio

1956 5208 2055 5260 fuit
2086 5197 2137 5261 in
2172 5206 2408 5277 llellatle.
2453 5197 2555 5261 Sed
2588 5205 2760 5268 tnulti,
2793 5204 2953 5259 etiam
2984 5198 3209 5277 antiqui:
3243 5197 3547 5277 Phocenses

1955 5288 2009 5332 et
2045 5275 2329 5332 Phocidem
2363 5267 2766 5350 nuncuparunt,
2801 5290 2872 5350 es
2897 5288 2999 5350 qua
3031 5267 3135 5350 orti
3165 5267 3543 5350 Massilienses,

1957 5350 2038 5404 vel
2072 5363 2284 5402 nomina
2313 5339 2722 5420 confundentes,
2746 5339 2830 5420 vel
2861 5339 3338 5420 Itistor-iattt..BaIas
3364 5345 3544 5420 autern

1954 5420 2156 5474 calidas
2203 5434 2391 5472 omnes
2437 5431 2602 5484 aquas
2650 5417 2933 5490 dicebant,
2990 5411 3212 5490 ah_il|is
3248 5410 3543 5490 Campanis

1956 5493 2218 5554 omnium,
2251 5502 2306 5542 ut
2333 5479 2603 5556 Eunapius
2633 5489 2840 5560 scribit,
2876 5495 2986 5560 toto
3018 5482 3147 5560 orbe
3174 5479 3543 5560 nobilissimis:

1955 5562 2132 5628 Quare
2163 5549 2328 5628 Aquis
2369 5549 2586 5622 Sextiis,
2620 5557 2760 5624 quod
2805 5558 2857 5612 in
2901 5556 2966 5608 iis
3007 5554 3227 5628 thermas
3247 5559 3466 5628 essent,
3490 5549 3547 5604 id

1958 5621 2119 5688 Etiam
2150 5621 2342 5685 nomen
2375 5621 2580 5698 obtigit.
2612 5621 2822 5698 Sestias
2849 5634 3026 5680 autem
3056 5638 3085 5676 a
3112 5623 3295 5698 Sestio
3321 5621 3547 5676 Calvino

1958 5704 2151 5767 dictas,
2179 5702 2266 5770 qui
2297 5693 2512 5770 primus
2531 5699 2715 5753 urbem
2757 5697 2902 5770 illam
2936 5709 3090 5770 muro
3133 5693 3320 5753 cinxit,
3359 5703 3546 5770 omnes

1955 5761 2321 5828 consentiunt:
2383 5771 2509 5840 Ejus
2574 5782 2733 5841 porro
2785 5767 3011 5841 coloniae
3061 5779 3179 5833 qua:
3235 5761 3548 5841 metropolis

1955 5855 2036 5898 est
2102 5832 2437 5913 provinciae'
2479 5856 2513 5894 tl
2574 5832 3011 5902 'Narboneusis,
3081 5832 3358 5904 egregium
3446 5832 3546 5884 hoc
