4060 6332
208 333 298 389 755
1658 330 1963 394 GABII!“
1974 373 1987 392 .
3358 348 3471 407 788

209 443 326 499 Nam
361 442 480 510 quis
506 440 740 498 Persidis
783 441 1210 513 expeditionem,
1796 450 1846 508 Α
1873 447 2101 507 Causam
2140 467 2235 509 seu
2266 453 2629 528 Ctesiphontis
2669 461 2947 530 actitaret,

207 536 350 606 θοι
392 536 498 590 Aut
535 532 777 591 victricia
818 544 993 593 castra
1038 535 1330 604 prmteribit
1887 539 1978 594 Vir
2016 555 2230 611 semper
2269 534 2624 615 popularitate
2662 565 2945 618 crescens,

207 625 314 680 Curi
354 624 635 694 principis,
674 636 728 679 et
766 627 1225 705 perambulatum,

208 718 446 775 Romanis
487 718 1087 791 legionibusNiphatem
1119 738 1131 774 :

206 813 360 878 Tum,
398 826 519 867 cum
561 812 782 868 fulmine
823 824 1013 884 captus
1051 815 1362 884 imperator,

210 904 367 957 Vitam
403 902 714 959 fulminibus
754 920 938 975 parem
977 905 1229 977 peregit?

195 1053 206 1067 ο
267 996 356 1050 His
396 1003 452 1049 tu
485 996 721 1064 civibus,
766 997 931 1064 urbe,
970 1013 1100 1054 rure
1140 998 1387 1068 pollens,

204 1101 225 1127 υ
263 1086 550 1157 Consenti,
593 1090 722 1144 mihi
764 1091 940 1161 gignis
975 1092 1117 1149 alme
1155 1101 1395 1163 patrem,

200 1182 372 1249 illum,
418 1183 503 1237 cui
540 1183 692 1237 nitidi
731 1184 903 1251 sales,
943 1184 1197 1257 rigorque

192 1273 463 1341 Bomanus
504 1273 604 1329 fuit
632 1275 812 1331 Attico
850 1276 905 1332 in
945 1276 1148 1346 lepore.

198 1365 338 1419 llnnc
371 1365 606 1422 Milesius
648 1381 700 1423 et
729 1367 929 1424 Thales
964 1378 1184 1439 stupere

198 1458 441 1513 Auditum
484 1460 687 1530 potuit,
730 1462 997 1533 simulque
1032 1462 1190 1519 Lindi
1231 1472 1312 1520 est

195 1550 350 1606 Notus
385 1553 475 1622 qui
506 1549 796 1609 Cleobulus
840 1553 982 1611 inter
1025 1569 1209 1625 arces,

194 1646 253 1701 Et
285 1656 375 1714 tu,
416 1649 507 1719 qui
539 1646 832 1706 Periandre
868 1648 937 1705 de
976 1647 1236 1705 Corintho
1277 1663 1367 1714 es,

192 1742 254 1797 Et
292 1751 380 1809 tu,
427 1757 587 1813 quem
629 1742 853 1801 dederat
885 1743 1007 1799 Bias
1049 1741 1279 1810 Priene,

193 1839 253 1893 Et
295 1846 349 1894 tu
398 1839 602 1895 Pittace
636 1838 858 1895 Lesbius
899 1838 1204 1909 sophistes,

190 1933 249 1988 Et
288 1943 370 2000 tu,
418 1933 506 2003 qui
549 1932 755 1988 tetricis
791 1941 983 2003 potens
1017 1931 1245 1988 Athenis

193 2024 365 2081 Vincis
401 2024 705 2081 Socraticas
733 2023 903 2081 Solon
938 2023 1244 2093 palmstras,

188 2118 248 2171 Et
282 2127 337 2171 tu
368 2115 671 2188 Tyndareis
709 2126 858 2170 satus
888 2113 1190 2183 Therapnis

186 2208 409 2273 Chilon,
453 2206 675 2278 legifero
712 2207 857 2277 prior
883 2206 1153 2278 Lycurgo.

185 2299 294 2354 Non
342 2298 435 2354 hic
472 2298 516 2353 si
560 2297 757 2362 voluit,
803 2306 1026 2353 vacante
1065 2309 1226 2363 cura,

184 2390 311 2460 Quis
351 2391 429 2446 sit
470 2390 734 2446 sideribus
774 2398 961 2445 notare
998 2402 1222 2453 cursus,

185 2485 435 2540 Diversas
465 2488 628 2538 Arato
666 2483 779 2538 vias
813 2482 1074 2539 cucurrit.

184 2574 295 2631 Non
337 2577 486 2631 hunc
528 2591 650 2631 cum
694 2573 1050 2645 geometricas
1087 2574 1153 2629 ad
1196 2584 1341 2631 artes

187 2667 422 2725 Mentem
464 2667 793 2735 composuit,
839 2668 991 2738 sequi
1033 2666 1247 2723 valebat

184 2761 441 2818 Euclides
479 2761 713 2831 spatium
755 2762 935 2818 sciens
972 2760 1197 2832 olympi.

182 2854 294 2910 Non
342 2860 524 2925 hunc,
570 2857 616 2912 si
662 2855 829 2912 voluit
865 2866 1053 2913 rotare
1089 2856 1402 2928 rhythmos,

180 2946 487 3019 Quidquam
530 2949 804 3019 proposito
838 2950 1009 3005 virum
1046 2951 1245 3005 morari

180 3040 518 3111 Chrysippus
563 3040 827 3112 potuisset
867 3057 935 3098 ex
975 3056 1192 3098 acervo.

179 3132 277 3188 ilic
312 3148 442 3189 cum
478 3134 817 3205 Amphioniae
854 3134 1107 3190 studebat
1139 3135 1277 3203 arti,

181 3225 430 3293 Plectro,
472 3227 695 3297 pollice,
732 3244 895 3293 voce,
935 3228 1205 3298 tibiaque,

174 3318 342 3391 502
379 3321 559 3378 Thrax
599 3330 779 3389 vates,
826 3323 957 3379 deus
995 3325 1197 3391 Arcas,
1241 3331 1402 3394 atque
1442 3323 1707 3390 Plzmbus,

1882 631 1950 685 Et
1977 633 2119 701 jnste
2151 635 2391 692 residens
2427 639 2479 693 in
2520 656 2643 697 arce
2686 643 2863 711 fandi,

1880 723 1981 791 Qui
2022 726 2172 783 fabro
2212 730 2452 799 genitore
2492 747 2829 803 procreatus,

1881 817 2001 873 Oris
2038 822 2224 877 maluit
2261 825 2501 893 expolire
2537 827 2738 882 limam.

1880 909 2019 976 Quid
2062 927 2156 968 vos
2190 914 2387 985 eloquii
2430 932 2617 972 canam
2650 918 2823 974 Latini

1879 1002 2110 1072 Arpinas
2128 1046 2143 1072 ,
2185 1005 2439 1063 Patavine
2458 1050 2473 1075 ,
2509 1010 2832 1065 Mantuane?

1883 1094 1949 1149 Et
1987 1105 2069 1162 te,
2108 1098 2313 1153 comica
2347 1102 2435 1170 qui
2469 1102 2661 1167 duces,
2702 1101 2964 1158 Terenti?

1883 1185 1952 1241 Et
1981 1196 2031 1241 te
2052 1228 2067 1254 ,
2102 1196 2341 1258 tempore
2370 1192 2461 1260 qui
2501 1199 2650 1246 satus
2680 1207 2902 1259 severo,

1881 1277 2070 1336 Graios
2101 1281 2283 1339 Plaute
2325 1285 2465 1340 sales
2498 1287 2679 1357 lepore
2711 1287 2953 1343 transis?

1882 1371 1951 1426 Et
1986 1382 2037 1428 te
2069 1375 2383 1431 multimoda
2416 1380 2546 1433 satis
2576 1381 2871 1435 verendum

1879 1466 2211 1535 Scriptorum
2255 1470 2672 1537 numerositate,
2719 1470 2929 1527 Varro?

1879 1554 2039 1626 [‘03
2073 1557 2138 1611 Et
2178 1566 2230 1613 te
2259 1561 2347 1629 qui
2380 1560 2639 1616 brevitate
2668 1561 2854 1631 Crispe
2885 1561 3094 1633 polles?

1882 1648 1947 1702 lit
1976 1649 2064 1716 qui
2096 1666 2190 1718 pro
2221 1651 2436 1720 ingenio
2465 1651 2666 1709 ﬂuente
2696 1654 2829 1709 nulli

1881 1738 2095 1796 Corneli
2131 1742 2311 1798 Tacite
2350 1757 2409 1799 es
2450 1744 2703 1801 tacendus
2744 1746 2864 1803 ori?

1810 1826 1861 1893 Β
1888 1831 1950 1885 Ει
1982 1842 2032 1887 te
2063 1833 2474 1890 Massiliensium
2505 1851 2603 1906 per
2631 1836 2819 1893 hortos

1884 1924 2031 1980 Sacri
2063 1924 2291 1995 stipitis,
2327 1926 2563 1994 Arbiter,
2604 1927 2856 1983 colonum

1883 2016 2313 2087 Hellespontiaco
2358 2033 2545 2087 parem
2581 2018 2825 2089 Priapo?

1884 2108 1951 2162 Et
1982 2119 2033 2163 te
2062 2110 2303 2164 carmina
2334 2124 2431 2179 per
2462 2109 2748 2164 libidinosa

1881 2200 2074 2256 Notum
2104 2201 2246 2256 Naso
2290 2212 2462 2258 tener.
2492 2202 2800 2273 Tomosque
2829 2202 3049 2259 missum
3076 2218 3089 2269 ;

1881 2293 2160 2361 Quondam
2190 2294 2439 2351 Casarea:
2482 2295 2642 2349 nimis
2673 2295 2867 2364 puella:

1882 2387 2033 2443 Fieto
2064 2389 2282 2444 nomine
2312 2388 2584 2444 subditum
2617 2389 2888 2446 Corinnte.

1885 2487 1901 2515 ¹
1930 2485 2067 2552 Quid
2098 2485 2275 2541 celsos
2305 2485 2541 2540 Senecas
2573 2485 2777 2556 loquar,
2809 2483 2893 2540 vel
2921 2483 3069 2540 illum

1882 2580 2052 2646 Quem
2076 2578 2167 2634 dat
2198 2578 2403 2634 Bilbilis
2434 2579 2538 2632 alta
2573 2577 2897 2643 Martialem,

1883 2674 2170 2728 Terrarum
2201 2674 2478 2743 indigenas
2509 2673 2923 2728 Hibericarum?

1884 2766 2022 2833 Quid
2049 2782 2184 2837 quos
2212 2767 2514 2835 duplicibus
2537 2767 2718 2835 jngata
2743 2768 2893 2821 taedis

1884 2858 2200 2929 Argentaria
2234 2858 2258 2896 δ
2292 2856 2439 2913 Polla
2462 2858 2563 2911 dat
2583 2859 2808 2928 poetas?

1890 2950 2028 3017 Quid
2055 2950 2254 3005 multos
2283 2951 2416 3004 varii
2448 2950 2571 3019 styli
2599 2960 2859 3016 retexam,

1800 3048 1801 3051 ‘
1885 3042 2096 3113 Argui,
2131 3041 2323 3107 teneri,
2352 3056 2561 3111 graves,
2595 3041 2840 3096 dicaces?

1887 3135 1941 3191 Si
1971 3136 2294 3191 Consentius
2322 3132 2514 3200 adfuit,
2546 3133 2802 3190 latebant.

1736 3226 1765 3285 Γ
1809 3215 1856 3280 C
1889 3227 2020 3283 Huic
2048 3228 2242 3281 summi
2274 3226 2468 3297 ingenii
2508 3218 2644 3293 viro,
2676 3225 2940 3298 simulque

1885 3321 2125 3376 Summa:
2154 3318 2446 3375 nobilitatis
2468 3330 2631 3389 atque
2657 3320 2866 3386 formae,

1884 3417 2075 3473 Juncta
2103 3424 2185 3471 est
2211 3414 2432 3481 femina,
2462 3429 2581 3484 qua:
2611 3414 2826 3469 domum
2854 3413 2919 3469 ad
2947 3410 3125 3468 mariti

1885 3510 2055 3566 Prisci
2083 3521 2104 3549 ο
2134 3509 2362 3579 insignia
2393 3507 2724 3589 transferens
2752 3509 2953 3576 Jovini,

1884 3601 2131 3671 implevit
2158 3601 2361 3657 trabeis
2395 3602 2559 3655 larem
2590 3602 2869 3671 sophistaz.

1883 3694 1974 3750 Sic
2006 3694 2144 3748 intra
2178 3693 2421 3762 proprios
2456 3693 2546 3747 tibi
2580 3700 2819 3761 penates,

1885 3785 2170 3850 Consenti,
2203 3784 2387 3854 patria:
2420 3784 2585 3838 decus
2610 3783 2921 3852 superbum,

1886 3874 2061 3932 Fastis
2093 3875 2223 3929 vivit
2246 3890 2398 3944 avus,
2433 3883 2694 3943 paterque
2721 3871 2893 3926 libris.

1958 3966 2081 4021 Haec
2106 3981 2203 4036 per
2224 3974 2507 4021 stemmata
2536 3973 2588 4019 te
2611 3964 2744 4018 satis
2777 3967 3070 4031 potentem,

1886 4062 2094 4117 Merum
2126 4061 2359 4115 culmine
2382 4058 2479 4114 sed
2508 4061 2887 4128 potentiorem,

1883 4154 1998 4210 Non
2028 4155 2225 4226 possim
2259 4153 2445 4208 merita
2478 4166 2673 4207 sonare
2708 4151 2867 4207 laude
2898 4168 2913 4204 :

1883 4246 1995 4303 Nec
2016 4247 2069 4301 ἐἰ
2099 4261 2184 4301 me
2206 4245 2437 4318 Odrysio
2465 4246 2665 4300 canens
2698 4246 2750 4301 in
2785 4253 2961 4309 antro,

1882 4337 2049 4411 [ιοῖι
2075 4338 2188 4404 Qua
2221 4337 2325 4395 late
2354 4335 2745 4406 trepidantibus
2774 4334 2990 4392 ﬂuentis

1882 4430 2085 4487 Cautes
2111 4445 2208 4500 per
2233 4430 2495 4489 Ciconum
2523 4431 2749 4485 resistat
2778 4428 2991 4486 llebrus
3011 4466 3028 4493 ,

1887 4524 2151 4593 Princeps
2170 4522 2492 4578 instituisset
2521 4523 2612 4577 ille
2641 4528 2848 4589 vatum,

1803 4590 1859 4650 Ῑ)
1888 4617 2021 4672 Cum
2049 4596 2235 4669 dulces
2259 4613 2497 4667 animata
2527 4626 2654 4667 saxa
2682 4612 2902 4667 chordae

1887 4706 2116 4762 Fcrrent
2137 4720 2234 4775 per
2260 4703 2553 4771 Rhodopen
2590 4705 2834 4759 trahente
2861 4709 3041 4768 cantu,

1888 4798 1957 4852 Et
1984 4811 2142 4873 versa
2164 4796 2282 4850 vice
2312 4794 2549 4849 fontibus
2574 4794 2773 4864 ligatis,

1893 4890 2091 4946 Terras
2116 4900 2340 4944 currere
2361 4895 2619 4957 cogerent
2642 4884 2879 4941 anhelas.

172 3412 338 3467 Omni
382 3415 622 3471 carmine
656 3425 779 3485 post
817 3426 1004 3484 erant,
1043 3429 1098 3473 et
1142 3419 1287 3487 ipsas

170 3503 367 3560 Musas
408 3522 516 3561 non
559 3507 632 3562 ita
672 3508 905 3565 musicas
944 3519 1179 3579 putares.

167 3595 274 3651 llic
312 3595 366 3650 si
408 3607 645 3667 syrmate
685 3600 862 3654 cultus
900 3610 957 3655 et
994 3600 1295 3667 cothurno,

164 3690 446 3743 lntrasset
480 3690 648 3745 semel
682 3691 916 3747 Atticum
955 3692 1259 3759 theatrum,

162 3779 489 3835 Cessissent
517 3779 814 3850 Sophocles
847 3792 904 3837 et
930 3783 1235 3853 Euripides.

164 3872 235 3929 Et
269 3871 319 3928 si
363 3870 581 3942 pulpita
607 3886 899 3943 personam
932 3890 1093 3931 socco

166 3963 475 4022 Comedus
516 3967 806 4033 voluisset,
850 3968 976 4025 huic
1014 3969 1191 4025 levato

167 4056 425 4113 Palmam
463 4068 521 4114 tu
548 4059 719 4131 digito
746 4060 934 4129 dares,
967 4061 1278 4118 Menander.

170 4150 274 4207 Hic
313 4165 449 4208 cum
482 4151 795 4221 senipedem
829 4155 1027 4226 stylnm
1070 4155 1300 4224 polibat,

167 4244 476 4317 Smyrnam
515 4245 631 4301 vice
659 4244 851 4301 doetus
888 4246 1149 4314 ofﬁcium,

168 4337 277 4391 Aut
314 4352 449 4393 eum
493 4350 551 4393 se
591 4336 830 4393 histeria:
866 4338 1028 4394 dabat
1067 4353 1300 4406 severae,

170 4425 393 4485 Primos
436 4428 529 4485 vix
568 4438 819 4498 poterant
855 4431 1004 4487 loces
1042 4430 1179 4486 tueri

168 4518 418 4576 Torrens
450 4520 783 4588 Herodotus,
825 4529 1025 4577 tonans
1052 4521 1337 4580 Homerus.

166 4608 287 4668 Non
334 4612 451 4668 ista
496 4613 672 4680 potior
710 4612 897 4669 fuisset
931 4613 1091 4681 olim,

166 4703 269 4770 Qui
315 4702 676 4760 Pandioniam
716 4705 962 4762 movebat
1000 4716 1118 4763 arte

165 4794 370 4853 Orator
414 4810 638 4853 caveam
677 4799 1072 4866 tumultuosus,

166 4888 274 4947 Seu
317 4892 543 4949 hiscum
580 4903 865 4963 raperetur
904 4894 959 4947 in
993 4888 1326 4963 Philippum,

167 5066 364 5110 ronem
400 5052 733 5123 appellatur;
785 5054 1019 5122 itemque
1063 5051 1202 5123 apud
1231 5024 1461 5108 Plinium
1513 5060 1568 5109 et
1592 5046 1779 5109 Acthi-
1888 5053 1974 5109 Fl.
2004 5034 2251 5106 Valentis
2279 5049 2455 5104 Iovini
2477 5092 2493 5114 ,
2525 5065 2683 5120 quem
2722 5049 2981 5123 Lupicino
3014 5047 3217 5123 collega
3246 5047 3347 5105 sub
3378 5040 3477 5097 Va-

168 5138 327 5195 cum,
350 5132 409 5179 et
446 5120 507 5177 in
532 5123 735 5178 Tabula
764 5120 1111 5191 PeutitigeriI
1892 5123 2189 5195 lentiniano
2218 5122 2431 5195 seniore
2452 5123 2638 5187 gessit,
2662 5120 2782 5195 cum
2807 5121 3045 5195 equitum
3073 5120 3324 5195 magister
3338 5126 3503 5195 esset.

241 5203 269 5233 ⁸
298 5194 665 5268 Consentium
695 5206 897 5265 patrem
914 5190 1106 5268 laudat
1134 5211 1163 5250 a
1192 5195 1576 5263 philosophicis
1608 5198 1778 5268 poeti-
1889 5194 2233 5268 perAGallias.
2252 5203 2306 5248 et
2329 5192 2653 5268 Alamannos
2674 5192 2874 5261 ingenti
2902 5203 3078 5268 strage
3104 5191 3154 5244 in
3178 5190 3483 5268 (htgiaunts

169 5261 721 5342 cisqr1e_diseiplinis',
764 5277 873 5321 tum
900 5266 1125 5342 G_ra:eis,
1158 5261 1268 5342 tum
1298 5261 1547 5342 Latinis.
1610 5261 1626 5268 ”
1890 5261 2267 5342 profligasset,
2318 5274 2385 5342 t_i_t_
2418 5263 2967 5342 Marcellinus-iiuna}
2999 5263 3033 5314 l.
3055 5276 3233 5342 num.
3275 5261 3487 5342 Deam

247 5338 413 5409 157
460 5334 488 5374 δ
523 5333 791 5392 Lucanum
832 5351 887 5392 et
931 5333 1183 5393 Statium.
1235 5338 1436 5394 Lucani
1467 5341 1608 5394 enim
1640 5355 1780 5394 uxor
1894 5333 2280 5409 etiain’seribit
2329 5334 2662 5409 Flotlonrdns
2696 5333 3005 5409 t_liistoria_e
3050 5333 3103 5409 li,
3143 5341 3197 5409 e_t
3239 5333 3487 5409 antiquus

172 5402 467 5479 fuit—PJIIa
496 5409 841 5479 Argentaria,
886 5418 939 5463 et
969 5420 1179 5463 mortuo
1207 5411 1453 5478 Lucano,
1498 5412 1689 5473 Statii,
1726 5421 1783 5465 ut
1894 5423 2083 5463 versus
2116 5408 2318 5475 profert
2349 5421 2377 5479 a
2408 5406 2598 5479 Jpvino
2630 5405 2830 5479 positos
2871 5404 3021 5479 in‘S.
3061 5402 3319 5479 Agricolte
3349 5403 3488 5479 itast-

172 5477 385 5534 Statius
419 5479 539 5549 ipse
570 5472 624 5534 in
653 5481 814 5536 Silvis
830 5472 1016 5535 docet.
1048 5480 1275 5547 Quidatn
1302 5482 1423 5536 libri
1440 5472 1683 5551 ’pnllidal
1706 5483 1783 5536 le-
1895 5481 1995 5545 lica
2026 5472 2182 5548 quam
2205 5477 2409 5551 Διὶίξηιὶε
2432 5472 2697 5551 fundarat.
2734 5474 2903 5551 ii‘njns
2939 5474 3115 5543 itaque
3160 5472 3488 5551 libantium-

172 5562 327 5619 sunt.
443 5544 463 5549 ⁷
1074 5544 1089 5547 ⁷
1396 5550 1401 5557 ’
1456 5544 1467 5551 ’
1896 5544 2073 5606 sentio
2102 5548 2301 5619 seniori
2348 5556 2568 5619 nuptam
2610 5546 2703 5598 ait.
2748 5544 3039 5619 QnteAvero
3070 5552 3388 5619 sequuntur,
3421 5544 3488 5596 de
3524 5598 3527 5603 ,

251 5632 274 5661 ε
307 5622 546 5678 Trabea
572 5631 625 5679 et
656 5621 912 5681 fastorum
945 5637 1140 5678 nomen
1182 5623 1518 5678 consulatum
1561 5621 1789 5677 denotat
1890 5622 2104 5705 juniore
2128 5613 2440 5681 Consentio,
2474 5617 2541 5671 ad
2566 5631 2723 5686 quem
2753 5615 2958 5680 scribit,
2985 5613 3100 5683 capi
3127 5614 3339 5667 debent.

252 5762 268 5791 ⁸
307 5756 569 5814 Barthius
596 5759 810 5813 Advers.
841 5773 961 5828 pag.
992 5759 1100 5814 489
1126 5759 1259 5828 legit
1281 5774 1346 5813 ex
1374 5757 1594 5824 antiquo
1625 5757 1785 5822 libro,
1899 5754 2239 5829 Cornelium,
2284 5764 2339 5829 et
2366 5755 2500 5829 alios
2534 5752 2677 5829 Celsi
2697 5752 2932 5829 nomine
2960 5751 3225 5829 celebres.
3248 5780 3319 5829 ς-ο
3346 5749 3487 5808 Βλα-

182 5832 325 5901 Quid
356 5831 567 5897 Celsos,
598 5832 816 5887 Senecas
844 5822 1070 5901 "fuﬁum;
1100 5822 1264 5891 fuisse
1292 5822 1571 5889 enimvero
1595 5839 1793 5902 praeter
1827 5895 1865 5916 μ
1900 5842 2021 5917 atus
2047 5826 2319 5885 Sirmond.
2352 5826 2552 5895 editor,
2581 5823 2785 5896 prtefat.
2819 5823 2884 5878 ad
2912 5832 3040 5878 tom.
3079 5823 3115 5892 l,
3146 5822 3173 5895 §
3206 5822 3292 5881 ll.
