4060 6332
532 251 636 306 735

534 360 642 415 Nec
670 373 775 413 non
802 357 1001 411 ismara
1032 355 1232 409 solibus
1259 357 1538 423 paterent,

535 453 720 508 Aurita
748 449 939 521 chelyn
967 454 1256 518 expetente
1287 446 1442 512 silva,

536 543 601 599 Et
626 542 751 597 nulli
780 540 1097 595 resolubiles
1122 538 1284 593 calori

536 636 762 691 Curvata
794 643 1015 690 ruerent
1045 634 1196 689 nives
1217 633 1285 689 ab
1310 633 1444 689 Ossa
1466 675 1481 697 ,

535 731 777 787 Stantem
809 738 901 783 aut
928 728 1214 799 Strymona
1248 726 1496 782 Bistones
1529 711 1806 791 viderent,

535 821 669 879 Cum
696 837 912 877 carmen
938 821 1154 889 rapidus
1179 822 1328 877 latex
1352 820 1549 876 sitiret.

537 919 647 975 Nec
675 918 719 972 si
748 917 963 972 Peliaco
990 916 1146 971 datus
1173 916 1461 971 bimembri

538 1010 617 1065 Ad
643 1010 962 1065 Centaurica
996 1009 1193 1079 plectra
1223 1010 1609 1077 constitissem,

541 1103 816 1158 llinnitum
844 1102 1071 1171 duplicis
1098 1102 1294 1158 timens
1316 1101 1580 1173 magistri.

541 1194 652 1252 Nec
677 1197 720 1250 si
754 1211 840 1251 me
869 1194 1144 1250 docuisset
1169 1194 1261 1249 ille
1292 1194 1386 1248 fari
1406 1235 1421 1260 ,
1570 1256 1577 1259 _

544 1285 735 1342 Jussus
765 1301 989 1357 pascere
1018 1286 1109 1357 qui
1138 1302 1355 1355 gregem
1382 1295 1462 1341 est
1488 1286 1722 1352 clientis,

545 1378 838 1447 Amphrysi
869 1377 935 1431 ad
968 1376 1209 1444 ﬂuvium,
1242 1376 1375 1432 deus
1401 1375 1680 1439 bubulcus,

548 1470 698 1536 Quod
725 1468 1055 1538 ferrugineos
1079 1466 1343 1541 Cyc10pas
1367 1483 1493 1524 arcu

548 1560 756 1617 Stravit
782 1561 883 1616 sub
905 1560 1287 1632 Liparensibus
1317 1560 1566 1622 caminis,

554 1652 783 1707 Vibrans
816 1654 932 1722 plus
961 1669 1121 1723 grave
1149 1651 1348 1708 fulmen
1382 1654 1433 1707 in
1466 1655 1677 1721 sagitta.

623 1746 737 1801 .lant
769 1747 943 1818 primo
975 1754 1161 1803 tenero
1184 1746 1447 1803 calentem
1475 1747 1542 1804 ab
1571 1755 1714 1813 ortu,

554 1838 829 1909 Excepere
858 1843 977 1896 sinu
1006 1857 1199 1896 novem
1227 1856 1464 1907 sorores,

553 1930 620 1986 Et
648 1940 698 1986 te
724 1932 790 1986 de
819 1933 1079 2002 genitrice
1109 1932 1433 2002 vagientem.

554 2022 831 2079 Texerunt
860 2025 1041 2080 vitrea:
1066 2024 1203 2080 vado
1228 2025 1612 2095 Hippocrenes.

557 2113 706 2170 Tunc
735 2115 833 2170 hac
865 2131 1075 2173 mersus
1103 2132 1238 2186 aqua
1271 2118 1510 2187 loquacis
1532 2117 1712 2187 undae,

556 2210 662 2264 Pro
688 2210 852 2264 ﬂuctu
884 2224 1040 2281 mage
1069 2210 1275 2265 litteras
1297 2210 1498 2266 bibisti.

558 2300 710 2354 'l‘unc
739 2312 794 2355 tu
813 2301 923 2370 jam
949 2316 1083 2369 puer
1109 2302 1283 2368 aptior
1312 2302 1589 2371 magistro,

559 2391 825 2462 Quidquid
855 2390 1135 2448 rhetoricae
1166 2392 1546 2458 institutionis,

560 2482 720 2553 [‘05
747 2483 1013 2555 Quidquid
1040 2486 1463 2555 grammaticalis
1484 2494 1578 2541 aut
1608 2486 1854 2557 palestra:
1884 2495 1988 2550 eat,

563 2576 709 2632 Sicut
732 2577 844 2648 jant
879 2588 1029 2634 tener
1056 2578 1337 2646 hauseras,
1374 2580 1593 2637 vorasti.

560 2672 627 2727 Et
651 2672 761 2741 jam
792 2683 844 2728 te
872 2674 993 2728 aula
1022 2674 1160 2740 tulit,
1189 2683 1215 2711 α
1248 2675 1472 2744 piusque
1502 2674 1751 2746 princeps

564 2761 706 2818 lnter
734 2766 1056 2835 conspicuos
1085 2765 1264 2820 statim
1291 2766 1507 2831 locavit,

559 2854 891 2911 Consistoria
921 2872 1056 2927 quos
1086 2856 1326 2928 habent,
1358 2858 1604 2913 tribunos
1633 2876 1644 2911 :

560 2943 801 3017 Namque
825 2956 881 3003 et
908 2963 1204 3019 purpureus
1234 2951 1288 3004 in
1318 2964 1446 3006 arce
1479 2950 1628 3021 regni

561 3038 802 3097 Prmesse
830 3042 1022 3098 ofﬁciis
1053 3044 1157 3099 tuis
1186 3044 1418 3112 solebat,

562 3131 737 3187 Mores
763 3133 1046 3190 nobilitate
1070 3136 1212 3203 quod
1246 3136 1541 3192 merebant.

540 3223 793 3279 .Tautum
827 3227 1076 3281 culminis
1101 3239 1155 3282 et
1181 3228 1347 3284 decus
1376 3229 1698 3298 stupendum

567 3315 766 3387 Scripti
797 3319 1080 3374 annalibus
1102 3320 1343 3376 indicant
1374 3320 1629 3378 honores.

566 3406 703 3463 Hinc
731 3419 784 3464 tu
816 3410 1058 3471 militiam
1086 3423 1304 3467 secutus
1330 3413 1583 3482 amplam,

566 3506 906 3563 Castrensem
938 3509 1061 3564 licet
1090 3510 1351 3579 ampliare
1378 3525 1616 3577 censum,
1650 3508 1659 3515 ’

565 3596 670 3654 Per
694 3598 944 3672 suﬂ‘ragia
976 3601 1118 3671 justa
1146 3602 1445 3658 debuisses.

565 3693 836 3749 Solemnis
864 3704 1043 3750 tamen
1070 3697 1348 3753 abstinens
1379 3697 1580 3766 lucelli,

568 3786 732 3841 Fama
763 3789 881 3858 plus
910 3788 1148 3859 locuples
1176 3789 1397 3845 domum
1427 3790 1635 3859 redisti,

566 3881 750 3937 Solum
780 3884 923 3954 quod
952 3883 1179 3940 dederas
1212 3894 1360 3940 tuum
1387 3885 1642 3955 putando.

640 3975 772 4031 Tum
798 3978 840 4031 si
873 3977 1009 4034 forte
1042 3978 1138 4033 fuit
1162 3979 1305 4050 quod
1326 3979 1621 4051 imperator

644 4161 669 4187 ιι
697 4150 843 4227 Plac.
880 4152 1313 4227 Valentinianus,
1343 4170 1371 4209 a
1407 4170 1517 4227 quo
1544 4156 1790 4211 tribunus
1833 4165 1887 4213 et
1919 4157 2161 4213 notarius

573 4224 626 4277 in
645 4224 977 4307 consistorio
1016 4224 1578 4309 consentius‘cr'eatus
1617 4236 1720 4283 est.
1750 4227 2160 4309 ln_consiAstori.o

571 4296 716 4347 enim
745 4296 999 4364 principis
1026 4296 1322 4351 militabant
1351 4296 1547 4353 tribuni
1577 4306 1633 4353 et
1659 4299 1872 4354 notarii.
1905 4301 1940 4354 Ι.
1971 4300 2007 4353 2
2031 4299 2155 4354 cod.

572 4364 781 4420 Tlteod.
812 4364 880 4419 de
920 4366 1231 4422 Primicerio
1268 4379 1322 4423 et
1360 4369 1604 4424 notariis.
1650 4369 1929 4425 Inscriptio
1970 4380 2160 4425 statuta

573 4386 2160 4499 ἑὲἱίΐέιὶε⁰ῗιέἷέ2ἒ⁰θτέιίέιι⁴ᾔῖιὲίῧῧὲ¹⁶ῑυὲ¹¹ῗῗ3εὲἓῖ³εῗ3ιῗί²ὅ

570 4505 795 4562 SACRO
831 4507 1176 4565 TRIBUNUS
1218 4510 1302 4566 ET
1341 4510 1687 4569 NOTARIUS
1726 4511 2008 4569 MERUIT.

1771 232 2015 290 SIDONII
2056 230 2512 287 APOLLINARIS

2147 347 2199 405 Δ
2226 346 2250 385 b
2286 345 2423 401 ans
2453 345 2625 401 soceri
2650 344 2830 399 venire
2864 344 2916 397 in
2943 357 3102 398 aures

2230 440 2365 495 Fido
2393 441 2685 508 interprete
2714 436 2877 492 vellet
2906 444 2961 490 et
2986 434 3184 505 perito,

2229 533 2305 588 Te
2326 530 2648 587 commercia
2671 527 2897 599 duplicis
2928 525 3154 596 loquelae

2232 625 2455 681 Doctum
2484 623 2699 678 solvere
2730 620 2973 690 protinus
3003 617 3233 688 legebat.

2232 719 2298 784 0,
2329 718 2511 783 sodes,
2543 713 2757 786 qu0ties
2784 712 2878 768 tibi
2910 709 3150 782 loquenti

2234 810 2530 881 Byzantina
2556 806 2755 877 sepltos
2778 804 2977 860 dedere
3007 802 3206 873 regna?

2234 907 2303 963 Et
2330 918 2380 963 te
2412 923 2506 963 seu
2536 906 2788 963 latialiter
2815 912 3096 960 sonantem
3116 944 3130 967 ,

2235 1003 2513 1072 Tanquam
2544 1001 2805 1056 Romulea
2836 1008 3008 1053 satum
3028 997 3293 1062 saburra,

2236 1095 2342 1150 Seu
2365 1095 2558 1165 lingute
2590 1094 2855 1163 Argolicae
2878 1090 3204 1147 routnditate

2242 1184 2565 1252 Undantem,
2590 1185 2905 1241 Marathone
2929 1199 3029 1238 ceu
3056 1192 3297 1238 creatum
3328 1197 3343 1235 :

2239 1279 2562 1336 Plaudentes
2585 1290 2842 1347 stupuere
2866 1277 3229 1349 Bosphorani,

2241 1374 2414 1429 Mirati
2450 1372 2624 1428 minus
2654 1374 2858 1428 Atticos
2890 1371 3159 1427 alumnos.

2244 1466 2380 1521 Hinc
2407 1466 2451 1520 si
2482 1465 2682 1520 foedera
2715 1465 3057 1520 solverentur
3081 1464 3257 1527 orbis,

2244 1559 2407 1632 406
2435 1560 2628 1615 Pacem
2664 1570 2715 1615 te
2744 1560 2920 1614 medio
2941 1559 3129 1613 darent
3156 1557 3365 1613 feroces

2245 1653 2491 1719 Chunus,
2524 1652 2903 1716 Sauromates,
2938 1651 3121 1720 Getes,
3152 1649 3413 1704 Gelonus.

2172 1736 2220 1799 Β
2248 1745 2328 1801 Tu
2358 1748 2372 1778 ¹
2407 1744 2702 1813 Tuncrum,
2729 1755 2782 1801 et
2808 1743 3107 1809 Vachalim,
3139 1742 3411 1813 Visurgin,
3448 1738 3632 1804 Albin,

2250 1840 2583 1907 Francorum
2609 1849 2665 1895 et
2698 1839 3058 1910 penitissimas
3091 1835 3317 1905 paludes

2251 1934 2501 1997 lntrares,
2532 1915 2920 1989 venerantibus
2950 1929 3265 1995 Sicambris,

2249 2027 2391 2083 Solis
2419 2026 2657 2081 moribus
2690 2027 2830 2081 inter
2854 2039 3001 2078 arma
3026 2032 3191 2078 tutus.

2256 2119 2334 2173 Tu
2365 2118 2641 2176 Marotida‘.
2672 2116 3000 2186 Caspiasque
3031 2118 3237 2185 portas,

2253 2212 2331 2266 Tu
2365 2210 2522 2266 ﬂuxis
2552 2210 2783 2279 equitata
2815 2209 3002 2264 Bactra
3037 2205 3249 2261 Partitis
3282 2194 3293 2197 “

2255 2306 2520 2359 Constans
2546 2303 2952 2371 intrepidusque
2981 2302 3060 2356 sic
3092 2300 3300 2366 adires,

2258 2397 2325 2451 Ut
2357 2399 2490 2451 fastu
2520 2397 2693 2465 posito
2726 2395 2978 2449 tumentis
3008 2395 3167 2458 anlre,

2255 2491 2355 2558 Qui
2384 2506 2545 2561 supra
2578 2504 2821 2560 Satrapas
2848 2490 2999 2543 sedet
3026 2498 3301 2557 tyrannus,

2256 2586 2492 2641 Ructans
2519 2585 2816 2639 semideum
2846 2582 3307 2653 propinquitates,

2257 2680 2520 2735 Lunatum
2553 2677 2644 2732 tibi
2674 2677 2915 2730 ﬂecteret
2944 2675 3155 2728 tiaram.

2257 2774 2336 2827 Ttt
2366 2772 2408 2826 si
2444 2771 2650 2840 publica
2688 2772 2791 2823 fata
2822 2784 2926 2823 non
2956 2774 3205 2823 vetarent
3300 2776 3309 2780 ‘

2261 2867 2327 2923 Ut
2359 2866 2576 2937 Byrsam
2613 2873 2842 2932 peteres,
2882 2863 2964 2915 vel
2994 2860 3261 2916 Africana:

2258 2960 2489 3015 Telluris
2512 2957 2845 3013 Tanaiticum
2880 2954 3135 3009 rebellem
3172 2968 3185 3005 :

2260 3050 2555 3106 Confestim
2590 3050 2765 3119 posito
2796 3048 2978 3102 furore
3009 3045 3229 3108 Martis,_

2185 3118 2233 3183 ο
2263 3144 2391 3200 Post
2417 3142 2637 3214 piratica
2670 3141 2860 3195 damna
2892 3139 3188 3193 destinaret

2264 3236 2456 3291 Plenas
2483 3232 2750 3289 mercibus
2782 3233 2995 3285 institor
3022 3230 3264 3291 carinas;

2264 3331 2331 3385 Et
2358 3346 2452 3400 per
2484 3339 2534 3384 te
2557 3330 2696 3383 bene
2731 3341 2856 3396 pace
2888 3326 3131 3381 restituta
3154 3366 3170 3391 ,

2262 3422 2379 3476 Non
2412 3421 2549 3475 ultra
2582 3419 2714 3474 mihi
2746 3418 2881 3471 bella
2916 3417 3246 3487 navigarent.

2333 3511 2450 3567 Jam
2479 3510 2522 3563 si
2548 3509 2685 3564 seria
2716 3508 2851 3562 forte
2881 3508 3258 3563 terminantem

2264 3604 2340 3658 Te
2370 3601 2670 3673 spectacula
2697 3609 2955 3669 ceperant
2987 3599 3208 3664 theatri,

2268 3696 2506 3751 Pallebat
2538 3694 2738 3749 chorus
2759 3694 2934 3748 omnis
2958 3693 3278 3747 histrionum
3298 3732 3312 3754 ,

2264 3791 2540 3858 Tanquam
2572 3788 2616 3843 si
2644 3790 2984 3853 Arcitenens,
3018 3800 3319 3855 novemque
3348 3784 3522 3842 Musa:

2269 3883 2495 3951 Propter
2523 3881 2720 3951 pulpita
2744 3878 2956 3949 judices
2979 3879 3249 3935 sederent.

2268 3974 2461 4031 Coram
2492 3983 2543 4029 te
2570 3985 2591 4012 ε
2625 3973 2959 4039 Caramalus,
2989 3981 3082 4028 aut
3103 3972 3377 4029 Phabaton
3456 4020 3465 4025 -

2271 4157 2571 4239 clamosum,
2597 4156 2842 4228 expositio
2868 4164 3056 4221 ιαειεας
3086 4164 3138 4212 et
3165 4155 3401 4210 incertus
3421 4162 3616 4211 auctor
3633 4154 3696 4210 de
3714 4151 3828 4209 Pan-

2273 4236 2494 4281 lOlﬂllllO
2524 4244 2538 4281 Ξ

2391 4347 2485 4398 Τοι
2502 4347 2682 4409 linguae
2704 4352 2824 4409 quot
2847 4347 3069 4409 membra
3091 4348 3198 4409 viro
3227 4361 3241 4399 :
3265 4342 3504 4409 mirabilis
3518 4355 3597 4393 ars
3619 4355 3709 4404 est,

2455 4407 2706 4469 Quae'facit
2723 4407 2956 4458 articulos
2989 4421 3077 4458 ore
3100 4408 3282 4459 silente
3306 4407 3460 4471 loqui.

2271 4514 2416 4569 Artis
2448 4523 2698 4568 auctores
2727 4511 2912 4566 Roma:
2936 4556 2950 4579 ,
2982 4513 3204 4581 Augusti
3239 4511 3604 4578 temporibus,
3638 4504 3835 4581 Pylades

643 4577 986 4656 {Theodosii
1010 4580 1242 4656 iunioris
1269 4583 1419 4656 Aug.
1439 4582 1621 4656 ﬂliam
1663 4582 1958 4640 Eudoxiam
1990 4585 2160 4640 duxe-
2187 4574 2320 4641 Det
2352 4585 2646 4656 Bathyllus.
2681 4583 2811 4637 Nam
2851 4574 2972 4656 cum
3006 4574 3217 4656 veteres
3245 4574 3363 4656 ipsi
3388 4574 3643 4656 canerent
3674 4574 3721 4634 et
3748 4577 3837 4629 sal-

571 4659 654 4727 rat
683 4648 1106 4727 Valentinianus.
1154 4653 1237 4727 Ad
1267 4648 1629 4727 Theodosium
1676 4669 1807 4727 ergo
1848 4657 1901 4710 in
1943 4656 2163 4713 Oriente

574 4722 803 4791 legatum
841 4738 869 4776 a
901 4723 1276 4779 Valentiniano
1300 4725 1650 4782 Consentium
1682 4722 1785 4792 ait,
1818 4735 1874 4782 et
1909 4726 2160 4784 idoneum

570 4792 738 4848 fuisse
758 4794 847 4876 qni
870 4794 934 4848 ad
959 4794 1199 4876 Francos
1218 4796 1368 4867 item,
1395 4796 1608 4865 Persas,
1632 4797 1905 4855 Vandalos
1924 4800 2164 4871 aliosque

573 4879 725 4932 reges
757 4874 1080 4923 mitteretur.

647 4945 671 4973 ε
702 4934 1455 5012 Nobilium_pantomimorum
1483 4939 1735 5012 nomina;
1767 4956 1996 5012 quorum
2033 4942 2165 5001 alte-

575 5022 727 5067 rum,
761 5007 810 5059 id
842 5018 924 5062 est
951 5006 1311 5063 Garamallum
1332 5049 1347 5074 ,
1380 5010 1561 5064 laudat
1602 5006 1763 5066 etiam
1784 5006 2165 5069 'Aristaenetus

574 5077 800 5147 epistola
830 5078 920 5143 26,
954 5089 1007 5135 et
1050 5078 1307 5134 Leontius
1347 5079 1720 5136 Scholasticus
1750 5082 1839 5138 lib.
1873 5099 1925 5137 tv
1956 5086 2163 5139 Anthe-

574 5148 726 5229 logia;
754 5148 844 5204 25.
879 5151 1563 5229 Ιξᾳηιριηίωἰλὸρχηᾳταε,
1596 5167 1691 5229 ore
1735 5155 2168 5229 tacito__gestibtts

574 5221 753 5275 omnia
798 5222 1156 5291 explicabant.
1207 5221 1560 5278 Cassiodorus
1608 5223 1704 5279 lib.
1745 5239 1795 5277 tv
1836 5244 1849 5278 :
1898 5221 2171 5281 O'rchesta-

2268 4665 2467 4719 tarent,
2490 4651 2542 4709 bi
2565 4656 2789 4709 chorum
2816 4662 2870 4708 et
2898 4655 3127 4708 fistulam
3158 4653 3257 4708 sibi
3284 4654 3578 4721 praecinere
3603 4651 3835 4721 fecerunt,

2273 4740 2327 4807 ut
2358 4726 2859 4807 traduntLucianus
2881 4731 2997 4799 Περὶ
3022 4719 3314 4807 ὀρχήσεως
3338 4723 3598 4807 Eusebius
3620 4721 3670 4776 in
3694 4719 3838 4807 Cura:

2276 4799 2430 4862 nico,
2462 4797 2707 4853 Zosimus
2740 4796 2831 4851 lib.
2865 4814 2916 4858 t,
2945 4796 3003 4849 'et
3038 4796 3150 4851 a'lii.
3199 4796 3653 4850 Pantomimorum
3682 4799 3838 4862 autem

2272 4879 2349 4925 tot
2398 4858 2552 4925 erant
2579 4875 2896 4939 argumenta
2946 4874 3076 4936 quot
3123 4866 3321 4920 fabulae
3361 4858 3838 4939 poetarunt;_ttulla

2272 4942 2413 4996 enim
2446 4951 2560 4997 erat
2585 4932 2744 5010 quam
2769 4952 2874 4992 non
2905 4932 3378 5010 repraesentarent.
3406 4936 3587 5010 Itaque
3614 4932 3841 5010 Sidonius

2272 5014 2469 5067 multas
2496 5006 2743 5067 boc'loco
2767 5018 3043 5077 recenset;
3077 5008 3234 5077 longe
3258 5008 3438 5077 plures
3460 5006 3839 5077 Lucianusj'ia-

2274 5086 2394 5151 lego
2424 5071 3147 5152 suprascripto.Cyprianus
3169 5071 3272 5152 dei
3283 5077 3607 5152 spectaculis
3632 5093 3654 5152 _:
3700 5071 3839 5152 Sulla

2274 5148 2407 5208 enim
2445 5148 2673 5207 obscenis
2700 5148 2924 5205 iactibus
2972 5148 3197 5203 membra
3239 5148 3843 5219 distorquens‘demltartt

2276 5224 2470 5281 erca:
2501 5223 2730 5279 libidinis
2759 5220 3007 5293 fabulam.

574 5308 688 5345 rum
734 5293 1104 5364 loquacissimae
1152 5310 1362 5359 manus,
1412 5294 1637 5365 tinguosi
1686 5296 1866 5366 digiti,
1915 5297 2171 5351 silentium
2272 5324 2273 5327 η

648 5455 665 5486 ¹
681 5454 981 5527 Hadrianus
995 5457 1261 5525 Valesius,
1282 5456 1399 5512 Rer.
1428 5455 1673 5513 Francic.
1696 5455 1790 5511 lib.
1814 5471 1867 5522 v,
1890 5470 2010 5527 pag.
2032 5456 2158 5524 221,

578 5540 684 5598 non
716 5525 992 5598 Tuncrum,
1025 5530 1219 5585 ﬂumen
1251 5530 1533 5589 omnibus,
1564 5537 1621 5583 ut
1650 5529 1763 5597 ipse
1805 5525 1904 5590 ait,
1930 5525 2158 5598 geogra-

579 5595 700 5666 phis
719 5597 1055 5671 ethistoricis
1071 5600 1331 5671 ignotum,
1362 5600 1456 5656 sed
1483 5595 1694 5655 Vicruni
1722 5599 1870 5668 legit.
1907 5595 2057 5654 (Est
2076 5615 2167 5655 au-

582 5664 687 5750 tem
731 5664 895 5749 Vicer,
925 5664 1118 5750 inquit;
1148 5664 1390 5750 Francia!
1412 5664 2040 5750 transrltenanae‘amnis,
2065 5686 2167 5750 pl)-

581 5736 765 5815 pidum
789 5738 874 5795 sui
904 5736 1133 5799 nominis
1160 5743 1446 5814 attingens,
1474 5744 1635 5815 vulgo
1662 5743 2037 5813 Zuitlerseum,
2065 5736 2167 5801 hac

2272 5465 2354 5512 est
2396 5454 2644 5527 paludem
2692 5453 3033 5527 Austrinam,
3084 5450 3316 5527 dictum;
3364 5466 3532 5527 quem_
3566 5464 3593 5503 a
3642 5437 3843 5527 Claudio

2274 5521 2567 5584 Ptolemaeo
2595 5528 2647 5582 in
2673 5525 2960 5583 Germania
2984 5523 3124 5595 inter
3151 5522 3394 5595 Rhenum
3412 5532 3477 5595 _et
3501 5521 3843 5595 ﬂumenjtmlf

2276 5600 2412 5654 sium
2447 5601 2710 5664 positum,
2748 5593 3301 5662 vitioexemplarium
3330 5592 3544 5664 Vidrum
3579 5605 3671 5664 pro
3704 5585 3842 5638 Virro

2275 5659 2556 5739 appellari,
2591 5681 2645 5725 et
2674 5659 2938 5740 hodieque
2973 5659 3198 5721 Vectum
3233 5664 3411 5720 vocari
3440 5659 3838 5718 animadverto.»

2276 5772 2347 5785 --
2371 5743 2603 5801 “AUNIL‘S
2633 5743 2670 5796 l.
2697 5757 2745 5796 c.
3378 5780 3381 5781 ν
3512 5773 3517 5777 -
