4060 6332
191 375 283 432 737

189 486 378 547 Clattsis
401 481 660 544 faucibus.
685 489 739 536 et
766 482 1020 553 loquente
1045 489 1221 553 gestu,

188 586 336 651 Nutu,
365 594 541 644 crure,
571 592 743 648 genu,
776 593 956 643 manu,
988 584 1190 643 rotatu,

189 679 316 734 Toto
345 675 394 729 in
422 673 696 729 schemate
723 670 807 725 vel
832 670 1001 727 semel
1029 670 1235 726 latebit.

189 767 333 841 ⁸07
363 764 485 822 Sive
512 760 745 827 Eetias,
774 771 828 816 et
856 775 984 817 suus
1011 761 1176 818 Jason

189 858 500 914 lnducuntur
527 852 623 917 ibi,
655 850 909 922 ferusque
940 850 1154 919 Phasis,

189 951 309 1019 Quis
329 948 501 1018 jactos
529 957 694 1015 super
720 957 849 999 arva
876 942 1076 998 Colcha
1107 943 1301 1000 dentes

188 1039 420 1111 Expavit,
453 1035 740 1092 fruticante
764 1050 885 1091 cum
915 1035 1098 1091 duello

189 1131 349 1202 Spicis
371 1127 575 1199 spicula
597 1130 763 1183 mixta
794 1128 1142 1184 ﬂuctuarent.

187 1225 302 1283 Sive
335 1221 559 1293 prandia
582 1220 702 1291 quis
730 1220 896 1277 refert
918 1219 1171 1293 Thyesta:

187 1319 285 1374 Seu
311 1324 520 1371 vestros
548 1313 843 1369 Philomela
881 1324 1033 1370 torva
1061 1314 1337 1385 planctus,

187 1410 512 1487 Discerptum
539 1415 631 1461 aut
659 1420 905 1476 puerum,
937 1406 1225 1477 cibumque
1258 1406 1460 1461 factum
1496 1455 1502 1461 .

186 1501 404 1570 Jamjam
424 1498 677 1570 conjugis
706 1498 1115 1555 innocentioris.

185 1592 282 1649 Seu
311 1597 501 1660 raptus
524 1589 737 1661 Tyrios,
771 1588 1072 1660 iovemque
1103 1599 1313 1645 taurum

186 1687 369 1758 Spreto
394 1682 622 1739 fulmine
645 1684 820 1740 fronte
842 1686 961 1754 plus
986 1684 1302 1740 timendum.

185 1784 284 1839 Seu
309 1780 472 1836 turris
502 1779 682 1835 Danae
710 1780 942 1835 refertur
964 1780 1073 1835 illic
1090 1822 1105 1845 ,

184 1876 307 1930 Cum
338 1873 568 1929 multum
603 1873 784 1944 pluvio
812 1874 979 1944 rigata
1012 1889 1175 1930 censu
1201 1885 1304 1940 est,

186 1970 322 2025 Datis
347 1969 474 2040 plus
505 1982 664 2024 aurea
696 1968 831 2023 furta
859 1983 1017 2038 quam
1048 1969 1281 2024 metalla.

184 2062 282 2118 Seu
307 2061 514 2118 Ledam
542 2060 661 2132 quis
690 2060 819 2132 agit,
845 2060 1219 2133 Phrygemque
1246 2061 1511 2131 ephebum

183 2155 378 2223 Aptans
406 2153 482 2209 ad
503 2152 758 2225 cyathos,
790 2151 916 2208 facit
943 2154 1145 2208 tonanti

183 2248 348 2305 Succo
378 2246 619 2302 nectaris
640 2260 762 2302 esse
783 2245 1098 2301 dulciorem.

180 2337 281 2394 Seu
310 2338 538 2394 Martem
570 2338 787 2394 simulat
809 2338 969 2394 modo
993 2339 1045 2393 in
1076 2347 1293 2395 catenas

182 2430 394 2487 Sissum
427 2432 769 2497 Lemniacas,
804 2431 964 2488 modo
990 2441 1083 2487 aut
1112 2432 1327 2503 repulso

182 2523 433 2581 Formam
469 2524 697 2595 imponit
723 2525 860 2596 apri,
891 2535 1158 2597 caputque
1185 2528 1335 2583 setis.

183 2614 250 2671 Et
279 2626 491 2688 tergum
518 2625 766 2687 asperat,
799 2616 1131 2687 hispidisque
1160 2619 1316 2674 malis

182 2706 335 2765 Leve
362 2709 616 2764 incurvat
638 2708 792 2777 ebur,
826 2709 910 2764 vel
939 2708 1029 2764 ille
1055 2710 1206 2784 ﬁngit

176 2829 183 2837 '
246 2836 273 2866 ι
308 2827 647 2897 Circensium
681 2826 824 2881 Plac.
854 2824 1211 2880 Valentiniani
1242 2841 1516 2882 nummum
1545 2827 1775 2884 vidimus

180 2914 298 2955 cum
326 2898 700 2956 Vicennalium
750 2897 865 2966 ejus
914 2906 1059 2952 nota.
1111 2897 1216 2953 Sed
1260 2897 1295 2952 ii
1336 2898 1529 2965 publici
1578 2910 1629 2955 et
1680 2914 1772 2955 so-

180 2971 387 3026 letnnes
437 2970 548 3025 ludi
590 2976 775 3032 erant,
820 2967 871 3021 hi
900 2984 1028 3023 vero
1066 2968 1293 3034 privati;
1334 2970 1473 3024 sicut
1510 2971 1772 3039 privatum

180 3040 459 3112 Elagabali
503 3040 900 3110 spectaculum,
956 3040 1115 3111 158
1172 3040 1224 3094 in
1272 3055 1381 3109 quo
1436 3040 1774 3112 Lampridius

179 3122 365 3168 narrat
403 3112 652 3182 iunxisse
698 3112 846 3182 illum
891 3114 1444 3182 camelosquaternos
1474 3113 1539 3166 ad
1583 3127 1774 3168 currus

177 3182 228 3238 in
272 3181 446 3239 circo.
482 3182 536 3238 In
568 3181 794 3254 publicis
832 3182 1033 3250 agitare
1069 3181 1317 3238 solebant
1349 3184 1635 3251 promiscui
1680 3200 1774 3238 au-

176 3256 305 3325 riga;
345 3252 640 3310 factionum
673 3254 1026 3319 circensium;
1061 3254 1114 3307 in
1154 3253 1375 3322 privatis
1418 3254 1624 3310 nobiles
1654 3255 1771 3323 ple-
1801 3252 1848 3319 C

175 3324 413 3395 rumque
442 3340 509 3381 ac
539 3325 805 3394 principes
844 3325 946 3394 ipsi
975 3324 1387 3392 exercebantur,
1431 3335 1489 3380 ut
1519 3325 1619 3381 hoc
1657 3328 1774 3383 loco

173 3399 410 3468 juvenes
432 3396 617 3451 aulici.

244 3467 272 3506 δ
311 3468 510 3523 Sortes
546 3468 600 3522 itt
639 3468 782 3521 circo
812 3466 878 3520 ad
920 3466 1238 3523 electionem
1278 3467 1630 3535 ducebantur,
1667 3479 1775 3524 tum

168 3538 314 3604 loci,
363 3546 483 3607 tum
527 3538 929 3607 quadrigarum.
978 3538 1052 3593 De
1090 3538 1467 3607 quadrigarum
1510 3540 1779 3596 electione

166 3605 811 3679 Symmachus‘testatur,
846 3608 938 3660 lib.
972 3624 1023 3675 x,
1050 3605 1143 3665 ἓξ.
1176 3605 1336 3679 Malo,
1367 3610 1572 3677 inquit,
1601 3613 1776 3676 {remi-

168 3674 288 3733 ltim
321 3674 381 3730 Μ
386 3679 541 3729 urtia:
565 3677 713 3749 vallis
741 3693 992 3749 exponere
1016 3719 1029 3743 ,
1059 3689 1210 3749 atque
1238 3677 1386 3733 illam
1411 3674 1781 3749 quadrigarum

166 3749 636 3819 distributionem,
684 3748 739 3800 in
776 3763 879 3816 qua
916 3747 1009 3801 sibi
1052 3747 1167 3802 cunt
1202 3747 1492 3819 fortunatus
1529 3747 1782 3804 videretur

169 3824 255 3875 cui
295 3818 605 3890 electionem
634 3833 753 3872 mox
789 3834 918 3871 urna
947 3819 1191 3873 tribuebat
1224 3836 1318 3886 par
1341 3820 1419 3874 vel
1447 3823 1616 3890 potior
1641 3832 1777 3885 erat,

169 3908 328 3954 quem
364 3905 485 3960 sors
521 3889 719 3957 fecisset
753 3899 1054 3943 extremum.
1089 3891 1297 3956 Quoties
1325 3893 1548 3960 sequenti
1586 3893 1783 3960 primus

171 3963 362 4018 invidit
379 3963 407 4016 ?
434 3956 611 4014 Dubia
637 3968 708 4015 est
737 3960 869 4015 enim
892 3963 1053 4031 optio,
1080 3978 1197 4015 cum
1224 3962 1288 4016 de
1312 3956 1563 4016 similibus
1577 3956 1785 4031 judica-

175 4045 280 4089 tur.
310 4032 415 4090 Ubi
452 4033 939 4103 aperteroptionem
965 4040 1121 4103 sorte
1135 4031 1315 4086 datam
1340 4031 1501 4098 dicit;
1530 4033 1623 4087 scd
1654 4049 1786 4103 qua-

177 4106 366 4176 drigas
404 4120 436 4157 a
480 4101 783 4176 Theodosio
831 4103 1022 4176 missas
1060 4102 1197 4176 adeo
1238 4111 1555 4176 praestantes
1595 4101 1785 4159 omnes

178 4172 385 4239 fuisse,
421 4181 481 4227 ut
514 4188 634 4228 sors
674 4175 847 4242 primo
887 4172 1017 4228 nihil
1054 4174 1301 4229 conferre
1330 4173 1618 4237 videretur,
1659 4190 1784 4230 cum

180 4248 267 4303 illa
294 4245 608 4315 ambiguam
639 4243 926 4315 redderent
950 4248 1244 4314 optionem.
1271 4245 1374 4302 Sed
1404 4244 1779 4314 quadrigarum

183 4318 385 4374 electio
419 4314 526 4370 non
550 4330 762 4384 semper
787 4314 884 4369 fuit
906 4316 957 4369 in
987 4332 1113 4382 usu;
1140 4317 1239 4371 loci
1268 4331 1538 4385 nunquam
1562 4318 1781 4371 omissa.

181 4388 316 4443 Nam
347 4385 811 4457 apudllomerum
839 4385 983 4441 Iliad.
1011 4387 1102 4449 23,
1128 4386 1447 4457 Sophoclem
1471 4387 1523 4441 in
1552 4388 1784 4452 Electra,

182 4462 424 4518 Statium
460 4456 767 4528 Thebaidos
794 4473 875 4521 vn,
909 4459 1030 4527 quia
1063 4456 1265 4513 Heroes
1295 4458 1497 4527 antiqui
1527 4472 1656 4512 suos
1686 4459 1785 4528 ipsi

183 4546 379 4587 currus
412 4529 639 4597 agitant,
668 4526 836 4583 solius
859 4526 962 4583 loci
992 4528 1052 4582 lit
1078 4529 1311 4583 sortitio.
1343 4526 1471 4584 Item
1500 4530 1638 4598 apud
1667 4526 1788 4584 Vir-

184 4605 375 4673 gilium
416 4600 472 4673 in
518 4599 724 4653 ludrico
763 4600 936 4673 navali
964 4598 1223 4673 {Eneidos
1253 4616 1309 4664 v,
1338 4598 1468 4652 Tum
1506 4601 1619 4673 loca
1653 4612 1787 4654 sorte

185 4669 387 4745 Iegunt.
435 4671 580 4726 Loca
620 4679 798 4745 autem
836 4669 950 4725 haec
977 4669 1039 4745 in
1060 4671 1205 4725 circo
1236 4683 1389 4725 erant
1422 4672 1558 4745 ostia
1588 4672 1699 4745 ipsa
1728 4679 1786 4725 et

185 4741 437 4800 carceres
463 4755 722 4808 equorum
749 4758 760 4794 :
789 4742 857 4795 ita
880 4750 941 4795 ut
963 4742 1185 4810 primus.
1208 4750 1300 4795 aut
1321 4741 1586 4796 secundus
1613 4742 1780 4806 locus,

185 4815 315 4870 nihil
334 4813 491 4869 aliud
511 4812 688 4877 fuerit,
707 4826 863 4882 quam
885 4814 1113 4881 primum
1130 4822 1224 4866 aut
1246 4813 1539 4866 secundum
1563 4812 1781 4866 ostium.

187 4888 521 4941 Consentius
572 4898 732 4952 ergo,
777 4899 937 4949 quem
987 4884 1235 4952 primum,
1266 4897 1400 4937 urna
1445 4890 1688 4944 vocarat,
1731 4891 1789 4937 et

186 4972 382 5023 axem,
419 4957 527 5009 hoc
570 4963 652 5007 est
680 4953 967 5023 quadrigas
1009 4953 1192 5022 eligit,
1226 4964 1280 5008 et
1320 4953 1549 5020 primum
1588 4953 1783 5008 ostium

186 5029 496 5099 LigI'COilttl‘
524 5042 536 5077 :
571 5035 690 5099 post
716 5039 837 5078 eum
872 5024 1062 5099 reliqui
1101 5024 1205 5099 alia
1222 5024 1489 5099 deinceps
1517 5038 1614 5078 suo
1639 5028 1786 5099 quis-

186 5093 290 5169 qu'c
329 5099 553 5153 ordine.
574 5093 898 5169 Curautem
931 5093 1289 5169 in'capieudis
1318 5095 1449 5169 locis
1488 5108 1606 5150 sors
1630 5093 1788 5169 adhi-

190 5166 414 5225 livretur
448 5180 669 5223 Causam
709 5166 903 5233 innuit,
931 5183 1037 5222 non
1062 5167 1294 5235 explicat
1316 5166 1552 5222 Donatus
1577 5166 1645 5221 ad
1672 5166 1788 5221 Vir-

188 5243 295 5310 gilii
332 5241 538 5302 verba,
576 5253 695 5310 quae
737 5238 980 5306 proxime
1023 5238 1302 5294 citavimus
1333 5256 1346 5290 :
1382 5236 1504 5310 Non
1541 5246 1649 5304 est,
1680 5238 1784 5303 ait,

193 5308 327 5365 idem
359 5310 516 5365 labor
551 5310 604 5362 in
628 5309 844 5379 singulis
873 5310 1035 5376 locis;
1067 5319 1114 5364 et
1140 5310 1257 5363 inde
1283 5325 1393 5364 sors
1416 5308 1703 5371 adhibetur,
1734 5320 1789 5363 ut

190 5383 303 5450 ﬁeri
332 5382 601 5438 consuevit
630 5381 682 5434 in
702 5382 858 5447 circo,
892 5398 955 5434 ne
981 5384 1044 5435 sit
1075 5383 1126 5434 in
1152 5380 1476 5435 ordinatione
1510 5381 1785 5435 contentio.

190 5454 300 5509 Cur
335 5455 511 5509 enim
537 5466 643 5506 non
677 5451 817 5507 idem
849 5462 935 5506 est
971 5452 1153 5506 labor?
1192 5452 1314 5506 Ideo
1352 5453 1636 5517 nimirum,
1667 5453 1789 5520 quia

194 5539 300 5579 non
339 5525 490 5580 idem
536 5531 653 5577 erat
686 5538 715 5577 a
754 5523 975 5592 singulis
1013 5522 1164 5577 ostiis
1192 5522 1256 5575 ad
1290 5533 1485 5577 metam
1515 5526 1743 5590 spatium
1774 5539 1786 5575 :

192 5595 287 5650 sed
327 5612 360 5650 a
396 5598 579 5665 primo
608 5606 812 5648 rectum
853 5610 917 5649 ac
947 5594 1318 5665 brevissimum
1356 5593 1642 5665 abgultimo
1670 5594 1790 5648 lon-

193 5663 506 5735 gissitnum.
537 5664 712 5733 Quare
741 5680 847 5733 quo
873 5663 994 5735 quis
1024 5665 1281 5735 remotior
1306 5678 1335 5717 a
1366 5663 1540 5734 primo
1574 5678 1792 5718 cursum

195 5734 389 5801 inibat,
417 5738 523 5791 hoc
547 5739 782 5807 longiore
803 5734 976 5807 spatio
1001 5734 1291 5799 ferebatur,
1316 5742 1372 5790 et
1392 5736 1490 5807 vite
1512 5750 1573 5788 ac
1596 5734 1792 5789 laboris

192 5814 313 5877 plus
341 5807 603 5864 habebat.
632 5806 713 5861 Ex
736 5805 847 5876 quo
867 5814 1025 5863 etiam
1052 5814 1212 5876 patet,
1245 5820 1340 5861 cur
1371 5807 1425 5860 itt
1453 5805 1652 5860 Dioclis
1675 5808 1789 5875 agi-

197 5880 394 5935 tatoris
421 5879 584 5934 laude
614 5889 773 5948 ponat
800 5890 951 5935 vetus
974 5882 1025 5934 iit
1058 5878 1273 5947 criptio,
1302 5877 1442 5949 quod
1467 5893 1640 5932 sumta
1667 5892 1797 5939 oua-

1637 363 1961 422 CAMIINA.

1789 490 1842 550 Α
1869 480 2070 534 llirtam
2097 479 2255 533 dorsa
2282 484 2471 553 feram,
2506 489 2741 555 repanda
2770 489 2873 546 tela

3345 383 3447 442 738

1866 573 1934 625 At
1962 572 2064 625 ritu
2091 571 2311 627 assiduo
2336 579 2785 638 cacuminantem.

1868 668 1974 721 Seu
2000 666 2214 722 Perseia
2241 671 2389 740 virgo
2420 673 2680 730 vindicata

1866 759 1980 814 Illic
2006 758 2210 813 luditur
2233 760 2401 832 harpe
2430 764 2725 837 conjugali,

1864 851 1968 907 Seu
2001 853 2142 921 quod
2171 855 2430 911 carminis
2454 867 2615 929 atque
2638 862 2936 920 fabularum

1864 945 2056 1001 Clausa
2086 947 2153 1002 ad
2186 947 2441 1019 Pergama
2469 951 2559 1007 dat
2586 954 2814 1013 bilustre
2843 960 3060 1016 bellum.

1865 1039 2003 1106 Quid
2036 1040 2210 1095 dicam
2240 1042 2620 1114 citharistrias,
2654 1049 2958 1123 choraules,

1868 1132 2079 1199 Mimos,
2112 1134 2512 1203 schoenobatas,
2543 1140 2867 1209 gelasianos,

1867 1225 2031 1298 [συθ
2061 1226 2294 1294 Cannas,
2319 1230 2543 1300 plectra,
2562 1232 2736 1303 jocos,
2771 1235 2940 1303 palem
2960 1281 2975 1305 ,
3011 1237 3313 1310 rudentum,

1867 1317 2066 1372 Coram
2102 1330 2153 1372 te
2182 1319 2511 1389 trepidanter
2538 1324 2852 1394 explicare?

1869 1407 2001 1463 Nam
2031 1418 2057 1446 ει
2088 1409 2437 1467 Circensibus
2468 1414 2582 1483 ipse
2604 1424 2803 1483 quanta
2834 1416 2973 1472 ludis

1871 1502 2054 1558 Victor
2079 1506 2315 1575 gesseris
2337 1507 2614 1563 intonante
2639 1508 2829 1577 Roma,

1873 1596 2072 1653 Laetam
2100 1613 2193 1667 par
2223 1597 2320 1653 fuit
2344 1614 2569 1656 exarare
2600 1616 2827 1658 musam.

1940 1698 2107 1755 Janus
2134 1700 2270 1755 forte
2296 1716 2423 1755 suas
2447 1700 2654 1758 bifrons
2679 1703 2934 1760 calendas
2951 1748 2965 1772 ,

1875 1801 2013 1854 Anni
2047 1809 2284 1869 tentpora
2312 1800 2609 1857 circinante
2638 1802 2859 1874 thbo,

1799 1876 1848 1937 Β
1878 1903 2177 1960 Sumendas
2207 1904 2477 1962 referebat
2506 1905 2574 1961 ad
2600 1908 2837 1965 curules.

1878 2003 1991 2059 Mos
2018 2014 2101 2059 est
2126 2004 2358 2061 Caesaris
2386 2005 2472 2062 hic
2500 2007 2586 2062 die
2608 2007 2688 2065 bis
2716 2024 2825 2065 uno

1878 2105 2148 2171 (Privatos
2175 2107 2434 2177 vocitant)
2462 2123 2653 2178 parare
2683 2110 2858 2168 ludos.

1880 2207 2030 2261 Tunc
2054 2215 2226 2264 cretus
2244 2207 2525 2277 juvenum,
2558 2210 2652 2266 sed
2679 2212 3001 2281 aulicorum,

1881 2308 1993 2364 Elei
2022 2309 2307 2364 simulacra
2339 2318 2488 2365 torva
2516 2313 2691 2381 campi

1881 2406 2108 2463 Exercet
2134 2408 2490 2478 spatiantibus
2520 2412 2814 2483 quadrigis.

1881 2511 1947 2567 Et
1967 2510 1994 2551 δ
2021 2513 2131 2583 jam
2158 2523 2209 2569 te
2238 2529 2369 2569 urna
2401 2514 2554 2584 petit,
2586 2516 2801 2585 cietque
2832 2532 3005 2573 rauca:

1882 2613 2212 2669 Acclamatio
2236 2614 2462 2669 sibilans
2487 2630 2723 2671 coronae.

1883 2715 2022 2771 Tum
2050 2730 2154 2786 qua
2180 2725 2263 2770 est
2294 2728 2315 2753 ε
2344 2714 2528 2784 janua,
2555 2717 2942 2786 consulumque
2969 2717 3144 2785 sedes,

1887 2844 2169 2903 nntcahsr
2193 2843 2347 2903 os'rio
2373 2844 2585 2903 ouan'ro
2613 2843 2787 2884 IISSUS
2811 2831 3014 2886 vicerit.
3042 2832 3171 2886 Nam
3201 2847 3320 2888 cum
3343 2851 3469 2903 qua-

1890 2902 2025 2956 terni
2068 2900 2177 2973 fere
2221 2901 2721 2973 agitarehsolerent,
2766 2910 2996 2970 quatuor
3043 2912 3241 2957 tantum
3290 2900 3472 2973 primis

1886 2973 2040 3026 ostiis
2069 2971 2376 3027 utebantur.
2412 2970 2564 3027 Unde
2594 2973 2680 3038 qui
2711 2982 2903 3040 quarto
2934 2974 3144 3037 exiliat,
3181 2976 3223 3027 is
3266 2970 3473 3031 summa

1886 3051 1942 3097 et
1969 3041 2438 3113 ultima—quadriga
2462 3044 2722 3109 certabat,
2747 3044 2900 3113 cujus
2920 3044 3231 3099 dimcilzima
3255 3057 3369 3101 erat
3396 3047 3472 3100 vi-

1884 3114 2075 3168 ctoria.
2105 3113 2221 3181 Quo
2246 3113 2407 3169 etiam
2434 3128 2596 3169 sensu
2618 3115 2818 3170 dictum
2848 3115 2917 3169 sit
2937 3115 3003 3171 ab
3024 3116 3213 3172 Ovidio
3236 3133 3287 3171 Ill
3315 3123 3473 3172 Amo-

1884 3200 2027 3251 rum,
2055 3183 2122 3239 2:

2003 3278 2105 3328 Hoc
2128 3280 2246 3329 mihi
2271 3280 2519 3341 contingat
2543 3293 2553 3326 :
2576 3292 2716 3328 sacro
2740 3279 2803 3328 de
2827 3293 3027 3329 carcere
3045 3282 3205 3330 missis

2068 3341 2288 3392 Insistam
2308 3342 2418 3391 forti
2443 3350 2611 3391 mente
2632 3341 2888 3391 vehendus
2905 3349 3063 3403 equis.

1882 3427 2025 3483 Idem
2058 3426 2198 3482 enim
2228 3435 2313 3481 est
2351 3441 2413 3480 ac
2453 3426 2495 3479 si
2536 3427 2678 3480 dicat
2711 3444 2722 3479 :
2757 3425 2829 3480 Te
2855 3425 3063 3481 favente
3104 3443 3208 3481 non
3238 3428 3472 3484 dubitem

1882 3498 1965 3553 vel
1995 3514 2027 3552 c
2051 3513 2237 3561 sacro,
2271 3499 2319 3552 id
2351 3507 2433 3552 est
2460 3496 2648 3550 ultimo
2679 3507 2936 3566 sextoque
2963 3499 3101 3551 ostio
3129 3498 3322 3554 missus
3351 3515 3471 3555 cet-

1883 3577 2063 3623 tamen
2089 3568 2245 3631 inire,
2276 3582 2340 3622 ac
2366 3569 2594 3636 palmam
2618 3582 2856 3633 sperare.

1963 3639 2120 3708 159
2152 3649 2174 3675 ε
2209 3641 2261 3692 In
2307 3643 2490 3709 prima
2536 3641 2662 3693 circi
2697 3640 2868 3691 ironle
2900 3638 3060 3703 janna
3099 3650 3215 3693 erat
3254 3656 3354 3709 qua
3389 3642 3471 3695 itt-

1884 3707 2101 3778 greSsus
2130 3725 2180 3761 Ill
2216 3709 2435 3762 circum.
2468 3707 2653 3761 Jannac
2686 3710 2846 3760 latera
2879 3708 3000 3761 hinc
3032 3710 3151 3761 inde
3179 3707 3328 3778 septa
3356 3728 3475 3765 ear-

1886 3777 2129 3850 ceribns,
2167 3780 2311 3833 senis
2338 3780 2624 3847 utrinque.
2671 3793 2803 3843 quos
2839 3787 3054 3847 cryptas
3096 3790 3282 3842 vocat,
3328 3783 3469 3850 quod

1888 3848 2114 3903 absidati
2150 3858 2325 3903 essent
2345 3889 2359 3910 ,
2390 3860 2588 3913 pariete
2620 3852 2671 3900 in
2701 3862 2811 3913 quo
2834 3862 3079 3901 carceres
3101 3860 3255 3903 erant
3285 3848 3475 3905 infor-

1888 3920 2036 3974 ttices
2064 3919 2277 3984 inﬂexo,
2313 3927 2473 3985 atque
2502 3928 2558 3972 ttt
2582 3920 2816 3986 loquitur
2848 3919 2977 3985 ipse,
3013 3920 3292 3975 fornicato.
3325 3921 3477 3976 Dice-

1888 3991 2086 4046 batttur
2103 4000 2157 4044 et
2179 3999 2365 4058 portae,
2385 3990 2585 4057 janum,
2610 3989 2741 4041 ostia
2766 3989 2914 4053 circi,
2941 3991 3190 4057 quoniam
3217 3992 3299 4045 his
3326 3992 3477 4047 ostiis

1888 4063 1953 4115 ad
1982 4076 2197 4114 cursum
2228 4061 2571 4115 mittebantur
2599 4060 2752 4129 equi;
2785 4069 2843 4113 ut
2871 4069 3089 4125 contra,
3124 4077 3369 4117 carceres
3390 4063 3474 4117 di-

1888 4143 2006 4188 ctos
2047 4132 2223 4186 docuit
2267 4131 2466 4192 Vario,
2523 4135 2661 4199 quod
2710 4130 2775 4185 iis
2820 4145 3187 4199 coerceantur,
3241 4148 3307 4187 ne
3354 4133 3477 4189 inde

1890 4212 2114 4268 exeant,
2148 4204 2451 4271 priusquam
2496 4208 2671 4255 mittat
2711 4203 3067 4270 magistratus.
3111 4204 3295 4257 Portas
3323 4213 3479 4259 vocat

1889 4272 1950 4327 P.
1986 4273 2195 4336 Victor,
2248 4288 2369 4327 cum
2412 4274 2485 4327 ait
2530 4273 2659 4328 cit-ci
2704 4276 2919 4326 maximi
2969 4272 3250 4328 duodecim
3296 4285 3477 4343 portas

1889 4344 2075 4399 fuisse.
2108 4345 2309 4399 ianuas
2346 4355 2533 4398 auctor
2562 4345 2800 4412 epistolae
2830 4350 2896 4398 de
2927 4344 3043 4397 viro
3072 4344 3309 4413 perfecto
3338 4345 3477 4400 inter

1891 4416 2352 4484 pseudepigraplia
2381 4415 2689 4484 Hieronymi
2718 4431 2729 4466 ε
2766 4414 2966 4474 Adhuc.
2996 4415 3195 4484 inquit,
3218 4416 3360 4484 prior
3386 4416 3477 4471 illa

1891 4497 2022 4540 astat
2052 4490 2103 4540 in
2123 4487 2325 4556 januis,
2358 4486 2441 4539 cui
2467 4502 2606 4554 teque
2635 4502 2729 4539 sua
2758 4487 2924 4554 spatia
2952 4485 3228 4549 debentur;
3257 4497 3310 4539 et
3346 4486 3479 4539 Pau-

1894 4557 2033 4611 linus
2057 4560 2213 4626 epist.
2242 4558 2278 4609 2
2304 4577 2314 4608 ε
2348 4556 2469 4609 Non
2491 4559 2736 4609 decursus
2757 4557 2930 4619 stadii,
2956 4556 3049 4626 sed
3075 4557 3364 4626 ingressu};
3392 4570 3479 4626 nec

1810 4641 1866 4702 D
1890 4637 1951 4702 ut
1971 4624 2125 4689 meta,
2157 4628 2245 4681 sed
2268 4629 2555 4702 januaﬁrst.
2582 4627 2888 4702 Eodemque
2919 4624 3259 4702 llltdo‘ot'lpat;
3281 4624 3475 4702 (irasci.

1891 4698 2097 4752 Clossa:
2140 4692 2339 4751 nostra:
2372 4713 2388 4768 ξ
2425 4694 2698 4757 Cttrceres,
2741 4697 2893 4768 θύρα-ι
2929 4692 3252 4768 ἱπποδρρῤου
3318 4694 3480 4768 ιξρλᾳς

1894 4767 2195 4821 Himerius:
2228 4769 2280 4819 ἐκ
2307 4766 2477 4820 πυλῶν
2516 4770 2586 4836 αξξ
2630 4763 2823 4819 δύσσαῦ
2860 4764 3047 4836 δρόμον
3075 4763 3295 4818 ἰῦύνατε.
3332 4765 3477 4818 Ostia

1894 4838 2123 4893 Senator
2154 4836 2245 4891 lib.
2281 4852 2367 4898 Ill,
2400 4835 2486 4890 51.
2530 4834 2743 4889 Bissena
2773 4834 2905 4888 ostia
2933 4834 3001 4888 ad
3033 4835 3301 4888 duodecim
3331 4836 3479 4903 signa

1895 4919 2203 4977 posuerunt;
2231 4918 2279 4962 et
2314 4908 2430 4961 sine
2464 4906 2830 4960 controversia
2867 4909 3137 4961 Ausonius
3171 4908 3225 4960 in
3253 4905 3478 4974 epismla

1894 4980 1960 5033 ad
1996 4978 2265 5046 Ursulum,
2299 4980 2568 5033 senarium
2600 4992 2882 5031 numerum
2910 4978 3254 5047 significans:

2020 5069 2153 5133 Ostia
2174 5077 2292 5133 quot
2310 5082 2397 5133 pro
2422 5075 2558 5133 parte
2575 5060 2735 5133 aperit
2755 5070 3006 5120 stridentia
3024 5069 3202 5128 circus,

2080 5132 2303 5194 Excepto
2316 5132 2538 5182 medium
2558 5132 2686 5194 quod
2712 5139 2847 5194 patet
2871 5134 2918 5181 in
2947 5132 3173 5182 stadium.

1895 5236 1972 5293 De
2001 5236 2083 5292 his
2106 5236 2249 5292 enim
2279 5250 2552 5292 carcerum
2590 5237 2740 5290 ostiis
2773 5236 3025 5304 loquitur,
3062 5250 3165 5289 non
3193 5236 3261 5290 de
3280 5233 3481 5304 januis,

1894 5323 2028 5379 quas
2060 5323 2155 5377 per
2183 5309 2311 5363 circi
2346 5308 2603 5361 ambitum
2651 5308 2749 5361 sibi
2796 5310 2998 5378 lingunt
3031 5307 3351 5379 interpretes
3378 5306 3485 5379 do-

1895 5377 2139 5435 eti-simi.
2164 5379 2311 5433 Ostia
2339 5379 2481 5433 enim
2507 5393 2803 5442 carcerum,
2830 5377 2888 5431 ut
2915 5379 3115 5432 dictum
3138 5384 3240 5440 est,
3266 5377 3319 5432 in
3341 5378 3486 5432 circo

1896 5450 2371 5506 maximoluerunt
2398 5450 2618 5504 omnino
2652 5451 2738 5513 te,
2759 5448 2852 5504 sed
2883 5462 3011 5503 sena
3043 5451 3314 5517 utrinque,
3344 5449 3485 5517 quod

1899 5537 1996 5592 pro
2011 5530 2156 5589 parte
2171 5522 2307 5576 dixit
2326 5530 2358 5573 Α
2370 5522 2605 5592 usonius.
2627 5521 2923 5589 Septimum
2937 5522 3326 5592 autemgostium
3340 5518 3486 5589 quod

1898 5590 2119 5661 excipit,
2147 5593 2258 5663 ipsa
2287 5590 2527 5663 estcirci
2553 5594 2747 5659 janua,
2772 5605 2893 5663 qua:
2920 5593 2971 5644 in
3008 5590 3185 5663 medio
3212 5605 3485 5646 carcerunt

1899 5664 2104 5746 posita,
2152 5662 2204 5718 in
2252 5662 2480 5717 mediam
2511 5663 2641 5746 circi
2673 5662 3004 5746 latitudinem
3042 5662 3276 5730 patebat.
3310 5664 3485 5746 Supra

1893 5733 2111 5805 januam
2145 5749 2323 5803 porro,
2353 5734 2632 5788 consulum
2665 5734 2853 5799 sedes,
2883 5733 3181 5788 aliorumve
3213 5734 3487 5805 magistra-

1901 5803 2050 5860 tuum
2083 5807 2171 5874 qui
2209 5805 2345 5860 ludis
2376 5804 2750 5872 praesidebant.
2778 5805 2906 5857 Nam
2934 5813 2990 5858 ut
3017 5805 3295 5858 consulum
3331 5803 3486 5857 sedes

1903 5878 1988 5931 hic
2018 5878 2231 5941 dicitur,
2267 5877 2342 5931 sic
2373 5876 2659 5932 Pra'torum
2683 5876 2822 5930 sedes
2850 5876 3128 5945 Suetonio,
3152 5875 3376 5931 Neronis
3403 5875 3486 5935 l2,
