4060 6332
642 341 745 396 713

644 463 806 518 \‘ictis
832 472 856 499 ⁸
884 462 963 518 ire
987 460 1199 529 jubeus,
1228 459 1358 514 satis
1388 456 1666 525 pudendis,

644 554 791 609 Villis
820 552 1233 609 versicoloribus
1262 559 1488 618 tapetas.

711 643 738 681 δ
761 644 877 698 Jam
907 658 1034 697 vcro
1054 641 1394 712 juvenalibus
1425 640 1653 710 peractis

638 737 806 803 Quem
832 745 884 789 te
908 734 1202 804 praebueris
1233 742 1490 803 sequente
1518 732 1568 785 in
1598 748 1736 800 aevo,

641 829 780 881 Intra
814 838 835 866 ε
877 827 1053 881 au’lam
1083 826 1254 881 soceri
1288 826 1389 880 mei
1418 825 1687 894 expetitus

638 921 830 976 Curam
857 935 978 975 cum
1009 919 1317 974 moderatus
1345 933 1403 974 es
1438 918 1621 988 palati,

638 1013 849 1068 flhartis
879 1012 1260 1082 posterioribus
1290 1012 1589 1082 loquemur,

638 1106 693 1163 Si
722 1107 837 1176 plus
866 1104 1194 1174 temporibus
1225 1112 1379 1157 vacat
1408 1096 1619 1157 futuris.

640 1200 788 1255 Nunc
809 1197 834 1235 ἀ
860 1213 1017 1267 quam
1045 1195 1275 1251 diximus
1302 1193 1745 1264 hospitalitatem,

642 1289 829 1344 Paucis
854 1297 1107 1358 personet
1131 1286 1435 1355 obsequens
1461 1283 1670 1340 Thalia.

710 1381 754 1437 0
778 1382 950 1437 dulcis
979 1381 1190 1443 domus,
1219 1393 1253 1433 ο
1277 1378 1345 1448 pii
1374 1377 1630 1448 penates!

642 1477 789 1543 Quos
818 1489 904 1528 res
932 1472 1164 1527 difficilis
1193 1470 1400 1538 sibique
1425 1468 1652 1531 discers,

645 1566 888 1621 Libertas
917 1564 1073 1620 simul
1103 1558 1300 1618 excolit
1326 1561 1619 1631 pudorque.

640 1660 687 1713 t‘)
713 1657 984 1724 convivia,
1010 1655 1220 1718 fabulze,
1251 1654 1437 1716 libelli,

646 1754 821 1818 ltisus,
855 1752 1099 1815 serietas,
1130 1747 1459 1812 dicacitates,

642 1844 927 1908 Occursus,
958 1840 1239 1913 comitatus
1270 1853 1405 1893 unus
1437 1836 1606 1892 idem!

640 1938 745 1989 Seu
773 1933 994 1989 delubra
1022 1931 1113 1986 Dei
1144 1929 1369 1985 colenda
1403 1928 1577 1993 nobis,

639 2026 762 2081 Sive
797 2024 861 2077 ad
889 2023 1189 2093 pontificem
1219 2021 1415 2091 gradus
1447 2017 1670 2085 fcrendi,

639 2117 761 2172 Sive
789 2115 853 2170 ad
875 2114 1107 2169 culmina
1138 2112 1321 2167 Marcii
1344 2112 1597 2182 Myronis,

639 2210 802 2265 Tecta
833 2208 1056 2262 illustria
1078 2221 1170 2262 seu
1201 2204 1431 2260 videnda
1463 2204 1576 2259 Livi
1608 2225 1619 2257 :

592 2286 595 2297 ³
639 2300 766 2353 Sive
789 2299 854 2352 ad
884 2296 1174 2365 doctiloqui
1204 2295 1400 2350 Leonis
1428 2296 1592 2362 mdes,

640 2392 758 2457 Quo
788 2388 868 2443 bis
896 2402 992 2442 sex
1024 2386 1229 2441 tabulas
1258 2385 1486 2441 docente
1514 2386 1670 2454 juris,

643 2483 793 2538 Ultro
822 2479 1073 2535 Claudius
1102 2478 1307 2549 Appius
1328 2486 1547 2542 taceret,

640 2572 800 2628 Claro
825 2570 1102 2625 obscurior
1129 2570 1184 2625 in
1214 2569 1597 2625 decemviratu.

643 2652 784 2718 At‘si
816 2661 960 2716 dicat
987 2675 1137 2730 epos,
1169 2669 1503 2730 metrumque
1531 2656 1845 2730 rhythmis.’

641 2755 848 2811 Flectat
875 2753 1225 2820 commaticis,
1260 2762 1476 2807 tonante
1507 2752 1732 2823 plectro,

639 2846 797 2919 513
822 2846 1124 2902 Mordacem
1156 2845 1317 2900 faciat
1343 2844 1505 2899 silere
1538 2843 1818 2905 Flaccum;

638 2938 888 3004 Quamvis
920 2946 1039 3007 post
1076 2936 1267 2991 satiras
1290 2938 1565 3005 lyramque
1606 2936 1789 2990 tendat

638 3030 727 3085 ille
755 3029 819 3085 ad
854 3029 1193 3084 Pindaricum
1224 3029 1411 3085 volare
1437 3043 1684 3100 cycnum.

709 3123 814 3175 Seu
840 3136 957 3189 nos,
983 3120 1188 3190 Magne,
1225 3129 1346 3176 tuus
1377 3122 1529 3176 favor
1553 3122 1787 3189 tenebat,

642 3214 817 3268 Multis
843 3214 1064 3284 praedite
1091 3214 1303 3269 dotibus
1332 3216 1590 3282 virorum,

640 3296 855 3369 Forma,
891 3303 1188 3370 nobilitate,
1220 3313 1421 3371 mente,
1452 3318 1643 3359 censu.

638 3393 800 3462 Cujus
828 3394 872 3447 si
904 3393 1078 3448 Varios
1108 3409 1224 3448 eam
1259 3409 1353 3463 per
1378 3406 1567 3450 aetus:

638 3482 861 3538 Centum
898 3494 952 3539 et
982 3484 1152 3539 ferrea
1183 3486 1345 3540 lasset
1374 3500 1468 3540 ora
1500 3487 1671 3542 laude.

637 3574 917 3639 Constans,
950 3576 1276 3643 ingeniosus,
1309 3577 1624 3649 efficaxque,

636 3667 875 3723 Prudens
901 3668 1122 3735 arbiter,
1152 3670 1380 3738 optimus
1412 3671 1762 3741 propinquus,

636 3758 715 3813 Nil
747 3758 1001 3814 fraudans
1026 3760 1170 3830 genii
1198 3760 1300 3815 sibi
1326 3762 1412 3816 vel
1442 3762 1553 3829 uili,

637 3848 919 3918 Personas,
946 3852 1061 3905 loca
1088 3859 1298 3921 tempus
1328 3853 1607 3908 intuendo.

704 3940 809 3995 Seu
841 3955 938 3995 nos
962 3944 1093 3996 atria
1118 3952 1295 3997 vestra
1324 3944 1696 4011 continebant,

636 4030 939 4087 Marcelline
968 4047 1138 4099 meus,
1172 4034 1342 4102 perite
1367 4034 1575 4105 legum;

1824 2068 1891 2111 ’Ἰ

710 4203 735 4230 ι
766 4192 881 4266 Non
928 4192 1097 4266 solum
1144 4192 1384 4266 victori,
1417 4193 1509 4249 sed
1539 4195 1689 4266 victis
1734 4196 1891 4252 etiam
1931 4199 2208 4266 praemium

638 4264 852 4328 aliquod
880 4262 1053 4314 solatii
1084 4276 1243 4315 causa
1275 4263 1386 4316 dari
1420 4279 1535 4318 mos
1576 4265 1690 4320 fuit.
1725 4262 2038 4324 Ambrosius
2066 4270 2157 4326 lib.
2194 4289 2207 4327 l

636 4334 706 4387 de
736 4331 1050 4405 Ptenitcntia
1072 4347 1233 4405 ,Acap.
1259 4335 1293 4387 3
1319 4349 1333 4385 :
1372 4333 1507 4386 Nam
1534 4352 1665 4405 srrpe
1700 4338 1754 4389 in
1783 4337 1878 4390 hoc
1902 4340 2209 4396 athletarum

636 4404 871 4479 saeculari
900 4403 1172 4479 certamine
1204 4406 1356 4479 etiam
1384 4405 1545 4479 Avictos
1577 4403 1787 4479 quorum
1817 4409 2004 4479 fuerint
2039 4422 2207 4465 certa-

636 4477 774 4527 mina
804 4471 1035 4540 probata,
1058 4471 1234 4541 vulgus
1258 4474 1515 4527 hominum
1540 4471 1650 4530 cum
1672 4471 1941 4533 victoribus
1962 4496 2205 4537 coronare

634 4543 923 4616 consuevit,
954 4545 1185 4616 maxime
1220 4561 1344 4616 quos
1385 4547 1599 4611 uiderit,
1647 4558 1735 4601 aut
1776 4552 1904 4616 forte
1959 4551 2076 4604 dolo
2120 4564 2207 4606 aut

1897 334 2138 391 SIDONII
2183 332 2636 390 APOLLINARIS
3763 340 3844 396 711

2235 458 2289 515 Α
2315 454 2414 521 Qui
2443 470 2601 508 verax
2635 456 2810 521 nimis,
2841 463 2897 510 et
2926 455 3082 509 nimis
3110 468 3349 521 severus,

2319 555 2489 617 Asper
2515 548 2750 603 crederis
2774 563 2894 603 esse
2922 549 3178 603 nescienti
3208 566 3222 609 ;

2319 642 2381 696 At
2411 640 2456 696 si
2484 649 2535 696 te
2558 642 2694 697 bene
2714 641 2975 711 quispiam
3006 642 3270 709 probavit,

2318 731 2500 786 Noscit
2525 732 2649 800 quid
2674 732 2803 787 velit
2830 733 2945 801 ipse
2973 732 3236 801 judicare.

2319 825 2450 881 Nam
2481 840 2746 895 nunquam
2775 826 2968 881 metuis
2996 826 3136 896 loqui
3166 824 3305 896 quod
3338 838 3550 895 aequum
3578 833 3673 889 est,

2319 917 2376 973 Si
2406 927 2457 972 te
2479 918 2620 985 Sylla
2652 928 2878 988 premat,
2905 918 3155 988 ferusque
3176 917 3352 974 Carbo
3382 933 3397 978 ξ

2317 1010 2374 1066 Si
2405 1010 2583 1065 tristes
2612 1010 2781 1075 Marii,
2810 1018 3092 1081 trucesque
3116 1009 3322 1074 Cinnae,

2318 1101 2386 1156 Et
2414 1103 2456 1155 si
2487 1101 2620 1157 forte
2651 1110 2797 1157 tuum
2825 1110 2985 1173 caput
3012 1103 3255 1172 latusque

2322 1192 2683 1250 Circumstent
2710 1194 2873 1264 gladii
2906 1195 3284 1250 triumvirales.

2388 1287 2493 1342 Seu
2520 1300 2617 1341 nos
2634 1284 2889 1356 Lirnpidii
2917 1285 3058 1340 lares
3089 1284 3377 1351 habebant,

2254 1448 2264 1457 .
2317 1379 2461 1435 Civis
2483 1377 2772 1449 magnifici,
2804 1378 3010 1448 virique
3036 1377 3255 1442 summi,

2317 1470 2631 1526 Fraternam
2653 1470 2790 1525 bene
2818 1469 3055 1539 regulam
3085 1469 3357 1539 sequentis
3386 1486 3401 1534 ;

2320 1558 2428 1617 Seu
2458 1574 2557 1616 nos
2576 1560 2757 1615 eximii
2786 1559 2947 1615 simul
2976 1560 3196 1615 tenebat

2318 1652 2547 1709 Nectens
2572 1653 2879 1708 officiositas
2909 1652 3119 1716 Marini,

2318 1744 2480 1814 Cujus
2508 1744 2763 1800 sedulitas
2785 1743 3144 1814 sodalitasque

2240 1822 2289 1884 Β
2318 1838 2539 1896 Eterua
2571 1838 2699 1892 mihi
2727 1838 2883 1893 laude
2911 1846 3037 1892 sunt
3059 1835 3337 1897 colenda:

2318 1929 2481 2001 414
2509 1929 2616 1984 Seu
2647 1942 2993 1999 quoscunque
3021 1928 3157 1982 alios
3185 1926 3365 1983 videre
3393 1924 3585 1983 fratres

2319 2020 2478 2075 Cordi
2511 2020 2719 2089 utrique
2749 2019 2866 2085 fuit,
2897 2017 3089 2088 quibus
3120 2030 3338 2072 vacasse

2321 2110 2666 2167 Laudandam
2697 2127 2818 2165 reor
2847 2109 3274 2180 occupationem.

2322 2205 2520 2259 llorum
2550 2202 2769 2257 nomina
2799 2216 2919 2256 cum
2947 2200 3148 2256 referre
3170 2214 3328 2254 versu

2321 2296 2556 2352 Affectus
2583 2294 2783 2364 cupiat,
2819 2302 3046 2350 metrum
3077 2302 3311 2349 recusat.

2394 2386 2527 2441 llinc
2556 2400 2655 2441 nos
2682 2386 2747 2439 ad
2779 2386 3047 2455 propriam
3075 2384 3294 2439 domum
3323 2382 3573 2450 vocabas,

2320 2479 2453 2532 Cum
2484 2491 2639 2531 mane
2666 2475 2868 2531 exierat
2896 2490 3120 2540 novum,
3150 2482 3209 2530 et
3236 2474 3510 2531 calescens

2322 2570 2517 2626 lioram
2546 2571 2625 2625 soi
2656 2569 2816 2624 dabat
2844 2568 3069 2624 alteram
3101 2567 3413 2624 secundam.

2321 2663 2419 2718 llic
2441 2677 2690 2733 promens
2717 2670 2911 2719 teretes
2937 2662 3070 2731 pilas
3091 2660 3431 2731 trochosque,

2323 2755 2419 2809 ilic
2450 2755 2584 2808 talos
2610 2752 2993 2822 crepitantibus
3019 2750 3239 2818 fritillis,

2320 2846 2429 2901 Nos
2456 2846 2523 2900 ad
2555 2845 2773 2901 verbera
2798 2854 3062 2899 tractuum
3090 2852 3377 2908 struentes,

2323 2939 2597 3008 Tanquam
2624 2935 2946 3004 Naupliades
2970 2943 3215 3004 repertor
3241 2935 3397 3002 artis,

2327 3028 2606 3085 Caudebas
2636 3027 2858 3081 hilarem
2888 3026 3033 3081 ciere
3064 3027 3252 3082 rixam.

2322 3122 2456 3177 lliuc
2486 3120 2549 3175 ad
2583 3120 2767 3175 balnea
2798 3135 2903 3175 non
2936 3118 3256 3186 Neroniana,

2242 3198 2289 3262 (ἶ
2322 3216 2431 3270 Nec
2458 3215 2575 3285 qua:
2608 3214 2836 3283 Agrippa
2863 3212 3032 3280 dedit,
3060 3214 3142 3268 vel
3172 3212 3261 3268 ille
3286 3211 3439 3283 cujus

2319 3310 2538 3365 Bustum
2570 3308 2873 3362 Dalmaticae
2899 3305 3083 3361 vident
3109 3306 3321 3362 Salonae
3354 3322 3366 3359 :

2316 3400 2398 3455 Ad
2425 3400 2660 3453 thermas
2692 3405 2869 3451 tamen
2893 3398 2971 3451 ire
2991 3395 3085 3450 sed
3116 3395 3334 3462 libebat,

2318 3490 2533 3544 Privato
2560 3488 2697 3543 bene
2724 3486 2974 3557 praebitas
3005 3485 3215 3556 pudori.

2319 3579 2449 3636 Post
2469 3594 2601 3649 quas
2629 3594 2727 3634 nos
2756 3590 2842 3633 tua
2875 3579 3083 3647 pocula,
3113 3586 3167 3633 et
3191 3585 3399 3633 tuarum

2318 3673 2586 3729 Musarum
2627 3670 2835 3729 medius
2867 3681 3017 3725 torus
3048 3668 3262 3725 tenebat
3295 3687 3307 3721 :

2317 3766 2514 3835 Quales
2544 3779 2642 3821 nec
2672 3772 2873 3818 statuas
2903 3764 3292 3833 imaginesque,

2319 3859 2472 3928 Ere,
2500 3867 2592 3914 aut
2620 3857 2999 3925 marmoribus,
3025 3856 3404 3927 coloribusque

2319 3952 2547 4015 Mentor,
2581 3938 2898 4015 Praxiteles,
2929 3948 3132 4018 Scopas
3157 3946 3420 4003 dederunt
3452 3963 3466 3999 :

2317 4044 2555 4110 Quantas
2581 4054 2680 4097 nec
2708 4039 3013 4112 Polycletus
3040 4041 3153 4110 ipse
3184 4039 3357 4104 finxit,

2399 4216 2417 4241 ο
2468 4203 2605 4258 Aviti
2652 4200 3021 4269 imperatoris,
3069 4201 3222 4267 cujus
3262 4212 3446 4253 curam
3504 4196 3681 4269 palatii
3720 4190 3856 4269 gessit

2317 4274 2669 4340 Consentius,
2716 4265 2771 4326 ut
2810 4265 3052 4340 EquitiUS
3088 4265 3214 4324 olim
3249 4265 3520 4334 Valentis,
3548 4265 3857 4340 constantius

2318 4343 2539 4398 llouorii
2560 4385 2576 4409 ,
2604 4334 2787 4415 Aetius
2812 4334 3052 4398 Joannis.
3086 4340 3201 4409 Quo
3232 4354 3454 4395 munere
3481 4340 3571 4408 qui
3599 4334 3858 4415 fungeban

2318 4423 2423 4482 tur,
2458 4406 2778 4482 curopalataa
2807 4423 2989 4481 postea
3025 4406 3231 4466 summa
3254 4426 3377 4465 cum
3407 4406 3717 4482 auctoritate
3750 4406 3857 4459 dicti

2317 4480 2438 4538 sunt
2470 4487 2520 4538 in
2552 4480 2673 4539 auia
2699 4480 2967 4554 Orientis,
2994 4489 3082 4541 τὴν
3115 4483 3336 4554 φυλακήν
3368 4490 3459 4554 τῆς
3487 4481 3640 4554 αὐλῆς
3665 4480 3860 4554 farreat-

2316 4558 2580 4626 στευμένοι
2600 4597 2614 4621 ,
2648 4563 2704 4609 ut
2729 4547 3189 4626 scribltEvagrt'us
3216 4553 3305 4626 lib.
3340 4567 3389 4615 v,
3416 4552 3471 4626 At,
3504 4563 3556 4604 et
3590 4553 3639 4626 in
3665 4547 3858 4626 Francia

635 4615 817 4694 fraude
849 4610 1341 4694 exclusos_uictor_ia.
1382 4616 1454 4694 Ita
1499 4610 1797 4694 finguntur
1834 4623 2210 4694 certaminibus
2236 4610 2289 4675 D
2317 4610 2544 4694 majores
2566 4610 2775 4679 domus.
2805 4610 3192 4694 Fredegarius:
3228 4610 3575 4694 Wara'dortem
3597 4613 3863 4694 inlibroiui

634 4688 745 4755 suis
772 4686 1063 4755 llotnerus,
1097 4684 1378 4755 Virgilius,
1410 4684 1609 4743 Statius
1632 4730 1645 4749 ,
1677 4688 1855 4744 Silius.
1889 4690 1953 4743 Et
1982 4694 2209 4749 scenicis

633 4754 772 4809 ludis
799 4754 924 4809 Julii
970 4754 1230 4822 (:msaris’,
1272 4756 1325 4810 in
1365 4757 1555 4826 quibus
1597 4758 1850 4813 Laberius
1892 4769 1946 4814 et
1992 4762 2208 4818 Publius

632 4826 1101 4899 Syrusmimorum
1126 4836 1294 4891 poetae
1316 4836 1609 4893 certarunt,
1626 4844 1746 4882 cum
1767 4840 2046 4899 superatus
2067 4844 2211 4889 esset

633 4894 918 4967 Laberius,
962 4894 1141 4948 Caesar
1180 4899 1315 4967 Syro
1346 4900 1532 4951 victori
1577 4901 1801 4966 palmam
1824 4894 1847 4965 ,'
1871 4902 2011 4955 victo
2032 4918 2206 4959 annu-

633 4966 741 5088 lum
781 4965 958 5089 gedit,
1000 4974 1059 5017 ut
1089 4974 1170 5019 est
1208 4965 1347 5035 apud
1392 4965 1711 5022 Macrobium
1753 4971 1845 5024 lib.
1877 4987 1913 5025 ll
1951 4972 2206 5028 Saturna-

655 5052 760 5089 ltlfll
826 5076 839 5089 .

655 5052 760 5089 llllll
797 5052 839 5090 Ι.

708 5105 733 5143 δ
766 5105 997 5179 ,μιγειῂιί
1024 5115 1198 5179 aetate.
1235 5105 1398 5160 Plane
1433 5107 1574 5176 quod
1601 5110 1860 5177 sequitur,
1889 5123 2120 5179 sequente
2154 5115 2205 5169 in

630 5192 755 5239 ravo,
788 5178 917 5230 satis
948 5176 1084 5231 hanc
1128 5178 1623 5245 interpretationem
1655 5176 1969 5247 confirmat,
2000 5182 2202 5239 doctis-

629 5248 1266 5321 simorrunqueAvirorum
1297 5261 1533 5321 errorem
1573 5248 1876 5318 redarguit,
1920 5253 2010 5321 qni
2046 5254 2207 5309 Juve-

630 5318 778 5371 nales
809 5317 964 5372 ludos
1009 5318 1110 5372 hoc
1138 5318 1255 5371 loco
1283 5317 1531 5385 suspicati
1561 5329 1683 5373 sunt
1703 5334 1717 5382 ;
1740 5317 1866 5374 cum
1897 5317 2205 5380 meminisse

630 5395 888 5452 practerea
928 5387 1213 5442 debuerint
1240 5386 1513 5441 Juvenalia
1558 5388 1753 5443 ditersi
1799 5404 1827 5443 a
1873 5390 2205 5450 circensibus

630 5460 840 5528 gnueris
865 5457 1017 5511 ludos
1048 5460 1227 5528 fuisse.
1261 5457 1532 5512 Juvenalia
1559 5474 1687 5528 ergo
1710 5460 1926 5515 Sidonio
1950 5463 2203 5519 dicuntur

629 5525 918 5600 jm-i-nilia,
957 5527 1208 5600 juvenilis
1251 5530 1424 5600 anatis
1469 5525 1660 5584 studia.
1717 5530 2008 5600 Utrumque
2055 5535 2196 5589 enim

634 5597 928 5672 pi-iuiiiscue
960 5599 1266 5672 scribebtnt
1302 5599 1583 5669 antiquarii
1605 5609 1715 5672 ;7et
1751 5602 1889 5670 apud
1923 5597 2196 5659 Sidonium

634 5666 803 5742 ipsum
829 5666 919 5742 li_b_.
955 5683 1002 5742 ιλ,
1032 5670 1187 5742 epist.
1218 5670 1282 5733 2,
1302 5666 1532 5742 juvenali
1563 5666 1908 5742 ruitura-non
1941 5673 2195 5742 juvenili;

756 5749 829 5822 tv,
856 5731 1188 5822 13,'jttvénati
1228 5731 1677 5822 εάιῖὶιᾳζελιθθ
1700 5731 1800 5822 lib.
1834 5759 1908 5808 ιι,
1941 5731 1994 5811 ii,
2029 5731 2199 5814 facili;

632 5812 733 5858 tare
750 5805 982 5874 ,ξυνεπαιί
1012 5809 1265 5878 scripturn
1293 5820 1376 5865 est
1400 5812 1452 5865 in
1486 5805 1944 5883 libris'plerisque.

2312 4684 2479 4748 tacitur
2512 4697 2753 4766 majorem
2791 4684 3398 4766 domusvconstit‘ueruul.
3435 4689 3572 4766 Erat
3606 4684 3862 4766 Waradgtti

2311 4766 2473 4834 ﬁlius,
2496 4755 2709 4834 qui'vice
2734 4764 2891 4834 patris
2914 4780 3087 4817 curam
3109 4763 3288 4833 palatii
3309 4764 3528 4833 gerebat,
3553 4761 3746 4815 nomine
3765 4755 3863 4810 Git-

2313 4837 2553 4892 lemarus.

2381 4904 2407 4943 ἀ
2442 4906 2563 4960 Haec
2592 4905 2732 4960 enim
2761 4904 2860 4969 illi,
2893 4913 2947 4957 ut
2981 4902 3231 4973 praefatus
3256 4913 3368 4967 cst,
3393 4900 3662 4957 scribendi
3691 4895 3863 4953 carmi-

2313 4978 2396 5031 nis
2430 4978 2524 5030 fnit
2553 4976 2784 5029 occasio.
2815 4973 3082 5030 Laudibus
3116 4988 3274 5042 porro
3300 4973 3572 5028 Consentii
3602 4984 3748 5042 more
3774 4979 3864 5042 suo

2311 5048 2606 5102 amicorum
2639 5046 2807 5115 elogia
2840 5047 3071 5100 breviter
3100 5039 3369 5115 adiungit,
3396 5039 3863 5115 clarorum_civit_t_rn

2311 5107 2753 5189 Narbonensium'.
2787 5117 2928 5170 Inter
2954 5130 3087 5184 quos
3117 5107 3509 5189 LeoAJMagnus
3539 5124 3601 5189 _et
3627 5107 3864 5189 Marcelle

2311 5202 2441 5251 nus,
2480 5202 2544 5241 ex
2578 5187 2699 5240 aliis
2741 5185 2872 5240 locis
2900 5178 3009 5239 noti
3039 5194 3198 5249 sunt;
3232 5178 3498 5257 Myrobis,
3537 5178 3793 5257 Lympidil
3819 5185 3865 5232 et

2311 5257 2536 5322 Marini,
2582 5271 2722 5311 nunc
2751 5258 2976 5324 primum
3004 5258 3218 5310 nomina
3266 5252 3625 5311 celebrantur.
3651 5252 3865 5317 Itemque

2312 5326 2445 5381 Livii
2489 5328 2706 5395 insignis
2744 5326 2860 5394 ejus
2902 5327 2999 5380 aevi
3049 5335 3251 5395 poetre,
3302 5341 3458 5395 quem
3505 5324 3682 5395 laudat
3725 5331 3863 5373 etiam

2310 5409 2494 5452 auctor
2522 5393 2641 5451 vitfc
2669 5397 2853 5451 Hilarii
2882 5393 3233 5462 Arelatensis,
3263 5393 3383 5450 cum
3412 5395 3598 5450 Hilarii
3630 5393 3870 5465 eloquen:

2308 5467 2434 5521 tiam
2468 5467 2803 5534 peritissimis
2827 5470 2902 5520 ait
2932 5476 3055 5521 tunc
3083 5460 3339 5533 temporis
3366 5466 3675 5521 auctoribus
3701 5460 3865 5534 siccati

2306 5532 2734 5607 desperationem
2778 5537 3037 5593 intulisse.
3070 5536 3134 5592 In
3163 5546 3389 5601 tantum,
3424 5536 3623 5607 inquit,
3651 5542 3704 5607 ut
3729 5532 3868 5601 hujus

2306 5606 2610 5675 temporibus
2641 5608 2816 5678 Livius
2848 5618 2996 5678 poeta
3030 5616 3075 5661 et
3096 5618 3275 5678 auctor
3300 5608 3513 5677 insignis
3538 5606 3739 5678 publice
3763 5618 3869 5678 pro-

2304 5674 2545 5731 clamaret
2571 5694 2588 5730 :
2610 5678 2679 5750 ASi
2704 5674 3018 5750 Augustinus
3040 5688 3152 5747 post
3179 5674 3439 5732 Hilarium
3460 5674 3662 5745 luisset,
3678 5674 3873 5745 judica-

2305 5758 2439 5802 retur
2468 5748 2701 5819 inferior.
2791 5748 2799 5750 V
3335 5768 3342 5777 ·
