4060 6332
644 358 741 412 751

1886 345 2219 401 1³11111³13ὐί
2261 345 2681 400 1⁷1311οΝὺᾷλὸιὸ
3775 352 3862 404 752’.

644 476 757 543 ipse
801 471 1010 543 tertium
1041 466 1144 543 dici
1188 464 1369 518 mallet
1396 482 1407 525 ;
1462 464 1534 543 ιιι
1583 477 1820 543 prorsus;
1840 463 2204 543 accipiendum
2239 467 2288 524 Α
2317 464 2367 543 in_
2398 463 2622 543 singulis
2645 459 3416 543 propecapitibusvariabant)
3445 461 3793 542 a_parentibus
3817 476 3860 515 ut

641 533 741 607 est,
774 552 828 594 ιιι
849 537 1192 607 Posidonium
1230 533 1739 607 accommodatead
1790 533 2199 607 florentis_reip.

643 602 879 678 tempora
901 608 1128 678 locutum
1146 604 1554 678 intelligamus;
1605 603 1945 678 Plutarchum
1989 602 2056 656 ad
2087 617 2207 667 sua,

643 673 851 736 hoc'est
870 679 933 732 ad
964 675 1283 737 Caesariana,
1333 673 1526 744 quibus
1574 689 1677 727 non
1705 674 1814 741 jam
1858 673 2107 744 primum,
2156 681 2212 726 ut

639 754 788 810 olim.
836 749 929 802 sed
997 746 1238 800 ultimum
1291 743 1482 798 nomen
1531 745 1723 810 cuique
1768 743 2037 808 pronrium
2073 752 2206 797 erat.

643 820 942 888 Proprium,
964 817 1206 882 inquam,
1238 823 1293 888 et
1337 830 1441 883 quo
1462 830 1588 888 ⁸ιιιιιι
1618 813 1778 888 (quod
1814 812 1880 888 ad
1908 811 2208 888 Ennodium

639 881 849 958 quoque
877 881 1200 955 monuimus)
1230 884 1275 938 si
1300 881 1514 958 quando
1535 881 1773 958 pluribus
1795 881 2065 958 abstinere
2094 882 2210 958 pla-

642 952 860 1021 cuisset.
901 952 1332 1022 unmnqtteinque
1380 953 1758 1021 designabant,
1802 952 2048 1022 quodque
2095 953 2214 1005 uni-

639 1047 758 1083 cum
786 1043 930 1098 sarpe
958 1029 1008 1080 in
1030 1021 1208 1098 fastis.
1251 1021 1305 1076 in
1336 1025 1598 1098 nummis,
1617 1023 1687 1098 _in
1717 1021 2124 1098 marmoribus,
2157 1022 2208 1075 in

641 1091 894 1154 libroruin
930 1097 1094 1149 titulis
1136 1095 1478 1148 adnotabant.
1512 1094 1565 1148 In
1613 1091 1761 1145 fastis
1799 1092 1960 1154 enim,
2015 1101 2072 1144 ut
2113 1091 2210 1145 hoc

639 1169 885 1238 eveutplo
931 1178 1160 1226 utamur,
1201 1165 1400 1238 collega
1455 1163 1737 1217 Domitiani
1789 1162 1923 1230 Aug.
1979 1159 2030 1214 in
2071 1175 2213 1238 nono

642 1241 757 1308 ejus
781 1231 1000 1290 consula
1027 1253 1080 1299 ιι,
1116 1250 1252 1308 nunc
1281 1234 1448 1308 Rullus
1501 1243 1751 1308 tantum._
1787 1247 1924 1308 nunc
1965 1231 2212 1308 ominibus

645 1300 967 1368 n'oininihus,
994 1317 1048 1359 ut
1070 1322 1132 1358 ex
1163 1305 1338 1368 lapide
1368 1302 1608 1355 Romano
1645 1300 1950 1361 didicimus.
1978 1302 2040 1367 Q.
2075 1301 2211 1356 Peti-

646 1382 746 1432 lius
805 1379 969 1430 Rufus
1016 1376 1370 1428 scribebatur.
1415 1373 1542 1426 ltem
1595 1370 1821 1439 Philippi
1869 1370 2067 1440 collegi
2114 1374 2214 1426 sub

649 1449 900 1508 llanorio.
935 1461 1073 1500 nunc
1106 1444 1297 1506 Rall‘us,
1325 1459 1464 1497 nunc
1491 1443 1706 1496 Anicius
1736 1441 2038 1495 Auchenius
2089 1442 2212 1493 Bas-

646 1535 757 1573 sus.
792 1519 854 1571 Et
886 1516 1116 1571 Postumi
1145 1513 1366 1582 Augusti
1395 1514 1619 1577 nummi,
1648 1512 1739 1582 alii
1767 1513 1937 1564 solum
1975 1513 2073 1582 hoc
2091 1511 2213 1580 (ejus

646 1604 836 1644 nomen
863 1587 1132 1645 exhibent,
1176 1581 1263 1636 alii
1315 1584 1380 1635 M.
1406 1583 1646 1636 Cassium
1693 1581 1972 1635 Latienum
2022 1581 2210 1634 Postuo

650 1675 792 1712 mum
821 1665 1034 1711 vocant.
1072 1655 1124 1708 lu
1153 1653 1383 1721 lapidum
1422 1653 1674 1722 denique,
1727 1651 2091 1722 librorumque
2137 1652 2215 1704 iu-

647 1728 1044 1795 scriptionibus,
1073 1724 1386 1791 caeterisque
1436 1721 1665 1795 antiquis
1709 1721 2085 1795 monimentis,
2119 1736 2210 1795 ea-

649 1791 770 1853 dem
796 1810 878 1852 est
918 1796 1222 1849 observare.
1264 1795 1575 1860 Quanquam
1617 1792 1684 1846 de
1736 1791 1989 1845 librorum
2041 1792 2210 1845 titulis

649 1866 1081 1922 dissimulandum
1114 1880 1218 1919 non
1247 1875 1327 1917 est
1351 1863 1585 1917 nonnihil
1620 1861 1783 1916 videri
1813 1862 1863 1914 in
1894 1861 2208 1931 quibusdam

646 1940 966 1992 aberratum.
997 1936 1206 1989 Etenim
1230 1933 1516 1988 Palladium
1541 1931 1631 1985 Rei
1661 1932 1872 1986 rustica:
1897 1932 2208 2000 scriptorem

650 2021 895 2075 tanquam
948 2006 1162 2074 prolirio
1213 2005 1426 2075 nomine
1477 2003 1844 2075 appellamus,
1902 2001 2211 2075 quiverius

645 2073 986 2143 Eintlianus,
1027 2073 1294 2143 quomodo
1339 2088 1460 2128 eum
1506 2073 1737 2143 Isidorus
1784 2087 1887 2126 xvn
1935 2073 2208 2142 Uriginum

651 2162 670 2184 ι
700 2135 1334 2214 nominat,appellandus
1352 2151 1526 2204 esset;
1552 2143 1671 2211 quia
1692 2142 1934 2214 ulrimum
1967 2135 2068 2196 hoc
2095 2143 2210 2210 ejus

651 2233 840 2272 nomen
869 2227 968 2276 est.
1025 2213 1148 2270 cum
1200 2214 1375 2268 omnia
1425 2221 1830 2280 exprontuntu',
1877 2213 1975 2266 hoc
2030 2216 2207 2275 modo,

651 2287 912 2342 Palladius
944 2286 1172 2340 Rutilius
1198 2285 1404 2338 Taurus
1435 2283 1773 2338 Emilianns.
1801 2283 2027 2336 Rursum
2052 2298 2207 2350 quem

648 2357 858 2412 Macrob
880 2372 964 2410 um
995 2354 1240 2414 dicimus.
1274 2354 1508 2408 Avienus
1537 2352 1588 2405 in
1619 2352 1838 2419 epistola
1865 2367 2020 2415 quam
2050 2352 2206 2406 ΔΕςο-

650 2430 776 2494 pécis
815 2427 925 2480 suis
977 2425 1167 2478 fabulis
1221 2425 1462 2492 praeﬁxit.
1494 2433 1548 2477 et
1596 2423 1807 2494 Boetius
1850 2421 2208 2494 Theodosium

649 2492 874 2557 vocant;
904 2510 999 2548 nec
1027 2495 1240 2547 duhitnn
1264 2495 1387 2562 quin
1421 2494 1522 2547 hoc
1541 2507 1723 2546 verum
1751 2492 1865 2559 ejus
1888 2507 2080 2546 nomen
2103 2493 2212 2546 fueo

649 2576 738 2624 rt.
771 2567 907 2635 quod
943 2561 1290 2634 postremum
1319 2574 1420 2625 est.
1465 2579 1587 2635 cum
1615 2561 1835 2635 adjectis
1865 2563 2074 2616 caneris
2106 2564 2212 2617 Ma-

647 2632 863 2691 crobius
890 2632 1197 2690 Ambrosius
1219 2635 1468 2690 Aurelius
1498 2632 1829 2688 Theodosius
1856 2641 2208 2700 nuncupatur.

646 2708 818 2772 Quare
846 2705 983 2771 quod
1021 2705 1293 2760 Variarum
1340 2704 1543 2759 auctori
1578 2700 1839 2756 accidisse
1885 2713 2118 2768 constat,
2155 2713 2212 2757 ut

652 2775 1003 2832 Cassiodorus
1045 2792 1139 2844 pro
1169 2775 1428 2830 Senatore
1473 2774 1540 2828 ab
1566 2774 1628 2844 iis
1656 2773 1880 2844 primum
1914 2783 2209 2844 vocaretur,

644 2848 731 2914 qui
760 2842 1254 2902 Senatorisnnmen
1288 2860 1391 2897 non
1433 2843 1749 2914 proprium,
1776 2842 1869 2896 sed
1915 2843 2206 2914 epithetmn

644 2912 766 2972 esse
789 2918 1224 2980 suspicabantur:
1249 2915 1299 2967 id
1324 2914 1494 2980 ipsum
1526 2913 1608 2967 his
1630 2912 1837 2966 duobus
1859 2922 1915 2967 et
1941 2913 2056 2966 aliis
2080 2929 2212 2967 non-

646 2988 826 3050 nullis,
876 2987 1211 3040 librariorum
1263 2985 1544 3038 oscltantia
1599 2982 1840 3038 evenisse
1883 2983 2208 3037 creJendum

646 3071 748 3122 cst,
785 3067 840 3111 ut
865 3073 983 3110 cum
1015 3058 1225 3109 unicum
1252 3055 1460 3108 illorum
1495 3069 1684 3107 nonten
1736 3053 2007 3108 brevitatis
2037 3054 2211 3108 studio

648 3129 882 3194 ipsorum
923 3126 1070 3180 libris
1125 3126 1392 3180 ascribere
1442 3124 1834 3188 instituissent,
1889 3137 1983 3191 pro
2026 3123 2211 3178 ultimo

2318 530 2603 601 plurimum
2632 533 2998 600 cognatisque,
3031 531 3286 597 patrihus,
3327 531 3546 600 patruis,
3589 530 3716 594 avis,
3761 547 3863 598 pro-

2317 603 2454 669 avis,
2486 603 2812 671 reliquisque
2838 602 3113 655 affectibus
3142 610 3536 655 mutuarentur.
3581 601 3724 671 Quod
3751 616 3862 656 sane

2313 687 2494 727 verum
2521 670 2620 725 est.
2656 672 2811 726 Verbi
2843 672 3032 740 gratia,
3065 671 3320 739 Fulgentii
3367 670 3604 740 episcopi
3654 674 3852 724 nomina

2315 741 2527 796 fuerunt
2562 742 2756 795 Fabius
2779 739 3032 795 Claudius
3063 741 3361 795 Gordianus
3416 739 3720 809 Fulgentius
3743 780 3758 804 ,
3801 756 3860 796 es

2313 813 2505 880 quibus
2531 812 2694 865 Claud
2722 827 2783 865 us
2826 812 2984 879 patri,
3031 812 3329 866 Gordianus
3363 825 3461 863 avo
3491 811 3754 879 proprium
3780 828 3860 866 no-

2314 898 2433 934 men
2459 882 2648 937 fuerat.
2676 881 2737 934 Et
2758 881 3088 946 Symmachi,
3117 883 3345 935 oratoris
3376 882 3485 943 lilii.
3507 881 3715 934 nomina
3742 881 3864 936 fuero

2315 898 2433 934 men
2459 897 2648 937 inerat.
2676 897 2737 934 bl
2758 897 2794 934 δ
2834 897 3088 946 mmacltt,
3117 897 3345 935 oratoris
3376 897 3485 943 tun.
3507 897 3715 934 nomina
3742 897 3864 936 mers

2315 950 2341 988 δ
2370 953 2433 1017 Q.
2469 951 2750 1005 Flavianus
2772 897 3051 1006 iiemmius
3072 953 3442 1022 Symmachus,
3470 967 3534 1007 ex
3559 951 3745 1020 quibus
3763 951 3864 1008 Fls-

2317 1025 2455 1076 viani
2487 1037 2782 1092 cognomen
2833 1037 2861 1074 a
2911 1033 3122 1090 patruo,
3158 1022 3384 1092 Memmii
3415 1023 3481 1075 ab
3509 1035 3610 1075 avo
3650 1031 3866 1076 materno

2315 1091 2568 1146 Memmio
2587 1092 2755 1145 Orﬁto
2778 1094 2998 1145 sortitus
3014 1102 3116 1146 est.
3150 1093 3220 1145 Ita
3240 1102 3293 1146 et
3321 1091 3642 1157 Apollinaris
3674 1092 3861 1154 nomen.

2314 1162 2452 1229 quod
2475 1161 2678 1217 Sidonii
2708 1176 2809 1216 avo
2836 1164 3104 1228 proprium
3135 1161 3328 1225 fuerat,
3358 1161 3580 1216 Sidonio
3611 1161 3710 1226 ipsi
3744 1163 3863 1218 inter

2314 1243 2505 1286 CkBICI’R
2538 1243 2622 1286 est
2653 1249 2798 1298 prum
2837 1248 2981 1286 men.
3018 1234 3254 1301 Itemque
3281 1233 3420 1301 apud
3452 1232 3748 1298 Sidonium,
3777 1233 3862 1286 ila-

2314 1318 2417 1370 guo
2438 1302 2596 1356 Felici
2632 1319 2932 1369 ριεειιοιυειι
2955 1314 3056 1367 est,
3080 1304 3219 1371 quod
3245 1303 3432 1372 Magno
3458 1301 3596 1370 patri
3625 1303 3864 1371 proprium

2324 1387 2512 1426 nomen
2547 1373 2755 1434 fuerat;
2787 1382 2841 1426 et
2869 1381 3050 1426 contra
3083 1374 3346 1426 Tonantio
3376 1387 3591 1436 nomen,
3626 1374 3758 1438 quod
3783 1372 3864 1426 Το-

2325 1442 2506 1496 nantio
2535 1443 2787 1496 Ferri-oio
2807 1458 2922 1499 e,us
2951 1444 3085 1510 patri
3112 1458 3442 1511 praenomen.
3470 1441 3699 1495 Rursum
3727 1441 3864 1509 Majo-

2319 1513 2500 1566 rianus
2528 1524 2580 1567 et
2604 1513 2922 1566 Anthemius
2952 1513 3173 1567 materni
3207 1523 3428 1578 uterque
3455 1513 3535 1566 avi
3564 1527 3758 1567 nomen
3787 1528 3864 1581 ge-

2319 1584 2406 1647 rit,
2457 1584 2720 1636 llimerins
2774 1599 2900 1637 vero
2951 1585 3176 1651 paterni.
3220 1581 3461 1653 Denique
3517 1597 3622 1636 nou
3677 1583 3860 1653 aliain

2320 1653 2554 1721 posterio
2588 1653 2634 1706 is
2663 1653 2758 1706 :evi
2791 1654 3093 1706 nominibus
3129 1668 3312 1706 norma
3343 1652 3634 1722 quierenda
3658 1662 3750 1706 e~t.
3781 1652 3865 1706 Ne-

2319 1738 2420 1790 que
2445 1723 2586 1776 enim
2613 1735 2754 1776 certa
2784 1734 2835 1777 et
2862 1733 3022 1789 stata,
3043 1734 3096 1776 ut
3138 1724 3289 1786 olim,
3333 1727 3545 1792 generis
3585 1739 3649 1776 ac
3681 1722 3862 1777 familia

2319 1793 2576 1846 vocabula
2606 1793 2656 1846 in
2691 1808 2785 1845 usu
2815 1804 2940 1846 tunc
2964 1793 3199 1855 fuerunt,
3228 1808 3347 1861 qua:
3372 1804 3424 1847 et
3448 1792 3710 1848 fratribus
3744 1807 3863 1846 com-

2320 1863 2496 1917 munia
2522 1872 2726 1921 essent.
2779 1873 2832 1917 et
2873 1863 2936 1916 ad
2991 1873 3230 1929 posteros
3271 1866 3557 1916 transirent
3600 1880 3613 1917 :
3667 1874 3720 1916 ut
3766 1879 3864 1915 cum

2312 1935 2468 1988 Corn:
2490 1933 2544 1987 1ιί
2577 1943 2666 1986 aut
2691 1933 2814 1988 Juli
2841 1948 3025 1986 omnes
3047 1933 3366 1987 dicebantur
3392 1934 3481 2001 qui
3522 1952 3550 1986 e
3580 1942 3738 2002 gente
3761 1930 3863 1986 Cor-

2317 2004 2451 2057 nelia
2478 2013 2568 2057 aut
2617 2003 2750 2057 .lu’la
2796 2004 2900 2056 nati
2942 2012 3160 2068 essent;
3201 2013 3250 2057 et
3301 2005 3575 2070 Scipiones
3628 2005 3747 2056 item
3795 2013 3864 2056 aut

2311 2073 2620 2134 Cicerones.
2650 2074 2738 2142 qui
2775 2074 2828 2126 in
2847 2073 3005 2127 domo
3029 2085 3076 2126 et
3106 2073 3302 2127 familia
3336 2074 3648 2141 Scipionum
3690 2081 3769 2125 aut
3791 2074 3862 2124 Ci-

2311 2159 2584 2198 ceronum.
2603 2144 2707 2198 Sed
2723 2144 2900 2198 omnia
2917 2158 3034 2197 mox
3050 2158 3170 2197 cum
3183 2157 3309 2198 occa
3342 2144 3694 2212 ureipublica:
3707 2146 3864 2196 mutari

2315 2215 2512 2268 sensim
2564 2229 2630 2268 ac
2663 2213 2764 2268 labi
2795 2224 3093 2277 cmperunt.
3138 2213 3202 2268 Ut
3230 2229 3530 2284 quanquam
3578 2215 3729 2267 initio
3756 2213 3862 2265 anti-

2311 2284 2397 2352 qui
2422 2284 2584 2338 moris
2611 2285 2783 2352 aliqua
2816 2284 3067 2338 htcserint
3095 2285 3312 2352 vestigia
3344 2286 3394 2338 in
3423 2285 3698 2350 gentilitiis
3725 2286 3858 2336 nunti-

2313 2356 2466 2409 nibus
2487 2371 2602 2424 qua!
2626 2371 2653 2406 a
2685 2354 2950 2408 nonnullis
2980 2354 3192 2408 familiis
3225 2355 3608 2417 retinebantur,
3667 2355 3787 2407 sicut
3819 2353 3863 2406 in

2312 2426 2500 2479 Salviis
2540 2425 2838 2492 Flaviisque
2863 2425 3057 2478 docent
3101 2426 3346 2494 exempla
3388 2441 3504 2496 qua:
3534 2424 3862 2494 protulimus;

2315 2497 2647 2562 postmodum
2674 2505 2846 2550 tamen
2881 2498 2978 2548 hoc
3011 2496 3183 2564 ipsum
3212 2511 3423 2565 quoque
3463 2496 3757 2564 neglectu-
3782 2496 3859 2546 sit:

2313 2568 2446 2619 adeo
2469 2577 2521 2616 ut
2554 2566 2753 2618 nullum
2783 2567 2995 2618 tandem
3035 2566 3275 2629 familia,
3309 2567 3510 2620 nullum
3559 2568 3728 2634 gentis
3770 2579 3861 2617 cer-

2314 2646 2422 2708 tum
2457 2650 2650 2708 nomen
2675 2634 2870 2708 fuerit,
2914 2635 3005 2688 lilii
3033 2640 3195 2708 etiam
3225 2651 3252 2708 ξι
3288 2637 3528 2708 patribus
3557 2647 3609 2690 et
3647 2635 3861 2708 fratribus

2315 2705 2454 2760 inter
2483 2704 2820 2776 se’onmibus
2854 2711 2998 2776 turpe
3027 2705 3332 2760 nominibus
3361 2718 3450 2760 aut
3498 2706 3610 2761 fere
3649 2704 3862 2776 omnibus

2313 2777 2690 2844 discreparint.
2712 2775 2864 2842 Quod
2895 2773 3074 2830 videre
3100 2787 3202 2838 est.
3235 2786 3292 2829 ut
3323 2792 3610 2846 paucorum
3652 2773 3860 2846 exemplo

2313 2847 2379 2900 de
2409 2847 2617 2900 cmteris
2643 2849 2728 2898 llat
2760 2847 3087 2913 conjectura,
3110 2846 3163 2900 in
3192 2845 3377 2901 Flavio
3400 2849 3557 2903 Avito
3578 2845 3856 2901 Marinia-m.

2315 2917 2675 2985 Asclepiodoti
2705 2917 2908 2985 collega
2933 2919 2983 2968 in
3014 2919 3324 2970 consulatu:
3348 2918 3498 2987 cujus
3543 2918 3687 2971 Illius
3712 2913 3862 2987 Rnlius

2318 2987 2667 3040 Praetextatus
2718 2987 3090 3040 l‘ostumianus
3130 2986 3432 3054 appellatus
3470 2998 3576 3052 est,
3619 2986 3857 3054 con-ulrt

2316 3056 2450 3120 ipse,
2483 3056 2705 3111 Sidonio
2734 3071 2917 3125 puero,
2950 3072 3071 3110 cuin
3098 3053 3330 3112 Zenone.
3366 3059 3493 3112 Item
3524 3058 3578 3112 in
3615 3058 3678 3124 Q.
3708 3053 3857 3108 Clodia

2321 3127 2743 3195 llcrmogeniano
2777 3127 3014 3197 Olybrio,
3064 3138 3116 3180 et
3163 3127 3406 3182 Faltonio
3452 3128 3632 3182 Probo
3682 3125 3856 3197 Alypit).

575 3202 586 3215 '
647 3192 788 3263 quod
820 3197 1089 3265 protrium
1117 3205 1254 3257 erat,
1279 3196 1330 3248 id
1360 3196 1534 3262 potius
1565 3194 1705 3266 quod
1735 3194 1906 3266 primo
1955 3195 2072 3248 loco
2118 3208 2211 3247 oc-
2243 3192 2284 3250 C
2319 3199 2405 3261 qui
2430 3192 2714 3250 Theodosii
2747 3192 2860 3249 ξενιὶ
2901 3199 3090 3251 fratres
3124 3197 3374 3253 fuerunt:
3403 3199 3695 3266 eodemque
3730 3192 3858 3249 modo

646 3264 914 3331 currebat,
942 3267 1185 3332 imperite
1208 3267 1510 3332 diligerent.
1549 3264 1651 3316 Sed
1699 3265 1986 3332 exploratae
2026 3273 2213 3317 certa:-

646 3351 750 3402 que
777 3336 970 3390 rationi
1003 3350 1285 3403 paucorum
1319 3336 1402 3387 hic
1445 3350 1594 3387 error
1615 3333 1786 3386 t’raud-i
1838 3347 1955 3386 esse
1987 3347 2092 3386 non
2130 3333 2197 3387 de

649 3407 755 3458 bet.
786 3405 990 3459 Maneat
1017 3421 1167 3473 ergo.
1195 3404 1209 3456 i
1253 3405 1460 3457 ferioris
1489 3403 1586 3456 aivi
1621 3403 1653 3456 h
1677 3403 1922 3455 uninibus
1947 3404 2211 3471 proprimn

654 3489 846 3528 nomen
876 3476 925 3527 id
964 3475 1126 3527 fuisse
1157 3475 1296 3542 quod
1339 3475 1603 3534 ultiuunn,
1663 3473 1800 3540 qttod
1846 3473 1919 3525 illi
1971 3474 2210 3542 proinde.

650 3555 703 3596 ιιι
732 3559 795 3598 es
823 3544 927 3598 hist
965 3545 1057 3598 rite
1088 3548 1339 3610 Augustae
1360 3544 1706 3611 scriptoribus
1735 3542 1915 3596 videre
1943 3555 2046 3605 est,
2077 3559 2214 3596 nunc

651 3630 854 3675 verum,
884 3630 1021 3668 nunc
1044 3613 1320 3681 proprium
1345 3630 1534 3668 nomen
1555 3613 1917 3680 appellabant;
1945 3613 2208 3666 interdum

647 3683 804 3754 etiam
824 3686 994 3754 :(quod
1018 3683 1283 3738 Valeriani
1310 3688 1441 3754 Aug.
1470 3685 1535 3738 de
1561 3683 1730 3737 Probo
1759 3683 1897 3750 apud
1934 3682 2210 3750 Vopiscum

643 3752 869 3820 ejdstola
897 3753 1152 3821 declarat)
1185 3769 1377 3808 nomen
1399 3752 1684 3817 absolute,
1715 3768 1835 3806 cum
1878 3763 2068 3807 caetera
2095 3771 2210 3819 qun-

651 3826 930 3890 pra-ibant,
965 3826 1042 3875 v.l
1074 3825 1420 3892 przenomina,
1445 3830 1520 3876 \el
1549 3822 1884 3890 cognomina,
1913 3823 2210 3887 promiscue

647 3901 701 3944 et
729 3897 843 3946 sine
869 3893 1172 3947 discrimmc
1209 3898 1518 3947 vocitarent.
1556 3894 1830 3960 Reliquum
1876 3903 1974 3952 est.
2017 3903 2080 3946 ut
2110 3910 2177 3946 un

644 3961 834 4014 denam
871 3964 971 4028 peti
1003 3973 1160 4030 atque
1186 3964 1388 4032 imponi
1438 3966 1506 4015 ab
1553 3966 1654 4015 illis
1686 3978 1898 4032 nnmnia
1944 3963 2202 4020 solerent.

645 4041 698 4082 et
723 4033 846 4099 quid
875 4033 981 4084 hac
999 4034 1166 4085 etiam
1200 4033 1250 4084 in
1271 4031 1422 4100 parte
1448 4033 1513 4086 ab
1555 4031 1782 4098 antiquis
1820 4032 2199 4100 discreparent.

647 4101 1043 4166 imetigemus.
1076 4101 1130 4152 In
1161 4117 1265 4168 quo
1292 4117 1498 4153 rursum
1533 4101 1726 4154 indicio
1757 4101 1910 4154 nobis
1931 4112 2085 4155 erunt
2107 4118 2201 4154 no-

649 4168 791 4218 mina
822 4179 873 4221 et
903 4171 1144 4236 exempla
1177 4169 1481 4221 Sidontana.
1535 4171 1608 4222 Ex
1651 4170 1732 4222 his
1761 4172 1904 4224 enim
1926 4170 2201 4231 docemur,

648 4237 1035 4300 posterioribus
1065 4237 1274 4289 saeculis
1299 4238 1734 4304 intponcudtn'utn
1768 4241 2037 4292 nominum
2069 4243 2206 4292 hunc

650 4305 844 4377 pariter
875 4321 1074 4358 morem
1105 4306 1290 4377 fuisse,
1315 4318 1372 4358 ut
1416 4317 1524 4359 tum
1556 4307 1764 4377 propria
1791 4306 2067 4376 cujusque,
2091 4315 2206 4361 tum

647 4374 824 4440 adjuut
842 4385 889 4427 ta
930 4390 1024 4427 seu
1053 4390 1082 4426 c
1117 4376 1383 4442 guomina,
1408 4393 1500 4431 Sl'll
1527 4374 2012 4448 lii-mnatriittaiqua:
2033 4377 2206 4432 omnia

718 4494 741 4518 ο·
778 4486 839 4538 Ει
866 4483 1216 4537 Cassiodorus
1247 4483 1547 4535 Divinarum
1573 4483 1878 4536 Lectionum
1910 4499 1965 4536 ιι.

719 4553 743 4590 ιι
777 4555 830 4607 lu
858 4557 1089 4608 editione
1146 4555 1447 4622 podhuma,
1481 4569 1605 4607 cura
1636 4553 1878 4608 Labbei:
1913 4557 1977 4619 υ.
2025 4553 2214 4607 Fabius

2321 3267 2370 3319 in
2401 3268 2539 3320 aliis.
2581 3268 2844 3320 Caeterum
2867 3269 2916 3320 in
2946 3267 3043 3320 hac
3071 3269 3182 3336 ipsa
3209 3268 3404 3324 diversi
3440 3269 3704 3323 nominum
3753 3278 3857 3317 usus

2322 3337 2600 3401 varietate,
2626 3339 2725 3390 hoc
2748 3337 3092 3391 nihilomirus
3121 3339 3258 3406 quod
3286 3340 3393 3392 dixi
3421 3338 3775 3396 observabant,
3807 3343 3855 3384 ut

2319 3423 2377 3457 ea
2404 3406 2516 3460 fere
2543 3409 2741 3470 omnia,
2771 3417 2861 3460 ant
2884 3409 3134 3477 pleraque
3176 3423 3204 3461 a
3254 3410 3659 3477 consanguineis
3684 3416 3855 3477 cogita

2320 3477 2492 3544 lisque
2521 3473 2895 3540 desumerenti
2932 3473 3184 3532 nonnulla
3208 3481 3367 3532 etiam
3398 3473 3648 3546 tanquam
3668 3473 3855 3546 familia!

2315 3563 2350 3598 ιι
2385 3547 2397 3598 i
2427 3549 2592 3600 atoria
2637 3547 2876 3602 crebrius
2920 3548 3190 3602 iterarnt.
3229 3549 3344 3614 Quo
3392 3545 3556 3602 sensu
3598 3545 3859 3602 Trebellius

2322 3616 2487 3669 Pullo
2514 3616 2791 3671 Cen-orini
2817 3618 3024 3688 tyranni
3069 3619 3319 3672 familiam
3361 3619 3648 3672 Censiirini
3678 3616 3857 3688 nomine

2320 3691 2704 3754 I'requentatam
2734 3683 2934 3746 scribit.
2968 3700 3020 3742 et
3045 3688 3347 3742 Cassiodori
3372 3689 3689 3744 vocabulum
3732 3683 3859 3738 fami-

2322 3758 2403 3809 Ιιιε
2435 3772 2544 3830 sua:
2562 3759 2829 3830 proprium
2857 3758 3050 3830 asserit
3080 3759 3341 3830 senatori
3377 3759 3673 3830 Variarum,
3695 3757 3744 3830 2,
3771 3768 3857 3830 non

2318 3829 2456 3894 quod
2507 3825 2802 3882 extrahas
2851 3828 3076 3882 familias
3120 3828 3395 3882 Censorini
3450 3838 3542 3881 aut
3592 3825 3858 3882 Cassiodori

2318 3898 2445 3972 nulli
2472 3906 2806 3972 vocarentur.
2837 3900 2928 3953 sed
2958 3897 3101 3972 quod
3123 3900 3173 3951 in
3200 3898 3280 3952 his
3303 3899 3504 3972 duabus
3534 3899 3650 3952 lucc
3680 3898 3860 3972 nomina

2318 3967 2645 4037 frequentius
2672 3979 3004 4037 usurparent.
3066 3968 3130 4022 Ut
3179 3984 3291 4022 rem
3341 3967 3523 4037 paucis
3552 3967 3858 4037 cuncludam.

2315 4036 2500 4107 inedia:
2523 4039 2694 4092 astatis
2714 4036 2984 4092 nominum
3010 4038 3200 4106 duplex
3235 4036 3634 4107 quodammodo
3664 4040 3738 4092 lex
3764 4036 3859 4088 fuit.

2316 4105 2393 4158 Un
2413 4123 2447 4169 ι,
2485 4117 2538 4160 ιιι
2568 4107 2839 4176 proprium
2859 4105 3119 4176 cujusque
3148 4105 3341 4163 nomen
3364 4110 3612 4163 ultimum
3648 4112 3693 4161 in
3715 4110 3859 4159 locum

2313 4177 2667 4239 coojicerent:
2699 4179 2888 4238 altera,
2943 4191 3000 4232 ut
3050 4191 3158 4231 tmn
3199 4180 3468 4247 proprium
3521 4182 3623 4234 hoc
3669 4191 3856 4232 nomen.

2317 4251 2666 4316 tunrcretera,
2700 4249 2962 4303 interdum
3004 4249 3216 4315 quidem
3263 4249 3480 4304 aliunde
3511 4265 3610 4316 pro
3637 4247 3856 4302 arbitrio.

2319 4320 2374 4392 ut
2401 4314 2682 4382 plurimum
2739 4334 2866 4372 vero
2909 4336 2936 4371 a
2981 4314 3290 4388 propinquis
3333 4314 3615 4373 aitet-tibus
3658 4317 3860 4372 deducta

2319 4397 2675 4450 tmpOnerent.

2320 4489 2626 4566 Symmachi
2655 4498 2910 4563 epistolas
2939 4501 3077 4552 notis
3109 4499 3704 4562 illustravit,contendit
3733 4499 3865 4566 Sym-

2315 4563 2768 4636 machi,‘oratoris
2797 4569 2910 4633 lilii,
2943 4584 3132 4624 nomen
3161 4570 3323 4623 fuisse
3351 4571 3414 4636 ρ.
3457 4570 3698 4624 Flavium
3728 4563 3866 4621 Ment-

652 4621 917 4676 Mentmius
944 4621 1304 4694 Synnnuclms,
1333 4640 1395 4694 ea:
1423 4625 1603 4692 quibus
1635 4623 1783 4677 Fabii
1825 4640 2102 4694 cognomen
2131 4625 2211 4676 in-

639 4701 832 4745 rc-rtum
856 4709 918 4746 ea:
937 4691 1036 4761 quo
1061 4692 1288 4746 Memmii
1332 4693 1393 4746 ab
1437 4691 1558 4760 'avo,
1590 4704 1694 4749 etc.
1736 4696 1806 4749 At
1834 4691 2070 4758 Juretus,
2121 4699 2208 4762 qui
2244 4691 2292 4750 D

2317 4631 2478 4685 mium
2508 4631 2906 4721 Symmachuni.

799 4810 854 4819 __._
1013 4812 1173 4821 ...η
1231 4811 2740 4824 _____.__..________._.__._______
3369 4824 3411 4830 _,
3449 4823 3492 4830 __
3675 4824 3682 4828 _

1789 4911 1952 4962 ANNO
1997 4920 2223 4962 DOMINI
2269 4921 2669 4964 CCCCLXXX”.

1256 5047 3192 5324 PERPETUUS

1800 5372 2168 5430 EPISCOPIlS
2207 5377 2650 5435 τιῖιιοΝιιῑκεις.

1703 5552 2150 5627 ΝΟΤΙΤΙΑ
2216 5559 2348 5630 EX
2426 5561 2743 5635 CAVI‘T.

675 5661 808 5729 l’erp
844 5672 960 5718 tuus
980 5707 994 5729 ,
1021 5673 1179 5732 gente
1202 5665 1422 5728 Gallus,
1451 5681 1657 5734 genere
1685 5667 1978 5733 senatorio,
2023 5680 2170 5736 patre
2277 5673 2360 5724 cui
2391 5678 2647 5741 sanguine
2673 5688 2784 5728 erat
2817 5679 3164 5749 propinquus,
3193 5680 3242 5735 in
3267 5682 3392 5736 sedc
3419 5684 3537 5738 Turn
3564 5689 3726 5741 nonsi
3755 5701 3868 5742 suc-

604 5754 859 5816 νηπίη-ιιι
885 5769 1058 5816 orus,
1094 5770 1232 5807 anno
1259 5756 1358 5811 461
1394 5759 1470 5808 vel
1505 5759 1866 5825 pra-cedente,
1904 5758 2166 5816 Eutnchiu
2277 5779 2394 5818 cess
2421 5774 2457 5816 t.
2497 5763 2695 5820 Eodem
2735 5785 2874 5821 anno
2904 5787 2945 5823 c-
2971 5772 3131 5824 ncul'o
3166 5773 3458 5830 Turoni-nsi
3494 5795 3539 5837 ι,
3574 5793 3730 5834 anno
3769 5780 3868 5832 465
