4060 6332
192 378 282 434 753
1519 345 2055 417 Tt-zsntnsssml-

3322 350 3425 405 7.31

189 485 414 543 concilio
441 480 690 536 Venetico
733 478 984 532 interluit.
1020 478 1170 531 Auno
1201 474 1332 538 481,
1364 483 1632 526 exstructa
1665 488 1746 526 θυι
1782 479 1833 534 Α
1858 485 2009 524 usum
2031 467 2230 538 jejunia
2260 478 2313 523 et
2345 468 2566 537 vigilias,
2599 465 2825 536 qualiter
2859 479 2949 532 pcr
2980 463 3138 521 totius
3168 462 3288 516 anni
3316 462 3424 516 cir-

190 599 270 654 per
319 579 485 634 sancti
556 575 761 631 Martini
833 575 1136 642 sepu'crum
1190 571 1252 625 ba
1286 571 1404 624 ilica
1462 568 1746 622 admodum

187 671 445 743 splendida
494 679 543 723 et
595 666 870 737 magnifica
900 713 910 731 ,
943 665 1228 734 episcopos
1278 659 1631 729 provinciales
1679 657 1744 712 ad

187 766 407 824 eccmnia
439 760 584 814 illius
627 757 939 813 celebranda
968 756 1156 824 coegit.
1204 751 1345 806 Obiit
1369 767 1508 806 anno
1533 749 1637 805 490
1663 748 1743 802 vel

187 863 297 915 491.
350 857 536 912 Exstat
575 862 927 907 testamentum
969 859 1020 903 et
1065 847 1379 918 epitaphium
1431 845 1549 912 θ’]υὸ
1605 841 1741 912 apud

190 947 488 1004 ltarberiutu
521 944 765 1014 Spicih-g.
797 954 926 996 tom.
963 938 1026 992 ν.
1049 939 1101 992 In
1138 936 1385 991 Ecclesia'
1415 931 1741 987 Turonensis

1853 560 2032 615 culum
2063 557 2498 625 observarentur,
2532 558 2778 612 instituit.
2808 556 3058 610 Ordinem
3089 552 3155 606 ab
3181 567 3244 606 eo
3273 552 3425 605 insti-

1853 659 2020 705 tutum
2037 664 2101 704 ex
2121 648 2342 716 publicis
2359 647 2608 703 Ecclesiae
2622 646 2948 702 Turonensis
2975 645 3166 700 tabulis
3178 643 3348 700 exscri
3359 660 3416 712 p-

1849 754 1957 800 tum
2003 743 2218 799 exbibet
2255 741 2538 812 Gregorius
2574 725 2928 804 Turonensis,
2976 737 3113 793 Hist.
3154 737 3220 792 de
3247 735 3423 792 Cestis

1849 837 2060 899 Franc.,
2092 835 2182 888 lib.
2216 849 2269 898 x,
2292 847 2406 903 cap.
2443 833 2530 888 50.

195 1049 3405 1100 Μ..-

302 1191 1460 1302 TES'I‘AMENTUM
1590 1131 2410 1286 venemur“
2538 1177 3302 1283 EPISCOPI.

246 1505 299 1560 ln
342 1505 560 1559 nomine
595 1501 720 1557 .lesu
767 1500 992 1563 Christi,
1034 1501 1226 1556 Amen.
1283 1497 1398 1566 Ego
1454 1495 1748 1563 Perpetuus

184 1603 447 1662 peccator,
475 1593 756 1648 Turouica:
808 1589 1060 1646 Ecclesia:
1101 1588 1372 1651 sacerdos,
1421 1585 1568 1640 abire
1607 1582 1749 1638 nolui

183 1688 288 1743 sine
318 1694 660 1748 testamento,
694 1698 759 1736 ne
787 1681 1095 1737 fraudentur
1130 1693 1387 1748 properes
1419 1677 1481 1731 iis
1506 1691 1622 1745 qu:e
1657 1690 1749 1727 su-

185 1795 333 1850 [terna
367 1779 539 1848 gratia
570 1776 697 1831 mihi
737 1790 840 1830 non
877 1775 1069 1830 merito
1095 1773 1385 1828 liberaliter
1426 1778 1480 1825 et
1512 1777 1752 1822 amanter

1853 1504 1948 1545 cro
1960 1487 2326 1546 indelicienter
2342 1488 2685 1544 illustrando:
2705 1489 2845 1560 quod
2863 1487 2907 1544 si
2925 1486 3084 1543 fuerit
3110 1487 3429 1558 neglectum,

1855 1590 1908 1637 et
1936 1582 2180 1636 voluntas
2207 1597 2348 1647 mea,
2389 1581 2532 1653 quod
2564 1597 2670 1636 non
2712 1595 2894 1649 spero,
2925 1594 3100 1644 cassa,
3134 1578 3278 1634 dicta
3315 1578 3434 1632 villa

1856 1676 1923 1732 de
1968 1676 2268 1732 Bertiniaeo
2304 1691 2425 1732 cum
2465 1676 2756 1746 adjunctis,
2793 1675 3097 1731 breredibus
3142 1674 3275 1730 meis
3314 1688 3435 1728 mox

1860 1769 2198 1826 nominandis
2221 1770 2398 1837 cedat,
2430 1770 2571 1835 volo,
2596 1778 2797 1834 statuo,
2824 1767 3007 1837 iubeo.

181 1871 428 1935 contulit;
459 1879 627 1935 etne,
651 1867 792 1937 quod
829 1868 988 1932 abst,
1018 1873 1290 1919 transeant
1319 1862 1385 1916 ad
1431 1861 1564 1915 alios
1594 1875 1751 1928 quant
1788 1897 1829 1955 Β
1928 1860 2198 1929 Quidquid
2224 1868 2282 1916 et
2311 1874 2523 1931 quoquo
2555 1860 2606 1916 in
2647 1860 2788 1923 locn,
2832 1870 2882 1912 et
2917 1873 2946 1912 a
2981 1872 3299 1927 quacunque
3326 1873 3437 1925 per-

181 1962 241 2016 ad
269 1960 565 2016 Ecclesiam
591 1957 887 2012 sacerdotis
918 1956 1074 2010 bona.

246 2051 606 2121 Presbyteris,
643 2049 958 2105 diaconihus
997 2057 1048 2102 et
1087 2046 1296 2102 clericis
1337 2043 1588 2100 Ecclesiae
1624 2056 1757 2097 mea:

182 2157 357 2211 pacem
392 2141 602 2196 Domini
625 2139 750 2196 Jesu
767 2139 965 2194 Christi
993 2137 1082 2202 do,
1109 2139 1247 2207 lego,
1277 2135 1464 2190 Amen.
1485 2134 1754 2188 Coulirma

184 2234 297 2296 hoc,
333 2233 587 2299 Domine,
639 2230 777 2300 quod
807 2239 1059 2298 cperatus
1087 2243 1146 2283 es
1184 2229 1235 2282 in
1287 2226 1472 2289 nobis;
1521 2224 1758 2280 nesciant

179 2326 488 2387 schismata,
526 2323 746 2377 stabiles
798 2324 850 2375 in
897 2321 1000 2375 fide
1041 2328 1424 2390 permaneant;
1459 2317 1758 2386 quicunque

180 2417 419 2486 regulam
447 2415 712 2484 Evangelii
750 2414 908 2468 fuerit
935 2426 1174 2477 secutus,
1195 2411 1266 2465 sit
1287 2410 1592 2464 bene-lictus
1612 2407 1755 2462 omni

182 2507 557 2564 benedictione
592 2507 855 2576 spirituali
889 2511 938 2560 in
975 2505 1221 2575 supernis
1250 2519 1344 2573 per
1373 2501 1642 2556 Christum
1670 2500 1758 2555 .le-

180 2616 313 2666 sum,
344 2603 541 2656 Arnen.
578 2599 642 2652 Et
665 2597 917 2652 Dominus
945 2597 1102 2652 Jesus
1127 2595 1330 2651 occidat
1361 2596 1576 2661 impium
1600 2601 1759 2647 vento

179 2694 283 2746 oris
315 2692 426 2754 sui,
468 2693 662 2754 Amen,
697 2689 888 2743 Amen.
937 2688 1041 2741 l’ax
1094 2685 1368 2749 Eccle-iaa,
1411 2701 1510 2754 pax
1543 2683 1753 2752 pepnlo,

180 2781 228 2834 in
256 2781 414 2845 urbe,
439 2783 490 2834 in
517 2796 644 2850 agro
673 2795 701 2833 a
737 2779 845 2835 Deo
872 2788 927 2833 et
957 2779 1111 2833 Patre
1142 2778 1349 2832 Domini
1387 2775 1509 2831 Jesu
1539 2775 1758 2840 Christi,

181 2873 370 2926 Amen.
407 2871 562 2935 Veni,
589 2871 830 2938 Domine,
853 2879 908 2924 et
936 2870 1040 2924 noli
1065 2869 1350 2932 sustinere,
1381 2871 1565 2922 Amen.
1601 2867 1762 2922 Vobis

181 2964 358 3032 itaque
406 2962 754 3034 presbyteris,
795 2961 1109 3016 diaconibus
1155 2969 1210 3015 et
1249 2959 1460 3014 clericis
1509 2958 1761 3014 Ecclesia:

181 3070 311 3109 mea:
339 3069 464 3109 cum
495 3054 722 3108 consilio
753 3051 994 3121 Agilonis
1026 3051 1236 3106 comitis
1264 3050 1627 3118 sepeliendum
1668 3065 1762 3103 ca-

178 3144 342 3199 daver
392 3146 579 3198 mortis
617 3143 773 3214 hujus
790 3144 1105 3214 pbicunque
1137 3142 1427 3212 elegi-ritis,
1479 3141 1759 3210 permitto:

1859 1967 1990 2007 soua
2015 1952 2174 2008 fuerit
2198 1950 2329 2008 mihi
2351 1951 2610 2014 debitum,
2633 1966 2742 2020 quo
2766 1950 2852 2004 die
2873 1949 2982 2005 abs-
3003 1962 3208 2014 essem,
3234 1948 3438 2003 debitu-

1860 2045 2004 2100 ribu~
2038 2044 2166 2114 ipsis
2207 2043 2299 2106 do,
2351 2044 2486 2114 lego.
2531 2043 2759 2113 Exigere
2804 2043 2944 2113 quod
3004 2042 3214 2097 dimitto
3264 2042 3440 2096 nullus

1861 2150 2170 2208 prmsumat,
2207 2137 2350 2204 volo,
2384 2146 2482 2191 stat
2497 2151 2585 2190 uo.

1930 2231 2047 2287 Tibi
2068 2231 2214 2286 fratri
2234 2240 2288 2287 et
2303 2231 2670 2286 consacerdoti
2690 2230 3038 2285 dilectissimo
3052 2229 3307 2284 Eufronio
3329 2229 3439 2282 tlte-

1859 2337 1977 2378 cam
2004 2337 2069 2378 ex
2098 2330 2318 2391 argento
2338 2321 2408 2377 de
2427 2321 2664 2391 reliquiis
2686 2330 2991 2375 sanctorum
3015 2320 3106 2385 do,
3136 2321 3272 2389 lego.
3293 2319 3440 2373 Illam

1861 2413 2099 2482 intelligo
2121 2427 2278 2483 quam
2296 2412 2506 2467 deferre
2521 2411 2756 2466 solebam
2776 2428 2790 2475 ;
2816 2425 2937 2464 nam
2955 2410 3261 2466 deauratam
3279 2410 3440 2462 a'iam

1859 2519 1978 2574 quae
2007 2515 2090 2562 est
2121 2504 2173 2558 in
2208 2518 2451 2572 capsarto
2480 2519 2620 2569 meo,
2652 2518 2773 2558 cum
2814 2501 3024 2557 duobus
3066 2500 3320 2555 calicibus
3349 2515 3442 2552 au-

1862 2597 1992 2663 reis,
2025 2604 2080 2650 et
2105 2609 2265 2650 cruce
2290 2595 2536 2650 similiter
2565 2610 2749 2660 aurea,
2778 2608 2936 2664 quam
2978 2593 3257 2648 Mabuinus
3296 2591 3442 2654 fecit,

1864 2687 2118 2744 Ecclesia:
2143 2700 2278 2741 mea:
2304 2687 2393 2750 do,
2426 2686 2565 2757 lego.
2597 2685 2765 2742 Simul
2784 2695 2839 2740 et
2856 2698 3045 2738 omnes
3071 2683 3236 2737 libros
3267 2697 3439 2738 meos.

1865 2789 2058 2850 prater
2083 2779 2489 2847 Evangeliorum
2529 2777 2745 2840 librum,
2775 2791 2930 2845 quem
2961 2774 3172 2841 scripsit
3213 2770 3444 2826 llilarius

1863 2870 2132 2938 quondam
2177 2868 2530 2925 Pictaviensis
2563 2867 2837 2932 sacerdos,
2862 2880 3019 2934 quem
3046 2864 3138 2918 tibi
3192 2862 3444 2916 Eufronio

1868 2962 2016 3017 fratri
2041 2971 2095 3018 et
2121 2961 2511 3026 consacerdoti,
2529 2959 2878 3014 dilectissimo
2903 2972 3024 3011 cum
3045 2956 3262 3023 praefata
3288 2957 3438 3008 theca

1865 3055 1956 3122 do,
1989 3055 2130 3124 lego,
2158 3055 2300 3121 volo,
2333 3063 2525 3108 statuo.
2560 3053 2759 3107 Memor
2788 3060 2905 3106 esto
2927 3028 3052 3113 niei,
3082 3050 3271 3103 Amen.

1939 3148 2190 3205 Ecclesia
2219 3147 2385 3202 sancti
2422 3145 2654 3216 Dionysii
2690 3143 2758 3199 de
2796 3141 3071 3197 Rambasci
3093 3154 3190 3204 .co,
3217 3138 3437 3195 calicem

179 3238 290 3292 scio
320 3239 462 3308 quod
498 3239 819 3308 lledemptor
859 3253 1008 3293 meus
1039 3253 1143 3292 non
1176 3237 1422 3301 moritur,
1445 3245 1499 3290 et
1525 3235 1576 3289 in
1599 3249 1760 3289 carne

1866 3253 2197 3315 argenteum,
2231 3252 2284 3298 et
2316 3256 2529 3297 crucem
2577 3239 2824 3294 similiter
2849 3245 3153 3304 argenteam
3199 3236 3251 3289 in
3291 3234 3441 3301 cujus

177 3331 375 3386 videbo
405 3333 742 3387 liberatorem
774 3348 972 3396 meum,
1000 3333 1190 3386 Amen.
1216 3330 1418 3384 Tamen
1453 3330 1495 3383 si
1546 3328 1763 3400 indigno

176 3422 314 3476 mihi
342 3421 577 3477 feceritis
608 3423 1049 3487 misericordiam,
1078 3437 1234 3490 quam
1266 3421 1488 3490 supplex
1530 3421 1760 3487 postulo,

173 3522 424 3578 optarem
459 3512 522 3564 ad
553 3511 752 3565 domini
791 3512 997 3566 Martini
1036 3514 1198 3581 pedes
1225 3514 1276 3566 in
1306 3513 1448 3566 diem
1486 3513 1762 3580 quiescere

172 3600 366 3668 iudicii
398 3618 408 3650 :
447 3602 708 3664 viderim,
754 3602 1080 3669 judicabitis,
1110 3603 1348 3669 eligetis;
1394 3603 1533 3664 volo,
1564 3613 1760 3667 statuo,

172 3702 358 3747 ratum
389 3692 551 3761 jnbeo
590 3693 731 3763 quod
779 3694 926 3748 vobis
953 3694 1183 3748 dominis
1226 3704 1280 3749 et
1337 3695 1585 3749 fratribus
1634 3695 1767 3749 meis

172 3785 466 3854 placuerit.

249 3874 523 3942 Imprimis
576 3875 751 3945 itaque
789 3891 888 3946 ego
917 3876 1206 3946 Perpetuus
1242 3873 1363 3930 volo
1417 3876 1614 3931 liberos
1649 3890 1768 3931 esse

172 3967 491 4034 liberasque
538 3965 783 4023 homines
820 3978 869 4023 et
915 3967 1138 4024 feminas
1187 3976 1448 4038 quotquot
1491 3967 1660 4023 habeo
1713 3969 1766 4023 in

173 4059 301 4112 villa
355 4056 668 4126 Saponaria,
711 4073 844 4128 quos
896 4061 1002 4114 emi
1050 4060 1116 4114 de
1165 4075 1280 4114 mea
1331 4058 1573 4128 pecunia,
1623 4068 1679 4112 nt
1716 4068 1769 4113 ct
1812 4093 1814 4096 -

179 4164 403 4217 pueros,
436 4164 568 4218 quos
601 4152 651 4204 in
675 4150 761 4206 dic
783 4151 1050 4205 discessus
1073 4153 1174 4205 mei
1202 4165 1306 4205 non
1333 4150 1692 4205 manumisero
1715 4152 1766 4204 in

178 4242 459 4296 Ecclesia:
495 4243 564 4295 ita
599 4251 772 4296 tamen
803 4251 861 4296 ut
891 4243 1057 4296 libere
1085 4241 1588 4310 serviant,quandiu
1616 4241 1765 4295 vise-

180 4332 229 4386 r't
265 4342 306 4391 t.
338 4331 592 4387 Ecclesiae
624 4349 776 4397 mem,
801 4333 892 4388 sed
927 4333 1128 4404 absque
1147 4337 1404 4389 servitute
1429 4334 1494 4388 ad
1526 4335 1766 4390 literedes

182 4422 581 4476 transmissibili
609 4433 662 4477 et
688 4424 969 4493 glebatica.

252 4513 334 4566 Do
371 4514 532 4567 etiam
578 4513 829 4569 Ecclesia
872 4531 1004 4569 mea:
1058 4531 1242 4585 agrum
1287 4531 1444 4585 quem
1504 4515 1767 4585 Aligarius

1869 3335 2149 3390 manubrio
2170 3343 2251 3389 est
2271 3333 2492 3402 reliquia
2510 3331 2577 3388 de
2598 3331 2785 3387 eodem
2807 3329 2864 3384 S.
2891 3326 3163 3398 Dionysio,
3191 3325 3277 3389 do,
3305 3326 3385 3392 leg
3410 3347 3438 3378 -.

1940 3428 2191 3483 Eccle~iaa
2219 3428 2288 3482 de
2332 3425 2549 3481 Proillio
2594 3423 2838 3480 similiter
2867 3422 3088 3477 calicem
3136 3431 3441 3488 argenteum

1867 3530 1921 3574 et
1950 3535 2142 3574 urccos
2168 3531 2452 3589 argenteos
2498 3518 2588 3581 do,
2623 3517 2761 3584 lego.
2792 3514 3050 3570 Similiter
3076 3522 3126 3566 ct
3178 3511 3447 3564 Amalario

1869 3618 2060 3671 ibidem
2109 3612 2428 3682 presbytero
2465 3607 2735 3678 capsulam
2788 3620 2944 3659 unam
2993 3616 3329 3657 communem
3380 3600 3446 3653 de

1869 3708 2062 3770 serico,
2097 3705 2222 3757 item
2253 3699 2611 3770 peristerium,
2645 3706 2699 3751 et
2719 3696 3020 3751 columbam
3044 3706 3348 3760 argenteam
3381 3693 3444 3742 ad

1871 3794 2272 3864 repositorium,
2305 3791 2404 3844 nisi
2443 3788 2686 3843 maluerit
2730 3784 2967 3839 Ecclesia
3014 3797 3132 3836 mea
3163 3782 3304 3836 il'arn
3345 3795 3446 3848 qua

1871 3890 2036 3942 utitur
2056 3885 2228 3939 eidem
2265 3879 2532 3936 Amalario
2560 3876 2944 3938 transmittere,
2973 3888 3141 3928 meam
3176 3873 3406 3927 retinere
3433 3890 3444 3923 :

1872 3977 1964 4033 tibi
1991 3975 2244 4030 Ecclesia:
2272 3986 2405 4026 inca:
2431 3968 2734 4038 eliget-dum
2768 3967 3037 4036 permitto,
3078 3965 3216 4031 volo,
3250 3971 3448 4019 statuo.

1941 4067 2123 4124 Sorori
2150 4080 2283 4121 mea:
2313 4063 2475 4118 Fidia:
2502 4061 2651 4117 iuliae
2681 4060 2959 4127 Perpetua:
2991 4071 3202 4111 crucem
3233 4070 3448 4126 parvam

1869 4175 2092 4228 auream
2120 4173 2183 4214 ex
2212 4155 2585 4218 emblasmate,
2618 4152 2669 4205 in
2699 4167 2800 4222 qua
2830 4157 2954 4204 sunt
2981 4149 3049 4205 de
3080 4148 3319 4217 reliquiis
3345 4147 3421 4201 Do
3441 4178 3453 4190 -

1871 4251 2017 4314 mini,
2044 4249 2134 4317 do,
2169 4250 2305 4317 lego.
2329 4248 2496 4312 Quam
2535 4253 2716 4298 tamen
2744 4242 2944 4296 obnixe
2989 4248 3226 4309 rogatam
3263 4238 3444 4299 velim,

1868 4351 1927 4398 ut
1953 4342 1997 4396 si
2030 4340 2187 4404 forte,
2216 4338 2436 4408 iubente
2469 4336 2716 4398 Dom‘no,
2745 4347 2867 4389 eam
2905 4333 3179 4402 contingat
3223 4332 3451 4400 migrare

1869 4443 1992 4488 ante
2032 4431 2349 4491 Dadolenam
2395 4428 2676 4496 virginem,
2717 4425 2974 4480 Ecclesia:
3020 4439 3153 4477 mea:
3187 4423 3237 4477 ei
3280 4423 3451 4491 possi-

1869 4525 2098 4581 dendam
2122 4523 2404 4591 relinquat.
2430 4520 2506 4574 Te
2526 4520 2686 4573 etiam
2717 4532 2866 4587 rogo,
2896 4531 3048 4569 soror
3074 4514 3362 4576 Dadolena,
3397 4526 3448 4566 ut

1872 4616 2107 4653 mne-inn:
2126 4627 2243 4653 nam
2263 4610 2517 4653 Ret-lmine
2542 4623 2663 4653 ﬂllm
2688 4607 2901 4653 libuerit
2920 4605 3156 4653 addicas.
3182 4619 3247 4653 ne
3279 4548 3475 4653 venisti

179 4606 311 4658 mihi
345 4605 584 4660 vendidit
629 4605 680 4659 itt
719 4607 857 4660 dicta
890 4607 1011 4660 villa
1045 4608 1356 4676 Saponaria,
1402 4623 1522 4661 cum
1553 4618 1761 4677 stagno.
1794 4614 1842 4673 D
1872 4616 2107 4671 moriens
2126 4627 2244 4667 eam
2263 4610 2517 4664 Ecclesia:
2542 4623 2663 4676 qua:
2688 4607 2901 4660 libuerit
2920 4605 3156 4666 addicas,
3182 4619 3247 4656 ne
3279 4603 3450 4656 veniat

183 4699 313 4752 item
347 4699 660 4752 tnoleudina
701 4714 857 4767 supra
888 4699 1082 4753 Carum
1125 4715 1290 4768 prope
1325 4700 1520 4753 dictant
1545 4701 1763 4764 villam;

185 4805 279 4844 nec
304 4807 416 4844 non
443 4794 684 4859 pecuaria
715 4804 761 4847 et
782 4801 926 4861 prata
952 4793 1048 4861 ipsi
1081 4792 1332 4846 Ecclesiae
1357 4809 1487 4846 mea:
1507 4791 1599 4858 do,
1623 4791 1774 4862 lego.

257 4884 452 4937 Villam
483 4885 549 4938 de
573 4884 872 4939 Bertiniaco
895 4901 1017 4938 cum
1052 4887 1199 4954 sylva
1224 4894 1279 4938 et
1301 4885 1445 4937 omni
1485 4883 1678 4950 reditu,
1704 4899 1764 4938 ea

180 4978 499 5032 conditione
531 4993 632 5046 qua
667 4977 794 5031 tnihi
832 4992 862 5032 a
895 4975 1111 5031 Daniele
1141 4977 1366 5030 diacono
1407 4975 1616 5030 vendita
1663 4985 1763 5040 est,

185 5069 450 5125 Ecclesia:
472 5085 604 5123 mere
630 5071 826 5138 pariter
843 5071 932 5134 do,
960 5069 1188 5138 legtha
1215 5069 1568 5129 tamen.uttle
1581 5083 1766 5122 eorum

187 5163 536 5230 proventibus
561 5163 736 5217 oleum
765 5172 977 5230 paretur
1004 5177 1101 5229 pro
1130 5162 1329 5215 domini
1362 5160 1569 5214 Martini
1595 5160 1771 5231 sepul-

256 5370 280 5398 ⁸
308 5361 502 5416 Nobile
533 5361 654 5424 hoc,
684 5362 756 5414 ait
788 5361 1069 5420 Acberius,
1099 5361 1427 5428 antiquitatis
1457 5375 1763 5415 monumen-

185 5442 318 5492 tum,
351 5433 497 5500 quod
533 5431 592 5484 ν.
621 5430 684 5485 C.
720 5432 1072 5499 Hieronymus
1103 5431 1380 5498 Vignerius
1408 5431 1512 5498 iam
1559 5430 1760 5500 pridem

184 5502 342 5565 eruit,
376 5502 518 5556 nulla
547 5511 667 5569 eget
710 5502 1104 5555 observatione.
1134 5501 1473 5553 Convordant
1509 5504 1759 5554 universa

188 5570 236 5623 in
268 5586 334 5624 eo
360 5581 612 5626 contenta
636 5586 754 5624 eum
776 5574 892 5639 jure
921 5571 1168 5623 Ca-sareo
1199 5570 1608 5638 p0:tliiici0t|tlt‘.;
1640 5585 1765 5622 con-

188 5659 261 5693 cn-
281 5643 414 5693 dant
436 5657 555 5694 eum
591 5642 757 5694 Fastis
786 5640 1191 5701 consularibus;
1216 5640 1473 5693 concorda
1518 5650 1535 5690 t
1563 5655 1680 5692 cum
1707 5639 1769 5691 iis

190 5719 302 5778 ιμυυ
332 5714 400 5764 de
431 5713 688 5776 I'erpetuo
731 5721 909 5765 narrat
949 5712 1236 5777 Gregorius
1271 5709 1609 5762 Florou'iuus
1647 5725 1765 5775 cap.

188 5782 218 5831 ii
243 5801 247 5828 :
273 5779 575 5850 .Peipeluus
599 5785 660 5834 dc
688 5799 863 5851 genere
895 5793 936 5836 et
971 5783 1096 5848 ipse,
1127 5792 1179 5834 κε
1211 5782 1375 5842 aitttt',
1408 5782 1688 5845 senatorio,
1723 5790 1767 5835 ct

1873 4707 1936 4760 ad
1967 4704 2230 4770 indignos.
2263 4699 2412 4767 Quod
2455 4698 2501 4752 si
2540 4704 2774 4750 transeat
2806 4694 3070 4748 Dadolena
3117 4703 3240 4747 ante
3283 4703 3353 4757 te,
3385 4693 3454 4744 sit

1875 4797 1967 4850 tibi
2012 4794 2259 4859 liberum,
2299 4787 2572 4845 carissima
2619 4800 2772 4838 soror
2811 4783 2956 4838 Fidia
2984 4784 3122 4838 .lulia
3153 4784 3412 4852 Perpetua
3439 4824 3452 4849 ,

1876 4883 2426 4955 prmdictanhcrucem
2453 4878 2537 4931 cui
2570 4876 2799 4930 volueris
2830 4875 3082 4930 Ecclesiae
3121 4875 3456 4942 relinquere,

1873 4978 2014 5040 volo,
2047 4982 2241 5030 statuo.
2273 4971 2474 5025 Memor
2496 4976 2614 5023 esto
2639 4965 2766 5034 mei,
2789 4966 3158 5032 dilectissima,
3191 4967 3382 5020 Amen.

1946 5066 2062 5121 Tibi
2101 5062 2308 5134 Agiloni
2356 5060 2540 5117 comiti
2578 5057 2648 5114 ob
2684 5057 2894 5129 egregia
2935 5066 3021 5110 tua
3069 5057 3120 5111 in
3161 5057 3452 5111 Ecclesiant

1883 5173 2078 5218 meam,
2107 5165 2159 5210 et
2189 5166 2449 5224 pauperes
2480 5150 2616 5206 filios
2645 5164 2794 5204 meos
2831 5147 3040 5210 merita.
3073 5156 3127 5202 et
3171 5157 3226 5201 ut
3268 5161 3458 5216 pergas

1872 5357 2186 5430 propinquus
2207 5353 2497 5430 decessoris
2537 5352 2615 5430 sui
2641 5368 2657 5404 :
2681 5351 2821 5430 dipes
2858 5352 3021 5430 polite,
3054 5358 3119 5429 et.
3146 5365 3234 5430 per
3268 5349 3454 5430 mili/tas

1874 5416 2099 5482 'civi'tate's
2130 5426 2318 5480 habens
2349 5425 2708 5493 possessiones.
2741 5420 2805 5473 Et
2826 5421 2945 5493 aliis
2970 5416 3259 5493 interjectis
3285 5416 3453 5493 :‘Con-

1876 5501 2102 5567 diditque
2124 5488 2497 5567 testatiteritum,
2523 5503 2566 5546 et
2599 5491 2854 5567 deputavit
2895 5507 2984 5567 per
3013 5491 3238 5567 singulos
3263 5488 3452 5567 ficitu-

1874 5581 1942 5623 tes
1983 5559 2117 5638 quod
2160 5559 2664 5638 possidebat,iu__eis
2695 5561 2814 5638 ipsis
2850 5561 3037 5638 scilicet
3076 5559 3315 5638 EArcIesiis
3354 5573 3454 5609 non

1877 5629 2122 5691 modicam
2149 5629 2191 5689 et
2225 5635 2476 5688 Turonicu
2510 5629 2728 5682 tributus
2768 5631 3073 5696 fricttltutem.
3107 5632 3252 5684 Sedit
3287 5639 3451 5679 nutrm

1876 5727 2032 5760 unitos
2066 5709 2292 5772 triqiuta,
2323 5716 2367 5757 et
2400 5702 2624 5769 sepultus
2656 5711 2726 5753 est
2765 5704 2812 5750 in
2847 5700 3054 5752 bastftca
3105 5701 3278 5754 δοκι-η
3315 5698 3454 5750 Mm-

1880 5783 1988 5834 (tut.
