  <div class='ocr_page' id='page_1' title='image "/cluster/home/n/w/nwhite01/storage/ocr_20150623/58/hvd.32044015706401/383.png"; bbox 0 0 4060 6332; ppageno 0'>
   <div class='ocr_carea' id='block_1_1' title="bbox 593 304 3824 401">
    <p class='ocr_par' dir='ltr' id='par_1_1' title="bbox 593 304 3824 401">
     <span class='ocr_line' id='line_1_1' title="bbox 593 304 3824 401; baseline -0.002 -3"><span class='ocrx_word' id='word_1_1' title='bbox 593 344 692 401; x_wconf 70' lang='lat'><strong>755</strong></span> <span class='ocrx_word' id='word_1_2' title='bbox 1739 304 2072 395; x_wconf 75' lang='lat' dir='ltr'><strong>cnuEAL-ts</strong></span> <span class='ocrx_word' id='word_1_3' title='bbox 2107 336 2608 393; x_wconf 62' lang='lat' dir='ltr'><strong>tznsrmmnsts</strong></span> <span class='ocrx_word' id='word_1_4' title='bbox 2649 328 2948 391; x_wconf 79' lang='lat' dir='ltr'><strong>LPISCUPI</strong></span> <span class='ocrx_word' id='word_1_5' title='bbox 3246 372 3251 375; x_wconf 82' lang='grc'><strong>-</strong></span> <span class='ocrx_word' id='word_1_6' title='bbox 3719 338 3824 396; x_wconf 79' lang='lat'><strong>756</strong></span> 
     </span>
    </p>
   </div>
   <div class='ocr_carea' id='block_1_2' title="bbox 594 450 3822 523">
    <p class='ocr_par' dir='ltr' id='par_1_2' title="bbox 594 450 3822 523">
     <span class='ocr_line' id='line_1_2' title="bbox 594 450 3822 523; baseline 0 -15"><span class='ocrx_word' id='word_1_7' title='bbox 594 466 773 509; x_wconf 80' lang='lat' dir='ltr'><strong>eorum</strong></span> <span class='ocrx_word' id='word_1_8' title='bbox 803 454 1155 508; x_wconf 76' lang='lat' dir='ltr'><strong>defensionem</strong></span> <span class='ocrx_word' id='word_1_9' title='bbox 1203 452 1418 509; x_wconf 88' lang='lat' dir='ltr'><strong>robuste</strong></span> <span class='ocrx_word' id='word_1_10' title='bbox 1456 455 1725 523; x_wconf 81' lang='lat' dir='ltr'><strong>sus:-ipere</strong></span> <span class='ocrx_word' id='word_1_11' title='bbox 1751 455 1883 508; x_wconf 76' lang='lat' dir='ltr'><strong>sicut</strong></span> <span class='ocrx_word' id='word_1_12' title='bbox 1914 454 2144 522; x_wconf 61' lang='lat' dir='ltr'><strong>coepisti,</strong></span> <span class='ocrx_word' id='word_1_13' title='bbox 2178 462 2226 521; x_wconf 76' lang='grc' dir='ltr'><strong>Α</strong></span> <span class='ocrx_word' id='word_1_14' title='bbox 2253 469 2338 509; x_wconf 86' lang='lat' dir='ltr'><strong>res</strong></span> <span class='ocrx_word' id='word_1_15' title='bbox 2376 451 2598 518; x_wconf 76' lang='lat' dir='ltr'><strong>Christi,</strong></span> <span class='ocrx_word' id='word_1_16' title='bbox 2632 453 2780 523; x_wconf 85' lang='lat' dir='ltr'><strong>egeni</strong></span> <span class='ocrx_word' id='word_1_17' title='bbox 2824 452 3075 515; x_wconf 82' lang='lat' dir='ltr'><strong>mendici,</strong></span> <span class='ocrx_word' id='word_1_18' title='bbox 3123 450 3271 520; x_wconf 68' lang='lat' dir='ltr'><strong>mgni.</strong></span> <span class='ocrx_word' id='word_1_19' title='bbox 3317 452 3509 519; x_wconf 73' lang='lat' dir='ltr'><strong>vidum,</strong></span> <span class='ocrx_word' id='word_1_20' title='bbox 3564 454 3822 523; x_wconf 57' lang='lat' dir='ltr'><strong>orpltani;</strong></span> 
     </span>
    </p>
   </div>
   <div class='ocr_carea' id='block_1_3' title="bbox 588 541 2150 615">
    <p class='ocr_par' dir='ltr' id='par_1_3' title="bbox 588 541 2150 615">
     <span class='ocr_line' id='line_1_3' title="bbox 588 541 2150 615; baseline -0.001 -16"><span class='ocrx_word' id='word_1_21' title='bbox 588 559 786 614; x_wconf 86' lang='lat' dir='ltr'><strong>equum</strong></span> <span class='ocrx_word' id='word_1_22' title='bbox 812 557 987 597; x_wconf 91' lang='lat' dir='ltr'><strong>meum</strong></span> <span class='ocrx_word' id='word_1_23' title='bbox 1017 542 1327 612; x_wconf 79' lang='lat' dir='ltr'><strong>parabilem,</strong></span> <span class='ocrx_word' id='word_1_24' title='bbox 1350 551 1403 597; x_wconf 90' lang='lat' dir='ltr'><strong>et</strong></span> <span class='ocrx_word' id='word_1_25' title='bbox 1428 543 1625 597; x_wconf 86' lang='lat' dir='ltr'><strong>mulum</strong></span> <span class='ocrx_word' id='word_1_26' title='bbox 1644 559 1799 615; x_wconf 86' lang='lat' dir='ltr'><strong>quem</strong></span> <span class='ocrx_word' id='word_1_27' title='bbox 1826 543 2048 612; x_wconf 79' lang='lat' dir='ltr'><strong>elegeris</strong></span> <span class='ocrx_word' id='word_1_28' title='bbox 2062 541 2150 606; x_wconf 84' lang='lat' dir='ltr'><strong>do,</strong></span> 
     </span>
    </p>
   </div>
   <div class='ocr_carea' id='block_1_4' title="bbox 594 634 1941 705">
    <p class='ocr_par' dir='ltr' id='par_1_4' title="bbox 594 634 1941 705">
     <span class='ocr_line' id='line_1_4' title="bbox 594 634 1941 705; baseline 0 -15"><span class='ocrx_word' id='word_1_29' title='bbox 594 636 726 705; x_wconf 88' lang='lat' dir='ltr'><strong>lego.</strong></span> <span class='ocrx_word' id='word_1_30' title='bbox 756 634 959 690; x_wconf 75' lang='lat' dir='ltr'><strong>Memor</strong></span> <span class='ocrx_word' id='word_1_31' title='bbox 980 643 1095 690; x_wconf 67' lang='lat' dir='ltr'><strong>esto</strong></span> <span class='ocrx_word' id='word_1_32' title='bbox 1117 636 1244 697; x_wconf 87' lang='lat' dir='ltr'><strong>mei,</strong></span> <span class='ocrx_word' id='word_1_33' title='bbox 1276 635 1345 689; x_wconf 87' lang='lat' dir='ltr'><strong>lili</strong></span> <span class='ocrx_word' id='word_1_34' title='bbox 1370 634 1731 704; x_wconf 81' lang='lat' dir='ltr'><strong>dilectissime,</strong></span> <span class='ocrx_word' id='word_1_35' title='bbox 1753 639 1941 691; x_wconf 78' lang='lat' dir='ltr'><strong>A-men.</strong></span> 
     </span>
    </p>
   </div>
   <div class='ocr_carea' id='block_1_5' title="bbox 664 724 2152 799">
    <p class='ocr_par' dir='ltr' id='par_1_5' title="bbox 664 724 2152 799">
     <span class='ocr_line' id='line_1_5' title="bbox 664 724 2152 799; baseline 0 -18"><span class='ocrx_word' id='word_1_36' title='bbox 664 725 911 781; x_wconf 73' lang='lat' dir='ltr'><strong>Ecclesia:</strong></span> <span class='ocrx_word' id='word_1_37' title='bbox 928 726 991 780; x_wconf 79' lang='lat' dir='ltr'><strong>S.</strong></span> <span class='ocrx_word' id='word_1_38' title='bbox 1023 724 1166 782; x_wconf 81' lang='lat' dir='ltr'><strong>Petri</strong></span> <span class='ocrx_word' id='word_1_39' title='bbox 1192 727 1561 798; x_wconf 87' lang='lat' dir='ltr'><strong>peristromata</strong></span> <span class='ocrx_word' id='word_1_40' title='bbox 1588 742 1709 799; x_wconf 73' lang='lat' dir='ltr'><strong>quas</strong></span> <span class='ocrx_word' id='word_1_41' title='bbox 1738 729 1783 783; x_wconf 87' lang='lat' dir='ltr'><strong>ei</strong></span> <span class='ocrx_word' id='word_1_42' title='bbox 1810 727 1875 782; x_wconf 88' lang='lat' dir='ltr'><strong>ad</strong></span> <span class='ocrx_word' id='word_1_43' title='bbox 1901 727 2152 783; x_wconf 89' lang='lat' dir='ltr'><strong>utendum</strong></span> 
     </span>
    </p>
   </div>
   <div class='ocr_carea' id='block_1_6' title="bbox 593 817 2207 889">
    <p class='ocr_par' dir='ltr' id='par_1_6' title="bbox 593 817 2207 889">
     <span class='ocr_line' id='line_1_6' title="bbox 593 817 2207 889; baseline -0.001 -16"><span class='ocrx_word' id='word_1_44' title='bbox 593 820 644 873; x_wconf 87' lang='lat' dir='ltr'><strong>iu</strong></span> <span class='ocrx_word' id='word_1_45' title='bbox 667 819 835 873; x_wconf 85' lang='lat' dir='ltr'><strong>Natali</strong></span> <span class='ocrx_word' id='word_1_46' title='bbox 862 818 1100 887; x_wconf 78' lang='lat' dir='ltr'><strong>ejusdem</strong></span> <span class='ocrx_word' id='word_1_47' title='bbox 1126 832 1270 889; x_wconf 68' lang='lat' dir='ltr'><strong>saepe</strong></span> <span class='ocrx_word' id='word_1_48' title='bbox 1296 820 1557 885; x_wconf 87' lang='lat' dir='ltr'><strong>concessi,</strong></span> <span class='ocrx_word' id='word_1_49' title='bbox 1593 818 1811 874; x_wconf 87' lang='lat' dir='ltr'><strong>omnino</strong></span> <span class='ocrx_word' id='word_1_50' title='bbox 1838 827 1890 873; x_wconf 89' lang='lat' dir='ltr'><strong>et</strong></span> <span class='ocrx_word' id='word_1_51' title='bbox 1916 817 2156 872; x_wconf 82' lang='lat' dir='ltr'><strong>absolute</strong></span> <span class='ocrx_word' id='word_1_52' title='bbox 2206 838 2207 841; x_wconf 50' lang='grc' dir='ltr'><strong>η</strong></span> 
     </span>
    </p>
   </div>
   <div class='ocr_carea' id='block_1_7' title="bbox 593 907 1968 978">
    <p class='ocr_par' dir='ltr' id='par_1_7' title="bbox 593 907 1968 978">
     <span class='ocr_line' id='line_1_7' title="bbox 593 907 1968 978; baseline 0.007 -16"><span class='ocrx_word' id='word_1_53' title='bbox 593 907 681 973; x_wconf 87' lang='lat' dir='ltr'><strong>do,</strong></span> <span class='ocrx_word' id='word_1_54' title='bbox 707 908 844 978; x_wconf 87' lang='lat' dir='ltr'><strong>lego.</strong></span> <span class='ocrx_word' id='word_1_55' title='bbox 1959 965 1968 972; x_wconf 90' lang='lat'><strong>.</strong></span> 
     </span>
    </p>
   </div>
   <div class='ocr_carea' id='block_1_8' title="bbox 663 999 2159 1069">
    <p class='ocr_par' dir='ltr' id='par_1_8' title="bbox 663 999 2159 1069">
     <span class='ocr_line' id='line_1_8' title="bbox 663 999 2159 1069; baseline 0 -16"><span class='ocrx_word' id='word_1_56' title='bbox 663 999 781 1054; x_wconf 87' lang='lat' dir='ltr'><strong>Tibi</strong></span> <span class='ocrx_word' id='word_1_57' title='bbox 811 1000 956 1055; x_wconf 90' lang='lat' dir='ltr'><strong>fratri</strong></span> <span class='ocrx_word' id='word_1_58' title='bbox 995 1011 1047 1056; x_wconf 92' lang='lat' dir='ltr'><strong>et</strong></span> <span class='ocrx_word' id='word_1_59' title='bbox 1077 1001 1444 1056; x_wconf 73' lang='lat' dir='ltr'><strong>Consacerdoti</strong></span> <span class='ocrx_word' id='word_1_60' title='bbox 1474 1000 1775 1067; x_wconf 88' lang='lat' dir='ltr'><strong>carissimo,</strong></span> <span class='ocrx_word' id='word_1_61' title='bbox 1812 999 1879 1055; x_wconf 90' lang='lat' dir='ltr'><strong>de</strong></span> <span class='ocrx_word' id='word_1_62' title='bbox 1917 1014 2021 1069; x_wconf 91' lang='lat' dir='ltr'><strong>quo</strong></span> <span class='ocrx_word' id='word_1_63' title='bbox 2054 999 2159 1053; x_wconf 84' lang='lat' dir='ltr'><strong>Do-</strong></span> 
     </span>
    </p>
   </div>
   <div class='ocr_carea' id='block_1_9' title="bbox 595 1090 2162 1162">
    <p class='ocr_par' dir='ltr' id='par_1_9' title="bbox 595 1090 2162 1162">
     <span class='ocr_line' id='line_1_9' title="bbox 595 1090 2162 1162; baseline 0 -15"><span class='ocrx_word' id='word_1_64' title='bbox 595 1092 769 1147; x_wconf 83' lang='lat' dir='ltr'><strong>minus</strong></span> <span class='ocrx_word' id='word_1_65' title='bbox 794 1091 1094 1161; x_wconf 72' lang='lat' dir='ltr'><strong>providebit</strong></span> <span class='ocrx_word' id='word_1_66' title='bbox 1116 1092 1365 1161; x_wconf 84' lang='lat' dir='ltr'><strong>regendae</strong></span> <span class='ocrx_word' id='word_1_67' title='bbox 1394 1100 1511 1162; x_wconf 85' lang='lat' dir='ltr'><strong>post</strong></span> <span class='ocrx_word' id='word_1_68' title='bbox 1535 1092 1829 1147; x_wconf 86' lang='lat' dir='ltr'><strong>discessum</strong></span> <span class='ocrx_word' id='word_1_69' title='bbox 1857 1105 2031 1146; x_wconf 87' lang='lat' dir='ltr'><strong>metun</strong></span> <span class='ocrx_word' id='word_1_70' title='bbox 2061 1090 2162 1147; x_wconf 86' lang='lat' dir='ltr'><strong>Ec-</strong></span> 
     </span>
    </p>
   </div>
   <div class='ocr_carea' id='block_1_10' title="bbox 596 1184 2163 1253">
    <p class='ocr_par' dir='ltr' id='par_1_10' title="bbox 596 1184 2163 1253">
     <span class='ocr_line' id='line_1_10' title="bbox 596 1184 2163 1253; baseline 0.001 -16"><span class='ocrx_word' id='word_1_71' title='bbox 596 1184 771 1238; x_wconf 72' lang='lat' dir='ltr'><strong>clesize</strong></span> <span class='ocrx_word' id='word_1_72' title='bbox 799 1197 941 1239; x_wconf 81' lang='lat' dir='ltr'><strong>nunc</strong></span> <span class='ocrx_word' id='word_1_73' title='bbox 961 1200 1118 1248; x_wconf 73' lang='lat' dir='ltr'><strong>meae,</strong></span> <span class='ocrx_word' id='word_1_74' title='bbox 1153 1191 1282 1239; x_wconf 81' lang='lat' dir='ltr'><strong>tunc</strong></span> <span class='ocrx_word' id='word_1_75' title='bbox 1312 1193 1436 1251; x_wconf 78' lang='lat' dir='ltr'><strong>tuac,</strong></span> <span class='ocrx_word' id='word_1_76' title='bbox 1463 1192 1560 1239; x_wconf 84' lang='lat' dir='ltr'><strong>aut</strong></span> <span class='ocrx_word' id='word_1_77' title='bbox 1587 1185 1760 1253; x_wconf 70' lang='lat' dir='ltr'><strong>potius</strong></span> <span class='ocrx_word' id='word_1_78' title='bbox 1780 1198 1883 1239; x_wconf 85' lang='lat' dir='ltr'><strong>nec</strong></span> <span class='ocrx_word' id='word_1_79' title='bbox 1902 1198 2038 1238; x_wconf 66' lang='lat' dir='ltr'><strong>mea</strong></span> <span class='ocrx_word' id='word_1_80' title='bbox 2065 1198 2163 1238; x_wconf 80' lang='lat' dir='ltr'><strong>nec</strong></span> 
     </span>
    </p>
   </div>
   <div class='ocr_carea' id='block_1_11' title="bbox 598 1274 2161 1346">
    <p class='ocr_par' dir='ltr' id='par_1_11' title="bbox 598 1274 2161 1346">
     <span class='ocr_line' id='line_1_11' title="bbox 598 1274 2161 1346; baseline 0.001 -17"><span class='ocrx_word' id='word_1_81' title='bbox 598 1284 723 1341; x_wconf 61' lang='lat' dir='ltr'><strong>tua},</strong></span> <span class='ocrx_word' id='word_1_82' title='bbox 746 1276 841 1331; x_wconf 87' lang='lat' dir='ltr'><strong>sed</strong></span> <span class='ocrx_word' id='word_1_83' title='bbox 864 1274 1084 1342; x_wconf 80' lang='lat' dir='ltr'><strong>Christi,</strong></span> <span class='ocrx_word' id='word_1_84' title='bbox 1112 1275 1182 1330; x_wconf 92' lang='lat' dir='ltr'><strong>do</strong></span> <span class='ocrx_word' id='word_1_85' title='bbox 1207 1275 1463 1346; x_wconf 77' lang='lat' dir='ltr'><strong>quidquid</strong></span> <span class='ocrx_word' id='word_1_86' title='bbox 1502 1275 1566 1330; x_wconf 88' lang='lat' dir='ltr'><strong>ad</strong></span> <span class='ocrx_word' id='word_1_87' title='bbox 1606 1291 1759 1331; x_wconf 88' lang='lat' dir='ltr'><strong>usum</strong></span> <span class='ocrx_word' id='word_1_88' title='bbox 1803 1276 2161 1344; x_wconf 78' lang='lat' dir='ltr'><strong>episcOpalem</strong></span> 
     </span>
    </p>
   </div>
   <div class='ocr_carea' id='block_1_12' title="bbox 599 1366 2163 1436">
    <p class='ocr_par' dir='ltr' id='par_1_12' title="bbox 599 1366 2163 1436">
     <span class='ocr_line' id='line_1_12' title="bbox 599 1366 2163 1436; baseline 0 -15"><span class='ocrx_word' id='word_1_89' title='bbox 599 1366 666 1421; x_wconf 87' lang='lat' dir='ltr'><strong>de</strong></span> <span class='ocrx_word' id='word_1_90' title='bbox 695 1366 852 1421; x_wconf 86' lang='lat' dir='ltr'><strong>rebus</strong></span> <span class='ocrx_word' id='word_1_91' title='bbox 875 1366 1009 1421; x_wconf 88' lang='lat' dir='ltr'><strong>meis</strong></span> <span class='ocrx_word' id='word_1_92' title='bbox 1038 1366 1271 1422; x_wconf 85' lang='lat' dir='ltr'><strong>volueris</strong></span> <span class='ocrx_word' id='word_1_93' title='bbox 1297 1367 1496 1436; x_wconf 88' lang='lat' dir='ltr'><strong>eligere</strong></span> <span class='ocrx_word' id='word_1_94' title='bbox 1523 1368 1573 1421; x_wconf 92' lang='lat' dir='ltr'><strong>in</strong></span> <span class='ocrx_word' id='word_1_95' title='bbox 1604 1381 1811 1423; x_wconf 85' lang='lat' dir='ltr'><strong>camera</strong></span> <span class='ocrx_word' id='word_1_96' title='bbox 1844 1375 1897 1422; x_wconf 88' lang='lat' dir='ltr'><strong>ct</strong></span> <span class='ocrx_word' id='word_1_97' title='bbox 1928 1367 2163 1421; x_wconf 86' lang='lat' dir='ltr'><strong>sacrario</strong></span> 
     </span>
    </p>
   </div>
   <div class='ocr_carea' id='block_1_13' title="bbox 600 1454 2167 1524">
    <p class='ocr_par' dir='ltr' id='par_1_13' title="bbox 600 1454 2167 1524">
     <span class='ocr_line' id='line_1_13' title="bbox 600 1454 2167 1524; baseline 0.001 -15"><span class='ocrx_word' id='word_1_98' title='bbox 600 1456 794 1511; x_wconf 86' lang='lat' dir='ltr'><strong>vicino.</strong></span> <span class='ocrx_word' id='word_1_99' title='bbox 818 1455 975 1523; x_wconf 81' lang='lat' dir='ltr'><strong>Quod</strong></span> <span class='ocrx_word' id='word_1_100' title='bbox 1008 1454 1268 1524; x_wconf 78' lang='lat' dir='ltr'><strong>nolueris,</strong></span> <span class='ocrx_word' id='word_1_101' title='bbox 1299 1456 1570 1512; x_wconf 62' lang='lat' dir='ltr'><strong>heredum</strong></span> <span class='ocrx_word' id='word_1_102' title='bbox 1606 1472 1844 1512; x_wconf 82' lang='lat' dir='ltr'><strong>meorum</strong></span> <span class='ocrx_word' id='word_1_103' title='bbox 1885 1457 2167 1511; x_wconf 85' lang='lat' dir='ltr'><strong>nominan-</strong></span> 
     </span>
    </p>
   </div>
   <div class='ocr_carea' id='block_1_14' title="bbox 601 1548 2163 1621">
    <p class='ocr_par' dir='ltr' id='par_1_14' title="bbox 601 1548 2163 1621">
     <span class='ocr_line' id='line_1_14' title="bbox 601 1548 2163 1621; baseline -0.001 -17"><span class='ocrx_word' id='word_1_104' title='bbox 601 1549 788 1604; x_wconf 64' lang='grc' dir='ltr'><strong>ἀοι-βω</strong></span> <span class='ocrx_word' id='word_1_105' title='bbox 812 1558 952 1605; x_wconf 83' lang='lat' dir='ltr'><strong>esto.</strong></span> <span class='ocrx_word' id='word_1_106' title='bbox 974 1548 1350 1621; x_wconf 74' lang='lat' dir='ltr'><strong>Presbyterum</strong></span> <span class='ocrx_word' id='word_1_107' title='bbox 1373 1548 1439 1605; x_wconf 89' lang='lat' dir='ltr'><strong>de</strong></span> <span class='ocrx_word' id='word_1_108' title='bbox 1461 1549 1691 1616; x_wconf 81' lang='lat' dir='ltr'><strong>Malleio,</strong></span> <span class='ocrx_word' id='word_1_109' title='bbox 1720 1564 1951 1620; x_wconf 80' lang='lat' dir='ltr'><strong>eumque</strong></span> <span class='ocrx_word' id='word_1_110' title='bbox 1971 1550 2040 1604; x_wconf 87' lang='lat' dir='ltr'><strong>de</strong></span> <span class='ocrx_word' id='word_1_111' title='bbox 2060 1549 2163 1605; x_wconf 81' lang='lat' dir='ltr'><strong>0r-</strong></span> 
     </span>
    </p>
   </div>
   <div class='ocr_carea' id='block_1_15' title="bbox 602 1640 2165 1711">
    <p class='ocr_par' dir='ltr' id='par_1_15' title="bbox 602 1640 2165 1711">
     <span class='ocr_line' id='line_1_15' title="bbox 602 1640 2165 1711; baseline -0.001 -14"><span class='ocrx_word' id='word_1_112' title='bbox 602 1644 739 1697; x_wconf 75' lang='lat' dir='ltr'><strong>bona</strong></span> <span class='ocrx_word' id='word_1_113' title='bbox 765 1643 831 1696; x_wconf 83' lang='lat' dir='ltr'><strong>ad</strong></span> <span class='ocrx_word' id='word_1_114' title='bbox 854 1641 1053 1711; x_wconf 78' lang='lat' dir='ltr'><strong>gradus</strong></span> <span class='ocrx_word' id='word_1_115' title='bbox 1075 1640 1221 1696; x_wconf 77' lang='lat' dir='ltr'><strong>unde</strong></span> <span class='ocrx_word' id='word_1_116' title='bbox 1264 1641 1456 1697; x_wconf 84' lang='lat' dir='ltr'><strong>merito</strong></span> <span class='ocrx_word' id='word_1_117' title='bbox 1478 1640 1673 1709; x_wconf 79' lang='lat' dir='ltr'><strong>deiecti</strong></span> <span class='ocrx_word' id='word_1_118' title='bbox 1702 1650 1855 1705; x_wconf 83' lang='lat' dir='ltr'><strong>sunt,</strong></span> <span class='ocrx_word' id='word_1_119' title='bbox 1895 1654 2165 1711; x_wconf 78' lang='lat' dir='ltr'><strong>nunquam</strong></span> 
     </span>
    </p>
   </div>
   <div class='ocr_carea' id='block_1_16' title="bbox 603 1730 2168 1803">
    <p class='ocr_par' dir='ltr' id='par_1_16' title="bbox 603 1730 2168 1803">
     <span class='ocr_line' id='line_1_16' title="bbox 603 1730 2168 1803; baseline -0.002 -15"><span class='ocrx_word' id='word_1_120' title='bbox 603 1733 839 1788; x_wconf 82' lang='lat' dir='ltr'><strong>restitue.</strong></span> <span class='ocrx_word' id='word_1_121' title='bbox 872 1732 1173 1803; x_wconf 79' lang='lat' dir='ltr'><strong>Sportularn</strong></span> <span class='ocrx_word' id='word_1_122' title='bbox 1200 1739 1379 1787; x_wconf 64' lang='lat' dir='ltr'><strong>tamen</strong></span> <span class='ocrx_word' id='word_1_123' title='bbox 1406 1730 1655 1787; x_wconf 69' lang='lat' dir='ltr'><strong>habeant.</strong></span> <span class='ocrx_word' id='word_1_124' title='bbox 1673 1731 1910 1802; x_wconf 80' lang='lat' dir='ltr'><strong>quandiu</strong></span> <span class='ocrx_word' id='word_1_125' title='bbox 1938 1730 2168 1786; x_wconf 80' lang='lat' dir='ltr'><strong>vixerint</strong></span> 
     </span>
    </p>
   </div>
   <div class='ocr_carea' id='block_1_17' title="bbox 2258 542 3821 613">
    <p class='ocr_par' dir='ltr' id='par_1_17' title="bbox 2258 542 3821 613">
     <span class='ocr_line' id='line_1_17' title="bbox 2258 542 3821 613; baseline 0.003 -17"><span class='ocrx_word' id='word_1_126' title='bbox 2258 548 2370 608; x_wconf 69' lang='lat' dir='ltr'><strong>ros‘,</strong></span> <span class='ocrx_word' id='word_1_127' title='bbox 2418 543 2663 613; x_wconf 86' lang='lat' dir='ltr'><strong>inquam,</strong></span> <span class='ocrx_word' id='word_1_128' title='bbox 2708 542 2949 597; x_wconf 65' lang='lat' dir='ltr'><strong>basredes</strong></span> <span class='ocrx_word' id='word_1_129' title='bbox 2993 556 3139 596; x_wconf 86' lang='lat' dir='ltr'><strong>meos</strong></span> <span class='ocrx_word' id='word_1_130' title='bbox 3177 542 3383 607; x_wconf 85' lang='lat' dir='ltr'><strong>scribo,</strong></span> <span class='ocrx_word' id='word_1_131' title='bbox 3433 542 3575 607; x_wconf 84' lang='lat' dir='ltr'><strong>dico,</strong></span> <span class='ocrx_word' id='word_1_132' title='bbox 3624 554 3821 600; x_wconf 80' lang='lat' dir='ltr'><strong>statuo.</strong></span> 
     </span>
    </p>
   </div>
   <div class='ocr_carea' id='block_1_18' title="bbox 2258 633 3822 705">
    <p class='ocr_par' dir='ltr' id='par_1_18' title="bbox 2258 633 3822 705">
     <span class='ocr_line' id='line_1_18' title="bbox 2258 633 3822 705; baseline -0.002 -15"><span class='ocrx_word' id='word_1_133' title='bbox 2258 636 2351 691; x_wconf 85' lang='lat' dir='ltr'><strong>llis</strong></span> <span class='ocrx_word' id='word_1_134' title='bbox 2391 650 2509 704; x_wconf 71' lang='lat' dir='ltr'><strong>qua:</strong></span> <span class='ocrx_word' id='word_1_135' title='bbox 2548 648 2707 705; x_wconf 84' lang='lat' dir='ltr'><strong>supra</strong></span> <span class='ocrx_word' id='word_1_136' title='bbox 2736 633 3005 700; x_wconf 88' lang='lat' dir='ltr'><strong>detractis,</strong></span> <span class='ocrx_word' id='word_1_137' title='bbox 3046 633 3297 705; x_wconf 84' lang='lat' dir='ltr'><strong>quidquid</strong></span> <span class='ocrx_word' id='word_1_138' title='bbox 3326 633 3381 687; x_wconf 87' lang='lat' dir='ltr'><strong>in</strong></span> <span class='ocrx_word' id='word_1_139' title='bbox 3428 634 3583 688; x_wconf 83' lang='lat' dir='ltr'><strong>bonis</strong></span> <span class='ocrx_word' id='word_1_140' title='bbox 3626 633 3822 699; x_wconf 81' lang='lat' dir='ltr'><strong>habeo,</strong></span> 
     </span>
    </p>
   </div>
   <div class='ocr_carea' id='block_1_19' title="bbox 2257 726 3826 797">
    <p class='ocr_par' dir='ltr' id='par_1_19' title="bbox 2257 726 3826 797">
     <span class='ocr_line' id='line_1_19' title="bbox 2257 726 3826 797; baseline -0.003 -14"><span class='ocrx_word' id='word_1_141' title='bbox 2257 728 2369 784; x_wconf 90' lang='lat' dir='ltr'><strong>sive</strong></span> <span class='ocrx_word' id='word_1_142' title='bbox 2394 728 2443 783; x_wconf 93' lang='lat' dir='ltr'><strong>in</strong></span> <span class='ocrx_word' id='word_1_143' title='bbox 2466 726 2625 797; x_wconf 89' lang='lat' dir='ltr'><strong>agris,</strong></span> <span class='ocrx_word' id='word_1_144' title='bbox 2647 727 2878 797; x_wconf 83' lang='lat' dir='ltr'><strong>pascuis,</strong></span> <span class='ocrx_word' id='word_1_145' title='bbox 2900 727 3088 795; x_wconf 85' lang='lat' dir='ltr'><strong>pratis,</strong></span> <span class='ocrx_word' id='word_1_146' title='bbox 3111 726 3437 795; x_wconf 72' lang='lat' dir='ltr'><strong>nemoribus,</strong></span> <span class='ocrx_word' id='word_1_147' title='bbox 3458 727 3651 792; x_wconf 87' lang='lat' dir='ltr'><strong>vineis,</strong></span> <span class='ocrx_word' id='word_1_148' title='bbox 3668 742 3826 781; x_wconf 86' lang='lat' dir='ltr'><strong>man-</strong></span> 
     </span>
    </p>
   </div>
   <div class='ocr_carea' id='block_1_20' title="bbox 2259 816 3825 889">
    <p class='ocr_par' dir='ltr' id='par_1_20' title="bbox 2259 816 3825 889">
     <span class='ocr_line' id='line_1_20' title="bbox 2259 816 3825 889; baseline -0.002 -15"><span class='ocrx_word' id='word_1_149' title='bbox 2259 820 2353 883; x_wconf 89' lang='lat' dir='ltr'><strong>sis,</strong></span> <span class='ocrx_word' id='word_1_150' title='bbox 2378 817 2566 883; x_wconf 83' lang='lat' dir='ltr'><strong>hortis,</strong></span> <span class='ocrx_word' id='word_1_151' title='bbox 2599 817 2769 889; x_wconf 87' lang='lat' dir='ltr'><strong>aquis,</strong></span> <span class='ocrx_word' id='word_1_152' title='bbox 2802 816 3137 882; x_wconf 85' lang='lat' dir='ltr'><strong>molendinis,</strong></span> <span class='ocrx_word' id='word_1_153' title='bbox 3164 817 3277 872; x_wconf 88' lang='lat' dir='ltr'><strong>sive</strong></span> <span class='ocrx_word' id='word_1_154' title='bbox 3308 816 3362 871; x_wconf 84' lang='lat' dir='ltr'><strong>in</strong></span> <span class='ocrx_word' id='word_1_155' title='bbox 3399 832 3549 878; x_wconf 87' lang='lat' dir='ltr'><strong>auro,</strong></span> <span class='ocrx_word' id='word_1_156' title='bbox 3580 827 3825 885; x_wconf 79' lang='lat' dir='ltr'><strong>argento,</strong></span> 
     </span>
    </p>
   </div>
   <div class='ocr_carea' id='block_1_21' title="bbox 2259 906 3829 977">
    <p class='ocr_par' dir='ltr' id='par_1_21' title="bbox 2259 906 3829 977">
     <span class='ocr_line' id='line_1_21' title="bbox 2259 906 3829 977; baseline -0.001 -14"><span class='ocrx_word' id='word_1_157' title='bbox 2259 917 2313 963; x_wconf 93' lang='lat' dir='ltr'><strong>et</strong></span> <span class='ocrx_word' id='word_1_158' title='bbox 2334 908 2589 973; x_wconf 88' lang='lat' dir='ltr'><strong>vestibus,</strong></span> <span class='ocrx_word' id='word_1_159' title='bbox 2624 908 2936 977; x_wconf 68' lang='lat' dir='ltr'><strong>ueterisque</strong></span> <span class='ocrx_word' id='word_1_160' title='bbox 2965 906 3125 962; x_wconf 84' lang='lat' dir='ltr'><strong>rebus</strong></span> <span class='ocrx_word' id='word_1_161' title='bbox 3169 906 3237 962; x_wconf 90' lang='lat' dir='ltr'><strong>de</strong></span> <span class='ocrx_word' id='word_1_162' title='bbox 3276 906 3469 976; x_wconf 86' lang='lat' dir='ltr'><strong>quibus</strong></span> <span class='ocrx_word' id='word_1_163' title='bbox 3516 922 3603 961; x_wconf 91' lang='lat' dir='ltr'><strong>me</strong></span> <span class='ocrx_word' id='word_1_164' title='bbox 3646 907 3829 977; x_wconf 86' lang='lat' dir='ltr'><strong>dispo-</strong></span> 
     </span>
    </p>
   </div>
   <div class='ocr_carea' id='block_1_22' title="bbox 2260 998 3828 1067">
    <p class='ocr_par' dir='ltr' id='par_1_22' title="bbox 2260 998 3828 1067">
     <span class='ocr_line' id='line_1_22' title="bbox 2260 998 3828 1067; baseline -0.004 -10"><span class='ocrx_word' id='word_1_165' title='bbox 2260 1003 2430 1057; x_wconf 87' lang='lat' dir='ltr'><strong>suisse</strong></span> <span class='ocrx_word' id='word_1_166' title='bbox 2449 1015 2555 1056; x_wconf 91' lang='lat' dir='ltr'><strong>non</strong></span> <span class='ocrx_word' id='word_1_167' title='bbox 2578 999 2864 1065; x_wconf 83' lang='lat' dir='ltr'><strong>constabit,</strong></span> <span class='ocrx_word' id='word_1_168' title='bbox 2910 998 3148 1054; x_wconf 64' lang='lat' dir='ltr'><strong>hatredes</strong></span> <span class='ocrx_word' id='word_1_169' title='bbox 3183 1015 3302 1053; x_wconf 81' lang='lat' dir='ltr'><strong>esse</strong></span> <span class='ocrx_word' id='word_1_170' title='bbox 3326 1014 3423 1054; x_wconf 88' lang='lat' dir='ltr'><strong>vos</strong></span> <span class='ocrx_word' id='word_1_171' title='bbox 3452 998 3634 1067; x_wconf 80' lang='lat' dir='ltr'><strong>iubeo.</strong></span> <span class='ocrx_word' id='word_1_172' title='bbox 3679 1000 3749 1065; x_wconf 73' lang='lat' dir='ltr'><strong>Et</strong></span> <span class='ocrx_word' id='word_1_173' title='bbox 3774 1007 3828 1051; x_wconf 85' lang='lat' dir='ltr'><strong>ut</strong></span> 
     </span>
    </p>
   </div>
   <div class='ocr_carea' id='block_1_23' title="bbox 2261 1091 3830 1167">
    <p class='ocr_par' dir='ltr' id='par_1_23' title="bbox 2261 1091 3830 1167">
     <span class='ocr_line' id='line_1_23' title="bbox 2261 1091 3830 1167; baseline -0.003 -17"><span class='ocrx_word' id='word_1_174' title='bbox 2261 1096 2436 1150; x_wconf 76' lang='lat' dir='ltr'><strong>orunia</strong></span> <span class='ocrx_word' id='word_1_175' title='bbox 2495 1110 2589 1164; x_wconf 91' lang='lat' dir='ltr'><strong>per</strong></span> <span class='ocrx_word' id='word_1_176' title='bbox 2639 1092 3016 1167; x_wconf 78' lang='lat' dir='ltr'><strong>discretionem</strong></span> <span class='ocrx_word' id='word_1_177' title='bbox 3081 1091 3538 1165; x_wconf 68' lang='lat' dir='ltr'><strong>administrentur,</strong></span> <span class='ocrx_word' id='word_1_178' title='bbox 3596 1092 3726 1145; x_wconf 76' lang='lat' dir='ltr'><strong>Volo</strong></span> <span class='ocrx_word' id='word_1_179' title='bbox 3778 1101 3830 1145; x_wconf 90' lang='lat' dir='ltr'><strong>ut</strong></span> 
     </span>
    </p>
   </div>
   <div class='ocr_carea' id='block_1_24' title="bbox 2262 1172 3829 1254">
    <p class='ocr_par' dir='ltr' id='par_1_24' title="bbox 2262 1172 3829 1254">
     <span class='ocr_line' id='line_1_24' title="bbox 2262 1172 3829 1254; baseline -0.003 -14"><span class='ocrx_word' id='word_1_180' title='bbox 2262 1184 2625 1241; x_wconf 78' lang='lat' dir='ltr'><strong>distrahantur</strong></span> <span class='ocrx_word' id='word_1_181' title='bbox 2650 1172 3040 1254; x_wconf 76' lang='lat' dir='ltr'><strong>quamprimum</strong></span> <span class='ocrx_word' id='word_1_182' title='bbox 3062 1180 3265 1246; x_wconf 80' lang='lat' dir='ltr'><strong>obiere.</strong></span> <span class='ocrx_word' id='word_1_183' title='bbox 3292 1191 3347 1237; x_wconf 91' lang='lat' dir='ltr'><strong>et</strong></span> <span class='ocrx_word' id='word_1_184' title='bbox 3377 1181 3489 1236; x_wconf 75' lang='lat' dir='ltr'><strong>ﬁeri</strong></span> <span class='ocrx_word' id='word_1_185' title='bbox 3523 1181 3745 1250; x_wconf 77' lang='lat' dir='ltr'><strong>poserit.</strong></span> <span class='ocrx_word' id='word_1_186' title='bbox 3780 1191 3829 1235; x_wconf 87' lang='lat' dir='ltr'><strong>et</strong></span> 
     </span>
    </p>
   </div>
   <div class='ocr_carea' id='block_1_25' title="bbox 2264 1271 3830 1343">
    <p class='ocr_par' dir='ltr' id='par_1_25' title="bbox 2264 1271 3830 1343">
     <span class='ocr_line' id='line_1_25' title="bbox 2264 1271 3830 1343; baseline -0.004 -13"><span class='ocrx_word' id='word_1_187' title='bbox 2264 1275 2318 1330; x_wconf 85' lang='lat' dir='ltr'><strong>in</strong></span> <span class='ocrx_word' id='word_1_188' title='bbox 2350 1275 2627 1343; x_wconf 84' lang='lat' dir='ltr'><strong>pecuniam</strong></span> <span class='ocrx_word' id='word_1_189' title='bbox 2659 1274 2987 1343; x_wconf 75' lang='lat' dir='ltr'><strong>redigantur,</strong></span> <span class='ocrx_word' id='word_1_190' title='bbox 3022 1273 3172 1342; x_wconf 80' lang='lat' dir='ltr'><strong>cujus</strong></span> <span class='ocrx_word' id='word_1_191' title='bbox 3205 1280 3312 1325; x_wconf 89' lang='lat' dir='ltr'><strong>tres</strong></span> <span class='ocrx_word' id='word_1_192' title='bbox 3340 1280 3514 1339; x_wconf 85' lang='lat' dir='ltr'><strong>partes</strong></span> <span class='ocrx_word' id='word_1_193' title='bbox 3541 1272 3697 1324; x_wconf 87' lang='lat' dir='ltr'><strong>fiant.</strong></span> <span class='ocrx_word' id='word_1_194' title='bbox 3726 1271 3830 1324; x_wconf 89' lang='lat' dir='ltr'><strong>ilo-</strong></span> 
     </span>
    </p>
   </div>
   <div class='ocr_carea' id='block_1_26' title="bbox 2265 1362 3831 1436">
    <p class='ocr_par' dir='ltr' id='par_1_26' title="bbox 2265 1362 3831 1436">
     <span class='ocr_line' id='line_1_26' title="bbox 2265 1362 3831 1436; baseline -0.004 -16"><span class='ocrx_word' id='word_1_195' title='bbox 2265 1365 2496 1420; x_wconf 89' lang='lat' dir='ltr'><strong>minibus</strong></span> <span class='ocrx_word' id='word_1_196' title='bbox 2520 1365 2702 1436; x_wconf 85' lang='lat' dir='ltr'><strong>egenis</strong></span> <span class='ocrx_word' id='word_1_197' title='bbox 2727 1364 2846 1419; x_wconf 69' lang='lat' dir='ltr'><strong>dua:</strong></span> <span class='ocrx_word' id='word_1_198' title='bbox 2866 1364 3268 1427; x_wconf 87' lang='lat' dir='ltr'><strong>distribuantur,</strong></span> <span class='ocrx_word' id='word_1_199' title='bbox 3292 1374 3349 1417; x_wconf 90' lang='lat' dir='ltr'><strong>ut</strong></span> <span class='ocrx_word' id='word_1_200' title='bbox 3378 1362 3643 1429; x_wconf 86' lang='lat' dir='ltr'><strong>placuerit</strong></span> <span class='ocrx_word' id='word_1_201' title='bbox 3666 1363 3831 1429; x_wconf 65' lang='lat' dir='ltr'><strong>Agra-</strong></span> 
     </span>
    </p>
   </div>
   <div class='ocr_carea' id='block_1_27' title="bbox 2267 1452 3833 1528">
    <p class='ocr_par' dir='ltr' id='par_1_27' title="bbox 2267 1452 3833 1528">
     <span class='ocr_line' id='line_1_27' title="bbox 2267 1452 3833 1528; baseline -0.004 -14"><span class='ocrx_word' id='word_1_202' title='bbox 2267 1459 2348 1514; x_wconf 87' lang='lat' dir='ltr'><strong>rio</strong></span> <span class='ocrx_word' id='word_1_203' title='bbox 2376 1457 2709 1528; x_wconf 84' lang='lat' dir='ltr'><strong>presbytero,</strong></span> <span class='ocrx_word' id='word_1_204' title='bbox 2746 1466 2806 1512; x_wconf 88' lang='lat' dir='ltr'><strong>et</strong></span> <span class='ocrx_word' id='word_1_205' title='bbox 2844 1455 3033 1510; x_wconf 77' lang='lat' dir='ltr'><strong>comiti</strong></span> <span class='ocrx_word' id='word_1_206' title='bbox 3088 1455 3318 1524; x_wconf 81' lang='lat' dir='ltr'><strong>Agiloni.</strong></span> <span class='ocrx_word' id='word_1_207' title='bbox 3360 1454 3539 1508; x_wconf 79' lang='lat' dir='ltr'><strong>Tertia</strong></span> <span class='ocrx_word' id='word_1_208' title='bbox 3572 1452 3751 1508; x_wconf 75' lang='lat' dir='ltr'><strong>viduis</strong></span> <span class='ocrx_word' id='word_1_209' title='bbox 3785 1462 3833 1507; x_wconf 84' lang='lat' dir='ltr'><strong>et</strong></span> 
     </span>
    </p>
   </div>
   <div class='ocr_carea' id='block_1_28' title="bbox 2266 1546 3831 1621">
    <p class='ocr_par' dir='ltr' id='par_1_28' title="bbox 2266 1546 3831 1621">
     <span class='ocr_line' id='line_1_28' title="bbox 2266 1546 3831 1621; baseline -0.001 -18"><span class='ocrx_word' id='word_1_210' title='bbox 2266 1550 2587 1621; x_wconf 82' lang='lat' dir='ltr'><strong>pauperibus</strong></span> <span class='ocrx_word' id='word_1_211' title='bbox 2628 1548 2860 1614; x_wconf 84' lang='lat' dir='ltr'><strong>feminis,</strong></span> <span class='ocrx_word' id='word_1_212' title='bbox 2902 1549 2977 1603; x_wconf 88' lang='lat' dir='ltr'><strong>uti</strong></span> <span class='ocrx_word' id='word_1_213' title='bbox 3015 1548 3271 1617; x_wconf 72' lang='lat' dir='ltr'><strong>placuerit</strong></span> <span class='ocrx_word' id='word_1_214' title='bbox 3300 1547 3491 1618; x_wconf 78' lang='lat' dir='ltr'><strong>virgini</strong></span> <span class='ocrx_word' id='word_1_215' title='bbox 3528 1546 3831 1611; x_wconf 76' lang='lat' dir='ltr'><strong>Dadoleslr.</strong></span> 
     </span>
    </p>
   </div>
   <div class='ocr_carea' id='block_1_29' title="bbox 2267 1639 3252 1710">
    <p class='ocr_par' dir='ltr' id='par_1_29' title="bbox 2267 1639 3252 1710">
     <span class='ocr_line' id='line_1_29' title="bbox 2267 1639 3252 1710; baseline -0.003 -15"><span class='ocrx_word' id='word_1_216' title='bbox 2267 1640 2671 1706; x_wconf 84' lang='lat' dir='ltr'><strong>distribuantur,</strong></span> <span class='ocrx_word' id='word_1_217' title='bbox 2701 1639 2842 1705; x_wconf 75' lang='lat' dir='ltr'><strong>volo,</strong></span> <span class='ocrx_word' id='word_1_218' title='bbox 2872 1654 3022 1710; x_wconf 80' lang='lat' dir='ltr'><strong>rogo,</strong></span> <span class='ocrx_word' id='word_1_219' title='bbox 3053 1649 3252 1694; x_wconf 87' lang='lat' dir='ltr'><strong>statuo.</strong></span> 
     </span>
    </p>
   </div>
   <div class='ocr_carea' id='block_1_30' title="bbox 2338 1730 3835 1803">
    <p class='ocr_par' dir='ltr' id='par_1_30' title="bbox 2338 1730 3835 1803">
     <span class='ocr_line' id='line_1_30' title="bbox 2338 1730 3835 1803; baseline -0.003 -13"><span class='ocrx_word' id='word_1_220' title='bbox 2338 1735 2735 1790; x_wconf 84' lang='lat' dir='ltr'><strong>Testamentum</strong></span> <span class='ocrx_word' id='word_1_221' title='bbox 2759 1732 2860 1788; x_wconf 88' lang='lat' dir='ltr'><strong>hoc</strong></span> <span class='ocrx_word' id='word_1_222' title='bbox 2887 1746 3045 1787; x_wconf 89' lang='lat' dir='ltr'><strong>manu</strong></span> <span class='ocrx_word' id='word_1_223' title='bbox 3079 1733 3290 1803; x_wconf 81' lang='lat' dir='ltr'><strong>propria</strong></span> <span class='ocrx_word' id='word_1_224' title='bbox 3318 1731 3569 1802; x_wconf 65' lang='lat' dir='ltr'><strong>smiptum</strong></span> <span class='ocrx_word' id='word_1_225' title='bbox 3601 1730 3771 1800; x_wconf 82' lang='lat' dir='ltr'><strong>relegi</strong></span> <span class='ocrx_word' id='word_1_226' title='bbox 3790 1741 3835 1786; x_wconf 87' lang='lat' dir='ltr'><strong>et</strong></span> 
     </span>
    </p>
   </div>
   <div class='ocr_carea' id='block_1_31' title="bbox 602 1820 3836 1896">
    <p class='ocr_par' dir='ltr' id='par_1_31' title="bbox 602 1820 3836 1896">
     <span class='ocr_line' id='line_1_31' title="bbox 602 1820 3836 1896; baseline -0.001 -16"><span class='ocrx_word' id='word_1_227' title='bbox 602 1820 761 1895; x_wconf 83' lang='lat' dir='ltr'><strong>super</strong></span> <span class='ocrx_word' id='word_1_228' title='bbox 787 1832 935 1892; x_wconf 82' lang='lat' dir='ltr'><strong>parte</strong></span> <span class='ocrx_word' id='word_1_229' title='bbox 962 1823 1229 1880; x_wconf 72' lang='lat' dir='ltr'><strong>redimum</strong></span> <span class='ocrx_word' id='word_1_230' title='bbox 1253 1838 1493 1880; x_wconf 77' lang='lat' dir='ltr'><strong>meorum</strong></span> <span class='ocrx_word' id='word_1_231' title='bbox 1522 1824 1590 1879; x_wconf 91' lang='lat' dir='ltr'><strong>de</strong></span> <span class='ocrx_word' id='word_1_232' title='bbox 1612 1824 1878 1889; x_wconf 79' lang='lat' dir='ltr'><strong>Preslaio;</strong></span> <span class='ocrx_word' id='word_1_233' title='bbox 1905 1824 2048 1894; x_wconf 88' lang='lat' dir='ltr'><strong>quod</strong></span> <span class='ocrx_word' id='word_1_234' title='bbox 2068 1838 2163 1879; x_wconf 69' lang='grc' dir='ltr'><strong>διι-</strong></span> <span class='ocrx_word' id='word_1_235' title='bbox 2195 1829 2244 1890; x_wconf 80' lang='lat' dir='ltr'><strong><em>B</em></strong></span> <span class='ocrx_word' id='word_1_236' title='bbox 2268 1826 2555 1895; x_wconf 82' lang='lat' dir='ltr'><strong>subscripsi</strong></span> <span class='ocrx_word' id='word_1_237' title='bbox 2574 1840 2677 1896; x_wconf 87' lang='lat' dir='ltr'><strong>ego</strong></span> <span class='ocrx_word' id='word_1_238' title='bbox 2705 1824 3021 1894; x_wconf 88' lang='lat' dir='ltr'><strong>Perpetuus,</strong></span> <span class='ocrx_word' id='word_1_239' title='bbox 3053 1826 3261 1879; x_wconf 86' lang='lat' dir='ltr'><strong>calend.</strong></span> <span class='ocrx_word' id='word_1_240' title='bbox 3296 1824 3461 1879; x_wconf 73' lang='lat' dir='ltr'><strong>Maias</strong></span> <span class='ocrx_word' id='word_1_241' title='bbox 3497 1835 3627 1893; x_wconf 84' lang='lat' dir='ltr'><strong>post</strong></span> <span class='ocrx_word' id='word_1_242' title='bbox 3650 1839 3836 1879; x_wconf 78' lang='lat' dir='ltr'><strong>consu—</strong></span> 
     </span>
    </p>
   </div>
   <div class='ocr_carea' id='block_1_32' title="bbox 602 1913 2162 1987">
    <p class='ocr_par' dir='ltr' id='par_1_32' title="bbox 602 1913 2162 1987">
     <span class='ocr_line' id='line_1_32' title="bbox 602 1913 2162 1987; baseline 0.001 -17"><span class='ocrx_word' id='word_1_243' title='bbox 602 1916 819 1984; x_wconf 82' lang='lat' dir='ltr'><strong>pererit,</strong></span> <span class='ocrx_word' id='word_1_244' title='bbox 846 1930 969 1970; x_wconf 87' lang='lat' dir='ltr'><strong>eum</strong></span> <span class='ocrx_word' id='word_1_245' title='bbox 990 1924 1143 1985; x_wconf 80' lang='lat' dir='ltr'><strong>parte</strong></span> <span class='ocrx_word' id='word_1_246' title='bbox 1160 1914 1261 1987; x_wconf 84' lang='lat' dir='ltr'><strong>illa</strong></span> <span class='ocrx_word' id='word_1_247' title='bbox 1286 1929 1442 1984; x_wconf 82' lang='lat' dir='ltr'><strong>quam</strong></span> <span class='ocrx_word' id='word_1_248' title='bbox 1471 1913 1720 1971; x_wconf 75' lang='lat' dir='ltr'><strong>utendam</strong></span> <span class='ocrx_word' id='word_1_249' title='bbox 1744 1914 2023 1971; x_wconf 63' lang='lat' dir='ltr'><strong>fruendam</strong></span> <span class='ocrx_word' id='word_1_250' title='bbox 2056 1916 2162 1971; x_wconf 83' lang='lat' dir='ltr'><strong>iiiis</strong></span> 
     </span>
    </p>
   </div>
   <div class='ocr_carea' id='block_1_33' title="bbox 603 2003 2168 2075">
    <p class='ocr_par' dir='ltr' id='par_1_33' title="bbox 603 2003 2168 2075">
     <span class='ocr_line' id='line_1_33' title="bbox 603 2003 2168 2075; baseline 0 -15"><span class='ocrx_word' id='word_1_251' title='bbox 603 2005 861 2072; x_wconf 80' lang='lat' dir='ltr'><strong>concessi,</strong></span> <span class='ocrx_word' id='word_1_252' title='bbox 892 2014 1170 2075; x_wconf 81' lang='lat' dir='ltr'><strong>postquam</strong></span> <span class='ocrx_word' id='word_1_253' title='bbox 1198 2005 1449 2069; x_wconf 72' lang='lat' dir='ltr'><strong>obierint,</strong></span> <span class='ocrx_word' id='word_1_254' title='bbox 1474 2013 1533 2061; x_wconf 85' lang='lat' dir='ltr'><strong>et</strong></span> <span class='ocrx_word' id='word_1_255' title='bbox 1558 2005 1656 2061; x_wconf 85' lang='lat' dir='ltr'><strong>tibi</strong></span> <span class='ocrx_word' id='word_1_256' title='bbox 1693 2005 1950 2060; x_wconf 86' lang='lat' dir='ltr'><strong>utendum</strong></span> <span class='ocrx_word' id='word_1_257' title='bbox 1982 2003 2168 2061; x_wconf 16' lang='lat' dir='ltr'><strong>tfruen-</strong></span> 
     </span>
    </p>
   </div>
   <div class='ocr_carea' id='block_1_34' title="bbox 602 2096 2168 2165">
    <p class='ocr_par' dir='ltr' id='par_1_34' title="bbox 602 2096 2168 2165">
     <span class='ocr_line' id='line_1_34' title="bbox 602 2096 2168 2165; baseline 0.002 -16"><span class='ocrx_word' id='word_1_258' title='bbox 602 2097 726 2150; x_wconf 86' lang='lat' dir='ltr'><strong>dum</strong></span> <span class='ocrx_word' id='word_1_259' title='bbox 766 2096 1048 2165; x_wconf 87' lang='lat' dir='ltr'><strong>relinquo:</strong></span> <span class='ocrx_word' id='word_1_260' title='bbox 1090 2106 1208 2165; x_wconf 65' lang='lat' dir='ltr'><strong>post</strong></span> <span class='ocrx_word' id='word_1_261' title='bbox 1241 2096 1534 2153; x_wconf 86' lang='lat' dir='ltr'><strong>discessum</strong></span> <span class='ocrx_word' id='word_1_262' title='bbox 1565 2105 1710 2152; x_wconf 80' lang='lat' dir='ltr'><strong>tuum</strong></span> <span class='ocrx_word' id='word_1_263' title='bbox 1753 2096 2005 2153; x_wconf 68' lang='lat' dir='ltr'><strong>Ecclesiae</strong></span> <span class='ocrx_word' id='word_1_264' title='bbox 2032 2112 2168 2152; x_wconf 72' lang='lat' dir='ltr'><strong>mea:</strong></span> 
     </span>
    </p>
   </div>
   <div class='ocr_carea' id='block_1_35' title="bbox 500 2185 2164 2256">
    <p class='ocr_par' dir='ltr' id='par_1_35' title="bbox 500 2185 2164 2256">
     <span class='ocr_line' id='line_1_35' title="bbox 500 2185 2164 2256; baseline -0.001 -14"><span class='ocrx_word' id='word_1_265' title='bbox 500 2251 505 2256; x_wconf 21' lang='grc' dir='ltr'>λ</span> <span class='ocrx_word' id='word_1_266' title='bbox 602 2186 691 2250; x_wconf 84' lang='lat' dir='ltr'><strong>do.</strong></span> <span class='ocrx_word' id='word_1_267' title='bbox 732 2186 869 2256; x_wconf 74' lang='lat' dir='ltr'><strong>lego.</strong></span> <span class='ocrx_word' id='word_1_268' title='bbox 917 2189 987 2242; x_wconf 79' lang='lat' dir='ltr'><strong>At</strong></span> <span class='ocrx_word' id='word_1_269' title='bbox 1030 2196 1109 2251; x_wconf 83' lang='lat' dir='ltr'><strong>tu.</strong></span> <span class='ocrx_word' id='word_1_270' title='bbox 1154 2185 1321 2242; x_wconf 77' lang='lat' dir='ltr'><strong>frater</strong></span> <span class='ocrx_word' id='word_1_271' title='bbox 1356 2197 1413 2243; x_wconf 87' lang='lat' dir='ltr'><strong>et</strong></span> <span class='ocrx_word' id='word_1_272' title='bbox 1456 2188 1816 2245; x_wconf 82' lang='lat' dir='ltr'><strong>consacerdos</strong></span> <span class='ocrx_word' id='word_1_273' title='bbox 1864 2188 2164 2254; x_wconf 72' lang='lat' dir='ltr'><strong>carissime,</strong></span> 
     </span>
    </p>
   </div>
   <div class='ocr_carea' id='block_1_36' title="bbox 602 2276 2166 2350">
    <p class='ocr_par' dir='ltr' id='par_1_36' title="bbox 602 2276 2166 2350">
     <span class='ocr_line' id='line_1_36' title="bbox 602 2276 2166 2350; baseline 0.002 -19"><span class='ocrx_word' id='word_1_274' title='bbox 602 2276 964 2348; x_wconf 73' lang='lat' dir='ltr'><strong>presbyteros,</strong></span> <span class='ocrx_word' id='word_1_275' title='bbox 982 2276 1263 2343; x_wconf 69' lang='lat' dir='ltr'><strong>diaconos,</strong></span> <span class='ocrx_word' id='word_1_276' title='bbox 1284 2278 1531 2346; x_wconf 83' lang='lat' dir='ltr'><strong>clericos,</strong></span> <span class='ocrx_word' id='word_1_277' title='bbox 1554 2278 1805 2350; x_wconf 76' lang='lat' dir='ltr'><strong>virgines,</strong></span> <span class='ocrx_word' id='word_1_278' title='bbox 1826 2293 1997 2345; x_wconf 71' lang='lat' dir='ltr'><strong>meos,</strong></span> <span class='ocrx_word' id='word_1_279' title='bbox 2020 2289 2166 2347; x_wconf 87' lang='lat' dir='ltr'><strong>tuos,</strong></span> 
     </span>
    </p>
   </div>
   <div class='ocr_carea' id='block_1_37' title="bbox 603 2368 2174 2440">
    <p class='ocr_par' dir='ltr' id='par_1_37' title="bbox 603 2368 2174 2440">
     <span class='ocr_line' id='line_1_37' title="bbox 603 2368 2174 2440; baseline 0.001 -17"><span class='ocrx_word' id='word_1_280' title='bbox 603 2382 741 2433; x_wconf 73' lang='lat' dir='ltr'><strong>ana,</strong></span> <span class='ocrx_word' id='word_1_281' title='bbox 779 2368 1024 2437; x_wconf 69' lang='lat' dir='ltr'><strong>exemplo</strong></span> <span class='ocrx_word' id='word_1_282' title='bbox 1058 2369 1207 2438; x_wconf 74' lang='lat' dir='ltr'><strong>iuva,</strong></span> <span class='ocrx_word' id='word_1_283' title='bbox 1257 2370 1627 2425; x_wconf 74' lang='lat' dir='ltr'><strong>benevolentia</strong></span> <span class='ocrx_word' id='word_1_284' title='bbox 1668 2371 1941 2440; x_wconf 68' lang='lat' dir='ltr'><strong>praeveni;</strong></span> <span class='ocrx_word' id='word_1_285' title='bbox 1986 2371 2069 2426; x_wconf 78' lang='lat' dir='ltr'><strong>[ac</strong></span> <span class='ocrx_word' id='word_1_286' title='bbox 2114 2379 2174 2425; x_wconf 82' lang='lat' dir='ltr'><strong>ut</strong></span> 
     </span>
    </p>
   </div>
   <div class='ocr_carea' id='block_1_38' title="bbox 603 2458 2181 2532">
    <p class='ocr_par' dir='ltr' id='par_1_38' title="bbox 603 2458 2181 2532">
     <span class='ocr_line' id='line_1_38' title="bbox 603 2458 2181 2532; baseline 0.004 -20"><span class='ocrx_word' id='word_1_287' title='bbox 603 2458 770 2514; x_wconf 80' lang='lat' dir='ltr'><strong>sei-tat</strong></span> <span class='ocrx_word' id='word_1_288' title='bbox 792 2473 856 2514; x_wconf 84' lang='lat' dir='ltr'><strong>se</strong></span> <span class='ocrx_word' id='word_1_289' title='bbox 883 2459 975 2515; x_wconf 74' lang='lat' dir='ltr'><strong>tibi</strong></span> <span class='ocrx_word' id='word_1_290' title='bbox 1019 2459 1175 2526; x_wconf 76' lang='lat' dir='ltr'><strong>ﬁlios,</strong></span> <span class='ocrx_word' id='word_1_291' title='bbox 1200 2474 1303 2514; x_wconf 88' lang='lat' dir='ltr'><strong>non</strong></span> <span class='ocrx_word' id='word_1_292' title='bbox 1331 2475 1549 2528; x_wconf 79' lang='lat' dir='ltr'><strong>servos;</strong></span> <span class='ocrx_word' id='word_1_293' title='bbox 1578 2470 1631 2517; x_wconf 93' lang='lat' dir='ltr'><strong>te</strong></span> <span class='ocrx_word' id='word_1_294' title='bbox 1660 2462 1765 2517; x_wconf 83' lang='lat' dir='ltr'><strong>illis</strong></span> <span class='ocrx_word' id='word_1_295' title='bbox 1788 2470 2021 2532; x_wconf 77' lang='lat' dir='ltr'><strong>patrem,</strong></span> <span class='ocrx_word' id='word_1_296' title='bbox 2067 2478 2181 2519; x_wconf 88' lang='lat' dir='ltr'><strong>non</strong></span> 
     </span>
    </p>
   </div>
   <div class='ocr_carea' id='block_1_39' title="bbox 604 2550 1596 2622">
    <p class='ocr_par' dir='ltr' id='par_1_39' title="bbox 604 2550 1596 2622">
     <span class='ocr_line' id='line_1_39' title="bbox 604 2550 1596 2622; baseline -0.002 -13"><span class='ocrx_word' id='word_1_297' title='bbox 604 2550 1010 2616; x_wconf 64' lang='lat' dir='ltr'><strong>damnatonam,</strong></span> <span class='ocrx_word' id='word_1_298' title='bbox 1042 2565 1195 2622; x_wconf 76' lang='lat' dir='ltr'><strong>rogo,</strong></span> <span class='ocrx_word' id='word_1_299' title='bbox 1224 2552 1372 2615; x_wconf 85' lang='lat' dir='ltr'><strong>volo.</strong></span> <span class='ocrx_word' id='word_1_300' title='bbox 1398 2561 1596 2608; x_wconf 84' lang='lat' dir='ltr'><strong>statuo.</strong></span> 
     </span>
    </p>
   </div>
   <div class='ocr_carea' id='block_1_40' title="bbox 674 2638 2173 2713">
    <p class='ocr_par' dir='ltr' id='par_1_40' title="bbox 674 2638 2173 2713">
     <span class='ocr_line' id='line_1_40' title="bbox 674 2638 2173 2713; baseline 0.002 -14"><span class='ocrx_word' id='word_1_301' title='bbox 674 2647 741 2699; x_wconf 77' lang='lat' dir='ltr'><strong>At</strong></span> <span class='ocrx_word' id='word_1_302' title='bbox 784 2660 880 2701; x_wconf 76' lang='lat' dir='ltr'><strong>vos</strong></span> <span class='ocrx_word' id='word_1_303' title='bbox 920 2647 1125 2700; x_wconf 84' lang='lat' dir='ltr'><strong>viscera</strong></span> <span class='ocrx_word' id='word_1_304' title='bbox 1164 2661 1309 2710; x_wconf 73' lang='lat' dir='ltr'><strong>mea,</strong></span> <span class='ocrx_word' id='word_1_305' title='bbox 1344 2645 1540 2702; x_wconf 83' lang='lat' dir='ltr'><strong>fratres</strong></span> <span class='ocrx_word' id='word_1_306' title='bbox 1574 2638 1937 2713; x_wconf 67' lang='lat' dir='ltr'><strong>dilectissimi,</strong></span> <span class='ocrx_word' id='word_1_307' title='bbox 1975 2660 2173 2703; x_wconf 77' lang='lat' dir='ltr'><strong>corona</strong></span> 
     </span>
    </p>
   </div>
   <div class='ocr_carea' id='block_1_41' title="bbox 606 2735 2177 2811">
    <p class='ocr_par' dir='ltr' id='par_1_41' title="bbox 606 2735 2177 2811">
     <span class='ocr_line' id='line_1_41' title="bbox 606 2735 2177 2811; baseline 0.003 -21"><span class='ocrx_word' id='word_1_308' title='bbox 606 2751 746 2801; x_wconf 69' lang='lat' dir='ltr'><strong>mea,</strong></span> <span class='ocrx_word' id='word_1_309' title='bbox 772 2735 1021 2805; x_wconf 76' lang='lat' dir='ltr'><strong>gaudium</strong></span> <span class='ocrx_word' id='word_1_310' title='bbox 1056 2750 1264 2803; x_wconf 79' lang='lat' dir='ltr'><strong>meum,</strong></span> <span class='ocrx_word' id='word_1_311' title='bbox 1296 2737 1329 2791; x_wconf 91' lang='lat' dir='ltr'><strong>d</strong></span> <span class='ocrx_word' id='word_1_312' title='bbox 1362 2738 1497 2791; x_wconf 75' lang='lat' dir='ltr'><strong>niiui</strong></span> <span class='ocrx_word' id='word_1_313' title='bbox 1537 2740 1659 2806; x_wconf 84' lang='lat' dir='ltr'><strong>ntei,</strong></span> <span class='ocrx_word' id='word_1_314' title='bbox 1694 2740 1784 2795; x_wconf 84' lang='lat' dir='ltr'><strong>lilii</strong></span> <span class='ocrx_word' id='word_1_315' title='bbox 1824 2740 1955 2807; x_wconf 78' lang='lat' dir='ltr'><strong>mei,</strong></span> <span class='ocrx_word' id='word_1_316' title='bbox 1982 2754 2177 2811; x_wconf 77' lang='lat' dir='ltr'><strong>paupe-</strong></span> 
     </span>
    </p>
   </div>
   <div class='ocr_carea' id='block_1_42' title="bbox 1059 2992 1095 3025">
    <p class='ocr_par' dir='ltr' id='par_1_42' title="bbox 1059 2992 1095 3025">
     <span class='ocr_line' id='line_1_42' title="bbox 1059 2992 1095 3025; baseline 0 0"><span class='ocrx_word' id='word_1_317' title='bbox 1059 2992 1095 3025; x_wconf 69' lang='grc' dir='ltr'><strong><em>ο</em></strong></span> 
     </span>
    </p>
   </div>
   <div class='ocr_carea' id='block_1_43' title="bbox 2268 1916 3838 1984">
    <p class='ocr_par' dir='ltr' id='par_1_43' title="bbox 2268 1916 3838 1984">
     <span class='ocr_line' id='line_1_43' title="bbox 2268 1916 3838 1984; baseline -0.003 -10"><span class='ocrx_word' id='word_1_318' title='bbox 2268 1920 2431 1975; x_wconf 92' lang='lat' dir='ltr'><strong>latum</strong></span> <span class='ocrx_word' id='word_1_319' title='bbox 2458 1917 2650 1973; x_wconf 86' lang='lat' dir='ltr'><strong>Leonis</strong></span> <span class='ocrx_word' id='word_1_320' title='bbox 2678 1916 2891 1973; x_wconf 83' lang='lat' dir='ltr'><strong>Minoris</strong></span> <span class='ocrx_word' id='word_1_321' title='bbox 2935 1918 2999 1973; x_wconf 86' lang='lat' dir='ltr'><strong>A.</strong></span> <span class='ocrx_word' id='word_1_322' title='bbox 3041 1917 3175 1972; x_wconf 83' lang='lat' dir='ltr'><strong>illud</strong></span> <span class='ocrx_word' id='word_1_323' title='bbox 3206 1926 3280 1981; x_wconf 90' lang='lat' dir='ltr'><strong>tu,</strong></span> <span class='ocrx_word' id='word_1_324' title='bbox 3311 1916 3541 1972; x_wconf 82' lang='lat' dir='ltr'><strong>Delmati</strong></span> <span class='ocrx_word' id='word_1_325' title='bbox 3571 1916 3679 1979; x_wconf 73' lang='grc' dir='ltr'><strong>ωε,</strong></span> <span class='ocrx_word' id='word_1_326' title='bbox 3708 1917 3838 1984; x_wconf 81' lang='lat' dir='ltr'><strong>apud</strong></span> 
     </span>
    </p>
   </div>
   <div class='ocr_carea' id='block_1_44' title="bbox 2270 2010 3837 2079">
    <p class='ocr_par' dir='ltr' id='par_1_44' title="bbox 2270 2010 3837 2079">
     <span class='ocr_line' id='line_1_44' title="bbox 2270 2010 3837 2079; baseline -0.003 -13"><span class='ocrx_word' id='word_1_327' title='bbox 2270 2021 2321 2066; x_wconf 88' lang='lat' dir='ltr'><strong>te</strong></span> <span class='ocrx_word' id='word_1_328' title='bbox 2348 2010 2650 2079; x_wconf 86' lang='lat' dir='ltr'><strong>depositum</strong></span> <span class='ocrx_word' id='word_1_329' title='bbox 2686 2026 2869 2076; x_wconf 84' lang='lat' dir='ltr'><strong>serva;</strong></span> <span class='ocrx_word' id='word_1_330' title='bbox 2918 2020 2976 2067; x_wconf 86' lang='lat' dir='ltr'><strong>et</strong></span> <span class='ocrx_word' id='word_1_331' title='bbox 3002 2025 3123 2067; x_wconf 85' lang='lat' dir='ltr'><strong>cum</strong></span> <span class='ocrx_word' id='word_1_332' title='bbox 3158 2010 3267 2065; x_wconf 84' lang='lat' dir='ltr'><strong>alio</strong></span> <span class='ocrx_word' id='word_1_333' title='bbox 3295 2010 3453 2065; x_wconf 83' lang='lat' dir='ltr'><strong>simili</strong></span> <span class='ocrx_word' id='word_1_334' title='bbox 3492 2023 3609 2064; x_wconf 88' lang='lat' dir='ltr'><strong>mea</strong></span> <span class='ocrx_word' id='word_1_335' title='bbox 3652 2011 3837 2076; x_wconf 83' lang='lat' dir='ltr'><strong>pariter</strong></span> 
     </span>
    </p>
   </div>
   <div class='ocr_carea' id='block_1_45' title="bbox 2271 2099 3838 2172">
    <p class='ocr_par' dir='ltr' id='par_1_45' title="bbox 2271 2099 3838 2172">
     <span class='ocr_line' id='line_1_45' title="bbox 2271 2099 3838 2172; baseline -0.004 -13"><span class='ocrx_word' id='word_1_336' title='bbox 2271 2117 2433 2159; x_wconf 81' lang='lat' dir='ltr'><strong>manu</strong></span> <span class='ocrx_word' id='word_1_337' title='bbox 2462 2102 2720 2172; x_wconf 85' lang='lat' dir='ltr'><strong>scriptum</strong></span> <span class='ocrx_word' id='word_1_338' title='bbox 2742 2109 2798 2157; x_wconf 90' lang='lat' dir='ltr'><strong>et</strong></span> <span class='ocrx_word' id='word_1_339' title='bbox 2824 2101 3207 2171; x_wconf 86' lang='lat' dir='ltr'><strong>subscriptum,</strong></span> <span class='ocrx_word' id='word_1_340' title='bbox 3254 2100 3392 2170; x_wconf 86' lang='lat' dir='ltr'><strong>quod</strong></span> <span class='ocrx_word' id='word_1_341' title='bbox 3433 2099 3573 2168; x_wconf 79' lang='lat' dir='ltr'><strong>apud</strong></span> <span class='ocrx_word' id='word_1_342' title='bbox 3620 2099 3838 2153; x_wconf 48' lang='lat' dir='ltr'><strong>Dadele.</strong></span> 
     </span>
    </p>
   </div>
   <div class='ocr_carea' id='block_1_46' title="bbox 2276 2192 3839 2264">
    <p class='ocr_par' dir='ltr' id='par_1_46' title="bbox 2276 2192 3839 2264">
     <span class='ocr_line' id='line_1_46' title="bbox 2276 2192 3839 2264; baseline -0.001 -16"><span class='ocrx_word' id='word_1_343' title='bbox 2276 2210 2395 2248; x_wconf 87' lang='lat' dir='ltr'><strong>nam</strong></span> <span class='ocrx_word' id='word_1_344' title='bbox 2426 2193 2668 2262; x_wconf 86' lang='lat' dir='ltr'><strong>deposui,</strong></span> <span class='ocrx_word' id='word_1_345' title='bbox 2710 2192 2917 2264; x_wconf 78' lang='lat' dir='ltr'><strong>Agi&#39;oni</strong></span> <span class='ocrx_word' id='word_1_346' title='bbox 2948 2194 3131 2249; x_wconf 88' lang='lat' dir='ltr'><strong>comiti</strong></span> <span class='ocrx_word' id='word_1_347' title='bbox 3179 2207 3360 2248; x_wconf 84' lang='lat' dir='ltr'><strong>coram</strong></span> <span class='ocrx_word' id='word_1_348' title='bbox 3415 2192 3674 2247; x_wconf 80' lang='lat' dir='ltr'><strong>fratribus</strong></span> <span class='ocrx_word' id='word_1_349' title='bbox 3716 2193 3839 2246; x_wconf 85' lang='lat' dir='ltr'><strong>meis</strong></span> 
     </span>
    </p>
   </div>
   <div class='ocr_carea' id='block_1_47' title="bbox 2276 2284 3817 2359">
    <p class='ocr_par' dir='ltr' id='par_1_47' title="bbox 2276 2284 3817 2359">
     <span class='ocr_line' id='line_1_47' title="bbox 2276 2284 3817 2359; baseline -0.003 -16"><span class='ocrx_word' id='word_1_350' title='bbox 2276 2287 2624 2359; x_wconf 79' lang='lat' dir='ltr'><strong>presbyteris,</strong></span> <span class='ocrx_word' id='word_1_351' title='bbox 2647 2285 2959 2341; x_wconf 85' lang='lat' dir='ltr'><strong>diaconibus</strong></span> <span class='ocrx_word' id='word_1_352' title='bbox 2988 2294 3044 2341; x_wconf 90' lang='lat' dir='ltr'><strong>et</strong></span> <span class='ocrx_word' id='word_1_353' title='bbox 3065 2285 3272 2341; x_wconf 87' lang='lat' dir='ltr'><strong>clericis</strong></span> <span class='ocrx_word' id='word_1_354' title='bbox 3302 2284 3655 2352; x_wconf 85' lang='lat' dir='ltr'><strong>aperiendum</strong></span> <span class='ocrx_word' id='word_1_355' title='bbox 3690 2292 3742 2338; x_wconf 87' lang='lat' dir='ltr'><strong>et</strong></span> <span class='ocrx_word' id='word_1_356' title='bbox 3770 2284 3817 2339; x_wconf 85' lang='lat' dir='ltr'><strong>le</strong></span> 
     </span>
    </p>
   </div>
   <div class='ocr_carea' id='block_1_48' title="bbox 2272 2375 3834 2447">
    <p class='ocr_par' dir='ltr' id='par_1_48' title="bbox 2272 2375 3834 2447">
     <span class='ocr_line' id='line_1_48' title="bbox 2272 2375 3834 2447; baseline -0.004 -15"><span class='ocrx_word' id='word_1_357' title='bbox 2272 2377 2499 2447; x_wconf 86' lang='lat' dir='ltr'><strong>gendum</strong></span> <span class='ocrx_word' id='word_1_358' title='bbox 2523 2375 2723 2441; x_wconf 89' lang='lat' dir='ltr'><strong>trades,</strong></span> <span class='ocrx_word' id='word_1_359' title='bbox 2751 2375 2808 2430; x_wconf 88' lang='lat' dir='ltr'><strong>in</strong></span> <span class='ocrx_word' id='word_1_360' title='bbox 2830 2376 3049 2433; x_wconf 81' lang='lat' dir='ltr'><strong>nomine</strong></span> <span class='ocrx_word' id='word_1_361' title='bbox 3070 2376 3280 2430; x_wconf 84' lang='lat' dir='ltr'><strong>Domini</strong></span> <span class='ocrx_word' id='word_1_362' title='bbox 3304 2376 3446 2441; x_wconf 78' lang='lat' dir='ltr'><strong>volo,</strong></span> <span class='ocrx_word' id='word_1_363' title='bbox 3464 2390 3617 2445; x_wconf 62' lang='lat' dir='ltr'><strong>rego.</strong></span> <span class='ocrx_word' id='word_1_364' title='bbox 3648 2384 3834 2438; x_wconf 71' lang='lat' dir='ltr'><strong>statim,</strong></span> 
     </span>
    </p>
   </div>
   <div class='ocr_carea' id='block_1_49' title="bbox 2274 2464 3833 2535">
    <p class='ocr_par' dir='ltr' id='par_1_49' title="bbox 2274 2464 3833 2535">
     <span class='ocr_line' id='line_1_49' title="bbox 2274 2464 3833 2535; baseline -0.002 -15"><span class='ocrx_word' id='word_1_365' title='bbox 2274 2468 2433 2520; x_wconf 74' lang='lat' dir='ltr'><strong>lisum</strong></span> <span class='ocrx_word' id='word_1_366' title='bbox 2462 2475 2746 2535; x_wconf 83' lang='lat' dir='ltr'><strong>ratumque</strong></span> <span class='ocrx_word' id='word_1_367' title='bbox 2764 2466 2857 2520; x_wconf 86' lang='lat' dir='ltr'><strong>sit.</strong></span> <span class='ocrx_word' id='word_1_368' title='bbox 2880 2465 3140 2532; x_wconf 80' lang='lat' dir='ltr'><strong>Benedic,</strong></span> <span class='ocrx_word' id='word_1_369' title='bbox 3173 2464 3395 2520; x_wconf 79' lang='lat' dir='ltr'><strong>Domine</strong></span> <span class='ocrx_word' id='word_1_370' title='bbox 3425 2482 3438 2517; x_wconf 92' lang='lat'><strong>:</strong></span> <span class='ocrx_word' id='word_1_371' title='bbox 3481 2466 3601 2519; x_wconf 65' lang='lat' dir='ltr'><strong>veni</strong></span> <span class='ocrx_word' id='word_1_372' title='bbox 3632 2464 3833 2519; x_wconf 47' lang='lat' dir='ltr'><strong>Christe</strong></span> 
     </span>
    </p>
   </div>
   <div class='ocr_carea' id='block_1_50' title="bbox 2274 2556 2422 2611">
    <p class='ocr_par' dir='ltr' id='par_1_50' title="bbox 2274 2556 2422 2611">
     <span class='ocr_line' id='line_1_50' title="bbox 2274 2556 2422 2611; baseline -0.02 0"><span class='ocrx_word' id='word_1_373' title='bbox 2274 2556 2422 2611; x_wconf 73' lang='lat' dir='ltr'><strong>Jesn.</strong></span> 
     </span>
    </p>
   </div>
   <div class='ocr_carea' id='block_1_51' title="bbox 2351 2648 3430 2719">
    <p class='ocr_par' dir='ltr' id='par_1_51' title="bbox 2351 2648 3430 2719">
     <span class='ocr_line' id='line_1_51' title="bbox 2351 2648 3430 2719; baseline -0.004 -15"><span class='ocrx_word' id='word_1_374' title='bbox 2351 2650 2462 2719; x_wconf 71' lang='lat' dir='ltr'><strong>Ego</strong></span> <span class='ocrx_word' id='word_1_375' title='bbox 2489 2648 2785 2719; x_wconf 82' lang='lat' dir='ltr'><strong>Perpetuus</strong></span> <span class='ocrx_word' id='word_1_376' title='bbox 2811 2649 2865 2703; x_wconf 91' lang='lat' dir='ltr'><strong>in</strong></span> <span class='ocrx_word' id='word_1_377' title='bbox 2891 2648 3103 2703; x_wconf 80' lang='lat' dir='ltr'><strong>nomine</strong></span> <span class='ocrx_word' id='word_1_378' title='bbox 3130 2658 3241 2715; x_wconf 79' lang='lat' dir='ltr'><strong>tuo,</strong></span> <span class='ocrx_word' id='word_1_379' title='bbox 3268 2650 3430 2701; x_wconf 76' lang='lat' dir='ltr'><strong>Amer.</strong></span> 
     </span>
    </p>
   </div>
   <div class='ocr_carea' id='block_1_52' title="bbox 1248 3107 3261 3194">
    <p class='ocr_par' dir='ltr' id='par_1_52' title="bbox 1248 3107 3261 3194">
     <span class='ocr_line' id='line_1_52' title="bbox 1248 3107 3261 3194; baseline -0.002 -7"><span class='ocrx_word' id='word_1_380' title='bbox 1248 3108 1974 3191; x_wconf 81' lang='lat' dir='ltr'><strong>EPITAPHIUM</strong></span> <span class='ocrx_word' id='word_1_381' title='bbox 2038 3109 2620 3194; x_wconf 81' lang='lat' dir='ltr'><strong>PERPETUI</strong></span> <span class='ocrx_word' id='word_1_382' title='bbox 2677 3107 3261 3193; x_wconf 58' lang='lat' dir='ltr'><strong>EPISCOPI:</strong></span> 
     </span>
    </p>
   </div>
   <div class='ocr_carea' id='block_1_53' title="bbox 1986 3270 2455 3283">
    <p class='ocr_par' dir='ltr' id='par_1_53' title="bbox 1986 3270 2455 3283">
     <span class='ocr_line' id='line_1_53' title="bbox 1986 3270 2455 3283; baseline -0.002 -1"><span class='ocrx_word' id='word_1_383' title='bbox 1986 3270 2455 3283; x_wconf 63' lang='lat'><strong>—_</strong></span> 
     </span>
    </p>
   </div>
   <div class='ocr_carea' id='block_1_54' title="bbox 615 3357 1904 3437">
    <p class='ocr_par' dir='ltr' id='par_1_54' title="bbox 615 3357 1904 3437">
     <span class='ocr_line' id='line_1_54' title="bbox 615 3357 1904 3437; baseline 0.006 -20"><span class='ocrx_word' id='word_1_384' title='bbox 615 3357 853 3417; x_wconf 74' lang='lat' dir='ltr'><strong>Culmina</strong></span> <span class='ocrx_word' id='word_1_385' title='bbox 877 3363 1093 3419; x_wconf 82' lang='lat' dir='ltr'><strong>sublimi</strong></span> <span class='ocrx_word' id='word_1_386' title='bbox 1118 3366 1315 3423; x_wconf 78' lang='lat' dir='ltr'><strong>tollunt</strong></span> <span class='ocrx_word' id='word_1_387' title='bbox 1340 3382 1459 3437; x_wconf 67' lang='lat' dir='ltr'><strong>quae</strong></span> <span class='ocrx_word' id='word_1_388' title='bbox 1486 3368 1687 3427; x_wconf 73' lang='lat' dir='ltr'><strong>vertice</strong></span> <span class='ocrx_word' id='word_1_389' title='bbox 1712 3371 1904 3425; x_wconf 81' lang='lat' dir='ltr'><strong>cristas</strong></span> 
     </span>
    </p>
   </div>
   <div class='ocr_carea' id='block_1_55' title="bbox 678 3450 1710 3526">
    <p class='ocr_par' dir='ltr' id='par_1_55' title="bbox 678 3450 1710 3526">
     <span class='ocr_line' id='line_1_55' title="bbox 678 3450 1710 3526; baseline 0.013 -21"><span class='ocrx_word' id='word_1_390' title='bbox 678 3450 920 3509; x_wconf 85' lang='lat' dir='ltr'><strong>Eximius</strong></span> <span class='ocrx_word' id='word_1_391' title='bbox 940 3456 1149 3515; x_wconf 74' lang='lat' dir='ltr'><strong>meritis</strong></span> <span class='ocrx_word' id='word_1_392' title='bbox 1176 3456 1469 3526; x_wconf 72' lang='lat' dir='ltr'><strong>Perpetuus</strong></span> <span class='ocrx_word' id='word_1_393' title='bbox 1491 3459 1710 3518; x_wconf 78' lang='lat' dir='ltr'><strong>dederat</strong></span> 
     </span>
    </p>
   </div>
   <div class='ocr_carea' id='block_1_56' title="bbox 612 3541 2071 3621">
    <p class='ocr_par' dir='ltr' id='par_1_56' title="bbox 612 3541 2071 3621">
     <span class='ocr_line' id='line_1_56' title="bbox 612 3541 2071 3621; baseline 0.01 -25"><span class='ocrx_word' id='word_1_394' title='bbox 612 3541 818 3598; x_wconf 80' lang='lat' dir='ltr'><strong>Damno</strong></span> <span class='ocrx_word' id='word_1_395' title='bbox 839 3544 1085 3611; x_wconf 74' lang='lat' dir='ltr'><strong>Martiae,</strong></span> <span class='ocrx_word' id='word_1_396' title='bbox 1114 3547 1266 3616; x_wconf 80' lang='lat' dir='ltr'><strong>cujus</strong></span> <span class='ocrx_word' id='word_1_397' title='bbox 1294 3549 1395 3607; x_wconf 86' lang='lat' dir='ltr'><strong>sub</strong></span> <span class='ocrx_word' id='word_1_398' title='bbox 1430 3564 1697 3609; x_wconf 82' lang='lat' dir='ltr'><strong>marmore</strong></span> <span class='ocrx_word' id='word_1_399' title='bbox 1726 3561 1952 3621; x_wconf 65' lang='lat' dir='ltr'><strong>pausam</strong></span> <span class='ocrx_word' id='word_1_400' title='bbox 2058 3582 2071 3587; x_wconf 61' lang='grc' dir='ltr'><em>λ</em></span> 
     </span>
    </p>
   </div>
   <div class='ocr_carea' id='block_1_57' title="bbox 679 3629 1871 3713">
    <p class='ocr_par' dir='ltr' id='par_1_57' title="bbox 679 3629 1871 3713">
     <span class='ocr_line' id='line_1_57' title="bbox 679 3629 1871 3713; baseline 0.011 -26"><span class='ocrx_word' id='word_1_401' title='bbox 679 3629 835 3698; x_wconf 84' lang='lat' dir='ltr'><strong>Ossa,</strong></span> <span class='ocrx_word' id='word_1_402' title='bbox 862 3644 1146 3693; x_wconf 83' lang='lat' dir='ltr'><strong>veneratur</strong></span> <span class='ocrx_word' id='word_1_403' title='bbox 1168 3652 1291 3707; x_wconf 75' lang='lat' dir='ltr'><strong>qua:</strong></span> <span class='ocrx_word' id='word_1_404' title='bbox 1318 3638 1409 3707; x_wconf 80' lang='lat' dir='ltr'><strong>pia</strong></span> <span class='ocrx_word' id='word_1_405' title='bbox 1433 3639 1579 3711; x_wconf 84' lang='lat' dir='ltr'><strong>plebs</strong></span> <span class='ocrx_word' id='word_1_406' title='bbox 1604 3643 1871 3713; x_wconf 81' lang='lat' dir='ltr'><strong>precibus.</strong></span> 
     </span>
    </p>
   </div>
   <div class='ocr_carea' id='block_1_58' title="bbox 614 3719 2005 3800">
    <p class='ocr_par' dir='ltr' id='par_1_58' title="bbox 614 3719 2005 3800">
     <span class='ocr_line' id='line_1_58' title="bbox 614 3719 2005 3800; baseline 0.009 -22"><span class='ocrx_word' id='word_1_407' title='bbox 614 3719 890 3779; x_wconf 71' lang='lat' dir='ltr'><strong>llazredem</strong></span> <span class='ocrx_word' id='word_1_408' title='bbox 916 3725 1129 3793; x_wconf 78' lang='lat' dir='ltr'><strong>scripsit</strong></span> <span class='ocrx_word' id='word_1_409' title='bbox 1154 3725 1446 3795; x_wconf 79' lang='lat' dir='ltr'><strong>Christum,</strong></span> <span class='ocrx_word' id='word_1_410' title='bbox 1470 3738 1629 3800; x_wconf 83' lang='lat' dir='ltr'><strong>atque</strong></span> <span class='ocrx_word' id='word_1_411' title='bbox 1654 3746 1817 3797; x_wconf 85' lang='lat' dir='ltr'><strong>aurea</strong></span> <span class='ocrx_word' id='word_1_412' title='bbox 1840 3734 2005 3790; x_wconf 79' lang='lat' dir='ltr'><strong>multa</strong></span> 
     </span>
    </p>
   </div>
   <div class='ocr_carea' id='block_1_59' title="bbox 678 3810 1746 3879">
    <p class='ocr_par' dir='ltr' id='par_1_59' title="bbox 678 3810 1746 3879">
     <span class='ocr_line' id='line_1_59' title="bbox 678 3810 1746 3879; baseline 0.01 -13"><span class='ocrx_word' id='word_1_413' title='bbox 678 3810 948 3875; x_wconf 76' lang='lat' dir='ltr'><strong>Sacrando</strong></span> <span class='ocrx_word' id='word_1_414' title='bbox 976 3815 1184 3874; x_wconf 83' lang='lat' dir='ltr'><strong>Domini</strong></span> <span class='ocrx_word' id='word_1_415' title='bbox 1213 3833 1337 3875; x_wconf 79' lang='lat' dir='ltr'><strong>vasa</strong></span> <span class='ocrx_word' id='word_1_416' title='bbox 1364 3835 1554 3877; x_wconf 81' lang='lat' dir='ltr'><strong>cruore</strong></span> <span class='ocrx_word' id='word_1_417' title='bbox 1582 3821 1746 3879; x_wconf 73' lang='lat' dir='ltr'><strong>dedit.</strong></span> 
     </span>
    </p>
   </div>
   <div class='ocr_carea' id='block_1_60' title="bbox 616 3896 1929 3986">
    <p class='ocr_par' dir='ltr' id='par_1_60' title="bbox 616 3896 1929 3986">
     <span class='ocr_line' id='line_1_60' title="bbox 616 3896 1929 3986; baseline 0.012 -31"><span class='ocrx_word' id='word_1_418' title='bbox 616 3896 927 3962; x_wconf 72' lang='lat' dir='ltr'><strong>Trausmisit</strong></span> <span class='ocrx_word' id='word_1_419' title='bbox 944 3908 1080 3962; x_wconf 64' lang='lat' dir='ltr'><strong>calo</strong></span> <span class='ocrx_word' id='word_1_420' title='bbox 1097 3952 1112 3976; x_wconf 91' lang='lat'><strong>,</strong></span> <span class='ocrx_word' id='word_1_421' title='bbox 1140 3925 1260 3979; x_wconf 77' lang='lat' dir='ltr'><strong>qua:</strong></span> <span class='ocrx_word' id='word_1_422' title='bbox 1286 3912 1511 3980; x_wconf 79' lang='lat' dir='ltr'><strong>plurima</strong></span> <span class='ocrx_word' id='word_1_423' title='bbox 1536 3917 1701 3970; x_wconf 83' lang='lat' dir='ltr'><strong>cessit</strong></span> <span class='ocrx_word' id='word_1_424' title='bbox 1724 3916 1929 3986; x_wconf 78' lang='lat' dir='ltr'><strong>egenis,</strong></span> 
     </span>
    </p>
   </div>
   <div class='ocr_carea' id='block_1_61' title="bbox 681 3992 1739 4059">
    <p class='ocr_par' dir='ltr' id='par_1_61' title="bbox 681 3992 1739 4059">
     <span class='ocr_line' id='line_1_61' title="bbox 681 3992 1739 4059; baseline 0.011 -12"><span class='ocrx_word' id='word_1_425' title='bbox 681 3992 831 4050; x_wconf 83' lang='lat' dir='ltr'><strong>Fecit</strong></span> <span class='ocrx_word' id='word_1_426' title='bbox 856 4003 913 4055; x_wconf 88' lang='lat' dir='ltr'><strong>et</strong></span> <span class='ocrx_word' id='word_1_427' title='bbox 938 4009 1063 4053; x_wconf 85' lang='lat' dir='ltr'><strong>ante</strong></span> <span class='ocrx_word' id='word_1_428' title='bbox 1082 4013 1207 4055; x_wconf 85' lang='lat' dir='ltr'><strong>suas</strong></span> <span class='ocrx_word' id='word_1_429' title='bbox 1230 4001 1487 4058; x_wconf 83' lang='lat' dir='ltr'><strong>scandere</strong></span> <span class='ocrx_word' id='word_1_430' title='bbox 1502 4003 1739 4059; x_wconf 86' lang='lat' dir='ltr'><strong>divitias.</strong></span> 
     </span>
    </p>
   </div>
   <div class='ocr_carea' id='block_1_62' title="bbox 2197 3365 3739 3438">
    <p class='ocr_par' dir='ltr' id='par_1_62' title="bbox 2197 3365 3739 3438">
     <span class='ocr_line' id='line_1_62' title="bbox 2197 3365 3739 3438; baseline -0.004 -15"><span class='ocrx_word' id='word_1_431' title='bbox 2197 3371 2241 3433; x_wconf 84' lang='lat' dir='ltr'><strong>C</strong></span> <span class='ocrx_word' id='word_1_432' title='bbox 2274 3370 2458 3423; x_wconf 88' lang='lat' dir='ltr'><strong>Clarus</strong></span> <span class='ocrx_word' id='word_1_433' title='bbox 2480 3369 2618 3430; x_wconf 86' lang='lat' dir='ltr'><strong>avis.</strong></span> <span class='ocrx_word' id='word_1_434' title='bbox 2644 3368 2920 3437; x_wconf 84' lang='lat' dir='ltr'><strong>atavisque</strong></span> <span class='ocrx_word' id='word_1_435' title='bbox 2944 3374 3155 3438; x_wconf 72' lang='lat' dir='ltr'><strong>potens,</strong></span> <span class='ocrx_word' id='word_1_436' title='bbox 3196 3365 3293 3420; x_wconf 78' lang='lat' dir='ltr'><strong>fuit</strong></span> <span class='ocrx_word' id='word_1_437' title='bbox 3316 3374 3483 3432; x_wconf 82' lang='lat' dir='ltr'><strong>atque</strong></span> <span class='ocrx_word' id='word_1_438' title='bbox 3496 3371 3703 3419; x_wconf 65' lang='lat' dir='ltr'><strong>senatu</strong></span> <span class='ocrx_word' id='word_1_439' title='bbox 3720 3379 3739 3417; x_wconf 90' lang='lat'><strong>:</strong></span> 
     </span>
    </p>
   </div>
   <div class='ocr_carea' id='block_1_63' title="bbox 2349 3454 3482 3528">
    <p class='ocr_par' dir='ltr' id='par_1_63' title="bbox 2349 3454 3482 3528">
     <span class='ocr_line' id='line_1_63' title="bbox 2349 3454 3482 3528; baseline -0.004 -13"><span class='ocrx_word' id='word_1_440' title='bbox 2349 3459 2556 3515; x_wconf 83' lang='lat' dir='ltr'><strong>Clarior</strong></span> <span class='ocrx_word' id='word_1_441' title='bbox 2575 3468 2632 3515; x_wconf 87' lang='lat' dir='ltr'><strong>at</strong></span> <span class='ocrx_word' id='word_1_442' title='bbox 2658 3475 2750 3528; x_wconf 80' lang='lat' dir='ltr'><strong>sua</strong></span> <span class='ocrx_word' id='word_1_443' title='bbox 2771 3460 2896 3514; x_wconf 76' lang='lat' dir='ltr'><strong>dum</strong></span> <span class='ocrx_word' id='word_1_444' title='bbox 2921 3457 3245 3528; x_wconf 86' lang='lat' dir='ltr'><strong>pauperibus</strong></span> <span class='ocrx_word' id='word_1_445' title='bbox 3275 3454 3482 3510; x_wconf 84' lang='lat' dir='ltr'><strong>tribuit.</strong></span> 
     </span>
    </p>
   </div>
   <div class='ocr_carea' id='block_1_64' title="bbox 2281 3547 3642 3621">
    <p class='ocr_par' dir='ltr' id='par_1_64' title="bbox 2281 3547 3642 3621">
     <span class='ocr_line' id='line_1_64' title="bbox 2281 3547 3642 3621; baseline -0.008 -12"><span class='ocrx_word' id='word_1_446' title='bbox 2281 3552 2386 3609; x_wconf 81' lang='lat' dir='ltr'><strong>Sed</strong></span> <span class='ocrx_word' id='word_1_447' title='bbox 2412 3566 2582 3621; x_wconf 89' lang='lat' dir='ltr'><strong>neque</strong></span> <span class='ocrx_word' id='word_1_448' title='bbox 2602 3550 2827 3607; x_wconf 77' lang='lat' dir='ltr'><strong>Martiae</strong></span> <span class='ocrx_word' id='word_1_449' title='bbox 2846 3548 2946 3605; x_wconf 69' lang='lat' dir='ltr'><strong>soli</strong></span> <span class='ocrx_word' id='word_1_450' title='bbox 2980 3556 3083 3604; x_wconf 84' lang='lat' dir='ltr'><strong>tam</strong></span> <span class='ocrx_word' id='word_1_451' title='bbox 3108 3547 3311 3618; x_wconf 80' lang='lat' dir='ltr'><strong>grande</strong></span> <span class='ocrx_word' id='word_1_452' title='bbox 3338 3547 3642 3615; x_wconf 76' lang='lat' dir='ltr'><strong>sepulcrum</strong></span> 
     </span>
    </p>
   </div>
   <div class='ocr_carea' id='block_1_65' title="bbox 2344 3638 3541 3707">
    <p class='ocr_par' dir='ltr' id='par_1_65' title="bbox 2344 3638 3541 3707">
     <span class='ocr_line' id='line_1_65' title="bbox 2344 3638 3541 3707; baseline -0.007 -10"><span class='ocrx_word' id='word_1_453' title='bbox 2344 3643 2682 3707; x_wconf 68' lang='lat' dir='ltr'><strong>Constrinxit,</strong></span> <span class='ocrx_word' id='word_1_454' title='bbox 2710 3641 2971 3696; x_wconf 77' lang='lat' dir='ltr'><strong>tumulum</strong></span> <span class='ocrx_word' id='word_1_455' title='bbox 2995 3638 3122 3694; x_wconf 75' lang='lat' dir='ltr'><strong>fecit</strong></span> <span class='ocrx_word' id='word_1_456' title='bbox 3144 3647 3201 3694; x_wconf 88' lang='lat' dir='ltr'><strong>et</strong></span> <span class='ocrx_word' id='word_1_457' title='bbox 3228 3652 3349 3693; x_wconf 87' lang='lat' dir='ltr'><strong>esse</strong></span> <span class='ocrx_word' id='word_1_458' title='bbox 3366 3651 3541 3690; x_wconf 69' lang='lat' dir='ltr'><strong>suum.</strong></span> 
     </span>
    </p>
   </div>
   <div class='ocr_carea' id='block_1_66' title="bbox 2283 3729 3519 3801">
    <p class='ocr_par' dir='ltr' id='par_1_66' title="bbox 2283 3729 3519 3801">
     <span class='ocr_line' id='line_1_66' title="bbox 2283 3729 3519 3801; baseline -0.006 -13"><span class='ocrx_word' id='word_1_459' title='bbox 2283 3733 2347 3788; x_wconf 84' lang='lat' dir='ltr'><strong>Et</strong></span> <span class='ocrx_word' id='word_1_460' title='bbox 2373 3734 2500 3788; x_wconf 87' lang='lat' dir='ltr'><strong>licet</strong></span> <span class='ocrx_word' id='word_1_461' title='bbox 2526 3746 2650 3787; x_wconf 59' lang='lat' dir='ltr'><strong>ante</strong></span> <span class='ocrx_word' id='word_1_462' title='bbox 2680 3732 2843 3801; x_wconf 89' lang='lat' dir='ltr'><strong>pedes</strong></span> <span class='ocrx_word' id='word_1_463' title='bbox 2864 3730 3078 3787; x_wconf 85' lang='lat' dir='ltr'><strong>Martini</strong></span> <span class='ocrx_word' id='word_1_464' title='bbox 3108 3729 3519 3792; x_wconf 86' lang='lat' dir='ltr'><strong>contumulctur,</strong></span> 
     </span>
    </p>
   </div>
   <div class='ocr_carea' id='block_1_67' title="bbox 2352 3820 3388 3892">
    <p class='ocr_par' dir='ltr' id='par_1_67' title="bbox 2352 3820 3388 3892">
     <span class='ocr_line' id='line_1_67' title="bbox 2352 3820 3388 3892; baseline -0.003 -17"><span class='ocrx_word' id='word_1_465' title='bbox 2352 3826 2408 3877; x_wconf 84' lang='lat' dir='ltr'><strong>In</strong></span> <span class='ocrx_word' id='word_1_466' title='bbox 2436 3824 2576 3879; x_wconf 67' lang='lat' dir='ltr'><strong>celo</strong></span> <span class='ocrx_word' id='word_1_467' title='bbox 2592 3822 2755 3877; x_wconf 85' lang='lat' dir='ltr'><strong>simili</strong></span> <span class='ocrx_word' id='word_1_468' title='bbox 2774 3821 2972 3892; x_wconf 81' lang='lat' dir='ltr'><strong>gaudet</strong></span> <span class='ocrx_word' id='word_1_469' title='bbox 2994 3828 3219 3890; x_wconf 78' lang='lat' dir='ltr'><strong>uterque</strong></span> <span class='ocrx_word' id='word_1_470' title='bbox 3244 3820 3388 3877; x_wconf 80' lang='lat' dir='ltr'><strong>loco.</strong></span> 
     </span>
    </p>
   </div>
   <div class='ocr_carea' id='block_1_68' title="bbox 2282 3910 3723 3983">
    <p class='ocr_par' dir='ltr' id='par_1_68' title="bbox 2282 3910 3723 3983">
     <span class='ocr_line' id='line_1_68' title="bbox 2282 3910 3723 3983; baseline -0.006 -12"><span class='ocrx_word' id='word_1_471' title='bbox 2282 3914 2593 3983; x_wconf 72' lang='lat' dir='ltr'><strong>Respicede</strong></span> <span class='ocrx_word' id='word_1_472' title='bbox 2618 3915 2826 3983; x_wconf 84' lang='lat' dir='ltr'><strong>superis</strong></span> <span class='ocrx_word' id='word_1_473' title='bbox 2855 3927 3016 3983; x_wconf 86' lang='lat' dir='ltr'><strong>super</strong></span> <span class='ocrx_word' id='word_1_474' title='bbox 3032 3912 3158 3977; x_wconf 87' lang='lat' dir='ltr'><strong>hoc,</strong></span> <span class='ocrx_word' id='word_1_475' title='bbox 3184 3912 3323 3967; x_wconf 87' lang='lat' dir='ltr'><strong>bone</strong></span> <span class='ocrx_word' id='word_1_476' title='bbox 3341 3919 3543 3979; x_wconf 76' lang='lat' dir='ltr'><strong>pastor,</strong></span> <span class='ocrx_word' id='word_1_477' title='bbox 3569 3910 3723 3971; x_wconf 83' lang='lat' dir='ltr'><strong>ovili,</strong></span> 
     </span>
    </p>
   </div>
   <div class='ocr_carea' id='block_1_69' title="bbox 2354 4005 3471 4077">
    <p class='ocr_par' dir='ltr' id='par_1_69' title="bbox 2354 4005 3471 4077">
     <span class='ocr_line' id='line_1_69' title="bbox 2354 4005 3471 4077; baseline -0.004 -16"><span class='ocrx_word' id='word_1_478' title='bbox 2354 4008 2749 4077; x_wconf 85' lang='lat' dir='ltr'><strong>Perpetuusque</strong></span> <span class='ocrx_word' id='word_1_479' title='bbox 2770 4016 2911 4062; x_wconf 82' lang='lat' dir='ltr'><strong>tuam</strong></span> <span class='ocrx_word' id='word_1_480' title='bbox 2939 4015 3191 4077; x_wconf 86' lang='lat' dir='ltr'><strong>perpetua</strong></span> <span class='ocrx_word' id='word_1_481' title='bbox 3222 4005 3471 4075; x_wconf 73' lang='lat' dir='ltr'><strong>patriam.</strong></span> 
     </span>
    </p>
   </div>
   <div class='ocr_carea' id='block_1_70' title="bbox 781 4123 3677 4215">
    <p class='ocr_par' dir='ltr' id='par_1_70' title="bbox 781 4123 3677 4215">
     <span class='ocr_line' id='line_1_70' title="bbox 781 4123 3677 4215; baseline 0.003 -38"><span class='ocrx_word' id='word_1_482' title='bbox 781 4123 1100 4193; x_wconf 79' lang='lat' dir='ltr'><strong>(Epistulam</strong></span> <span class='ocrx_word' id='word_1_483' title='bbox 1132 4126 1333 4182; x_wconf 83' lang='lat' dir='ltr'><strong>Sidonii</strong></span> <span class='ocrx_word' id='word_1_484' title='bbox 1359 4129 1681 4197; x_wconf 83' lang='lat' dir='ltr'><strong>Apollinaris</strong></span> <span class='ocrx_word' id='word_1_485' title='bbox 1704 4132 1769 4186; x_wconf 87' lang='lat' dir='ltr'><strong>ad</strong></span> <span class='ocrx_word' id='word_1_486' title='bbox 1800 4132 2118 4203; x_wconf 85' lang='lat' dir='ltr'><strong>Perpetuunt</strong></span> <span class='ocrx_word' id='word_1_487' title='bbox 2148 4135 2347 4191; x_wconf 83' lang='lat' dir='ltr'><strong>videsis</strong></span> <span class='ocrx_word' id='word_1_488' title='bbox 2377 4150 2533 4205; x_wconf 85' lang='lat' dir='ltr'><strong>supra</strong></span> <span class='ocrx_word' id='word_1_489' title='bbox 2565 4136 2704 4191; x_wconf 90' lang='lat' dir='ltr'><strong>inter</strong></span> <span class='ocrx_word' id='word_1_490' title='bbox 2734 4150 2892 4206; x_wconf 89' lang='lat' dir='ltr'><strong>opera</strong></span> <span class='ocrx_word' id='word_1_491' title='bbox 2921 4133 3125 4215; x_wconf 77' lang='lat' dir='ltr'><strong>Sidonii</strong></span> <span class='ocrx_word' id='word_1_492' title='bbox 3157 4135 3248 4190; x_wconf 91' lang='lat' dir='ltr'><strong>lib.</strong></span> <span class='ocrx_word' id='word_1_493' title='bbox 3280 4148 3377 4200; x_wconf 72' lang='lat' dir='ltr'><strong>vit,</strong></span> <span class='ocrx_word' id='word_1_494' title='bbox 3403 4134 3561 4203; x_wconf 86' lang='lat' dir='ltr'><strong>epist.</strong></span> <span class='ocrx_word' id='word_1_495' title='bbox 3593 4132 3677 4200; x_wconf 84' lang='lat'><strong>9.)</strong></span> 
     </span>
    </p>
   </div>
   <div class='ocr_carea' id='block_1_71' title="bbox 614 4303 3843 4371">
    <p class='ocr_par' dir='ltr' id='par_1_71' title="bbox 645 4346 3802 4360">
     <span class='ocr_line' id='line_1_71' title="bbox 645 4346 3802 4356; baseline 0 -11"><span class='ocrx_word' id='word_1_496' title='bbox 645 4346 650 4347; x_wconf 59' lang='lat'><strong><em>,</em></strong></span> <span class='ocrx_word' id='word_1_497' title='bbox 699 4346 718 4349; x_wconf 78' lang='lat'>_</span> <span class='ocrx_word' id='word_1_498' title='bbox 735 4346 751 4350; x_wconf 89' lang='lat'><strong>__</strong></span> <span class='ocrx_word' id='word_1_499' title='bbox 765 4347 810 4351; x_wconf 44' lang='grc' dir='ltr'>φ</span> <span class='ocrx_word' id='word_1_500' title='bbox 821 4346 962 4353; x_wconf 28' lang='grc' dir='ltr'><strong>,μή</strong></span> <span class='ocrx_word' id='word_1_501' title='bbox 1009 4350 1248 4355; x_wconf 78' lang='lat'>_____</span> <span class='ocrx_word' id='word_1_502' title='bbox 1483 4353 1494 4356; x_wconf 89' lang='lat'>_</span> <span class='ocrx_word' id='word_1_503' title='bbox 3483 4347 3718 4354; x_wconf 61' lang='lat'><strong>_____,,</strong></span> <span class='ocrx_word' id='word_1_504' title='bbox 3729 4348 3756 4352; x_wconf 78' lang='lat'><strong><em>_</em></strong></span> <span class='ocrx_word' id='word_1_505' title='bbox 3767 4348 3802 4352; x_wconf 88' lang='lat'><em>__</em></span> 
     </span>
     <span class='ocr_line' id='line_1_72' title="bbox 2173 4354 2976 4360; baseline 0 0"><span class='ocrx_word' id='word_1_506' title='bbox 2173 4354 2194 4360; x_wconf 87' lang='grc'><strong>-</strong></span> <span class='ocrx_word' id='word_1_507' title='bbox 2447 4354 2706 4360; x_wconf 86' lang='lat'>____</span> <span class='ocrx_word' id='word_1_508' title='bbox 2971 4355 2976 4357; x_wconf 79' lang='lat'><strong>.</strong></span> 
     </span>
    </p>
   </div>
   <div class='ocr_carea' id='block_1_72' title="bbox 1782 4495 2656 4542">
    <p class='ocr_par' dir='ltr' id='par_1_72' title="bbox 1782 4495 2656 4542">
     <span class='ocr_line' id='line_1_73' title="bbox 1782 4495 2656 4542; baseline 0.002 -3"><span class='ocrx_word' id='word_1_509' title='bbox 1782 4495 1945 4539; x_wconf 73' lang='lat' dir='ltr'><strong>ANNO</strong></span> <span class='ocrx_word' id='word_1_510' title='bbox 1988 4496 2215 4542; x_wconf 62' lang='lat' dir='ltr'>MIHI]</span> <span class='ocrx_word' id='word_1_511' title='bbox 2263 4498 2629 4542; x_wconf 61' lang='grc' dir='ltr'><strong>(προσπλεῖν</strong></span> <span class='ocrx_word' id='word_1_512' title='bbox 2641 4528 2656 4541; x_wconf 89' lang='grc'><strong>.</strong></span> 
     </span>
    </p>
   </div>
   <div class='ocr_carea' id='block_1_73' title="bbox 1026 4610 3345 5113">
    <p class='ocr_par' dir='ltr' id='par_1_73' title="bbox 1026 4610 3345 5113">
     <span class='ocr_line' id='line_1_74' title="bbox 1026 4610 3345 5113; baseline 0.016 -36"><span class='ocrx_word' id='word_1_513' title='bbox 1026 4610 1029 4611; x_wconf 0' lang='grc' dir='ltr'><strong> </strong></span> <span class='ocrx_word' id='word_1_514' title='bbox 1255 4637 3097 5076; x_wconf 50' lang='grc' dir='ltr'><strong>ιδΕρΞὲξέἓέξέλΙΞ</strong></span> <span class='ocrx_word' id='word_1_515' title='bbox 3336 5108 3345 5113; x_wconf 30' lang='grc' dir='ltr'>ε</span> 
     </span>
    </p>
   </div>
   <div class='ocr_carea' id='block_1_74' title="bbox 1794 5021 2640 5089">
    <p class='ocr_par' dir='ltr' id='par_1_74' title="bbox 1794 5021 2640 5089">
     <span class='ocr_line' id='line_1_75' title="bbox 1794 5021 2640 5089; baseline -0.001 -13"><span class='ocrx_word' id='word_1_516' title='bbox 1794 5023 2150 5089; x_wconf 60' lang='lat' dir='ltr'><strong>CASTELLEN</strong></span> <span class='ocrx_word' id='word_1_517' title='bbox 2157 5022 2249 5073; x_wconf 78' lang='lat' dir='ltr'><strong>SIS</strong></span> <span class='ocrx_word' id='word_1_518' title='bbox 2280 5021 2640 5075; x_wconf 69' lang='grc' dir='ltr'><strong>ΕΡιεεοιιυε.</strong></span> 
     </span>
    </p>
   </div>
   <div class='ocr_carea' id='block_1_75' title="bbox 2008 5177 2471 5192">
    <p class='ocr_par' dir='ltr' id='par_1_75' title="bbox 2008 5177 2471 5192">
     <span class='ocr_line' id='line_1_76' title="bbox 2008 5177 2471 5192; baseline 0.002 -2"><span class='ocrx_word' id='word_1_519' title='bbox 2008 5177 2471 5192; x_wconf 59' lang='lat'>————~</span> 
     </span>
    </p>
   </div>
   <div class='ocr_carea' id='block_1_76' title="bbox 1537 5316 2817 5397">
    <p class='ocr_par' dir='ltr' id='par_1_76' title="bbox 1537 5316 2817 5397">
     <span class='ocr_line' id='line_1_77' title="bbox 1537 5316 2817 5397; baseline 0.002 -6"><span class='ocrx_word' id='word_1_520' title='bbox 1537 5316 1605 5391; x_wconf 82' lang='grc' dir='ltr'><strong>Ν</strong></span> <span class='ocrx_word' id='word_1_521' title='bbox 1612 5318 1983 5397; x_wconf 82' lang='grc' dir='ltr'><strong>ΟΤΙΤΙΑ</strong></span> <span class='ocrx_word' id='word_1_522' title='bbox 2037 5322 2182 5394; x_wconf 81' lang='lat' dir='ltr'><strong>EX</strong></span> <span class='ocrx_word' id='word_1_523' title='bbox 2238 5321 2817 5394; x_wconf 80' lang='lat' dir='ltr'><strong>GENNADIO.</strong></span> 
     </span>
    </p>
   </div>
   <div class='ocr_carea' id='block_1_77' title="bbox 670 5454 3879 5544">
    <p class='ocr_par' dir='ltr' id='par_1_77' title="bbox 670 5454 3879 5544">
     <span class='ocr_line' id='line_1_78' title="bbox 670 5454 3879 5544; baseline -0.001 -14"><span class='ocrx_word' id='word_1_524' title='bbox 670 5459 909 5530; x_wconf 75' lang='lat' dir='ltr'><strong>Cerealis</strong></span> <span class='ocrx_word' id='word_1_525' title='bbox 950 5471 1234 5541; x_wconf 85' lang='lat' dir='ltr'><strong>episcopus</strong></span> <span class='ocrx_word' id='word_1_526' title='bbox 1274 5471 1491 5529; x_wconf 87' lang='lat' dir='ltr'><strong>natione</strong></span> <span class='ocrx_word' id='word_1_527' title='bbox 1541 5470 1670 5527; x_wconf 82' lang='lat' dir='ltr'><strong>Afer</strong></span> <span class='ocrx_word' id='word_1_528' title='bbox 1692 5514 1708 5540; x_wconf 83' lang='lat'><strong>,</strong></span> <span class='ocrx_word' id='word_1_529' title='bbox 1764 5472 2118 5542; x_wconf 88' lang='lat' dir='ltr'><strong>interrogatus</strong></span> <span class='ocrx_word' id='word_1_530' title='bbox 2142 5489 2171 5529; x_wconf 90' lang='lat' dir='ltr'><strong>a</strong></span> <span class='ocrx_word' id='word_1_531' title='bbox 2199 5476 2250 5537; x_wconf 89' lang='lat' dir='ltr'><strong>D</strong></span> <span class='ocrx_word' id='word_1_532' title='bbox 2276 5477 2444 5544; x_wconf 86' lang='lat' dir='ltr'><strong>Quam</strong></span> <span class='ocrx_word' id='word_1_533' title='bbox 2473 5474 2562 5529; x_wconf 91' lang='lat' dir='ltr'><strong>ille</strong></span> <span class='ocrx_word' id='word_1_534' title='bbox 2588 5475 2640 5529; x_wconf 92' lang='lat' dir='ltr'><strong>iu</strong></span> <span class='ocrx_word' id='word_1_535' title='bbox 2662 5474 2879 5528; x_wconf 87' lang='lat' dir='ltr'><strong>nomine</strong></span> <span class='ocrx_word' id='word_1_536' title='bbox 2901 5474 3110 5528; x_wconf 86' lang='lat' dir='ltr'><strong>Domini</strong></span> <span class='ocrx_word' id='word_1_537' title='bbox 3136 5472 3455 5543; x_wconf 79' lang='lat' dir='ltr'><strong>suffragante</strong></span> <span class='ocrx_word' id='word_1_538' title='bbox 3477 5471 3579 5527; x_wconf 89' lang='lat' dir='ltr'><strong>sibi</strong></span> <span class='ocrx_word' id='word_1_539' title='bbox 3606 5454 3879 5537; x_wconf 59' lang='lat' dir='ltr'><strong>veritate.</strong></span> 
     </span>
    </p>
   </div>
   <div class='ocr_carea' id='block_1_78' title="bbox 608 5560 2174 5635">
    <p class='ocr_par' dir='ltr' id='par_1_78' title="bbox 608 5560 2174 5635">
     <span class='ocr_line' id='line_1_79' title="bbox 608 5560 2174 5635; baseline 0.003 -19"><span class='ocrx_word' id='word_1_540' title='bbox 608 5561 925 5619; x_wconf 76' lang='lat' dir='ltr'><strong>Maximiano</strong></span> <span class='ocrx_word' id='word_1_541' title='bbox 946 5560 1317 5619; x_wconf 80' lang='lat' dir='ltr'><strong>Africanorum</strong></span> <span class='ocrx_word' id='word_1_542' title='bbox 1342 5562 1593 5633; x_wconf 83' lang='lat' dir='ltr'><strong>episcopo</strong></span> <span class='ocrx_word' id='word_1_543' title='bbox 1619 5563 1662 5619; x_wconf 87' lang='lat' dir='ltr'><strong>si</strong></span> <span class='ocrx_word' id='word_1_544' title='bbox 1684 5574 1864 5633; x_wconf 87' lang='lat' dir='ltr'><strong>posset</strong></span> <span class='ocrx_word' id='word_1_545' title='bbox 1887 5565 1969 5619; x_wconf 86' lang='lat' dir='ltr'><strong>vel</strong></span> <span class='ocrx_word' id='word_1_546' title='bbox 1993 5565 2174 5635; x_wconf 80' lang='lat' dir='ltr'><strong>paucis</strong></span> 
     </span>
    </p>
   </div>
   <div class='ocr_carea' id='block_1_79' title="bbox 609 5651 2170 5724">
    <p class='ocr_par' dir='ltr' id='par_1_79' title="bbox 609 5651 2170 5724">
     <span class='ocr_line' id='line_1_80' title="bbox 609 5651 2170 5724; baseline 0.004 -19"><span class='ocrx_word' id='word_1_547' title='bbox 609 5651 802 5706; x_wconf 70' lang='lat' dir='ltr'><strong>divinae</strong></span> <span class='ocrx_word' id='word_1_548' title='bbox 829 5652 1123 5722; x_wconf 70' lang='lat' dir='ltr'><strong>Scriptura:</strong></span> <span class='ocrx_word' id='word_1_549' title='bbox 1150 5652 1463 5709; x_wconf 83' lang='lat' dir='ltr'><strong>testimoniis</strong></span> <span class='ocrx_word' id='word_1_550' title='bbox 1506 5652 1704 5723; x_wconf 86' lang='lat' dir='ltr'><strong>absque</strong></span> <span class='ocrx_word' id='word_1_551' title='bbox 1728 5653 1837 5709; x_wconf 86' lang='lat' dir='ltr'><strong>ulla</strong></span> <span class='ocrx_word' id='word_1_552' title='bbox 1860 5654 2170 5724; x_wconf 77' lang='lat' dir='ltr'><strong>disputatio-</strong></span> 
     </span>
    </p>
   </div>
   <div class='ocr_carea' id='block_1_80' title="bbox 604 5738 2164 5813">
    <p class='ocr_par' dir='ltr' id='par_1_80' title="bbox 604 5738 2164 5813">
     <span class='ocr_line' id='line_1_81' title="bbox 604 5738 2164 5813; baseline 0.004 -20"><span class='ocrx_word' id='word_1_553' title='bbox 604 5739 691 5795; x_wconf 89' lang='lat' dir='ltr'><strong>nis</strong></span> <span class='ocrx_word' id='word_1_554' title='bbox 714 5738 966 5795; x_wconf 78' lang='lat' dir='ltr'><strong>duntaxat</strong></span> <span class='ocrx_word' id='word_1_555' title='bbox 994 5741 1306 5809; x_wconf 88' lang='lat' dir='ltr'><strong>assertionc,</strong></span> <span class='ocrx_word' id='word_1_556' title='bbox 1340 5741 1495 5797; x_wconf 83' lang='lat' dir='ltr'><strong>fidem</strong></span> <span class='ocrx_word' id='word_1_557' title='bbox 1524 5744 1839 5800; x_wconf 81' lang='lat' dir='ltr'><strong>catholicam</strong></span> <span class='ocrx_word' id='word_1_558' title='bbox 1876 5744 2164 5813; x_wconf 86' lang='lat' dir='ltr'><strong>assignare.</strong></span> 
     </span>
    </p>
   </div>
   <div class='ocr_carea' id='block_1_81' title="bbox 2280 5563 3860 5636">
    <p class='ocr_par' dir='ltr' id='par_1_81' title="bbox 2280 5563 3860 5636">
     <span class='ocr_line' id='line_1_82' title="bbox 2280 5563 3860 5636; baseline -0.003 -14"><span class='ocrx_word' id='word_1_559' title='bbox 2280 5582 2386 5623; x_wconf 90' lang='lat' dir='ltr'><strong>non</strong></span> <span class='ocrx_word' id='word_1_560' title='bbox 2418 5566 2600 5636; x_wconf 89' lang='lat' dir='ltr'><strong>paucis</strong></span> <span class='ocrx_word' id='word_1_561' title='bbox 2626 5564 2942 5620; x_wconf 85' lang='lat' dir='ltr'><strong>testimoniis</strong></span> <span class='ocrx_word' id='word_1_562' title='bbox 2965 5565 3103 5619; x_wconf 89' lang='lat' dir='ltr'><strong>sicut</strong></span> <span class='ocrx_word' id='word_1_563' title='bbox 3130 5563 3477 5621; x_wconf 81' lang='lat' dir='ltr'><strong>Maximianus</strong></span> <span class='ocrx_word' id='word_1_564' title='bbox 3499 5563 3739 5618; x_wconf 83' lang='lat' dir='ltr'><strong>irridens</strong></span> <span class='ocrx_word' id='word_1_565' title='bbox 3767 5578 3860 5632; x_wconf 88' lang='lat' dir='ltr'><strong>pe-</strong></span> 
     </span>
    </p>
   </div>
   <div class='ocr_carea' id='block_1_82' title="bbox 2278 5654 3859 5727">
    <p class='ocr_par' dir='ltr' id='par_1_82' title="bbox 2278 5654 3859 5727">
     <span class='ocr_line' id='line_1_83' title="bbox 2278 5654 3859 5727; baseline -0.001 -15"><span class='ocrx_word' id='word_1_566' title='bbox 2278 5661 2454 5725; x_wconf 84' lang='lat' dir='ltr'><strong>tierat,</strong></span> <span class='ocrx_word' id='word_1_567' title='bbox 2480 5657 2575 5715; x_wconf 91' lang='lat' dir='ltr'><strong>sed</strong></span> <span class='ocrx_word' id='word_1_568' title='bbox 2593 5657 2823 5727; x_wconf 88' lang='lat' dir='ltr'><strong>copiosis</strong></span> <span class='ocrx_word' id='word_1_569' title='bbox 2844 5666 2952 5711; x_wconf 88' lang='lat' dir='ltr'><strong>tam</strong></span> <span class='ocrx_word' id='word_1_570' title='bbox 2974 5657 3181 5712; x_wconf 85' lang='lat' dir='ltr'><strong>.Vetcris</strong></span> <span class='ocrx_word' id='word_1_571' title='bbox 3198 5657 3523 5713; x_wconf 85' lang='lat' dir='ltr'><strong>Testamenti</strong></span> <span class='ocrx_word' id='word_1_572' title='bbox 3544 5670 3709 5726; x_wconf 75' lang='lat' dir='ltr'><strong>quam</strong></span> <span class='ocrx_word' id='word_1_573' title='bbox 3724 5654 3859 5711; x_wconf 72' lang='lat' dir='ltr'><strong>Novi</strong></span> 
     </span>
    </p>
   </div>
   <div class='ocr_carea' id='block_1_83' title="bbox 2278 5746 3105 5815">
    <p class='ocr_par' dir='ltr' id='par_1_83' title="bbox 2278 5746 3105 5815">
     <span class='ocr_line' id='line_1_84' title="bbox 2278 5746 3105 5815; baseline 0.007 -18"><span class='ocrx_word' id='word_1_574' title='bbox 2278 5748 2605 5815; x_wconf 80' lang='lat' dir='ltr'><strong>approbavit,</strong></span> <span class='ocrx_word' id='word_1_575' title='bbox 2630 5756 2681 5803; x_wconf 86' lang='lat' dir='ltr'><strong>et</strong></span> <span class='ocrx_word' id='word_1_576' title='bbox 2710 5747 2799 5803; x_wconf 78' lang='lat' dir='ltr'><strong>libt</strong></span> <span class='ocrx_word' id='word_1_577' title='bbox 2819 5746 2891 5801; x_wconf 86' lang='lat' dir='ltr'><strong>ilo</strong></span> <span class='ocrx_word' id='word_1_578' title='bbox 2920 5746 3105 5803; x_wconf 86' lang='lat' dir='ltr'><strong>edidit.</strong></span> 
     </span>
    </p>
   </div>
  </div>
