4060 6332
526 319 634 386 7S9
657 321 660 326 ’

1511 306 1844 371 CEREALIS
1882 301 2379 367 CASTELLENSIS
2420 305 2723 368 EPISCOPI'

3685 312 3787 376 760

529 438 780 505 hominis,
812 437 931 493 dice
970 450 996 489 s
1028 452 1040 486 :
1076 425 1212 487 Misit
1237 423 1371 485 Deus
1400 425 1595 481 Filium
1617 445 1789 486 suum.
1822 431 2014 494 factum
2037 440 2100 476 ex
2134 427 2174 482 Α
2209 424 2334 480 liens
2369 443 2398 480 a
2427 427 2685 498 regalibus
2723 426 2932 480 sedibus
2971 429 3074 483 tuis
3101 471 3113 487 ,
3150 428 3202 482 in
3233 432 3449 485 mediam
3494 437 3780 488 ατη-,ηἰηί

519 534 757 597 muliere,
781 532 967 600 factum
988 529 1078 580 sub
1103 527 1225 596 lege,
1257 533 1313 576 ut
1341 539 1425 576 eos
1455 523 1538 591 qui
1571 521 1662 573 sub
1694 524 1800 591 lege
1828 528 1976 574 erant
2017 534 2092 571 re-

527 625 736 675 dimeret
760 617 898 690 (Gal.
930 615 1026 687 tv).
1053 613 1292 684 Ergoqui
1315 629 1377 668 ex
1403 614 1623 667 muliere
1651 611 1822 666 {ai-tus
1849 621 1953 674 est,
1985 611 2100 680 ipse

529 717 718 768 missus
745 709 956 781 quiest,
987 709 1147 764 etiam
1178 709 1278 762 sub
1307 709 1425 778 lege
1455 706 1551 760 fuit
1572 751 1587 774 ,
1617 708 1759 760 sicut
1783 706 1951 770 dixit;
1977 719 2097 759 nam

529 807 669 861 Deus
697 801 938 858 condidit
966 800 1155 872 legem.
1214 800 1343 853 Item
1387 799 1501 868 ipse
1540 799 1813 868 aposmlus
1861 797 1988 851 dicit
2034 798 2100 851 de

524 897 764 952 tlltristo:
797 893 1138 963 Semetipsum
1156 892 1432 945 exinanivit
1453 895 1672 961 [omam
1694 891 1821 944 servi
1839 890 2094 959 accipiens

527 985 754 1057 (Philip.
785 987 866 1052 Il).
900 985 1121 1052 Quando
1147 985 1495 1049 semetipsum
1526 981 1838 1046 exinanivit,
1863 991 1988 1036 tunc
2016 996 2100 1037 se.

526 1078 810 1146 utetipsnm
839 1075 1012 1139 misit;
1047 1089 1168 1128 nam
1201 1085 1253 1128 et
1286 1077 1398 1143 ipse
1443 1073 1605 1127 Filius
1653 1073 1813 1127 dicit:
1856 1071 1965 1141 Ego
1993 1071 2104 1125 veni

523 1185 747 1238 querere
776 1179 821 1222 et
837 1169 1032 1222 salvare
1049 1167 1185 1237 quod
1209 1167 1452 1236 perierat.
1486 1165 1576 1218 llic
1600 1179 1704 1218 non
1735 1163 1883 1227 dicit,
1909 1163 2104 1217 missus

523 1276 640 1314 sum
662 1300 677 1324 ,
709 1260 804 1315 sed
835 1259 963 1312 veni.
995 1257 1124 1311 Nam
1152 1266 1206 1310 et
1235 1257 1465 1326 Spiritus
1513 1265 1731 1309 sanctus
1773 1255 1917 1308 misit
1953 1269 2099 1315 eum,

524 1355 664 1410 sicut
693 1353 980 1424 scriptam,
1010 1351 1125 1420 ipso
1154 1351 1400 1415 docent»,
1440 1359 1520 1404 est
1559 1349 1608 1402 in
1645 1347 1771 1401 Isaia
1803 1345 2058 1414 preplteta
2086 1362 2100 1398 :

525 1445 592 1499 Et
635 1463 797 1513 nunc,
831 1447 1029 1515 inquit,
1059 1443 1311 1497 Dominus
1349 1443 1482 1495 misit
1513 1458 1619 1508 me,
1655 1453 1701 1496 et
1740 1440 1964 1509 Spiritus
1993 1440 2102 1509 ejus

528 1537 683 1602 (lsoi.
723 1537 929 1608 xum).
962 1538 1088 1591 Item
1108 1536 1237 1590 dicit
1265 1535 1378 1603 ipse
1410 1535 1608 1588 Filius:
1642 1535 1869 1602 Spiritus
1895 1532 2104 1586 Domini

524 1647 676 1699 super
707 1645 804 1694 me,
832 1639 1039 1701 propter
1067 1629 1204 1694 quod
1232 1626 1375 1679 unxit
1408 1642 1505 1687 me,
1535 1625 1877 1694 euangelizare
1905 1641 2102 1695 paupe-

525 1720 673 1776 ribus
691 1721 825 1774 misit
865 1736 962 1786 me,
1010 1729 1114 1776 etc.
1149 1718 1290 1788 Ergo
1315 1719 1484 1786 major
1509 1727 1586 1770 cst
1617 1715 1846 1786 Spiritus
1889 1729 2104 1773 sanctus

2205 526 2392 571 terram
2440 518 2689 587 prosilivit
2729 517 2899 590 (Sap.
2942 521 3120 586 xvtn).
3157 519 3296 590 Ergo
3330 531 3382 576 et
3429 538 3520 576 rex
3571 535 3656 578 est
3689 527 3779 593 qtti

2204 613 2413 679 regales
2441 611 2645 664 obtinet
2670 610 2847 666 sedes.
2881 611 3011 666 Item
3039 614 3090 665 in
3122 614 3474 683 Apocalypsi:
3507 614 3634 668 Hau:
3653 618 3778 670 dicit

2204 697 2373 753 Filius
2427 698 2543 764 Dei,
2595 701 2682 768 qui
2727 710 2800 755 est
2850 712 2898 755 et
2943 703 3032 772 qui
3089 703 3184 772 fuit
3240 705 3554 772 omnipotens
3603 705 3782 770 Deus,

2205 791 2260 845 In
2292 793 2611 861 Evangelio:
2646 793 2830 848 Omnia
2856 811 3167 864 quacunque
3192 795 3346 850 Pater
3379 798 3536 863 facit,
3582 799 3690 851 lucc
3736 810 3785 854 et

2205 883 2377 938 Filius
2421 885 2657 939 similiter
2700 887 2823 955 facit
2853 885 3041 956 (Joan.
3073 887 3156 957 ν).
3198 887 3325 942 Item
3354 889 3405 943 in
3447 888 3739 960 Evangelia
3767 909 3786 948 ι

2205 975 2352 1031 Sicut
2384 975 2538 1030 Pater
2564 978 2774 1031 suscitat
2796 988 3026 1034 nwrtuos.
3039 989 3086 1034 et
3107 980 3348 1049 riviﬁcat,
3372 981 3444 1034 sic
3465 981 3637 1036 Filius
3655 999 3787 1052 quo:

2205 1067 2310 1121 uult
2337 1069 2574 1138 viviﬁcal.
2621 1070 2676 1125 lu
2705 1069 2836 1124 Isaia
2866 1066 3030 1125 Filius
3075 1071 3203 1125 dicit
3234 1088 3246 1123 :
3283 1069 3413 1127 Ecce
3456 1089 3548 1143 ego
3576 1077 3782 1128 mittam

2205 1175 2410 1212 manum
2438 1176 2604 1214 meam
2629 1175 2782 1230 super
2809 1177 2894 1215 vos
2922 1170 2969 1214 et
2995 1161 3423 1230 deprardabuntur
3459 1165 3545 1230 qui
3573 1166 3782 1234 deprc-

2205 1252 2448 1306 daverunt
2473 1268 2579 1319 vos,
2605 1262 2651 1307 et
2677 1255 2843 1308 scietis
2868 1256 2988 1325 quia
3018 1255 3266 1310 Dominus
3289 1259 3607 1328 omnipotens
3640 1277 3784 1326 sum,

2204 1353 2249 1397 et
2268 1347 2353 1414 qui
2371 1347 2504 1400 misit
2533 1361 2610 1399 me
2641 1343 2894 1401 Dominus
2923 1349 3239 1417 omnipotens
3267 1359 3358 1403 est.

2275 1438 2534 1494 Jeremias
2555 1438 2812 1508 propheta
2841 1439 2966 1495 dicit
2994 1458 3008 1495 :
3051 1440 3270 1513 Magnus
3296 1451 3388 1508 est,
3419 1453 3464 1496 et
3498 1461 3599 1497 non
3631 1445 3784 1498 habet

2206 1531 2380 1597 ﬁnem,
2402 1531 2632 1588 excelsus
2651 1543 2696 1588 et
2718 1533 2989 1589 immensus
3008 1535 3093 1588 h’c
3123 1533 3262 1590 Deus
3283 1538 3543 1610 nosterﬁet
3573 1556 3673 1592 non
3705 1551 3782 1594 est

2204 1624 2358 1678 alius.
2381 1627 2444 1678 Et
2468 1635 2524 1680 ut
2546 1636 2797 1695 appareat
2819 1626 2885 1680 de
2906 1628 3121 1683 Christo
3143 1631 3270 1694 dici,
3294 1633 3566 1700 sequitur:
3589 1631 3786 1686 Postea

2205 1715 2258 1767 in
2285 1717 2430 1770 terris
2450 1717 2590 1771 uisus
2617 1725 2720 1783 est,
2764 1728 2812 1772 et
2841 1734 2954 1772 cum
3004 1721 3288 1775 hominibus
3329 1735 3650 1780 conversatus
3677 1739 3782 1779 est.

528 1815 663 1869 Filio
683 1857 699 1882 ,
731 1814 774 1868 si
821 1813 993 1884 major
1035 1822 1116 1867 est
1144 1785 1423 1883 quimiltit
1445 1851 1458 1874 ,
1485 1812 1604 1882 quia
1635 1811 1862 1882 Spiritus
1890 1821 2102 1868 sanctus
2134 1785 2181 1847 Β
2211 1806 2338 1861 ltrm
2361 1808 2644 1876 Apostolus
2670 1826 2683 1863 :
2708 1809 2820 1864 Nos
2841 1820 3028 1875 autem,
3053 1810 3250 1880 inquit,
3275 1814 3611 1881 pra’dicamus
3629 1813 3784 1868 Chri-

541 1906 688 1960 misit
712 1904 900 1959 Filium
931 1905 1047 1958 Dei.
1099 1905 1239 1958 Deus
1280 1903 1462 1973 utique
1492 1903 1687 1974 ubique
1716 1911 1816 1971 est,
1839 1905 1959 1974 quia
1987 1905 2061 1959 ait
2088 1922 2100 1957 :

527 1996 718 2050 (italum
739 2006 785 2050 et
812 2006 1003 2050 terram
1050 2011 1142 2066 ego
1190 1996 1397 2064 impleo.
1453 1994 1514 2048 Et
1546 1994 1670 2050 alibi
1699 1995 1829 2050 dicit
1859 2014 1871 2050 :
1913 1996 2105 2050 Caelum

527 2088 650 2141 mihi
674 2087 814 2142 sedes
843 2097 936 2152 est,
960 2097 1093 2140 terra
1121 2096 1290 2140 autem
1320 2085 1597 2140 rcabellum
1627 2087 1817 2157 pedum
1856 2104 2102 2142 meorum.

527 2181 807 2246 Quomodo
835 2179 990 2250 igitur
1021 2180 1246 2234 mittitur
1300 2179 1501 2235 Filius?
1527 2191 1619 2235 aut
1646 2181 1913 2250 quomodo
1946 2183 2108 2236 mittit

527 2271 704 2335 Pater,
731 2273 774 2325 si
810 2273 861 2325 in
885 2273 1023 2326 cmlo
1050 2282 1104 2325 et
1137 2272 1187 2325 in
1233 2281 1370 2326 terra
1399 2274 1600 2342 ubique
1646 2290 1779 2328 unus
1810 2285 1892 2329 est
1923 2276 2104 2330 Deus?

528 2373 657 2417 ttem
679 2363 800 2417 audi
834 2363 921 2418 ubi
954 2379 1060 2417 non
1089 2364 1259 2417 solum
1285 2366 1528 2434 aequales
1557 2367 1624 2420 ab
1654 2367 1968 2437 aequalibus,
2009 2370 2102 2421 sed

534 2464 590 2508 ιιι
617 2443 1168 2523 ηιειῙΟΓεε⁴ηιίιιθηιυτ
1189 2471 1215 2509 a
1244 2457 1573 2523 minoribus,
1605 2460 1739 2513 sicut
1763 2459 1983 2528 legimus
2014 2477 2106 2515 an-

528 2547 703 2615 gelum
747 2561 866 2602 esse
907 2547 1128 2603 missum
1154 2563 1182 2601 a
1218 2548 1407 2613 Tobia,
1439 2559 1490 2604 et
1525 2551 1766 2606 Christus
1803 2552 1994 2612 tnissus
2025 2563 2107 2607 est

528 2656 556 2688 υ
587 2637 758 2692 Pilato
783 2637 850 2693 ad
875 2640 1161 2696 Herodem.
1187 2639 1429 2713 Nunquid
1461 2642 1755 2698 ltuntiliai-it
1781 2659 1840 2701 se
1861 2645 2102 2715 angelus,

527 2728 649 2798 quia
677 2733 909 2797 perrexit
937 2747 1042 2802 quo
1082 2735 1274 2790 missus
1300 2745 1384 2790 est
1414 2751 1443 2789 a
1477 2735 1673 2790 Tobia?
1697 2746 1784 2790 aut
1812 2737 2106 2793 humiliavit

529 2835 589 2875 se
619 2821 884 2886 Christus,
909 2822 997 2892 qui
1023 2837 1049 2876 a
1073 2823 1239 2878 Pilato
1270 2825 1463 2881 missus
1484 2834 1562 2879 est
1593 2827 1656 2879 ad
1687 2826 1989 2883 Herodem?
2016 2828 2104 2881 Vis

526 2913 820 2982 scire,quia
846 2915 1042 2985 ubique
1061 2924 1146 2971 est
1174 2917 1361 2984 Filius,
1380 2934 1475 2974 nec
1497 2920 1679 2974 estubi
1708 2921 1965 2986 mittatur,
1982 2923 2104 2978 auiti

525 3005 651 3074 quid
681 3006 810 3062 dicit
839 3009 953 3075 ipse
984 3008 1178 3064 Filius:
1212 3008 1376 3066 Nemo
1401 3012 1628 3066 ascendit
1668 3014 1719 3066 in
1767 3015 1970 3082 ctelum,
2007 3017 2106 3070 nisi

527 3100 610 3166 qui
639 3100 898 3155 descendit
929 3103 991 3156 de
1011 3103 1139 3157 caelo
1162 3121 1179 3168 ;
1205 3102 1374 3157 Filius
1405 3104 1643 3169 hominis,
1672 3107 1757 3176 qui
1784 3117 1855 3160 est
1883 3108 1932 3159 ivi
1957 3110 2100 3162 coelo.

527 3189 642 3246 Non
671 3194 812 3248 enim
844 3193 1004 3263 dixit,
1029 3196 1118 3264 qui
1142 3195 1239 3250 luit
1266 3197 1318 3250 in
1347 3197 1507 3262 coelo,
1532 3198 1628 3253 sed
1659 3199 1746 3264 qui
1786 3207 1858 3254 est
1886 3202 1936 3253 in
1959 3202 2103 3265 caelo,

528 3293 583 3338 et
615 3293 794 3341 tamen
823 3288 875 3341 in
905 3297 1044 3344 terra
1093 3289 1436 3358 IoQuebatur;
1478 3291 1569 3345 sed
1603 3301 1658 3345 et
1688 3292 1738 3345 in
1787 3303 1927 3347 terra
1983 3303 2104 3350 Itlltc

530 3375 692 3429 homo
739 3376 838 3431 fuit
861 3386 917 3432 et
947 3378 1108 3433 Deus.
1142 3380 1270 3433 Nam
1313 3381 1356 3433 si
1387 3381 1524 3435 Deus
1557 3381 1682 3436 non‘
1713 3383 1809 3436 fuit
1836 3385 1884 3436 in
1927 3393 2062 3439 terra
2087 3429 2100 3450 ,

529 3466 799 3532 quomodo
825 3467 998 3536 angeli
1025 3469 1100 3522 illi
1129 3469 1520 3534 ministrabant,
1539 3473 1674 3526 sicut
1695 3474 1954 3542 scriptum
1976 3487 2054 3529 est
2089 3496 2100 3528 :

531 3556 596 3608 lt't
623 3557 851 3611 discessit
881 3559 1118 3613 diabolus
1138 3604 1151 3624 ,
1200 3572 1246 3614 rt
1275 3572 1512 3616 venerunt
1535 3564 1724 3634 angeli,
1752 3576 1800 3619 et
1845 3568 2104 3621 ministra-

529 3652 644 3702 bant
671 3651 720 3703 ei
741 3648 922 3721 (loan.
952 3653 1107 3723 un).

1179 3762 1345 3802 CAPUT
1388 3765 1458 3802 ιγ.

597 3833 879 3902 Quomodo
905 3836 1162 3892 t-Iarilicet
1185 3837 1340 3894 I’ater
1371 3840 1582 3906 Filium,
1609 3844 1687 3898 sic
1707 3843 1944 3901 docetur.
1974 3846 2100 3902 Nam

529 3936 582 3982 et
603 3927 766 3981 Filius
789 3928 1048 3984 clariﬁcat
1069 3929 1300 3996 Patrem,
1321 3934 1454 3986 sicut
1474 3936 1732 4004 scriptum
1752 3939 1902 3992 estin
1931 3939 2104 3994 Evan-

529 4017 665 4085 gelio
694 4017 903 4074 dicente
934 4019 1048 4088 ipso
1075 4019 1212 4074 Filio
1233 4022 1296 4073 ad
1326 4022 1534 4078 Patrem
1571 4041 1583 4078 :
1611 4024 1720 4096 Ego
1751 4035 1798 4080 te
1825 4028 2104 4097 clariﬁcavi

529 4124 682 4175 super
705 4118 914 4162 terram.
939 4109 1134 4164 Iterum
1165 4112 1279 4179 ipse
1307 4113 1469 4168 Filius
1498 4115 1626 4170 dicit
1654 4135 1665 4168 :
1702 4117 1882 4184 Pater,
1911 4119 2104 4190 clariﬁ.

531 4213 589 4250 ea
620 4197 816 4251 Filium
844 4208 1007 4266 tuum,
1038 4211 1158 4255 utet
1184 4201 1230 4254 F
1234 4203 1354 4257 ilius
1386 4215 1501 4260 tuus
1528 4209 1770 4277 clariﬁcel
1795 4221 1860 4264 te.
1899 4213 1960 4267 Et
1991 4213 2104 4283 ipse

533 4288 764 4356 Spiritus
792 4296 1007 4343 sanctus
1031 4293 1285 4347 rlariﬁcat
1311 4296 1500 4350 Filium
1519 4339 1534 4363 ,
1567 4301 1687 4367 quia
1710 4301 1962 4370 scriptum
1986 4315 2100 4359 est:

535 4377 655 4446 Ipse
681 4395 762 4432 me
789 4379 1123 4450 clariﬁcabit,
1154 4386 1276 4454 quia
1315 4388 1377 4439 de
1407 4403 1515 4441 meo
1537 4391 1784 4459 accipiet,
1810 4403 1856 4446 et
1896 4410 2101 4448 annun-

2129 3145 2177 3208 C

2205 1907 2359 1964 stum,
2392 1897 2486 1953 Dei
2513 1901 2769 1970 virtutem,
2803 1912 2848 1956 et
2868 1900 2965 1957 Dei
2983 1903 3305 1971 sapientiam.
3341 1904 3467 1958 Item
3500 1905 3615 1974 ipse
3657 1921 3787 1960 cum

2205 1991 2272 2045 de
2297 1990 2493 2046 Judmis
2523 1991 2789 2062 loquitur:
2817 1992 3046 2060 Quorum
3077 2003 3264 2062 patres,
3301 1995 3352 2047 in
3376 1995 3490 2062 ptit,
3515 2004 3560 2047 et
3585 2012 3648 2049 ex
3667 1999 3786 2065 qui-

2207 2082 2296 2135 bus
2321 2080 2551 2137 Christus
2593 2083 2872 2137 secundant
2910 2101 3135 2150 carnem,
3178 2086 3266 2154 qui
3317 2096 3387 2138 est
3416 2101 3569 2155 super
3603 2089 3783 2140 omnia

2207 2173 2342 2226 Deus
2364 2174 2650 2227 benedictus
2682 2175 2732 2228 in
2750 2175 2959 2230 saecula.
2985 2178 3175 2231 Amen.

2852 2285 3016 2324 CAPUT
3057 2288 3124 2325 \‘I.

2278 2360 2452 2424 Quare
2469 2358 2659 2414 dixerit
2681 2359 2846 2414 Filius
2871 2379 2882 2412 :
2919 2361 3070 2416 Pater
3101 2365 3265 2433 major
3289 2379 3364 2417 me
3388 2374 3482 2428 est,
3508 2366 3587 2420 vel
3612 2380 3786 2434 quare

2208 2451 2407 2506 dictum
2435 2454 2500 2506 s‘t
2532 2451 2672 2522 quod
2703 2452 3089 2529 Patertrndidit
3115 2454 3300 2507 Filium
3324 2469 3498 2521 suum,
3531 2456 3782 2511 docetur.

2207 2543 2473 2613 Scriptum
2507 2553 2589 2598 est
2627 2544 2678 2598 in
2712 2545 2917 2614 psalmo
2942 2587 2956 2611 ,
3005 2545 3139 2600 Filio
3191 2546 3400 2601 dicente
3424 2547 3488 2600 ad
3522 2547 3737 2602 Patrem
3765 2563 3778 2598 :

2212 2635 2285 2688 De
2315 2644 2481 2691 ventre
2511 2637 2688 2690 matris
2717 2653 2840 2692 mea:
2886 2635 3025 2694 Deus
3074 2655 3213 2694 meus
3233 2655 3284 2692 es
3313 2649 3368 2692 tu
3398 2641 3417 2711 (
3442 2638 3584 2694 Psal.
3634 2642 3780 2706 xxi).

2209 2725 2348 2796 Ergo
2376 2727 2444 2782 de
2474 2737 2661 2782 ventre
2689 2730 2874 2784 matris
2915 2740 2996 2784 est
3025 2731 3163 2784 Deus
3191 2732 3306 2800 ejus
3351 2732 3541 2796 Pater,
3574 2741 3626 2784 ct
3662 2733 3781 2786 ideo

2208 2820 2378 2887 major
2407 2828 2492 2874 est
2523 2819 2700 2876 Pater.
2737 2821 2860 2876 Item
2890 2822 3003 2891 ipse
3037 2819 3198 2876 Filius
3227 2823 3276 2877 in
3305 2826 3510 2892 psalmo
3538 2824 3704 2877 dicit:
3738 2826 3780 2877 0

2212 2912 2448 2978 Domine,
2480 2927 2572 2983 ego
2603 2929 2770 2966 serius
2795 2918 2928 2979 tutis,
2963 2931 3056 2984 ego
3098 2931 3270 2969 servus
3300 2925 3416 2968 tuus
3446 2925 3490 2970 et
3521 2915 3660 2983 ﬁlius
3689 2934 3778 2967 an-

2209 3005 2342 3058 cilch
2370 3016 2475 3060 tua:
2505 3003 2671 3068 (Psal.
2704 3009 2854 3072 ριν),
2881 3007 2931 3060 id
2973 3017 3054 3061 est
3078 3005 3272 3061 Maria).
3310 3006 3423 3074 Ipse
3452 3018 3534 3062 est
3563 3023 3776 3070 servus,

2209 3107 2259 3151 et
2290 3096 2412 3151 inde
2441 3097 2611 3166 major
2633 3108 2710 3152 est
2741 3098 2914 3153 Pater.
2952 3099 3076 3153 Item
3111 3115 3122 3151 :
3153 3098 3307 3159 Deus,
3342 3099 3480 3154 Deus
3510 3118 3670 3168 mens,
3700 3119 3778 3155 rc-

2211 3191 2346 3258 spice
2365 3189 2418 3243 in
2450 3206 2526 3242 nte
2550 3205 2568 3244 :
2589 3206 2744 3257 quare
2775 3205 2850 3242 me
2871 3189 3280 3262 dereliqu’stiU’.
3300 3189 3372 3243 al.
3402 3190 3513 3258 xxI)
3539 3195 3561 3244 ’ἒ
3585 3192 3643 3246 Et
3680 3193 3775 3244 itc-

2209 3297 2323 3334 rntn
2352 3301 2365 3334 :
2397 3282 2610 3337 Salvum
2637 3298 2715 3336 me
2738 3285 2820 3353 [ac
2849 3299 2911 3337 ea:
2947 3299 3031 3336 ore
3053 3283 3232 3336 leonis.
3268 3283 3388 3336 Haec
3415 3287 3480 3335 ad
3509 3285 3770 3335 hominem

2154 3396 2161 3401 ·
2211 3377 2503 3444 pertinent;
2537 3391 2659 3430 nam
2691 3386 2739 3430 et
2764 3376 2876 3445 ipse
2905 3375 3009 3430 ait:
3041 3375 3348 3430 Poteslatem
3378 3376 3530 3429 habeo
3555 3376 3767 3446 ponendi

2207 3469 2432 3521 animant
2471 3485 2668 3535 meum,
2700 3477 2747 3522 et
2775 3477 3068 3540 potestatem
3112 3467 3270 3522 habeo
3329 3469 3511 3522 iterum
3546 3468 3772 3520 sumendi

2206 3578 2350 3620 eam:
2374 3577 2519 3615 nemo
2542 3578 2654 3615 eam
2676 3561 2809 3616 tollit
2829 3579 2860 3614 α
2885 3579 2983 3628 me,
3020 3564 3108 3617 sed
3135 3579 3225 3633 ego
3254 3579 3385 3632 pono
3404 3579 3516 3617 eam
3543 3578 3575 3614 α
3603 3577 3702 3624 me,
3731 3571 3776 3612 et

2207 3655 2385 3707 iterum
2407 3668 2552 3706 sumo
2577 3669 2689 3706 eam
2713 3652 3025 3724 (Joan.xx).
3064 3654 3116 3707 In
3151 3654 3376 3722 psalm.:
3416 3651 3524 3722 Ego
3564 3652 3777 3703 dormivi

2206 3755 2252 3797 et
2280 3759 2512 3799 somnum
2559 3745 2687 3813 cepi,
2736 3755 2783 3798 et
2807 3747 3076 3810 resurrexi,
3105 3747 3222 3814 quia
3273 3745 3516 3799 Dom‘nus
3557 3746 3780 3812 suscepit

2207 3851 2300 3889 me.
2334 3835 2400 3889 Et
2430 3837 2736 3905 Apostolus,
2754 3836 2876 3906 quia
2903 3837 3094 3906 seipse
3123 3837 3282 3891 Filio.
3310 3836 3547 3901 tradidit,
3573 3839 3651 3889 s'c
3672 3835 3775 3887 ait:

2209 3929 2307 3996 Qui
2339 3946 2416 3983 me
2445 3930 2642 3995 dilexit,
2676 3930 2864 4000 inquit,
2895 3941 2942 3984 et
2964 3930 3176 3983 tradidit
3199 3931 3517 3998 semet'psum
3554 3943 3650 3996 pro
3676 3943 3778 3978 me.

2209 4022 2335 4076 Item
2369 4022 2482 4090 ipse
2507 4022 2795 4092 Apostolus
2826 4041 2837 4074 :
2873 4023 2974 4088 Qui
3002 4021 3211 4089 dilexit,
3249 4020 3444 4089 inquit,
3495 4017 3692 4071 ls'celt-si
3733 4033 3780 4067 ιη

2203 4131 2369 4184 suam,
2400 4125 2445 4169 et
2470 4116 2681 4170 tradidit
2707 4116 3028 4184 semetipsum
3059 4129 3150 4183 pro
3171 4130 3254 4178 ea,
3285 4111 3537 4164 mundatis
3558 4127 3672 4164 eam
3693 4108 3773 4160 la-

2208 4224 2354 4261 vacro
2378 4224 2522 4276 aqua
2542 4225 2573 4261 η
2601 4208 2765 4260 uerbo.
2787 4208 2917 4261 Item
2943 4208 2992 4260 in
3024 4205 3257 4276 Epistula
3283 4205 3474 4258 Paulus
3499 4204 3564 4257 ad
3592 4201 3772 4268 Ephe—

2206 4300 2314 4354 sios
2341 4318 2351 4354 :
2399 4299 2545 4354 Sicut
2583 4307 2626 4353 et
2653 4298 2906 4361 Christus,
2934 4297 3120 4366 inquit,
3151 4295 3327 4349 dilexit
3357 4310 3450 4348 nos
3478 4303 3524 4347 et
3554 4291 3776 4346 tradidit

2205 4396 2530 4461 semetipsum
2556 4410 2649 4462 pro
2681 4393 2844 4448 nobis.
2888 4392 3019 4448 Item
3060 4392 3111 4446 in
3143 4391 3347 4460 psalmo
3382 4390 3493 4460 ipse
3514 4388 3640 4443 dicit
3670 4407 3682 4440 :
3715 4388 3784 4443 lit

533 4470 676 4524 tiabit
698 4471 859 4529 vobis.
880 4469 936 4526 Si
959 4488 1090 4541 ergo
1104 4475 1363 4530 clariiieat
1389 4477 1616 4545 Spiritus
1643 4489 1858 4536 sanctus
1884 4484 2099 4552 Filium,
2132 4514 2184 4573 ι)
2212 4488 2395 4555 faciam
2426 4488 2729 4542 voluntatem
2761 4498 2919 4552 tuam,
2948 4486 3086 4542 Deus
3115 4503 3276 4552 meus,
3301 4484 3458 4539 volui.
3499 4483 3669 4538 IIomo
3703 4483 3786 4536 di-

533 4578 800 4633 nunquam
830 4566 1004 4634 major
1029 4576 1112 4621 est
1163 4567 1297 4622 Filio
1341 4571 1570 4637 Spiritus
1609 4583 1846 4631 sanctus.
1889 4577 1951 4631 Et
1992 4578 2105 4646 ipse

534 4655 698 4712 Filius
725 4655 853 4712 dicit
883 4657 937 4712 in
967 4659 1173 4727 psalmo
1199 4674 1212 4714 :
1246 4654 1572 4730 Sacriﬁcium
1601 4667 1770 4720 laudis
1799 4670 2124 4739 lionoriﬁca-'

531 4747 605 4799 bit
635 4747 886 4827 me.Erg_o
906 4750 1226 4804 sacriﬁcium
1245 4751 1415 4806 laudis
1438 4752 1803 4810 holocaustum
1841 4761 2105 4827 passionis

527 4825 916 4908 accipitur;'in
949 4843 1196 4910 passione
1229 4858 1356 4914 ergo
1385 4847 1711 4903 cIarilit-atnr
1754 4849 1942 4916 homo,
1982 4869 2103 4906 nam

518 4931 674 4983 ")eus
704 4945 921 4999 semper
945 4940 1028 4985 est
1052 4933 1341 5002 gloriosus.
1381 4935 1468 4989 Vis
1495 4938 1631 4993 scire
1656 4941 1777 5009 quia
1801 4956 1905 4995 non
1931 4945 2100 4998 solum

539 5033 747 5088 nemper
774 5022 1038 5089 gloriosus
1061 5022 1158 5075 fuit
1185 5022 1369 5088 Filius,
1385 5025 1478 5080 sed
1497 5035 1552 5080 et
1568 5027 1709 5081 Dens
1732 5029 1915 5098 glori:e
1937 5029 2031 5084 t‘uit
2049 5041 2104 5086 et

534 5122 638 5174 est,
663 5113 938 5180 apostolus
960 5113 1152 5168 Paulus
1164 5115 1290 5169 dicit
1309 5117 1378 5171 de
1402 5117 1630 5173 .Iudaais:
1664 5121 1723 5175 Si
1750 5123 1882 5175 enim
1909 5139 2099 5194 cogno-

531 5203 738 5268 uissent,
770 5219 1025 5274 nunquam
1051 5204 1320 5258 Dominum
1339 5206 1520 5276 gloria:
1545 5211 2102 5279 cruciﬁxissent.Nunc

528 5310 658 5364 ergo
685 5295 776 5366 qui
807 5297 943 5351 mori
974 5297 1166 5366 potuit,
1192 5298 1305 5367 ipse
1326 5309 1379 5352 et
1405 5300 1692 5369 gloriiicari
1725 5307 1916 5371 potuit,
1942 5305 2101 5360 homo

533 5395 758 5443 tantum.
779 5387 912 5443 Nam
939 5391 1057 5443 audi
1079 5389 1205 5459 quid
1226 5390 1368 5445 dicat
1395 5393 1507 5461 ipse
1531 5393 1715 5459 Filius,
1749 5399 2016 5465 quomodo
2042 5415 2102 5454 se

527 5477 644 5544 ipse
659 5481 976 5537 sanctiﬁcat:
998 5481 1064 5536 In
1083 5483 1310 5550 veritate,
1325 5485 1533 5550 dicens,
1547 5487 1809 5555 sancti/ica
1831 5491 2098 5559 nteipsum.

1188 5593 1353 5634 CAPUT
1396 5595 1447 5633 ν.

601 5659 751 5724 Quod
780 5665 1120 5732 omnipotens
1149 5679 1228 5723 est
1262 5670 1445 5734 Filius,
1483 5672 1558 5727 sic
1584 5672 1825 5728 docetur.
1859 5673 1910 5727 In
1945 5675 2100 5730 Salo.

543 5739 956 5819 atoitclegitur:
991 5755 1318 5826 Omnipotens
1347 5779 1509 5816 sermo
1548 5771 1684 5831 tuus,
1719 5765 1954 5830 Domine,
1992 5769 2095 5820 cri-

2211 4580 2283 4634 cit
2310 4579 2360 4632 in
2394 4579 2634 4648 psalmo:
2667 4577 2801 4633 Deus
2847 4594 3010 4646 meus,
3047 4576 3316 4648 quomodo
3344 4576 3586 4645 superius
3611 4573 3783 4628 dixit:

2213 4671 2288 4724 De
2295 4681 2470 4746 yentre
2499 4671 2672 4724 matris
2695 4688 2742 4723 m
2774 4686 2817 4723 a:
2848 4669 2980 4724 Deus
3015 4686 3156 4723 meus
3197 4685 3248 4723 es
3278 4679 3349 4722 tu.
3382 4668 3448 4722 Et
3475 4678 3649 4721 tamen
3682 4682 3784 4732 po-

2209 4770 2320 4815 stea
2371 4762 2628 4831 sequitur,
2666 4763 2879 4831 quando
2920 4762 3091 4816 dixit:
3142 4761 3208 4816 Ut
3245 4762 3432 4830 faciam
3471 4760 3786 4813 voluntatem

2211 4866 2376 4920 tuam,
2412 4854 2544 4910 Deus
2564 4872 2724 4918 meus,
2753 4856 3012 4924 adjunxit,
3043 4853 3379 4923 voluit;quia
3406 4853 3590 4914 voluit,
3621 4851 3787 4908 fecit:

2211 4947 2326 5015 ipse
2349 4947 2490 5001 enim
2521 4954 2606 5000 est
2627 4947 2692 5000 de
2713 4961 2818 5016 quo
2834 4947 3057 5000 dicitur:
3088 4945 3271 4998 Omnia
3296 4957 3603 5012 quaecunque
3624 4943 3788 4993 t'oluit

2210 5037 2348 5104 fecit.
2384 5035 2500 5106 Ipse
2525 5037 2669 5091 nasci
2703 5036 2890 5105 voluit,
2921 5036 3034 5106 ipse
3063 5036 3197 5090 mori
3224 5035 3423 5100 voluit,
3456 5035 3566 5102 ipse
3598 5034 3788 5085 omnia

2210 5131 2315 5197 pati
2347 5129 2536 5193 voluit,
2560 5137 2614 5184 et
2639 5129 2866 5194 esurire,
2914 5137 2969 5181 et
2995 5127 3167 5194 sitire,
3200 5136 3253 5182 et
3293 5124 3501 5187 lassari,
3525 5134 3578 5178 et
3603 5131 3790 5177 tamen

2208 5222 2501 5274 secundum
2539 5221 2829 5275 hominem.
2863 5217 2992 5274 Nam
3025 5219 3108 5272 vis
3140 5219 3281 5274 scire
3308 5217 3479 5288 qualis
3505 5216 3574 5271 sit
3615 5214 3790 5269 Filius

2211 5312 2340 5368 Dei?
2366 5313 2526 5367 Isaias
2547 5313 2674 5369 dicit
2699 5331 2709 5366 :
2737 5312 2876 5368 Deus
2893 5321 3133 5376 aeternus,
3157 5311 3243 5378 qui
3259 5313 3374 5381 fecit
3397 5320 3461 5363 (et
3492 5325 3584 5362 rna
3609 5320 3790 5370 terra",

2206 5421 2307 5458 non
2337 5405 2581 5458 laboravit
2614 5419 2772 5474 neque
2817 5404 3022 5467 exuriit,
3051 5411 3189 5465 etc.;
3237 5399 3302 5454 de
3348 5396 3484 5453 Filio
3528 5397 3680 5458 dicit,
3719 5399 3790 5452 de

2204 5510 2307 5563 quo
2335 5495 2532 5549 dictum
2558 5504 2638 5551 est
2669 5513 2678 5546 :
2717 5495 2900 5548 Omnia
2943 5510 3036 5564 per
3078 5495 3244 5564 ipsum
3285 5497 3421 5563 facta
3455 5500 3594 5544 sunt.
3642 5489 3788 5543 Nam

2210 5586 2347 5642 Deus
2377 5587 2503 5641 nihil
2532 5588 2678 5652 mali,
2708 5603 2770 5642 ac
2800 5587 2997 5642 laboris
3026 5586 3130 5654 pati
3168 5587 3359 5654 potuit,
3393 5584 3474 5638 ctti
3503 5583 3702 5638 d'citur
3732 5588 3786 5636 in

2205 5678 2410 5744 palmo
2439 5694 2501 5730 xx
2527 5695 2539 5730 :
2577 5677 2693 5730 Non
2715 5679 2952 5730 accedent
2974 5676 3041 5727 ad
3063 5679 3282 5742 tentata,
3313 5685 3358 5730 et
3381 5674 3640 5757 flagellum
3674 5691 3789 5727 non

2203 5769 2622 5834 appt'uuinqnabit
2645 5769 2970 5822 tabernaculo
2993 5776 3098 5820 tuo.
