4060 6332
261 383 361 442 761

901 506 1066 548 CAPUT
1119 506 1205 544 ιἰι.

337 585 412 639 De
440 585 604 638 libera
631 583 746 638 Filii
775 592 1034 652 potestate
1069 583 1145 638 sic
1171 583 1412 636 docetur.
1449 579 1502 632 In
1546 575 1834 645 Evangelia

263 677 433 732 dicit:
462 673 637 739 Pater,
671 675 782 727 volo
802 683 856 727 ut
886 674 968 726 u'i
1012 689 1104 743 ego
1154 687 1286 736 sum,
1318 681 1364 724 et
1391 670 1473 722 isti
1518 669 1617 722 sint
1643 682 1833 719 mecum

264 766 442 836 (Joan.
467 766 620 833 xvu).
649 763 763 820 Non
792 764 947 827 dixit,
979 773 1117 832 pcto.
1153 763 1266 817 Non
1298 762 1430 816 dixit
1461 759 1512 815 in
1548 757 1834 828 Evangelia

263 861 330 913 ad
361 862 648 928 leprosum.
678 867 819 927 peto,
852 859 943 912 sed
992 859 1125 921 volo,
1162 857 1406 909 mundare
1453 855 1666 924 (Matth.
1692 856 1829 921 vui).

264 951 394 1006 Item
414 951 466 1004 in
495 950 781 1020 Evangelia
799 949 865 1003 ad
900 950 1134 1011 Petrmn,
1168 949 1292 1002 dum
1321 962 1378 1000 se
1399 955 1608 1016 peteret
1637 954 1694 998 ut
1719 960 1834 998 am-

265 1044 474 1097 bularet
501 1057 663 1108 super
691 1055 901 1110 aquam,
932 1041 1006 1094 ait
1034 1039 1220 1094 Iesus:
1261 1038 1407 1091 Veni.
1451 1036 1564 1091 Non
1606 1035 1828 1104 rogavit,

262 1135 356 1190 sed
384 1133 816 1189 eenidisit.ltem
857 1133 921 1186 ad
949 1131 1304 1186 Chananaaam
1347 1128 1625 1184 mulierem
1659 1126 1830 1181 dixit:

265 1225 386 1279 Non
425 1241 538 1278 sum
573 1225 753 1279 missus
790 1224 887 1277 nisi
919 1224 986 1275 ad
1033 1238 1148 1276 oves
1189 1237 1301 1290 qua:
1344 1221 1599 1290 perierunt
1650 1219 1832 1272 domus

264 1315 428 1371 Israel
455 1313 667 1386 (Matth.
715 1313 828 1383 xv).
862 1312 1086 1367 Gentilis
1112 1322 1229 1366 erat
1258 1309 1470 1374 mulier,
1502 1317 1678 1363 tamen
1709 1309 1831 1377 quia

264 1410 449 1474 voluit,
473 1407 716 1478 praestitit
745 1405 1058 1462 beneﬁt-inm
1086 1413 1137 1459 et
1165 1404 1374 1457 sanavit
1404 1402 1565 1456 tiliam
1598 1402 1737 1469 ejus,
1765 1401 1831 1455 ad

263 1516 421 1569 quam
453 1515 512 1555 se
534 1499 752 1553 missum
782 1511 887 1550 non
912 1511 1033 1551 esse
1057 1495 1286 1550 dixerat.
1307 1493 1420 1549 Non
1442 1493 1585 1548 enim
1617 1492 1681 1545 ad
1705 1505 1834 1561 gen-

268 1605 368 1662 tes,
397 1593 490 1648 sed
539 1591 604 1646 ad
655 1590 869 1645 Iudwos
901 1597 1018 1644 erat
1060 1588 1356 1643 destinatus
1392 1586 1678 1650 Christus;
1711 1594 1835 1640 tunc

265 1688 430 1741 dixit:
466 1685 510 1739 0
529 1686 726 1750 mulier,
755 1701 940 1754 magna
969 1693 1042 1736 est
1070 1683 1196 1750 fides
1219 1691 1328 1744 tua,
1358 1681 1450 1748 ﬁat
1470 1680 1559 1732 tibi
1579 1681 1707 1733 sicut
1737 1680 1830 1734 vis.

270 1777 333 1830 Et
355 1787 534 1832 sanata
555 1787 626 1831 est
652 1776 762 1844 ﬁlia
792 1779 904 1848 ejus
926 1791 990 1829 ea:
1018 1775 1108 1828 illa
1137 1773 1289 1827 hora.
1325 1773 1404 1827 Ad
1431 1787 1588 1841 quam
1618 1786 1676 1825 se
1708 1771 1833 1825 uiis-

1177 377 1504 435 LIBEILUS
1540 372 1812 430 CONTRA
1857 369 2244 431 MAXIIIINUM
2287 374 2614 433 ARIANUM.

1863 484 1908 540 Α
1941 482 2124 540 Filius.
2157 484 2363 538 dicatur
2389 487 2516 544 mihi
2546 485 2816 555 quomzzdo
2855 496 3037 539 auctor
3065 494 3147 540 est
3185 485 3362 550 Pater,
3384 492 3501 546 sine

3413 376 3511 432 762

1939 591 2046 645 quo
2077 592 2344 645 nunquam
2379 578 2475 632 luit
2523 579 2729 646 Filius,_
2753 579 2872 648 quia
2906 579 3065 634 Pater
3090 581 3206 634 sine
3235 581 3508 636 voluntate

1938 682 2057 723 esse
2089 681 2192 721 non
2228 668 2431 736 potuit?
2460 671 2609 736 Quod
2634 671 2828 725 dicitur
2858 671 3033 738 Pater,
3065 679 3282 738 prepter
3314 669 3504 722 Filium

1937 760 2150 827 dicitur,
2197 770 2253 815 et
2299 759 2387 814 ille
2433 760 2570 813 Deus
2598 761 2791 815 dicitur
2819 761 2886 816 de
2909 761 3048 815 Deo.
3073 759 3177 816 Sed
3208 760 3325 828 quia
3371 758 3503 810 dixit

1940 852 2120 913 Filius.
2140 860 2195 905 et
2218 850 2357 920 quod
2387 851 2580 904 dicitur
2605 851 2788 914 Filius,
2815 861 3029 920 promer
3052 849 3260 906 Patre‘ln
3285 849 3501 903 dicitur.

1936 942 2084 998 Nam
2119 941 2230 1012 Ego
2258 942 2308 993 in
2339 941 2527 1004 Patre,
2566 951 2613 994 et
2652 940 2804 994 Pater
2831 943 2884 994 in
2914 958 2992 995 me
3013 981 3029 1007 ,
3063 956 3167 995 non
3196 949 3500 1007 separatur,

1936 1037 2027 1092 sed
2059 1035 2179 1089 ideo
2210 1049 2345 1089 unus
2372 1044 2455 1088 est
2484 1034 2640 1088 Deus.
2665 1033 2770 1089 Sed
2801 1035 2844 1087 si
2872 1034 3046 1086 minor
3070 1043 3152 1087 est
3175 1031 3337 1086 Filius
3359 1046 3387 1083 a
3408 1030 3501 1083 Pa-

1938 1138 2041 1192 tre,
2063 1141 2228 1189 quare
2255 1127 2396 1180 dixit
2428 1125 2647 1178 Pa‘erin
2680 1141 2758 1178 nte
2779 1124 2894 1176 est?
2932 1123 3208 1192 Nunquam
3247 1122 3501 1191 majorem

1937 1223 2110 1287 pote-t
2138 1230 2328 1284 capere
2354 1215 2549 1268 minor.

2557 1319 2725 1358 CAPUT
2757 1319 2809 1357 ι.

2006 1400 2198 1454 Contra
2230 1397 2279 1452 id
2310 1396 2449 1466 quod
2477 1395 2657 1450 dicunt
2688 1395 2892 1448 Patrem
2943 1393 3231 1462 imperasse
3287 1387 3326 1441 F
3332 1389 3419 1442 ilio
3449 1397 3504 1442 ut

1938 1492 2134 1546 laceret
2157 1497 2475 1554 creaturam,
2507 1485 2880 1556 respondetur.
2905 1484 3037 1538 Cum
3083 1482 3263 1551 utique
3297 1489 3352 1534 et
3391 1479 3505 1545 ipse

1939 1586 2091 1641 Pater
2121 1583 2326 1649 fecerit,
2360 1597 2480 1636 nam
2511 1581 2764 1649 scriptum
2789 1590 2906 1634 est:
2953 1576 3224 1632 Faciamus
3257 1576 3506 1630 hominem

1936 1678 2002 1729 ad
2022 1676 2290 1744 imaginem
2313 1684 2361 1727 et
2379 1673 2762 1726 similitudinem
2813 1681 3037 1724 nostram
3083 1668 3234 1739 (Gen.
3292 1669 3361 1737 t).-
3407 1666 3506 1722 Ubi

1937 1766 2236 1821 ostenditur
2279 1765 2476 1834 pariter
2513 1770 2783 1832 operatos,
2838 1770 2896 1815 ut
2953 1776 3114 1814 unum
3169 1761 3338 1814 Deum
3387 1775 3506 1813 esse

267 1887 384 1925 sum
415 1886 522 1924 non
548 1884 666 1924 esse
706 1869 942 1930 dixerat,
969 1881 1133 1936 quare
1158 1863 1486 1919 concedebat
1515 1863 1834 1922 beneﬁcium
1871 1853 1914 1911 Β
1942 1871 2278 1916 monstraret.
2305 1860 2554 1929 Sequitur
2583 1858 2853 1925 Scriptura
2886 1873 2898 1907 :
2941 1853 3005 1907 Et
3043 1855 3160 1923 fecit
3186 1853 3320 1907 Deus
3349 1853 3505 1905 homi-

266 1964 356 2018 ei?
384 1963 522 2033 Ergo
553 1961 699 2016 vides
729 1962 850 2031 quia
882 1976 999 2030 qua:
1027 1958 1193 2014 voluit
1245 1957 1389 2022 fecit,
1421 1972 1526 2010 non
1557 1970 1675 2024 quae
1701 1955 1834 2009 alius

265 2056 566 2125 imperavit.
613 2054 741 2108 Item
792 2055 842 2110 in
887 2054 1090 2122 psa'mo
1118 2051 1184 2106 de
1212 2048 1426 2104 Christo
1457 2049 1616 2103 dicit:
1653 2046 1836 2101 Omnia

262 2164 569 2220 quacunque
597 2145 849 2201 Dominus
878 2144 1034 2199 voluit
1067 2143 1184 2212 fecit
1215 2143 1267 2196 in
1316 2140 1460 2207 calo,
1512 2148 1560 2194 el
1598 2141 1649 2194 in
1680 2147 1835 2203 terra,

261 2243 317 2294 in
339 2240 470 2293 mari
494 2251 540 2293 et
570 2237 798 2292 omnibus
826 2235 1043 2306 abyssis.
1071 2234 1186 2290 Non
1209 2233 1364 2299 dixit,
1395 2246 1724 2301 quacunque
1747 2245 1834 2300 pe-

264 2333 403 2386 tivit.

895 2435 1065 2475 CAPUT
1094 2434 1204 2474 VIII.

335 2513 531 2568 Contra
563 2512 612 2567 id
636 2512 776 2582 quod
805 2513 958 2567 dicit:
986 2511 1151 2580 Major
1174 2521 1256 2565 est
1277 2509 1365 2578 qui
1395 2517 1634 2579 generat,
1664 2508 1838 2561 minor

262 2617 350 2661 est
405 2608 494 2676 qui
545 2617 847 2677 generatur.
902 2607 1024 2661 Ilaec
1059 2605 1387 2675 temporibus
1425 2588 1838 2674 cognOscuiitur,

263 2701 322 2752 in
352 2697 567 2753 Christo
587 2707 764 2752 autem
798 2698 938 2752 nulla
972 2707 1096 2751 sunt
1128 2708 1394 2766 tempora,
1431 2710 1524 2763 per
1551 2709 1706 2763 quem
1732 2709 1841 2748 om-

265 2793 354 2846 ιιίι
384 2790 517 2846 facta
558 2800 696 2844 sunt.
731 2790 844 2845 Non
875 2798 959 2846 est
986 2791 1128 2846 enim
1174 2773 1257 2845 ex‘
1287 2799 1525 2858 tempore
1561 2787 1841 2855 sempiter-

264 2898 393 2947 nus,
415 2882 504 2952 qui
534 2889 658 2937 ante
685 2891 922 2950 tempora
963 2883 1202 2935 noscitur
1221 2888 1525 2950 generatus,
1549 2881 1685 2932 s‘cut
1714 2876 1842 2944 legi-

264 2987 389 3028 Inus
418 2974 538 3042 quia
573 2973 740 3026 Adam
771 2987 801 3024 a
836 2971 984 3026 nullo
1011 2961 1222 3040 genitus
1252 2979 1335 3024 est
1355 3011 1368 3034 ,
1419 2979 1475 3024 et
1502 2978 1676 3022 tamen
1728 2967 1841 3036 ipse

259 3076 324 3120 et
355 3066 491 3120 ﬁlius
506 3066 624 3134 ejus
649 3066 808 3119 ambo
834 3074 986 3118 erant
1013 3079 1168 3133 pa'es
1192 3074 1244 3118 et
1273 3062 1524 3133 aequales,
1549 3062 1668 3130 quia
1685 3061 1841 3115 ambo

257 3169 426 3216 erant
479 3160 746 3216 homines.
791 3160 960 3228 Major
1001 3168 1055 3214 et
1086 3158 1258 3212 tninor
1296 3157 1623 3227 temporibus
1673 3157 1837 3222 ﬁunt,

254 3256 389 3322 qu’a
418 3270 556 3309 untts
586 3255 842 3316 senescit,
867 3225 919 3308 et
954 3253 1089 3307 alius
1116 3252 1330 3308 crescit.
1365 3225 1470 3306 Sed
1501 3250 1639 3320 apud
1673 3250 1836 3304 Deum
1864 3225 1908 3286 Ο

257 3363 537 3416 nunquam
571 3347 784 3402 luerunt
813 3356 1078 3415 tempora.

342 3440 454 3509 Ipsa
476 3441 617 3494 enim
646 3449 882 3508 tempora
911 3457 1001 3506 per
1024 3441 1214 3494 Filium
1244 3438 1377 3493 facta
1399 3449 1540 3504 sunt,
1558 3449 1605 3493 et
1633 3438 1762 3492 n'liil
1787 3439 1837 3492 in

255 3531 381 3586 Deo
413 3531 706 3596 temporale
730 3540 832 3584 est.
882 3529 1035 3584 Tolle
1074 3546 1202 3598 ergo
1234 3539 1470 3598 tempora
1493 3570 1506 3592 ,
1540 3540 1592 3583 et
1617 3529 1840 3584 ostende

253 3621 398 3676 mihi
424 3620 678 3688 majorem
707 3630 760 3675 ct
781 3621 1064 3674 minorem.
1089 3621 1542 3688 Quemadmodum
1575 3621 1749 3675 minor
1774 3626 1843 3675 sit

255 3711 438 3768 Filius
469 3726 571 3766 non
597 3711 769 3766 solum
804 3712 957 3766 Patre
978 3727 1095 3779 suo,
1120 3713 1212 3767 sed
1245 3721 1299 3766 et
1324 3712 1545 3781 angelis,
1573 3713 1842 3778 apostolus

257 3803 467 3859 Paulus
507 3803 571 3857 ad
605 3804 857 3858 Hebraeos
909 3803 976 3858 de
1005 3804 1120 3873 ipso
1166 3803 1296 3857 dicit
1333 3819 1346 3857 :
1383 3803 1534 3857 Nunc
1557 3844 1573 3868 ,
1607 3804 1839 3870 inquam,

247 3895 464 3950 modico
506 3896 673 3949 minus
703 3895 764 3948 ob
811 3896 1004 3965 angelis
1055 3896 1359 3948 minoratum
1399 3894 1615 3947 vidimus
1644 3892 1839 3947 Iesum.

243 3986 475 4054 Quare?
505 3988 786 4056 Sequitur:
816 3985 1029 4057 Propter
1050 3988 1332 4058 passionem
1359 3988 1532 4040 mortis
1554 3985 1734 4055 (IIebr.
1752 3984 1836 4053 tt).

914 4097 1082 4136 CAPUT
1119 4098 1190 4136 IX.

336 4171 529 4224 Contra
561 4171 611 4226 id
637 4171 774 4241 quod
806 4171 1016 4230 dicunt:
1041 4175 1242 4226 Auctor
1268 4180 1350 4226 est
1375 4174 1462 4241 qui
1491 4178 1731 4240 generat,
1760 4170 1837 4224 vi-

247 4265 395 4320 dent
424 4265 763 4333 principium.
792 4265 930 4320 Patri
965 4279 1067 4320 non
1097 4274 1180 4320 est
1199 4265 1506 4331 auctoritas,
1532 4263 1621 4317 ubi
1653 4263 1837 4316 volun-

252 4369 351 4412 tas
381 4357 521 4412 nulla
553 4366 653 4411 est.
690 4357 845 4412 Pater
883 4373 1025 4412 en-m
1061 4372 1158 4413 nee
1179 4357 1364 4412 volens
1407 4373 1504 4412 nec
1532 4357 1722 4411 nolens
1748 4371 1837 4426 ge~

251 4448 408 4513 nuit,
440 4447 532 4502 sed
581 4458 786 4502 natura.
821 4447 951 4503 Nam
1001 4449 1043 4503 si
1095 4450 1281 4504 volens
1315 4449 1525 4516 genuit,
1567 4463 1694 4517 ergo
1725 4449 1834 4517 ipsa

247 4541 510 4596 voluntas
554 4541 726 4595 Patris
754 4542 918 4596 Filius
957 4551 1069 4606 est,
1112 4543 1248 4596 sicut
1293 4541 1536 4610 legimus.
1561 4540 1692 4607 Quia
1723 4541 1835 4608 ipse

246 4643 347 4689 est
369 4634 586 4687 verbum
613 4642 665 4687 et
693 4633 859 4686 virtus
889 4643 942 4687 et
963 4632 1219 4700 sapientia
1242 4649 1256 4696 ;
1282 4634 1394 4701 ipse
1417 4641 1571 4688 estet
1594 4633 1835 4687 voluntas

252 4723 457 4779 Patris.
489 4723 544 4779 Si
584 4724 869 4793 aliquando
901 4738 1005 4777 non
1056 4721 1152 4776 iuit
1181 4723 1345 4779 Filius
1365 4763 1380 4787 .
1412 4724 1699 4793 aliquanto
1727 4738 1832 4776 non

252 4817 362 4870 ruit
390 4816 564 4880 Pater,
593 4831 624 4884 q
651 4817 711 4870 tia
745 4818 898 4870 Pater
926 4830 1048 4870 esse
1080 4831 1184 4869 non
1207 4815 1398 4885 potuit,
1431 4816 1476 4869 si
1510 4815 1701 4869 Filium
1729 4831 1834 4869 non

253 4906 559 4961 habuisset.
598 4907 702 4963 Sed
739 4908 874 4960 sicut
907 4907 1061 4961 Pater
1085 4914 1317 4960 :rternus
1352 4913 1455 4967 est,
1489 4906 1558 4959 ita
1589 4915 1645 4960 et
1668 4906 1836 4960 Filius

249 5007 492 5053 aeternus
522 5007 624 5063 est,
651 4998 719 5053 de
741 5013 846 5067 quo
872 4998 1126 5066 scriptum
1159 5007 1239 5051 est
1276 5015 1291 5053 :
1334 4995 1399 5050 In
1424 4999 1554 5067 prin:
1573 4997 1681 5066 ipio
1725 5005 1832 5049 erat

263 5089 512 5155 Verbum,
543 5098 588 5142 et
644 5089 857 5143 Verbum
889 5099 994 5143 erat
1035 5089 1176 5160 apud
1221 5089 1413 5152 Deum;
1463 5097 1507 5140 et
1557 5087 1692 5140 Deus
1727 5097 1834 5140 erat

265 5181 510 5246 Verbum,
535 5183 628 5236 hoc
653 5193 761 5236 erat
787 5183 840 5235 in
886 5182 1139 5253 principio
1179 5182 1321 5248 apud
1368 5179 1528 5234 Deunt
1561 5181 1737 5250 (Joan.
1771 5180 1830 5245 I).

256 5275 375 5328 Non
407 5275 614 5344 capitur
641 5284 900 5344 tempore,
930 5290 1036 5328 non
1071 5274 1232 5328 habet
1260 5273 1494 5336 initiutn,
1528 5287 1626 5326 nec
1675 5271 1834 5325 inelu-

256 5366 404 5421 ditur
429 5367 666 5422 aniculis.
702 5367 767 5420 Et
796 5367 847 5420 in
874 5367 1079 5434 psalmo
1102 5365 1231 5420 dicit
1256 5366 1421 5418 Filius
1469 5363 1534 5417 ad
1575 5363 1783 5417 Patrem
1817 5377 1830 5414 :

261 5457 375 5528 Ego
403 5473 600 5528 semper
645 5467 810 5510 tecum
837 5473 971 5510 sunt.
1004 5457 1057 5510 Si
1095 5457 1238 5510 enim
1270 5469 1483 5523 semper
1510 5469 1628 5508 cum
1677 5453 1836 5507 Patre

227 5543 359 5601 'Iuit
389 5548 578 5614 Filius,
605 5547 872 5615 quomodo
899 5555 1087 5601 auctor
1115 5556 1197 5600 est
1227 5547 1404 5610 Pater,
1437 5545 1523 5612 qui
1556 5553 1679 5597 ante
1703 5559 1838 5596 nun-

258 5655 418 5705 quam
461 5639 608 5693 fuit?
661 5639 787 5693 Item
817 5638 885 5693 de
915 5638 1032 5706 ipso
1074 5637 1289 5701 dicitur,
1328 5634 1636 5702 Priusquam
1665 5634 1838 5700 ﬁerent

261 5739 476 5793 montes,
529 5739 575 5782 et
605 5730 877 5799 ﬁngeretur
920 5739 1076 5791 terra,
1108 5738 1152 5781 et
1183 5727 1314 5780 orbis
1361 5737 1530 5786 teira',
1572 5741 1602 5775 a
1650 5725 1835 5777 saculo

261 5837 418 5884 usque
447 5823 498 5874 in
529 5823 766 5875 Stl‘CIllllIIl
792 5833 841 5874 tu
875 5841 942 5877 cs.
971 5824 1026 5878 Si
1058 5823 1214 5885 igitur
1254 5824 1496 5875 voluntas
1541 5828 1620 5873 est
1664 5817 1834 5871 I'atris

1940 1971 2053 2006 nent
2082 1953 2149 2005 ad
2174 1953 2447 2020 imaginem
2470 1962 2516 2004 et
2537 1948 2923 2002 similitudinem
2946 1961 3113 2000 suam.
3138 1945 3251 2000 Non
3281 1945 3410 1998 dixit
3437 1945 3507 1998 fe-

1938 2063 1969 2100 c
1989 2056 2127 2099 -runt
2152 2046 2246 2108 dii,
2264 2059 2384 2099 cum
2403 2043 2622 2096 dixisset
2638 2041 2884 2111 faciamus
2906 2039 3194 2103 hominem;
3226 2035 3317 2090 sed
3341 2036 3506 2088 dixit:

1942 2136 2080 2191 Deis
2130 2137 2246 2204 fecit
2289 2135 2542 2187 hominem
2596 2132 2662 2184 ad
2711 2131 2986 2202 imaginem
3031 2138 3076 2182 et
3121 2126 3508 2181 similitudinem

1939 2246 2032 2282 sua
2091 2263 2105 2278 .
2141 2229 2270 2282 Item
2293 2226 2336 2280 si
2371 2225 2525 2278 Pater
2550 2237 2652 2277 non
2682 2221 2807 2276 fecit
2831 2228 3149 2281 creaturam,
3173 2229 3226 2272 et
3247 2232 3442 2283 quomo
3481 2232 3509 2266 ιι

1941 2321 2068 2373 dicit
2100 2318 2264 2372 Fil'us
2291 2333 2310 2372 :
2341 2315 2494 2368 Pater
2515 2327 2834 2380 mensusque
2856 2311 3007 2364 modo
3051 2318 3315 2377 operatur,
3347 2319 3394 2360 et
3420 2323 3510 2376 ego

1942 2410 2161 2482 eprror?
2183 2409 2311 2463 Item
2341 2407 2385 2461 si
2419 2408 2578 2461 Pater
2605 2419 2709 2458 non
2742 2403 2864 2458 fecit
2909 2411 3204 2456 creaturam
3227 2441 3241 2463 ,
3283 2407 3337 2453 ct
3379 2414 3510 2467 quo-

1943 2504 2100 2560 ntodo
2128 2503 2310 2558 dicunt
2337 2499 2563 2569 apostoli
2585 2498 2649 2552 ad
2675 2497 2884 2551 Patrem
2918 2511 2932 2549 :
2965 2493 3040 2547 Tu
3071 2509 3144 2557 es,
3179 2491 3512 2556 Domine,qui

1944 2596 2106 2666 faciin
2127 2593 2308 2648 uelum
2337 2604 2382 2646 et
2413 2602 2622 2654 terram,
2645 2605 2782 2642 mare
2802 2597 2846 2639 et
2871 2586 3043 2638 omnia
3064 2600 3177 2654 qua:
3203 2585 3255 2635 in
3279 2583 3352 2635 eis
3372 2591 3513 2645 sunt,

1942 2687 2028 2755 qui
2051 2703 2137 2754 per
2162 2701 2216 2738 os
2239 2684 2400 2736 sancti
2434 2681 2578 2748 pueri
2609 2679 2683 2732 tui
2714 2678 2878 2730 David
2904 2676 3076 2728 dixisti
3130 2689 3147 2727 :
3201 2673 3371 2737 Quare
3415 2671 3512 2738 [re-

1945 2787 2178 2834 muerunl
2198 2789 2389 2850 gentes,
2415 2786 2460 2828 et
2484 2772 2660 2842 papufi
2691 2769 2918 2823 meditati
2947 2775 3062 2818 sunt
3092 2765 3265 2817 inania
3289 2765 3311 2816 ?
3332 2763 3513 2814 Astite-

1945 2884 2062 2927 runt
2085 2888 2224 2942 reges
2247 2882 2414 2932 ιιι-τω,
2438 2878 2482 2920 ct
2513 2865 2766 2937 principes
2789 2867 3123 2913 convenerunt
3163 2858 3212 2907 in
3238 2870 3394 2907 unum
3420 2854 3512 2904 ad-

1945 2982 2112 3018 versus
2137 2962 2430 3024 Dominum,
2454 2969 2499 3011 et
2527 2957 2766 3008 adversus
2790 2951 3044 3006 Christum
3074 2950 3182 3017 ejus
3219 2944 3398 3018 (Psal.
3431 2947 3512 3012 ιι).

1947 3056 2296 3110 Cont'euerunt
2323 3051 2457 3104 enim
2479 3051 2528 3100 in
2560 3048 2764 3100 t'eritate
2786 3045 2836 3096 in
2860 3044 3058 3095 civitate
3090 3041 3186 3091 ista
3213 3052 3362 3105 super
3392 3051 3512 3087 san-

1947 3159 2081 3202 ctum
2111 3160 2322 3216 puerum
2351 3153 2492 3194 tuum
2514 3138 2690 3192 Iesum
2713 3135 2985 3192 Christum,
3005 3147 3155 3202 quem
3179 3128 3392 3191 unxisti,
3412 3124 3515 3177 Ile-

1944 3241 2093 3294 rodes
2119 3248 2162 3290 rt
2194 3234 2406 3289 Pontius
2436 3231 2638 3285 Pilatus
2677 3243 2789 3280 rum
2831 3244 2862 3298 g
2894 3223 3078 3288 ntibus,
3102 3232 3149 3275 et
3189 3230 3293 3273 toto
3328 3217 3510 3280 Israel,

1944 3345 1988 3390 et
2019 3335 2245 3402 fecerunt
2268 3330 2399 3383 sicut
2423 3341 2600 3378 titmttts
2628 3332 2716 3375 tua
2737 3319 3065 3375 elconsilium
3089 3325 3233 3370 tuum
3261 3312 3515 3384 pur/inie-

1944 3436 2023 3482 tat
2055 3422 2311 3495 (Achtv).
2348 3420 2485 3488 Ergo
2511 3417 2578 3472 de
2631 3413 2843 3468 Christo
2901 3409 3250 3481 loquebantur
3299 3407 3363 3459 ad
3421 3404 3514 3457 Pa-

1944 3528 2100 3581 trem,
2124 3514 2211 3583 qui
2244 3511 2487 3565 dicebant
2519 3526 2532 3561 :
2566 3506 2640 3560 Tu
2664 3521 2734 3570 es,
2767 3502 3004 3564 Domine,
3028 3501 3115 3570 qui
3145 3498 3306 3567 fecisti
3335 3497 3514 3548 mlum

1943 3621 1988 3660 et
2013 3618 2219 3662 terram,
2249 3617 2385 3652 mare
2413 3608 2455 3652 ct
2486 3597 2658 3649 omnia
2685 3594 2866 3663 quwiu
2889 3595 2961 3644 eis
2986 3598 3124 3643 siml.
3158 3589 3294 3656 Lege
3329 3590 3378 3638 in
3413 3589 3514 3639 Ac-

1946 3697 2084 3749 tibus
2118 3690 2514 3761 Apostolorum,
2547 3695 2600 3740 ct
2630 3685 2866 3738 invenies
2888 3682 2954 3735 de
2987 3679 3120 3734 Filio
3165 3671 3268 3732 diei
3313 3674 3380 3728 ad
3420 3675 3514 3727 Pa-

1946 3798 2078 3841 trem
2111 3785 2262 3838 istaut
2286 3779 2624 3835 sententiam.

2581 3883 2748 3924 CAPIST
2792 3883 2867 3920 XI.

2015 3970 2146 4040 Quia
2179 3970 2316 4024 Deus
2345 3975 2427 4022 est
2453 3965 2679 4034 Spiritus
2701 3970 2940 4025 sanctus,
2965 3958 3040 4012 sic
3055 3956 3296 4010 docetur.
3326 3951 3512 4006 Petrus

1945 4063 2008 4118 ad
2036 4077 2156 4116 cum
2186 4060 2275 4132 qui
2306 4059 2641 4115 subtraxerat
2663 4054 2732 4108 de
2763 4051 2934 4123 pretio
2966 4049 3109 4104 villa:
3159 4045 3292 4100 dixit
3328 4062 3341 4099 :
3377 4043 3512 4108 Quid

1941 4166 2014 4209 est
2054 4153 2193 4224 quod
2221 4150 2446 4222 implevit
2487 4147 2709 4202 Satanas
2759 4160 2845 4198 cor
2875 4151 3016 4195 tuum
3064 4136 3266 4192 mentiri
3299 4132 3516 4203 Spiritui

1940 4249 2160 4302 sancto?
2197 4247 2257 4300 Et
2299 4241 2638 4315 postmodum
2679 4235 2920 4306 adiunxit
2956 4252 2967 4285 :
3008 4231 3128 4286 Non
3180 4246 3232 4283 es
3281 4227 3515 4314 mentitus

1940 4339 2245 4403 hominibus,
2262 4309 2351 4391 sed
2380 4335 2486 4390 Deo
2513 4333 2650 4405 (Act.
2669 4331 2750 4400 v).
2768 4331 2896 4385 Item
2920 4326 2971 4380 in
2989 4325 3208 4380 Actibus
3232 4309 3516 4389 Apostolo-

1943 4449 2056 4487 rum
2085 4429 2354 4494 scribitur,
2390 4426 2548 4480 Petro
2573 4422 2839 4492 cogitante
2864 4427 2918 4472 et
2949 4417 3226 4471 bmsitaute
3266 4412 3333 4466 de
3363 4411 3478 4463 visu
3497 4451 3511 4474 ,

1939 4526 2066 4580 dicit
2091 4522 2320 4593 Spiritus
2343 4529 2558 4575 sanctus
2592 4535 2604 4568 :
2639 4514 2769 4568 Ecce
2798 4513 2889 4565 viri
2923 4517 3151 4579 qua’runl
3180 4517 3255 4568 te;
3278 4519 3510 4571 exsurge,

1941 4629 1987 4670 et
2009 4614 2274 4677 descende,
2296 4623 2342 4664 et
2363 4611 2488 4664 unde
2507 4624 2619 4660 cum
2645 4607 2748 4657 illis
2777 4605 2906 4656 nihil
2951 4603 3051 4652 dub
3073 4611 3206 4662 tans,
3257 4598 3378 4664 quia
3421 4610 3512 4663 ego

1942 4711 2056 4764 illos
2085 4709 2198 4760 misi
2223 4707 2291 4758 ad
2315 4715 2381 4757 te.
2411 4702 2474 4754 Et
2501 4701 2701 4752 ueniens
2728 4696 2910 4749 Petrus
2937 4693 3002 4744 ad
3025 4691 3311 4743 Cornelium
3343 4686 3470 4738 dixil
3495 4700 3515 4737 :

1944 4802 2008 4854 In
2035 4803 2240 4854 veritate
2276 4796 2382 4848 scio
2423 4793 2543 4862 quia
2564 4805 2666 4842 non
2694 4793 2767 4840 est
2798 4797 3132 4852 personarum
3177 4779 3311 4831 Deus
3361 4790 3509 4827 acce-

1943 4905 2058 4962 ptor
2085 4891 2224 4959 (Ast.
2249 4889 2328 4955 x).
2359 4884 2437 4940 Ad
2465 4881 2714 4953 gentilem
2745 4877 2888 4932 enim
2945 4874 3139 4926 tnissus
3191 4870 3258 4922 ab
3312 4866 3514 4937 Spitilu

1943 4995 2146 5044 sancto,
2180 4983 2300 5052 quia
2330 4980 2504 5032 adhuc
2529 4972 2774 5044 gentibus
2804 4984 2908 5024 non
2933 4964 3318 5037 przedicabatur
3343 4963 3514 5052 Evan-

1942 5079 2160 5150 gelium,
2193 5049 2284 5129 sed
2310 5071 2434 5126 solis
2458 5066 2676 5124 Iudaeis.
2705 5064 2836 5118 Item
2879 5061 2930 5115 in
2977 5055 3317 5150 Evangelio-z
3359 5049 3528 5150 Iesus:

1942 5144 2111 5224 autem
2142 5167 2343 5238 Spiritu
2371 5171 2546 5216 sancte
2569 5159 2744 5225 plenus
2769 5168 3028 5224 regressus
3067 5159 3137 5203 est
3178 5165 3209 5201 a
3255 5144 3510 5199 Iordane.

1944 5264 2024 5316 An
2060 5275 2164 5312 non
2194 5265 2275 5311 est
2305 5255 2445 5316 Deus
2472 5250 2560 5319 qui
2591 5248 2777 5316 implet
2823 5240 3022 5298 Deum?
3061 5239 3200 5308 Ergo
3233 5237 3370 5290 Deus
3398 5245 3513 5289 crat

1946 5355 1998 5407 in
2029 5351 2264 5412 Christo,
2295 5362 2401 5416 quo
2425 5344 2609 5413 plenus
2636 5347 2721 5393 est
2749 5348 3024 5405 regressus
3045 5348 3072 5386 a
3101 5329 3352 5386 Iordane.
3378 5328 3510 5380 Item

1944 5441 2231 5513 Apostolus
2267 5456 2278 5490 :
2311 5435 2526 5491 Nescitis
2551 5432 2667 5501 quia
2700 5443 2915 5495 corpora
2953 5432 3118 5477 vestra
3163 5419 3408 5489 templum
3456 5418 3509 5468 in

1943 5512 2077 5588 vobis
2093 5541 2164 5586 est
2193 5530 2418 5599 Spiritus
2445 5524 2606 5580 sancti
2627 5524 2648 5574 ?
2676 5520 2905 5574 Secutus
2932 5524 3014 5571 est
3041 5529 3053 5565 :
3082 5512 3372 5581 Gloriﬁcate
3393 5525 3511 5579 ergo

1946 5628 2106 5682 Deum
2130 5628 2179 5678 in
2209 5637 2416 5693 corpore
2445 5626 2624 5672 vestro.
2655 5615 2780 5668 Item
2820 5612 2868 5665 in
2919 5609 3201 5687 Salomone
3238 5622 3248 5659 :
3285 5603 3510 5671 Spiritus

1944 5719 2162 5773 Domini
2181 5691 2387 5783 replet'it
2411 5709 2575 5761 orbem
2601 5717 2869 5759 ttrrarunt.
2902 5701 3031 5754 Item
3062 5696 3244 5751 Esaias
3277 5691 3507 5761 prophe-

1946 5827 1993 5867 ta
2021 5830 2033 5865 :
2071 5809 2133 5862 Iit
2168 5808 2305 5861 Dim
2335 5803 2578 5857 Dominus
2601 5800 2665 5851 ad
2690 5812 2803 5850 mc:
2840 5794 3000 5850 Vade.
3030 5792 3098 5844 dit
3146 5789 3335 5857 populo
3369 5787 3505 5846 huic,
