4060 6332
306 380 414 434 765

1194 374 1516 432 UBELLUS
1554 374 1843 441 CONTRA,
1874 371 2264 430 MAXlMINUM
2308 378 2635 439 ARIANUH.

3459 395 3562 451 766

307 496 567 562 imparem
596 492 786 563 signat.
812 492 1047 547 Remove
1070 489 1407 556 distantiam,
1439 490 1661 559 etquod
1695 501 1877 569 nume.
1911 485 1960 543 A
1989 498 2071 550 co,
2109 489 2343 557 nunquid
2373 493 2499 561 quia
2544 495 2764 564 legimus
2810 500 2860 552 in
2911 498 3149 553 Levitico
3189 501 3402 569 proprio
3442 502 3560 554 loto

307 600 395 643 res
425 600 530 639 non
558 584 797 638 habebis.
828 583 1093 651 Propheta
1124 582 1293 639 dicit:
1322 582 1611 650 Sapientia
1644 564 1755 651 ejus
1780 596 1882 633 non

307 689 379 732 est
401 691 662 731 numerus.
693 674 747 730 Si
770 674 1031 744 sapientia
1070 674 1192 743 ejus
1247 689 1352 728 non
1395 685 1727 738 numeratur,
1760 687 1888 741 quu-

305 766 468 823 modo
495 764 664 821 Filius
684 776 1014 830 numeratur,
1043 765 1131 835 qui
1160 774 1244 821 est
1266 765 1544 835 Sapientia
1573 764 1747 821 Patris
1766 806 1783 828 ,
1813 765 1884 819 si-

305 866 399 913 cut
421 856 706 926 Apostolus
727 856 897 913 dicit?
922 857 1097 925 Quare
1124 866 1242 926 post
1268 857 1483 911 Patrem
1512 856 1788 910 secundus
1814 857 1888 908 di-

305 951 441 1005 citur
474 950 663 1018 Filius,
694 965 816 1005 cum
832 951 1097 1020 sapientia
1120 966 1230 1006 non
1260 963 1599 1016 conteretur,
1644 950 1771 1021 quia
1801 959 1883 1005 est

304 1042 567 1111 sapientia
590 1042 783 1098 Patris.

944 1149 1113 1190 CAPUT
1154 1150 1263 1189 χνι.

378 1225 509 1292 Quia
540 1224 820 1279 invisibilis
840 1232 925 1280 est
950 1225 1134 1291 Filius,
1164 1226 1245 1281 sic
1265 1225 1519 1281 docetur:
1540 1225 1707 1281 Nemo
1740 1228 1885 1281 novit

307 1318 505 1372 Filium
524 1319 624 1373 nisi
653 1317 829 1384 Pater,
850 1334 1013 1387 neque
1033 1318 1239 1375 Patrem
1258 1320 1373 1385 quis
1394 1319 1528 1372 norit
1549 1318 1650 1373 nisi
1683 1315 1789 1371 Fili
1798 1336 1877 1381 us,

305 1419 355 1462 et
375 1411 460 1465 cui
484 1410 695 1465 voluerit
719 1408 887 1465 Filius
906 1409 1152 1465 revelare.
1174 1408 1230 1463 lu
1264 1410 1525 1479 Apostoio
1566 1410 1633 1465 de
1670 1409 1887 1465 Christo

305 1500 562 1571 scriptum
590 1509 673 1555 est.
698 1506 712 1546 ἓ
741 1500 839 1554 llic
858 1501 1124 1556 inuisibilia
1163 1502 1535 1572 primogenitus
1566 1503 1717 1556 totius
1744 1517 1886 1556 crea-

307 1608 455 1651 ture.
500 1596 667 1650 Item:
700 1593 932 1650 Christus
975 1595 1130 1650 Iesus
1172 1596 1305 1649 venit
1348 1597 1399 1651 in
1450 1597 1583 1650 hunc
1632 1597 1883 1650 mundum

307 1698 596 1760 peceatores
623 1687 791 1741 salvos
822 1689 1010 1758 facere,
1038 1702 1254 1757 quorum
1276 1690 1472 1756 primus
1502 1703 1595 1760 ego
1625 1703 1770 1752 una;
1796 1688 1886 1742 sed

307 1782 421 1835 ideo
458 1779 858 1833 misericordiam
888 1789 1182 1834 consecutus
1217 1796 1370 1842 sum,
1411 1790 1464 1833 ut
1513 1779 1565 1833 in
1594 1794 1673 1832 me
1716 1779 1886 1845 primo

308 1870 591 1926 ostenderet
636 1866 864 1925 Christus
912 1868 1067 1924 Iesus
1105 1885 1302 1924 omnem
1352 1872 1791 1939 [origanlmftatem
1829 1872 1883 1924 in
1917 1853 1964 1914 Β

308 1962 668 2033 formationem
690 1966 862 2016 eorum
886 1962 977 2032 qui
1012 1962 1252 2016 credituri
1283 1973 1397 2029 sunt
1424 1960 1506 2015 illi
1528 1961 1584 2015 in
1622 1965 1774 2015 vitam
1816 1977 1889 2015 ce-

309 2064 505 2110 ternans
533 2068 551 2108 :
580 2052 687 2124 regi
717 2062 884 2106 autem
925 2052 1232 2107 seculorum
1264 2050 1575 2115 immortali,
1610 2050 1883 2117 inuisibili,

307 2146 405 2201 soli
426 2144 535 2201 Dea
563 2146 725 2199 honor
746 2152 792 2197 et
818 2144 982 2215 gloria
1004 2145 1059 2199 in
1102 2144 1292 2201 uacula
1324 2144 1653 2200 surculorum.
1702 2144 1888 2201 Invisi-

309 2238 433 2294 bilis
461 2244 543 2293 est
568 2252 695 2307 ergo
726 2235 907 2303 Elius,
936 2238 1024 2308 qui
1054 2237 1203 2293 venit
1249 2246 1555 2306 peccatores
1596 2236 1771 2292 salvos
1810 2236 1889 2292 fa-

308 2346 451 2388 cere.
484 2331 541 2387 Si
580 2332 787 2386 videtur
824 2329 992 2385 Filius
1016 2372 1031 2398 ,
1068 2329 1274 2385 videtur
1309 2339 1363 2386 et
1407 2330 1586 2393 Pater.
1632 2331 1885 2400 quandam

308 2424 563 2494 scripturn
595 2431 677 2478 est
702 2439 713 2474 :
746 2422 847 2487 Qui
873 2438 951 2474 me
979 2422 1130 2486 videt,
1157 2421 1288 2476 videt
1308 2431 1355 2477 et
1385 2421 1613 2479 Patrem.

904 2550 1078 2590 ωρυιν
1123 2550 1252 2591 sui.

379 2632 577 2688 Comm
612 2629 664 2685 id
702 2631 845 2697 quod
884 2596 1070 2685 dicunt
1114 2646 1129 2680 :
1168 2643 1236 2683 ex
1278 2627 1437 2683 Patre
1474 2644 1566 2697 per
1606 2627 1800 2683 Filium
1830 2628 1884 2683 in

256 2766 261 2767 ν
308 2725 510 2793 Spiritu
538 2734 725 2778 sancto
748 2737 871 2778 esse
896 2723 1096 2778 omnia.
1123 2722 1257 2777 Audi
1294 2721 1412 2791 quia
1455 2735 1561 2775 non
1604 2722 1778 2774 solum
1816 2735 1884 2774 es

309 2815 487 2881 Patre,
509 2813 605 2869 sed
632 2821 688 2867 et
713 2829 779 2868 es
807 2812 973 2882 Filio,
1003 2823 1057 2867 et
1094 2812 1298 2881 Spiritu
1323 2819 1512 2864 sancto
1548 2809 1682 2864 facta
1705 2811 1883 2864 omnia

310 2908 548 2962 invenies
574 2906 797 2961 dictum.
830 2904 1118 2974 Apostolus
1140 2904 1209 2959 ad
1241 2904 1501 2973 Ephesios
1538 2904 1618 2958 sic
1657 2903 1783 2958 dicit
1816 2903 1887 2958 de

310 2998 493 3057 Filio:
527 2998 796 3052 Veritatem
822 3006 989 3051 autem
1013 2996 1342 3065 [acientes‘in
1376 2996 1586 3050 caritate
1609 3000 1889 3066 augeantur

310 3094 362 3145 in
389 3090 482 3146 illo
506 3088 597 3161 per
618 3092 811 3156 omnia,
842 3090 930 3160 qui
955 3097 1028 3143 est
1050 3097 1200 3160 caput
1225 3087 1478 3155 Christus,
1509 3104 1571 3143 ea:
1595 3105 1693 3155 quo
1724 3097 1887 3142 totum

311 3200 490 3255 corpus
520 3198 799 3237 connexum
831 3190 876 3235 et
900 3190 1239 3250 compactum.
1284 3181 1420 3235 Ecce
1453 3196 1516 3236 ex
1549 3180 1684 3235 Filio
1718 3200 1728 3235 :
1758 3182 1881 3235 andi

310 3285 364 3330 et
386 3290 449 3330 ex
481 3274 683 3344 Spiritu
727 3281 913 3327 sancto
945 3290 958 3325 :
1003 3270 1197 3342 Siquis
1237 3288 1338 3325 non
1390 3282 1593 3325 renotus
1633 3272 1784 3343 fuerit
1824 3289 1887 3327 ea:

310 3384 445 3435 aqua
474 3376 520 3420 et
549 3366 749 3435 Spiritu
770 3374 969 3429 sancto,
994 3380 1094 3417 non
1126 3372 1285 3431 potest
1315 3365 1482 3418 videre
1515 3380 1728 3436 regnum
1748 3362 1882 3420 .Dei.

311 3457 379 3513 Et
426 3457 618 3512 iterum
672 3457 724 3510 in
781 3454 1067 3525 Evangelio
1113 3456 1343 3525 legitur:
1382 3456 1471 3512 Sic
1499 3467 1570 3510 est
1608 3458 1772 3535 omnis
1801 3459 1886 3525 qui

313 3561 463 3603 natus
492 3558 561 3601 es!
581 3565 643 3602 ea:
670 3548 891 3617 Spiritu.

943 3632 1115 3673 CAPUT
1150 3632 1299 3671 XVIII.

381 3708 579 3765 Contra
610 3709 660 3763 id
690 3708 831 3778 quod
856 3708 1039 3763 dicunt
1060 3714 1078 3759 ξ
1102 3706 1233 3773 Quia
1264 3705 1427 3763 Pater
1459 3708 1703 3776 perhibet
1736 3711 1883 3764 testi-

313 3800 550 3855 monium
581 3799 735 3855 Filio.
764 3800 882 3867 Ipse
907 3796 1152 3853 Christus
1169 3798 1297 3852 dicit
1322 3798 1373 3853 in
1406 3799 1700 3868 Evangelia
1728 3813 1745 3847 :
1776 3799 1888 3871 Ego

313 3908 426 3948 sum
452 3892 539 3961 qui
558 3891 898 3946 testimonium
925 3888 1159 3959 perhibeo
1189 3889 1256 3944 de
1292 3906 1388 3943 me.
1430 3890 1570 3960 Ergo
1599 3891 1713 3960 ipse
1742 3892 1889 3946 testi—

313 3988 502 4042 ﬁcatur
534 3982 602 4037 de
628 3998 705 4037 se.
740 3980 1025 4051 Propheta:
1056 3980 1435 4050 perhibuerunt
1476 3979 1610 4034 Filio
1651 3982 1887 4036 testimo-

312 4080 482 4142 nium,
516 4073 750 4146 nunquid
782 4074 1011 4143 majores
1040 4082 1164 4127 sunt
1205 4071 1478 4141 praphetae
1526 4071 1696 4126 Filio?
1745 4074 1886 4141 Apo-

310 4169 435 4226 stoli
462 4167 846 4238 perhibuerunt
876 4164 1236 4220 testimonium
1264 4162 1416 4226 Filio.
1463 4162 1698 4234 nunquid
1725 4164 1889 4232 majo-

310 4275 401 4318 res
444 4270 568 4316 sunt
606 4256 832 4326 apostoli
877 4255 1015 4311 Filio
1073 4254 1206 4310 Dei?
1244 4254 1349 4309 Sed
1392 4269 1513 4310 cum
1560 4253 1886 4308 ostenderim

310 4355 434 4429 quia
461 4353 575 4423 ipse
597 4351 697 4408 sibi
726 4349 994 4421 perhibuit
1034 4346 1429 4412 testimonium,
1462 4363 1566 4402 non
1614 4348 1717 4403 erit
1748 4345 1887 4417 quod

310 4446 380 4501 ab
410 4442 730 4499 adversariis
755 4439 1173 4509 respondeatur:
1210 4436 1319 4509 Ego
1345 4454 1478 4503 sum,
1508 4436 1671 4509 inquit
1701 4438 1885 4506 Fil.us,

224 4558 233 4562 ‘
319 4539 401 4614 qui
418 4538 658 4609 testiﬁcor
678 4536 741 4590 de
764 4550 862 4589 me.

950 4640 1114 4680 CAPUT
1155 4640 1265 4679 XIX.

302 4744 317 4751 -
382 4720 580 4773 Contra
610 4717 659 4772 id
689 4715 831 4787 quod
859 4714 1037 4777 dicunt
1064 4733 1076 4769 :
1109 4680 1285 4781 Quare
1306 4715 1453 4783 prius
1485 4714 1664 4780 Pater,
1691 4714 1886 4768 deinde

314 4811 480 4865 Filius
511 4808 837 4865 nominatur.
865 4808 1003 4861 Audi
1029 4816 1083 4861 et
1109 4806 1301 4861 Filium
1348 4807 1581 4875 priorem
1624 4806 1887 4860 nominari

312 4917 342 4955 a
370 4900 547 4956 Patre.
580 4898 874 4970 Apostolus
889 4896 1016 4950 dicit
1041 4896 1106 4950 ad
1134 4895 1347 4951 Galatas
1373 4912 1385 4946 :
1422 4896 1543 4950 Non
1577 4898 1641 4950 ab
1669 4894 1888 4947 homini-

313 4995 424 5057 bus,
453 5008 613 5063 neque
634 5006 723 5061 per
744 4988 1019 5057 hominem,
1062 4987 1150 5039 sed
1193 4972 1285 5056 per
1314 4986 1493 5042 Iesum
1535 4985 1795 5042 Christum
1842 4997 1890 5039 rt

319 5083 478 5137 Deum
502 5081 730 5136 Patrem.
762 5078 891 5133 Item
915 5077 981 5133 ad
1005 5078 1516 5135 Thessalonicenses
1562 5078 1677 5148 ipse
1712 5080 1837 5133 dicit
1871 5096 1883 5133 :

313 5174 344 5227 1
349 5190 435 5244 pse
461 5180 631 5226 autem
658 5171 903 5225 Dominus
925 5180 1090 5224 noster
1114 5168 1268 5225 Jesus
1295 5171 1525 5225 Christus
1545 5181 1592 5225 et
1619 5170 1753 5223 Deus
1784 5169 1888 5223 Pa-

311 5274 388 5318 ter
411 5274 600 5331 noster,
627 5262 715 5333 qui
745 5263 921 5318 dilexit
950 5277 1067 5320 nos.
1094 5271 1139 5317 et
1161 5261 1298 5315 dedit
1329 5262 1727 5316 consolationem
1742 5272 1887 5315 teter-

313 5373 454 5419 nant,
486 5366 588 5411 etc.
618 5355 757 5410 Ecce
779 5358 927 5425 prior
972 5364 1054 5408 est
1094 5353 1260 5408 Filius
1291 5356 1614 5410 nominatus.
1662 5356 1801 5410 Audi
1833 5365 1887 5410 et

311 5448 565 5517 Spiritum
596 5454 838 5500 sanctum
889 5444 1053 5515 priori
1100 5444 1219 5498 loco
1261 5446 1541 5499 nominari.
1595 5447 1888 5514 Apostolus

314 5537 441 5592 dicit
472 5575 486 5591 .
516 5536 684 5594 Unum
714 5553 901 5604 corpus
928 5546 974 5589 et
996 5553 1123 5589 unus
1148 5534 1372 5606 Spiritus
1391 5576 1405 5599 ,
1436 5537 1566 5589 sicut
1589 5539 1749 5591 vocati
1772 5540 1891 5592 estis

315 5627 368 5679 in
389 5643 491 5679 una
521 5644 609 5686 spe
634 5627 909 5680 vocationis
939 5634 1137 5691 vestrm,
1170 5642 1299 5681 unus
1345 5625 1484 5679 Deus
1509 5666 1523 5689 ,
1564 5642 1667 5678 una
1718 5627 1845 5694 ﬁdes
1873 5669 1886 5692 ,

317 5720 472 5786 unum
502 5720 774 5786 baptisma,
800 5735 929 5771 unus
976 5716 1112 5772 Deus
1158 5726 1203 5770 et
1252 5716 1408 5769 Pater
1455 5718 1698 5771 annuum.
1751 5719 1889 5772 Ecce

323 5809 472 5880 prius
496 5810 769 5878 Spiritum,
800 5819 851 5864 et
884 5819 1062 5879 τιθείη-ι
1097 5811 1306 5865 Patrem
1331 5808 1640 5863 nominavit.
1675 5809 1775 5863 Sed
1809 5812 1885 5865 di-

1915 4580 1967 4640 D

1988 576 2088 630 sub
2112 592 2215 641 una
2239 585 2501 637 sententia
2532 588 2861 642 nominatum
2890 589 3082 656 Iacob,
3106 591 3346 649 secunda
3374 592 3519 647 issue
3542 633 3557 658 ,

1990 671 2146 725 tertio
2177 673 2466 740 Abraham,
2495 677 2613 733 ideo
2643 680 2927 737 dicandum
2962 693 3044 737 est
3077 684 3351 742 meliorem
3393 682 3558 740 fuisse

1987 762 2154 821 Jacob
2181 766 2252 820 ab
2274 766 2555 833 lssac,aut
2598 774 2853 841 majorem
2900 775 3048 830 isaac
3091 778 3357 833 Abrshatn
3414 786 3561 847 patre

1988 870 2106 922 suo,
2138 858 2280 912 sicut
2300 860 2441 915 enim
2470 862 2726 930 scriptum
2770 875 2855 919 est
2903 882 2917 921 :
2952 866 3016 919 Et
3058 871 3376 923 numerabar
3407 879 3559 923 (esur-

1987 951 2143 1004 menti
2161 946 2350 1017 Iacob,
2374 953 2500 1007 dicit
2534 954 2803 1019 Dominus,
2827 965 2873 1010 et
2897 961 3191 1011 testamenti
3213 958 3379 1025 Isaac,
3414 969 3464 1015 et
3482 968 3560 1013 te-

1987 1045 2224 1097 stamenti
2256 1045 2533 1101 Abraham.
2560 1048 2872 1101 llominibns
2896 1066 3002 1103 non
3026 1054 3401 1119 prandimus,
3420 1063 3559 1107 Iussu

1990 1137 2063 1189 tio
2085 1136 2192 1190 Deo
2218 1136 2581 1206 prrjndicium
2606 1155 2702 1193 cur
2734 1139 2918 1205 infert,
2951 1145 2994 1195 si
3026 1142 3166 1197 forte
3199 1144 3389 1197 alicubi
3414 1144 3561 1212 prior

1990 1238 2196 1285 taxatur
2225 1230 2381 1287 Pater
2417 1246 2445 1283 ιι
2476 1232 2632 1296 Filio,
2686 1245 2778 1287 aut
2818 1234 2985 1289 Filius
3034 1250 3069 1288 a
3128 1236 3327 1305 Spiritu
3368 1247 3559 1291 sancto

1988 1322 2151 1389 priori
2172 1322 2289 1376 loco
2316 1336 2346 1375 a
2372 1322 2529 1376 Patre
2550 1335 2807 1378 laxatum.
3018 1312 3035 1327 ’

2616 1430 2786 1470 CAPUT
2820 1432 2907 1471 ιι.

2061 1507 2252 1561 Conua
2288 1506 2339 1562 id
2371 1507 2512 1576 quod
2538 1508 2729 1563 dicunt
2760 1527 2774 1560 :
2806 1509 2966 1564 Pater
2998 1511 3070 1564 illi
3096 1511 3275 1565 anuis
3314 1510 3561 1580 subjecit.

1991 1601 2279 1668 Apostolus
2302 1602 2367 1655 ad
2396 1602 2706 1657 Corinthios
2746 1603 2872 1657 dicit
2892 1603 2958 1658 de
2993 1602 3128 1657 Filio
3162 1616 3175 1652 :
3206 1603 3450 1668 Oportet,
3486 1606 3564 1656 nu

1990 1692 2125 1759 quit,
2156 1691 2303 1747 illum
2332 1708 2567 1761 regnare,
2600 1694 2760 1746 donec
2787 1703 2944 1762 ponat
2965 1683 3147 1749 omnes
3171 1694 3404 1747 inimicos
3442 1710 3561 1747 suos

1992 1784 2081 1837 sub
2105 1783 2315 1853 pedibus
2340 1786 2444 1839 suis
2466 1786 2613 1851 (Cor.
2638 1786 2749 1855 xv).
2780 1785 2844 1840 Et
2875 1785 2941 1840 ad
2972 1786 3347 1855 Philippenses
3374 1801 3385 1836 :
3412 1784 3562 1839 Unde

1989 1877 2139 1931 etiam
2163 1890 2515 1946 exspectamus
2542 1878 2813 1933 Dominum
2842 1878 3022 1932 Iesum
3040 1877 3298 1930 Christum
3328 1876 3564 1932 Salvam.

1991 1985 2098 2023 rens
2122 1981 2352 2023 nostrum
2376 1987 2397 2034 ε
2420 1972 2508 2036 qui
2530 1971 2912 2041 lransﬁgumbil
2939 1987 3127 2039 corpus
3146 1969 3449 2023 humilitatis
3476 1973 3565 2023 nd-

1988 2069 2110 2115 strse
2136 2062 2460 2130 conferamus
2488 2062 2693 2131 corpori
2723 2063 2899 2130 glorier
2937 2077 3045 2117 sua:
3082 2061 3365 2117 secundum
3386 2075 3566 2129 opera-

1989 2152 2196 2217 tionem,
2222 2163 2277 2207 ut
2304 2154 2463 2223 possit
2490 2154 2588 2207 sibi
2610 2154 2863 2225 subjicere
2888 2153 3062 2207 omnia
3090 2152 3317 2223 (Philip.
3347 2153 3409 2220 ι).
3436 2151 3565 2205 ltetn

1990 2244 2275 2311 Apostolus
2298 2241 2450 2311 dicit,
2474 2246 2597 2315 quis
2623 2246 2790 2300 Filius
2818 2245 2990 2300 tradet
3026 2260 3244 2313 regem
3284 2245 3393 2297 Deo
3424 2242 3566 2296 Patri

1987 2353 2115 2403 suo;
2148 2340 2402 2407 scriptum
2429 2347 2514 2393 est
2542 2337 2682 2393 enim
2708 2338 2780 2392 de
2806 2337 3026 2392 Christo
3061 2360 3072 2395 ε
3122 2335 3248 2389 Cum
3294 2337 3568 2390 tradiderit

1987 2446 2196 2502 regnum
2222 2427 2327 2485 Dea
2352 2439 2398 2483 et
2428 2428 2595 2485 Patri.
2621 2428 2761 2498 Ergo
2794 2428 3067 2497 majorest
3099 2425 3267 2481 Filius
3297 2442 3326 2479 a
3374 2427 3566 2488 Patre,

1988 2522 2108 2591 quia
2131 2522 2246 2591 ipse
2272 2523 2447 2577 tradet
2481 2522 2621 2577 Patri
2662 2537 2761 2575 suo
2802 2521 3061 2590 regnum?
3109 2519 3234 2574 Haec
3278 2528 3403 2573 sunt
3446 2532 3567 2588 qua:

1991 2614 2249 2683 tantisper
2272 2629 2481 2669 comme
2496 2630 2700 2669 n10rare
2721 2614 2866 2684 potui
2893 2622 2948 2667 et
2973 2611 3249 2681 decerpsi;
3280 2611 3441 2665 intrita
3472 2625 3567 2665 su-

1992 2712 2099 2758 lem
2126 2705 2480 2772 prmtcrmissa
2506 2713 2629 2758 sunt
2662 2704 3047 2772 impedimento
3071 2702 3370 2758 velocitatis
3392 2739 3409 2765 ,
3446 2695 3567 2770 qua:

1991 2794 2172 2863 legens
2201 2796 2400 2863 poterit
2440 2795 2698 2848 invenire.
2736 2795 2849 2850 lloc
2893 2805 3096 2850 tantum
3134 2795 3304 2850 lector
3346 2802 3523 2851 teneat
3546 2835 3564 2858 .

1991 2883 2272 2939 Dominum
2300 2886 2465 2941 Deum
2509 2886 2730 2940 minime
2759 2900 2983 2941 nurnero
3011 2886 3310 2954 subiacere,
3342 2885 3566 2939 minime

1988 2980 2224 3045 separari
2254 2990 2264 3023 :
2299 2976 2437 3047 quod
2467 2979 2612 3031 enim
2642 2958 2922 3031 minimum
2968 2986 3087 3041 est,
3120 2976 3261 3030 Deus
3292 2989 3399 3030 non
3435 2983 3518 3028 est
3548 2989 3562 3027 :

1988 3068 2082 3123 scd
2106 3068 2248 3138 quod
2274 3068 2415 3124 Dens
2434 3077 2537 3133 est,
2558 3068 2745 3133 Filius,
2772 3076 2828 3124 et
2849 3069 3082 3137 Spiritus
3103 3075 3323 3123 Sanctus
3340 3074 3564 3134 uterque

1993 3159 2255 3227 perfectus
2322 3158 2663 3232 [professus]
2722 3170 2828 3216 est.
2890 3161 3013 3214 litec
3077 3168 3160 3214 est
3220 3169 3396 3213 autem
3441 3171 3565 3212 vera

1991 3256 2267 3324 perfectio,
2319 3269 2476 3323 quam
2510 3270 2613 3307 non
2670 3252 2885 3322 subjicit
2928 3253 3148 3306 alterius
3194 3249 3562 3319 comparatio,

1989 3362 2086 3401 nec
2143 3357 2379 3407 remanet
2443 3344 2583 3415 quod
2617 3346 2783 3415 possit
2821 3359 3150 3399 accrescere.
3185 3344 3324 3397 Deus
3347 3341 3565 3411 spiritus

1986 3449 2107 3505 est,
2155 3430 2463 3515 nonbcaro;
2518 3439 2819 3493 intellectus
2848 3446 2963 3504 est,
3013 3453 3120 3491 non
3167 3444 3248 3489 est
3299 3433 3560 3503 globatio;

1987 3535 2253 3588 internum
2284 3535 2461 3588 lumen
2492 3543 2594 3597 est,
2630 3549 2735 3586 non
2759 3533 3012 3587 materies
3038 3530 3381 3585 circumfusa.
3418 3528 3562 3583 ideo

1990 3642 2095 3679 nzxn
2137 3625 2387 3677 dividitur
2427 3624 2600 3687 Pater,
2632 3633 2685 3677 ct
2728 3623 2910 3687 Filius,
2952 3632 3008 3677 et
3044 3623 3271 3691 Spiritus
3315 3628 3561 3684 sanctus,

1988 3715 2110 3782 quis
2144 3727 2248 3769 non
2281 3722 2364 3767 est
2398 3713 2538 3779 talie,
2571 3714 2657 3780 qui
2691 3728 2749 3767 se
2776 3723 2923 3781 paret
2954 3712 3143 3775 incidi;
3176 3720 3229 3764 et
3258 3719 3434 3763 tamen
3466 3709 3566 3762 Pa—

1990 3813 2092 3869 ter,
2121 3804 2278 3858 Pater
2306 3813 2414 3865 est;
2462 3803 2651 3868 Filius,
2702 3803 2863 3858 Filius
2909 3814 3019 3869 est;
3066 3804 3295 3871 Spiritus
3325 3810 3559 3866 sanctus,

1992 3893 2222 3961 Spiritus
2264 3902 2482 3948 sanctus
2527 3903 2641 3957 est;
2684 3905 2737 3948 et
2782 3894 2976 3963 ubique
3023 3895 3137 3947 sine
3188 3893 3412 3947 invicem
3458 3907 3563 3945 non

1991 3996 2115 4040 suot
2138 4002 2151 4038 :
2178 3985 2298 4054 quia
2332 4002 2466 4038 unus
2497 3996 2578 4039 est
2605 3987 2691 4054 qui
2726 3986 2941 4056 intelligi
2973 3994 3178 4054 potest,
3201 3984 3435 4053 separari
3458 3997 3563 4037 non

1992 4085 2187 4148 potest.
2233 4078 2346 4132 Non
2397 4088 2519 4131 sunt
2568 4079 2905 4147 conglobati,
2950 4080 3068 4146 quia
3109 4092 3213 4132 non
3260 4086 3384 4130 sunt
3423 4076 3568 4131 velut
3648 4086 3651 4087 '

1990 4172 2147 4234 :rrei;
2180 4187 2285 4226 non
2326 4180 2451 4225 sntit
2488 4171 2672 4249 divisi,
2710 4171 2829 4241 quia
2871 4170 2986 4224 sine
3018 4170 3243 4224 invicem
3274 4183 3377 4222 non
3419 4174 3561 4222 sunt.

1994 4263 2114 4317 llaec
2140 4273 2222 4316 est
2248 4279 2371 4317 ve"a
2405 4274 2453 4317 et
2488 4248 2748 4317 catholica
2797 4261 2956 4328 ﬁdes,
2989 4248 3434 4331 qnam’Christus
3473 4258 3568 4312 do-

1992 4354 2104 4408 cuit
2125 4363 2178 4409 et
2209 4354 2455 4422 tradidit,
2485 4353 2711 4423 apostoli
2744 4352 3069 4416 docuerunt,
3101 4362 3154 4407 et
3184 4364 3369 4405 omnes
3398 4348 3566 4404 sancti

1992 4446 2312 4515 patriarcha:
2339 4456 2396 4501 et
2424 4446 2696 4515 prophetc
2736 4443 2962 4498 lideliter
3003 4444 3330 4496 cecinerunt.
3369 4440 3569 4507 Propo-

1992 4538 2273 4593 sitiouibus
2321 4539 2424 4591 tuis
2464 4537 2685 4605 juvante
2733 4535 2917 4599 l’atnc,
2964 4543 3018 4588 et
3066 4532 3229 4594 Filio.
3272 4541 3326 4585 et
3366 4530 3567 4598 Spiritu

1993 4642 2198 4695 sancto,
2222 4631 2291 4684 de
2320 4629 2466 4683 Novo
2490 4641 2541 4681 et
2569 4627 2745 4681 Veteri
2768 4626 3109 4679 Testamento
3133 4622 3403 4691 respondi,
3428 4635 3570 4673 nunc

1992 4736 2123 4777 vero
2163 4734 2258 4787 pro
2286 4718 2546 4772 catholica
2569 4757 2584 4781 ,
2630 4731 2752 4785 quac
2783 4717 2976 4783 ub’que
3018 4721 3103 4767 est
3132 4712 3253 4776 lide,
3286 4711 3384 4763 alia
3417 4710 3567 4764 testi-

1997 4812 2170 4866 monia
2204 4802 2705 4880 proposui,'quibns
2745 4807 3069 4875 respondere
3096 4805 3310 4859 debeas.
3347 4803 3398 4855 lu
3434 4802 3572 4855 libro

1997 4902 2282 4970 Sapientia:
2310 4918 2323 4956 :
2352 4900 2470 4969 quia
2503 4900 2640 4955 sicut
2670 4899 2809 4953 Deus
2838 4896 3117 4968 sapientia,
3150 4911 3268 4965 qua:
3296 4904 3377 4949 est
3404 4893 3570 4948 Filius

1997 4992 2127 5062 Dei,
2163 4994 2242 5047 sic
2282 5002 2336 5047 et
2372 4990 2606 5061 Spiritus
2652 4998 2868 5044 sanctus
2915 4987 3059 5042 novit
3105 4986 3325 5041 conslia
3371 4983 3565 5038 Putris.

2004 5085 2056 5141 ln
2099 5084 2287 5140 eodem
2336 5082 2514 5136 libro:
2550 5081 2679 5152 quia
2720 5080 3057 5149 omnipotens
3096 5086 3183 5133 est
3226 5076 3420 5136 Filius.
3470 5074 3590 5141 per}

1997 5193 2157 5249 quem
2192 5177 2325 5230 laeta
2355 5183 2479 5230 sunt
2503 5164 2703 5229 omnia.
2736 5172 2792 5227 1n
2816 5172 3005 5227 eodem
3038 5172 3172 5225 libro
3198 5188 3210 5221 :
3240 5169 3364 5239 quia
3404 5166 3573 5233 Spiri-

1999 5278 2084 5323 tus
2109 5264 2325 5323 sanctus
2367 5268 2525 5321 etiam
2566 5265 2753 5329 Filius,
2784 5263 2873 5333 qui
2916 5263 3109 5317 dicitur
3153 5262 3317 5316 virtus
3362 5259 3475 5313 Dei.
3514 5257 3570 5310 ln

1997 5359 2187 5416 eodem
2218 5359 2355 5413 libro
2400 5358 2595 5412 dicitur
2628 5356 2698 5411 de
2725 5354 2928 5427 Spiritu
2976 5362 3181 5418 sancto,
3212 5353 3300 5422 qui
3331 5351 3574 5405 incorru-

1999 5449 2199 5521 ptibilis
2226 5458 2326 5505 est.
2374 5448 2429 5503 ln
2469 5447 2655 5503 eodem
2686 5446 2822 5501 libro
2852 5461 2867 5499 :
2893 5444 3188 5500 secundum
3229 5444 3451 5499 formam
3482 5456 3575 5495 su-

1997 5551 2193 5613 scepta:
2226 5541 2537 5597 humilitatis
2574 5538 2836 5595 visibilem
2878 5536 3006 5592 dicit
3034 5537 3338 5601 Christum,
3382 5549 3572 5589 secun-

1997 5634 2122 5689 dum
2152 5633 2376 5688 formam
2409 5647 2533 5686 vero
2560 5630 2771 5685 deitatis
2802 5645 2903 5682 non
2946 5627 3239 5693 visibilem,
3266 5628 3362 5683 sed
3390 5626 3545 5681 invisi

2000 5723 2157 5779 bilem
2200 5725 2524 5791 pronuntiat.
2568 5722 2715 5788 Quod
2761 5722 2902 5775 enim
2936 5720 3164 5784 videbar,
3202 5720 3389 5781 homo,
3431 5717 3573 5786 quod

1999 5831 2101 5870 non
2133 5814 2357 5879 videtur,
2396 5813 2532 5868 Dens
2563 5815 2884 5882 agnoscitur.
2914 5812 2968 5865 In
3000 5810 3185 5865 eodem
3218 5811 3348 5863 libro
3379 5808 3573 5863 dicitur
