4060 6332
552 368 650 424 767

1508 364 1559 422 ε.
1602 359 1943 421 ttUuENtus
1982 366 2565 426 cimustzmmss
2607 373 2993 434 EPISCOPUS.
3062 350 3077 364 “

3700 389 3792 448 763

550 485 670 552 quia
701 482 864 537 Filius
904 479 993 535 Dei
1029 478 1096 534 de
1120 478 1412 532 substantia
1458 490 1540 532 est
1571 479 1761 532 Patris.
1808 479 1863 531 In
1897 479 2117 534 Cantieo
2147 485 2194 542 Α
2223 494 2338 540 ctus
2366 504 2378 540 :
2423 487 2645 557 Spiritus
2677 493 2919 558 veritatis,
2957 511 3101 560 quem
3136 496 3357 551 mundus
3387 515 3483 552 non
3515 512 3672 571 potest
3701 524 3789 559 ac-

549 576 919 636 Canticorum,
953 572 1041 626 ubi
1081 571 1350 626 Christum
1391 572 1520 626 dicit
1567 587 1626 626 es
1657 588 1687 626 e
1732 571 1960 642 Regem,
2003 589 2121 628 cum

548 667 612 719 ad
638 680 758 720 eum
790 664 1023 718 Ecclesia
1052 662 1300 732 loquitur.
1337 662 1391 716 In
1435 663 1846 718 Ecclesiastieo:
1879 669 1998 734 qu'a
2045 667 2124 718 in-

547 756 891 811 numerabilis
932 764 1016 809 est
1060 753 1367 824 magnitudo
1413 754 1528 810 Dei.
1560 755 1711 811 Unde
1751 756 1972 812 docetur
2001 759 2119 826 quia

547 847 841 916 blasphemi
875 854 996 899 sunt
1024 845 1112 915 qui
1145 845 1460 900 Trinitatem
1490 847 1809 914 separando,
1841 861 1902 901 ac
1947 849 2120 917 gradi-

548 943 644 997 bus
668 950 722 996 et
749 941 986 994 numeris
1010 939 1232 994 credunt
1270 953 1390 994 esse
1429 939 1777 994 suadendum.
1821 941 1873 993 In
1919 943 2120 1008 psalmo

545 1049 684 1089 cxvu
707 1033 951 1086 similiter
975 1031 1044 1086 de
1071 1030 1366 1100 Sapientia,
1389 1046 1507 1100 qum
1536 1041 1615 1085 est
1638 1031 1802 1085 Filius
1836 1032 1946 1096 liei,
1967 1033 2044 1087 sic
2065 1043 2117 1088 et

544 1126 774 1196 Spiritus
791 1133 1004 1180 sanctus
1015 1125 1160 1177 novit
1184 1123 1401 1178 c'onsilia
1425 1125 1594 1177 Patris
1615 1142 1627 1173 τ
1646 1123 1927 1178 Consilium
1947 1135 2117 1179 autem

544 1227 686 1269 tuum
714 1215 826 1285 quis
854 1217 976 1278 scit,
1011 1215 1110 1268 nisi
1151 1223 1204 1268 tu
1231 1214 1429 1268 dederis
1458 1215 1803 1284 Sapientiam,
1842 1227 1887 1271 et
1918 1219 2116 1272 miseris

546 1307 795 1376 Spiritum
812 1306 875 1358 de
889 1305 1188 1359 altissimis?
1206 1308 1260 1359 ln
1284 1305 1472 1360 eodem
1492 1306 1624 1360 libro
1640 1309 1762 1377 quia
1780 1309 2115 1378 omnipotens

542 1409 626 1453 est
648 1399 829 1462 Filius,
859 1414 951 1467 per
971 1414 1127 1468 quem
1153 1397 1285 1453 facta
1313 1408 1436 1453 sunt
1460 1399 1637 1452 omnia
1667 1417 1678 1451 :
1710 1398 1830 1453 Non
1856 1401 2012 1465 enim,
2042 1403 2114 1456 in-

542 1491 674 1558 quit,
692 1490 1015 1558 impossibilis
1041 1499 1148 1544 erat
1166 1489 1480 1558 omnipotens
1497 1506 1672 1544 manus
1686 1500 1792 1554 tua,
1808 1507 1921 1560 qua
1931 1496 2114 1547 creavit

543 1586 733 1651 omn'a,
758 1593 803 1636 et
826 1583 994 1636 orbem
1016 1593 1263 1636 terrarum
1286 1599 1349 1637 ea:
1369 1584 1579 1636 materia
1595 1584 1822 1652 informi.
1845 1584 1900 1638 In
1923 1585 2111 1641 eodem

542 1675 713 1730 libro:
747 1676 865 1745 quia
888 1675 1119 1744 Spiritus
1136 1661 1543 1730 Sanctus-etiam
1571 1676 1734 1731 Filius
1761 1688 1875 1731 eat:
1909 1677 2113 1746 disper-

540 1768 585 1822 si
618 1783 711 1837 per
738 1767 994 1837 Spiritum
1025 1779 1265 1823 sanctum
1297 1767 1508 1823 virtutis
1541 1777 1643 1822 tuae
1683 1770 2109 1838 persecutionem

2226 580 2409 646 cipere,
2431 582 2551 648 quia
2579 584 2799 636 mundus
2827 600 2928 638 non
2957 587 3088 638 videt
3105 603 3238 651 eum,
3259 604 3349 642 nec
3378 596 3631 662 cognoscit
3648 613 3788 652 eum:

2225 683 2309 724 vos
2340 681 2505 725 autem
2532 677 2833 743 cegnoscitis
2859 693 2992 740 eum,
3022 680 3140 747 quia
3169 681 3307 748 apud
3383 699 3434 734 ος
3467 688 3704 752 manebit,
3745 700 3791 742 et

2225 761 2274 813 in
2300 762 2436 815 vobis
2463 764 2578 816 erit.
2611 763 2665 818 In
2696 763 2932 821 Canticis
2959 765 3228 824 Christum
3257 771 3379 825 dicit
3404 787 3523 828 esse
3553 775 3744 845 Regem
3773 797 3786 842 ;

2221 866 2338 906 eum
2370 853 2658 909 Ect-Icsiam
2696 856 2956 926 loquitur:
3002 858 3299 915 Introduxit
3329 880 3406 916 me
3432 879 3521 918 res:
3561 865 3612 918 in
3653 869 3790 922 cubi-

2220 944 2392 996 culum
2421 960 2589 1011 suum,
2619 948 2924 1002 exsultemus
2951 961 2995 1002 et
3016 951 3448 1020 jucundemur'in-
3466 965 3529 1008 te.
3566 956 3693 1011 Item
3720 962 3788 1012 si-

2221 1032 2545 1089 militudines
2597 1037 2712 1091 auri
2736 1035 2998 1094 iaciemus
3037 1040 3130 1095 tibi
3182 1057 3302 1097 cum
3357 1045 3786 1105 distinctioni'us

2218 1124 2446 1191 argenti,
2475 1138 2748 1193 quousque
2786 1143 2877 1182 rex
2909 1129 2976 1183 sit
3018 1130 3068 1183 in
3089 1131 3339 1186 'recubitu
3369 1147 3488 1188 suo.
3524 1136 3577 1190 In
3606 1137 3787 1193 Eccle-

2219 1215 2434 1270 siastico
2458 1234 2468 1268 :
2488 1217 2608 1284 quia
2633 1217 3034 1276 innumerabilis
3060 1230 3144 1278 est
3171 1227 3477 1295 magnitudo
3504 1229 3615 1283 Dei.
3639 1211 3786 1287 Unde

2216 1305 2436 1360 docetur
2457 1322 2614 1377 quam
2652 1309 2946 1380 blasphemi
2995 1313 3104 1368 sint
3153 1316 3204 1370 in
3234 1317 3546 1374 Trinitatem
3582 1321 3674 1377 Du
3704 1326 3785 1394 qui

2215 1401 2514 1468 separando
2551 1402 2678 1469 grad
2705 1403 2802 1458 bus
2829 1419 2892 1460 ac
2928 1409 3165 1464 numeris
3189 1410 3458 1466 suadenda
3487 1416 3782 1472 mstimant:

2214 1500 2264 1544 et
2294 1492 2413 1560 quis
2464 1494 2800 1563 investigavit
2829 1499 3209 1567 magnitudinis
3253 1503 3370 1572 ejus
3407 1505 3713 1574 imperium,
3738 1519 3790 1563 et

2216 1584 2627 1652 magnitudinem
2643 1587 2756 1656 ejus
2773 1589 2891 1659 quis
2906 1589 3306 1648 denumeravit?
3321 1595 3373 1649 In
3391 1598 3595 1664 psalmo
3620 1616 3689 1653 xx
3701 1617 3782 1665 vn,

2212 1677 2460 1733 similiter
2487 1679 2554 1733 de
2581 1681 2883 1750 Sapientia,
2915 1700 3034 1755 quae
3073 1697 3157 1741 est
3211 1689 3378 1744 Filius
3426 1691 3540 1756 Dei,
3586 1693 3796 1748 dictum

2213 1780 2294 1824 est
2321 1792 2335 1827 :
2365 1772 2485 1840 quia
2516 1774 2792 1842 sapientia:
2843 1777 2959 1846 ejus
2985 1795 3089 1834 non
3117 1790 3198 1836 est
3238 1799 3490 1840 numerus
3519 1805 3531 1838 :
3571 1787 3787 1858 Magnus

541 1862 678 1928 passi
711 1859 779 1914 ab
805 1860 934 1928 ipsis
973 1859 1128 1914 factis
1157 1861 1373 1916 suis.-ln
1405 1861 1594 1917 eodem
1640 1860 1776 1917 libro
1805 1863 1872 1918 de
1909 1863 2108 1933 Spiritu
2143 1854 2186 1913 Β
2215 1861 2465 1916 Dominus
2513 1856 2700 1932 noster,
2747 1877 2794 1921 et
2846 1885 3033 1940 magna
3071 1872 3229 1927 virtus
3283 1876 3415 1944 ejus,
3443 1886 3489 1930 et
3523 1854 3788 1947 sapient!

521 1961 722 2012 sancto
749 1953 872 2021 quia
917 1951 1332 2019 incorruptibilis
1357 1963 1440 2007 est
1475 1971 1487 2007 :
1521 1952 1932 2024 Incorruptibilis
1975 1957 2109 2010 enim

542 2046 770 2114 Spiritus
798 2056 915 2100 tuus
936 2046 988 2099 in
1017 2045 1248 2100 omnibus
1273 2047 1367 2100 est.
1400 2045 1458 2101 la
1486 2047 1675 2102 eodem
1708 2048 1866 2116 libro,
1903 2048 1989 2104 ubi
2022 2064 2108 2104 se-

536 2139 772 2193 cundum
801 2139 1024 2194 formam
1064 2149 1328 2208 susceptae
1357 2136 1671 2197 humilitatis
1695 2143 1958 2198 visibilem
1983 2143 2111 2198 dicit

535 2229 831 2295 Christum,
862 2230 1154 2286 secundum
1201 2232 1426 2286 formam
1445 2225 1828 2308 'va'o‘deitatis
1846 2250 1951 2289 non
1979 2235 2110 2288 visi-

534 2320 718 2386 bilem,
746 2320 838 2373 sed
891 2321 1212 2376 invisibilem
1255 2317 1792 2400 pronunt‘hg-«dicens
1819 2343 1829 2376 :
1861 2321 2110 2380 'Videntes

534 2412 681 2464 illum
707 2428 854 2480 quem
887 2413 1008 2466 olim
1056 2413 1338 2484 negabant,
1375 2415 1536 2468 Deum
1563 2406 1884 2487 Moverunt
1916 2435 2106 2474 verum.

535 2503 594 2556 In
623 2498 814 2556 eodem
860 2503 1027 2557 libro:
1056 2504 1178 2574 quia
1223 2506 1388 2560 Filius
1444 2506 1536 2562 Dei
1576 2507 1643 2563 de
1687 2509 1982 2564 substantia
2027 2521 2112 2567 est

534 2594 744 2650 Patris:
772 2594 877 2650 Pro
917 2598 1100 2664 quibus
1151 2600 1451 2670 angelorum
1493 2616 1605 2653 esca
1652 2602 1830 2655 cibasti
1865 2602 2109 2674 populum

533 2695 694 2753 tuum,
738 2694 783 2741 et
811 2698 1043 2756 paratum
1071 2705 1252 2755 panem
1279 2690 1341 2742 de
1388 2690 1512 2744 caelo
1543 2694 1822 2759 prwstitisti
1864 2695 1969 2747 illis
1999 2696 2108 2750 sine

533 2779 726 2843 labore,
749 2795 896 2833 omne
921 2771 1336 2833 delectamentani
1368 2783 1419 2834 in
1463 2799 1516 2835 se
1547 2784 1835 2849 habentem,
1860 2796 1908 2840 et
1939 2789 2100 2842 omnis

530 2869 727 2936 saporis
755 2870 1051 2923 suavitatem
1080 2887 1098 2936 ;
1125 2870 1454 2925 substantiam
1483 2875 1615 2926 enim
1639 2884 1779 2928 tuam
1801 2887 1846 2930 et
1873 2877 2103 2931 dulcedi-

531 2976 639 3012 nem
667 2972 804 3029 quas
829 2961 880 3013 in
925 2958 1066 3014 Filio
1109 2961 1295 3014 habeas
1343 2966 1660 3021 ostendebas.
1707 2966 1759 3020 ln
1815 2968 2100 3036 Evangelia

529 3049 821 3104 secundum
848 3051 1106 3106 Joannem
1134 3070 1146 3105 :
1172 3054 1294 3121 quia
1321 3054 1600 3109 invisibilis
1622 3067 1701 3110 est
1723 3057 1952 3126 Spiritus
1979 3075 2100 3114 san-

2209 1955 2321 2022 ejus
2344 1971 2446 2008 non
2476 1966 2547 2008 est
2570 1973 2827 2012 numerus.
2852 1957 3306 2031 Propositionibus
3329 1965 3445 2020 istis
3470 1968 3787 2023 Maximinus

2210 2045 2450 2100 Arionita
2473 2047 2601 2101 nihil
2633 2049 2815 2104 valens
2835 2051 2901 2105 ad
2933 2055 3387 2123 respondendum,
3418 2059 3703 2116 dilt‘erelnat
3725 2063 3786 2116 de

2211 2135 2296 2191 die
2327 2137 2379 2190 in
2409 2137 2571 2192 diem.
2604 2139 2839 2196 Cerealis
2867 2159 2996 2198 vero
3024 2144 3160 2201 dixit
3208 2148 3313 2215 illi,
3367 2151 3456 2219 qui
3508 2152 3784 2219 intererat,

2211 2230 2293 2283 cui
2333 2240 2449 2285 erat
2492 2231 2826 2301 injunctutn:
2861 2235 3156 2306 Propositis
3203 2240 3269 2294 ab
3313 2257 3378 2296 eo
3403 2257 3522 2312 qua:
3553 2245 3787 2298 ti0nibus

2211 2323 2497 2391 adjuvante
2544 2325 2656 2380 Deo
2685 2328 2973 2396 respondi,
3023 2345 3121 2385 cur
3166 2333 3301 2388 meis
3333 2334 3783 2403 propositionibus

2213 2432 2318 2470 non
2374 2418 2695 2486 respondet?
2723 2419 2894 2488 Supra
2947 2431 3303 2477 memoratum
3347 2425 3505 2495 igitur
3549 2425 3785 2480 Maximi-

2212 2523 2361 2572 num,
2387 2508 2470 2563 cui
2502 2520 2616 2564 erat
2644 2510 2963 2581 iujunctum,
2992 2528 3112 2568 cum
3139 2516 3471 2593 co'nveniret,
3502 2520 3694 2571 tacuit.
3725 2518 3782 2570 Et

2210 2599 2282 2654 ait
2306 2599 2552 2656 Cereali:
2591 2601 2735 2657 Vade
2776 2603 2867 2656 tibi
2911 2604 2961 2658 in
2990 2606 3256 2674 propriam
3291 2607 3618 2673 Ecclesiam,
3667 2610 3781 2677 quia

2209 2703 2502 2749 conventus
2542 2709 2570 2748 a
2600 2710 2685 2749 me
2721 2694 3036 2751 Maximinus
3068 2699 3234 2752 noluit
3278 2699 3629 2769 respondere,
3667 2701 3788 2755 hinc

2210 2786 2521 2856 intelligitur
2546 2788 2666 2858 quia
2699 2804 2801 2843 non
2831 2789 3014 2856 valuit,
3051 2792 3139 2845 tibi
3171 2793 3354 2855 tacuit,
3377 2801 3431 2845 et
3460 2795 3567 2845 tuis
3595 2807 3784 2860 propo-

2208 2879 2490 2935 sitionibus
2537 2881 2864 2950 respondere
2918 2883 3107 2937 noluit.
3161 2884 3276 2938 lam
3329 2885 3469 2940 inter
3505 2901 3608 2939 vos
3651 2887 3791 2940 Deus

2208 2971 2375 3026 audit.

528 3241 1300 3254 ——-—_—-__.¥77,W
1425 3218 1432 3244 I
1460 3239 1481 3254 ,τι
1777 3220 1782 3243 Ι
1901 3221 1930 3243 Ι.
1979 3221 2014 3243 Ι.
2053 3221 3761 3254 Ι--ΙἭ

528 3241 690 3256 ξ

693 3245 987 3260 ἢ

1296 3239 1304 3240 ,
1321 3239 1364 3240 κέ
1393 3239 1488 3263 ᾐΊ.
1511 3239 3744 3274 —————-—-——————————,

1864 3373 2078 3416 EODEM
2125 3375 2446 3418 TEMPORE.

1128 3501 3185 3820 S.EUGENIUS

1665 3911 2213 3962 CADTIMGINENSIS
2260 3911 2624 3965 EPISCOPUS.

1628 4187 2086 4260 NOTlTlA
2144 4190 2284 4261 EX
2343 4190 2661 4270 CAVE.

590 4352 646 4404 Ε·
671 4349 880 4420 genius,
907 4361 1064 4420 gente
1105 4353 1253 4417 Mer,
1284 4367 1422 4408 anno
1449 4354 1553 4413 480
1579 4373 1607 4411 a
1631 4359 1933 4423 catholicis,
1967 4361 2085 4429 qtti-
2114 4363 2157 4424 C
2191 4365 2338 4431 quasi
2367 4365 2542 4421 adhuc
2579 4367 2787 4423 vivente
2823 4370 3056 4440 loquitur
3079 4373 3387 4430 Gennadius
3431 4379 3482 4432 in
3516 4379 3778 4447 Caralugs

520 4442 616 4496 bus
671 4437 966 4494 llunericus
1016 4442 1371 4498 Vandalorum
1420 4461 1510 4500 rex
1569 4448 1799 4504 Zenonis
1863 4452 1990 4520 imp.
2033 4461 2086 4506 ct

520 4533 766 4587 Placiditc
797 4535 1040 4601 precibus
1071 4547 1321 4591 exoratus
1354 4540 1579 4609 eligendi
1611 4541 1847 4612 episcopi
1878 4547 2084 4599 veniam

517 4633 896 4691 concesserat,
936 4627 1223 4697 episcopus
1253 4630 1688 4700 Carthaginensis
1733 4638 2083 4705 constitutus,

519 4724 798 4780 postquam
830 4716 985 4770 sedes
1017 4717 1332 4775 Arianorum
1361 4724 1566 4777 saevitia
1596 4740 1690 4794 per
1710 4725 1780 4780 24
1805 4743 1972 4783 annos
2000 4745 2089 4783 va-

514 4813 745 4858 caverat.
805 4807 958 4859 Anno
1005 4807 1131 4873 484,
1185 4811 1406 4864 collecta
1458 4815 1595 4884 apud
1624 4817 1999 4888 Carthaginem
2022 4821 2089 4874 ab

517 4893 780 4948 lluneriro
829 4897 1198 4966 episcoporum
1229 4902 1542 4958 Arianorum
1572 4909 1747 4971 turba,
1776 4911 1864 4980 qui
1905 4911 2086 4980 dispu-

519 4988 772 5042 tationem
804 5003 923 5042 cum
950 4991 1234 5046 catholicis
1262 5001 1679 5063 committerent,
1715 5002 1978 5072 lﬁugenius
2013 5005 2079 5057 Iu-

513 5079 783 5133 cnlentam
813 5080 931 5135 ﬁdei
961 5082 1346 5149 professionem
1375 5089 1484 5158 regi
1509 5091 1726 5157 obtulit,
1754 5103 1898 5147 tanta
1924 5095 2087 5149 ratio-

517 5169 599 5221 nis
624 5169 670 5220 vi
696 5170 978 5235 munitam,
1012 5181 1071 5226 ut
1096 5173 1377 5231 hzereticos
1405 5179 1470 5232 ad
1497 5181 1770 5238 silentium
1801 5187 1997 5254 pariter
2025 5201 2088 5241 ac

515 5261 718 5314 rabiem
757 5261 1010 5332 adigeret.
1055 5264 1220 5321 Paulo
1266 5278 1383 5336 post
1408 5271 1477 5324 ab
1519 5272 1786 5330 llunerico
1820 5276 2087 5332 Tamallu-

518 5363 734 5404 nrnsem
758 5353 1026 5410 civitatem
1057 5356 1108 5410 in
1136 5357 1369 5413 conﬁnio
1389 5360 1734 5431 Tripolitana:
1763 5366 1919 5421 sitam
1952 5369 2086 5424 rele-

516 5449 691 5507 gatnr,
715 5452 768 5496 et
791 5444 1023 5501 Antonio
1045 5447 1143 5502 loci
1166 5448 1437 5519 episcopo,
1454 5451 1705 5509 ltmretico
1730 5457 2083 5526 ferocissimo,

516 5533 901 5588 exorneiandus
925 5539 1292 5594 committitur.
1321 5541 1525 5608 Postea,
1551 5545 1592 5598 si
1625 5544 1880 5616 Gregorio
1916 5549 2083 5604 Turo-

521 5621 669 5707 tit-tisi
700 5619 866 5687 (Hist.
901 5623 1092 5679 Franc.
1124 5629 1210 5682 lib.
1242 5647 1297 5698 Il,
1328 5647 1442 5702 cap.
1476 5635 1530 5698 5)
1557 5635 1710 5700 ﬁdes,
1742 5638 2080 5707 Albigensem

519 5701 804 5764 Galliarum
845 5715 1028 5770 urbem
1074 5732 1371 5786 asportatus
1415 5735 1515 5790 est,
1562 5729 1646 5781 tibi
1706 5746 1842 5783 anno
1875 5732 2082 5786 circiter

522 5804 623 5859 ιθδ
654 5806 732 5857 vel
758 5806 910 5872 paulo
944 5819 1062 5876 ιιυδι
1089 5811 1244 5865 vitam
1277 5816 1473 5870 tiniisse
1507 5819 1724 5873 vid-tur.
1747 5819 1820 5876 De
1852 5839 1913 5876 eu
1939 5826 2078 5877 enim

2189 4457 2510 4542 scriptorum
2568 4460 2708 4531 (cap.
2758 4462 2869 4533 97),
2922 4481 3077 4533 quem
3135 4466 3236 4521 isto
3289 4484 3430 4524 anno
3481 4471 3782 4526 contexuit.
3847 4535 3852 4539 _

2193 4551 2377 4605 Exstat
2422 4552 2631 4607 libellus
2675 4569 2767 4608 seu
2825 4557 3024 4626 prolixa
3079 4559 3202 4626 fidei
3250 4561 3511 4631 Confessio
3562 4567 3785 4619 nomine

2187 4643 2560 4710 episcoporum
2614 4644 2982 4701 Africanorum
3060 4649 3325 4706 llunerico
3383 4655 3495 4723 regi
3552 4656 3739 4710 oblata
3770 4697 3804 4734 ,l

2190 4734 2327 4802 apud
2361 4734 2630 4789 Victorem
2665 4737 2932 4793 Vitensem
2960 4741 3134 4811 (cujus
3158 4741 3418 4812 integrum
3442 4745 3644 4803 librum
3677 4757 3782 4802 ter-

2191 4821 2318 4878 tium
2374 4828 2674 4896 constituit)
2720 4827 2796 4882 De
2835 4833 3185 4896 persecutione
3233 4832 3518 4889 Vandalica
3558 4837 3660 4891 lib.
3711 4856 3785 4904 in,

2192 4931 2310 4986 pag.
2352 4918 2440 4971 55.
2489 4917 2616 4985 Ejus
2657 4921 2798 4974 enim
2851 4937 2988 4986 esse,
3023 4922 3143 4978 licet
3182 4924 3232 4978 id
3266 4942 3368 4979 non
3399 4927 3535 4980 dicat
3567 4926 3786 4993 Victor,

2188 5017 2344 5060 extra
2394 5021 2607 5062 omnem
2655 5011 3080 5068 controversiam
3128 5015 3276 5083 punit
3317 5016 3634 5070 Cennarﬁus
3667 5020 3791 5075 loco

2189 5096 2369 5150 citato.
2402 5099 2634 5152 Ilahetttr
2663 5100 2864 5156 Concil.
2903 5112 3032 5159 tom.
3070 5105 3156 5172 IV,
3192 5121 3310 5177 pag.
3343 5106 3496 5174 1128,
3535 5119 3593 5164 et
3619 5112 3674 5165 in
3705 5112 3791 5165 Bi-

2189 5189 2450 5245 bliotheca
2488 5192 2702 5247 Palmm
2744 5180 2869 5250 tom.
2905 5195 3036 5263 VIII,
3069 5213 3188 5268 pig.
3224 5199 3344 5256 683.
3378 5197 3610 5271 Scripsit
3644 5219 3788 5273 pm-

2191 5291 2353 5348 terea,
2395 5293 2528 5340 teste
2560 5286 2748 5341 eodem
2783 5289 3080 5355 Cennadio,
3121 5307 3240 5362 qua:
3286 5294 3626 5362 interierunt,
3667 5300 3785 5367 epi-

2188 5375 2345 5427 stolas
2397 5377 2464 5428 ad
2508 5377 2701 5444 plebem
2744 5395 2851 5433 sate
2899 5396 3036 5435 cura:
3068 5384 3386 5438 commissam
3440 5387 3598 5454 paulo
3656 5399 3788 5443 ante

2188 5465 2429 5520 exsilium
2478 5468 2700 5536 missas;
2743 5472 3099 5526 altercationes
3129 5491 3259 5543 quas
3286 5492 3403 5531 cum
3448 5478 3788 5534 Arianorum

2190 5558 2502 5624 praesulibus
2541 5575 2636 5629 per
2690 5562 3046 5618 internuntios
3099 5567 3301 5632 habuit,
3341 5567 3644 5622 Hunnerico
3678 5574 3790 5640 regi

2189 5666 2308 5703 nun.
2328 5661 2547 5718 upatas;
2577 5666 2763 5720 preces
2796 5653 3025 5722 denique
3058 5673 3152 5724 pro
3183 5658 3359 5725 quiete
3383 5659 3787 5715 catholicorum

2115 5743 2161 5801 υ
2188 5743 2545 5811 apologiarntn
2576 5745 2638 5799 ad
2664 5743 2847 5806 instar.
2878 5747 3046 5802 vitlem
3083 5750 3304 5802 oblatas.
