4060 6332
498 278 590 329 771

1358 268 1411 325 8.
1451 269 1796 326 EUGENIUS
1832 268 2426 326 CARTHAGINENSIS
2469 268 2855 325 EPISCOPUS.
2906 222 2909 239 ἐ

3628 269 3742 322 772

494 393 684 461 species
710 393 819 461 ejus
851 386 1117 457 confestim
1154 400 1447 437 evacuatur.
1494 383 1644 439 Unde
1673 400 1773 437 non
1813 382 2066 437 immerito
2098 387 2144 445 Α
2178 384 2253 436 los
2285 399 2508 461 ponens,
2552 398 2629 435 me
2662 391 2989 451 prcetereun’e
3025 398 3136 435 cum
3175 383 3381 451 reliquis
3417 387 3644 443 exclama
3695 392 3754 445 in

495 482 743 536 Dominus
783 478 835 531 in
876 474 1153 544 Evangelia
1181 474 1252 526 ait
1276 489 1294 526 :
1315 472 1375 528 Si
1400 474 1480 529 cal
1500 482 1526 510 ι
1552 474 1867 544 iufatuatum
1891 473 2062 540 fuerit,

490 576 543 627 in
585 588 685 642 quo
726 569 935 623 satietur
956 568 979 620 ?
1002 564 1066 619 Et
1094 566 1263 636 utique
1292 565 1389 619 hoc
1420 574 1490 618 est
1517 564 1790 635 infatuari,
1824 562 1951 617 velle
1988 578 2067 617 se-

489 664 655 718 cundo
677 660 872 731 condiri
893 674 1007 712 eum
1039 657 1195 712 semel
1225 660 1413 728 factum
1442 656 1674 725 sufﬁciat.
1701 654 1824 708 Non
1855 654 2070 707 audistis

490 758 747 817 Christum
803 755 1049 807 dicentem
1081 751 1222 817 :Qui
1264 748 1418 805 semel
1464 749 1598 803 lotus
1641 758 1738 813 est,
1771 764 1872 801 non
1922 745 2095 801 habet.

490 850 836 903 necessitate»:
877 846 1061 898 iterum
1106 841 1315 895 lavandi
1358 839 1545 910 (Jaan.
1583 837 1751 909 xm)?
1802 836 2067 903 Ideoque,

492 947 697 1012 fratres,
729 948 775 993 et
802 938 920 1007 ﬁlii,
938 936 1159 1006 ﬁliaeque
1188 950 1311 988 inea:
1332 933 1387 986 in
1414 931 1656 998 Domino,
1688 945 1790 984 non
1834 945 1921 982 vos
1948 944 2070 982 cou-

490 1037 650 1085 tristet
680 1028 907 1082 absentia
933 1042 1080 1079 mea:
1107 1024 1131 1061 δ
1162 1024 1285 1094 quia
1312 1023 1356 1076 si
1384 1022 1645 1076 catholica:
1667 1020 1950 1091 disciplina:
1976 1020 2068 1072 ad-

490 1122 755 1183 licereatis,
790 1137 881 1191 ego
914 1136 996 1172 vos
1030 1133 1122 1169 nec
1170 1115 1542 1185 longinquitate
1578 1116 1751 1182 aliqua
1780 1113 2065 1174 obliviscar,

493 1232 583 1268 nec
628 1223 787 1266 morte
815 1227 844 1263 a
876 1210 1013 1263 vobis
1044 1206 1280 1261 divellor.
1312 1207 1506 1259 Scitote
1532 1209 1649 1273 quia
1686 1213 1707 1241 ο
1736 1204 2070 1271 quodcunque

494 1306 666 1376 fecerit
700 1320 777 1357 me
817 1298 973 1354 dividi
1002 1315 1031 1351 a
1061 1298 1219 1361 vobis,
1255 1312 1445 1349 mecum
1477 1305 1547 1349 est
1576 1294 1765 1365 palma.
1802 1291 1863 1346 Si
1888 1292 1954 1345 ad
1982 1307 2070 1345 ex-

491 1400 664 1451 silium
713 1396 915 1459 abiero,
976 1391 1105 1444 beati
1147 1388 1363 1442 Jounn's
1411 1386 1737 1456 erangelistw-
1782 1381 2070 1452 exemplum

493 1489 519 1525 ἀ
537 1489 732 1551 habet);
762 1486 807 1539 si
833 1486 899 1539 ad
922 1485 1095 1536 martis
1121 1482 1349 1542 exitium,
1385 1478 1515 1532 Mihi
1539 1482 1699 1532 vivere
1720 1476 1950 1531 Christus
1974 1485 2068 1541 est,

496 1594 541 1636 et
588 1581 716 1634 mori
747 1579 943 1632 lucrum
974 1575 1234 1644 (Philipp.
1268 1590 1305 1641 I,
1331 1573 1443 1642 2|).
1496 1572 1556 1627 Si
1598 1572 1814 1637 rediero,
1866 1570 2070 1640 fratres,

498 1675 720 1743 implebit
776 1671 911 1722 Deus
955 1666 1263 1721 desiderium
1321 1676 1557 1718 vestrum.
1606 1663 1838 1714 Attamen
1892 1660 2071 1729 suﬁicit

2171 456 2355 546 magna
2381 475 2582 535 virtute.
2607 474 2779 526 dicens
2806 488 2824 524 :
2850 471 2938 536 Te,
2960 472 3239 527 beatissime
3260 472 3434 528 Cirola
3457 487 3643 533 nostra:
3666 496 3755 533 re-

2171 565 2376 636 ligionis
2406 565 2635 628 antistes,
2667 564 2909 631 deprecor
2939 573 2992 616 ut
3022 565 3296 635 respiciens
3323 572 3611 638 manifestes
3636 570 3756 639 9ιο-

2170 660 2301 710 riam
2338 674 2399 710 ac
2422 657 2659 711 virtutem
2689 665 2852 722 tuam,
2896 666 2951 709 ut
2993 657 3165 711 oculos
3191 672 3328 711 meos
3358 660 3609 729 aperiens,
3644 676 3755 714 me-

2171 769 2283 804 rrar
2304 752 2467 805 lucem
2509 751 2678 804 videre
2706 765 2858 818 quam
2895 750 3116 819 perdidi.
3167 749 3268 815 Qui
3296 751 3445 821 jussa
3467 754 3753 820 complens,

2171 844 2490 912 residuaque
2519 842 2574 895 in
2599 842 2793 914 platea,
2833 851 3133 897 transeunte
3153 842 3389 898 heretico
3417 861 3533 897 cum
3556 846 3758 899 sanctis

2175 934 2288 996 Dei,
2332 935 2426 986 iste
2456 934 2547 1003 qui
2582 930 2743 986 Deum
2775 931 2991 986 irridere
3026 941 3053 971 ο
3078 933 3349 1003 cogitabat,
3399 937 3653 991 exclamas
3702 940 3757 990 in

2169 1042 2354 1095 magna
2383 1024 2765 1088 virtute,dicens
2787 1039 2804 1076 :
2831 1023 2964 1077 Audi
2991 1042 3089 1091 me,
3109 1026 3391 1081 beatissime
3417 1026 3758 1094 Cirola,audi

2169 1136 2267 1183 me,
2296 1131 2467 1173 sancte
2488 1117 2724 1173 sacerdos
2758 1116 2888 1171 Dei:
2913 1119 3103 1187 respice
3128 1120 3405 1173 ccecitatem
3431 1136 3617 1177 meum.
3647 1120 3759 1175 Ex-

2171 1211 2338 1280 periar
2361 1226 2450 1281 ego
2484 1210 2846 1263 medicamenta
2867 1225 2979 1278 qua:
3003 1224 3137 1278 saepe
3156 1212 3275 1263 cteci
3302 1212 3480 1281 reliqui
3510 1228 3542 1264 a
3573 1222 3623 1265 te
3650 1230 3758 1266 me-

2170 1311 2378 1355 ruerunt
2410 1297 2454 1366 ί,
2481 1316 2594 1369 qua:
2621 1301 2805 1370 leprosi
2828 1302 3019 1371 experti
3036 1311 3171 1367 sunt,
3194 1318 3306 1371 qua:
3323 1304 3417 1369 ipsi
3440 1305 3591 1357 etiam
3618 1321 3757 1357 mor-

2173 1394 2245 1446 tui
2275 1402 2653 1462 perseuserunt.
2699 1391 2894 1459 Adjura
2934 1400 2980 1443 te
3008 1408 3097 1462 per
3127 1393 3289 1462 ipsam
3339 1396 3569 1446 virtutem
3600 1411 3757 1463 quam

2172 1486 2346 1553 habes,
2380 1496 2433 1539 ut
2458 1486 2585 1538 mihi
2613 1486 2954 1539 desideratam
2980 1486 3215 1539 restituas
3241 1486 3429 1552 lucem,
3458 1468 3581 1557 quia
3613 1490 3756 1558 ένατὶ

2170 1598 2283 1636 sum
2314 1582 2539 1635 ctzcitate
2558 1592 2846 1650 percussus.
2869 1577 3151 1632 Veritatem
3176 1580 3310 1631 enim
3332 1580 3557 1633 nesciens
3580 1596 3757 1634 verum

2172 1675 2365 1729 dicebat
2389 1691 2408 1728 :
2437 1674 2555 1743 quia
2582 1680 2853 1727 cwcaverat
2876 1688 2989 1726 eum
3016 1672 3290 1742 cupiditas,
3321 1682 3369 1725 et
3395 1674 3636 1727 virtutem
3662 1670 3758 1725 Dei

497 1768 669 1832 modo,
698 1763 833 1833 quod
858 1761 994 1814 vobis
1018 1776 1122 1811 non
1150 1758 1310 1821 tacui,
1344 1756 1518 1808 manui
1545 1766 1590 1806 et
1615 1752 1832 1806 instruxi
1858 1766 2068 1821 quomo-
2100 1758 2144 1815 Β
2171 1766 2531 1834 οηιηεροιεηη,
2557 1764 2774 1819 male"
2803 1780 2891 1834 per
2920 1765 3187 1834 pecuniam
3212 1763 3515 1816 (Bm-magal.

497 1860 561 1911 do
605 1856 764 1926 potui,
804 1853 1013 1922 ideoque
1062 1849 1305 1903 immunis
1349 1863 1461 1901 sum
1502 1864 1533 1899 a
1560 1847 1806 1917 sanguine
1844 1844 2071 1897 omnium

495 1953 845 2024 pereuntium;
868 1949 972 2000 scio
991 1945 1115 2016 quia
1131 1944 1376 1997 adversus
1398 1960 1480 1995 eos
1506 1943 1732 2010 legentur
1757 1940 1938 1993 littera
1965 1938 2073 1990 istae

497 2057 615 2100 ante
643 2043 863 2097 tribunal
890 2040 1097 2106 Christi,
1123 2054 1235 2091 cum
1260 2036 1444 2089 venerit
1474 2037 1685 2087 reddere
1712 2032 1976 2100 unicuique
1997 2045 2075 2083 se-

498 2140 715 2192 cundum
775 2150 930 2200 opera
979 2148 1093 2185 sua.
1130 2129 1189 2185 Si
1218 2144 1442 2181 reversus
1470 2128 1632 2197 fuero,
1664 2128 1869 2192 fratres,
1901 2122 2075 2175 videbo

497 2247 582 2284 vos
606 2229 659 2281 in
684 2232 779 2280 huc
804 2225 937 2286 vita;
959 2223 1002 2275 si
1029 2237 1258 2274 reversus
1279 2236 1380 2271 non
1406 2218 1567 2286 fuero,
1599 2216 1776 2269 videbo
1803 2229 1889 2266 vos
1914 2214 1968 2265 in
1996 2212 2076 2281 fu-

500 2335 637 2374 tura.
671 2318 797 2372 Dico
829 2329 996 2370 tamen
1025 2314 1183 2378 vobis,
1215 2312 1407 2373 Vatete,
1438 2320 1577 2363 orate
1612 2324 1705 2377 pro
1732 2306 1897 2372 nobis,
1921 2313 1970 2361 et
1992 2309 2076 2376 je-

500 2416 725 2484 junute’:
752 2412 871 2479 quia
891 2406 1157 2477 jejunium
1176 2413 1222 2457 et
1237 2390 1556 2472 eleemosgna
1583 2414 1778 2469 semper
1801 2399 2076 2452 Dominum

500 2505 566 2556 ad
590 2500 986 2555 misericordiam
1010 2499 1343 2567 deﬂexerunt.
1365 2494 1672 2549 Mementote
1700 2506 1808 2545 esse
1832 2491 2077 2559 scriptum
2144 2502 2149 2506 '

500 2600 548 2648 in
584 2592 858 2664 Evangelia
890 2606 910 2645 :
939 2589 1117 2643 Nolite
1147 2590 1324 2641 timere
1362 2602 1447 2641 eos
1491 2587 1577 2653 qui
1601 2585 1840 2640 occidunt
1870 2599 2073 2653 corpus,

499 2688 718 2740 animant
738 2694 909 2737 autem
937 2698 1039 2735 non
1068 2689 1277 2750 possunt
1294 2680 1556 2740 occidere;
1577 2678 1747 2731 timete
1769 2685 1938 2729 autem
1961 2690 2076 2728 eum

502 2779 580 2849 qui
605 2786 867 2847 postquam
893 2773 1127 2827 occiderit
1150 2786 1352 2841 corpus,
1388 2770 1419 2822 h
1439 2772 1530 2823 ibet
1559 2776 1851 2840 potestatem
1894 2772 1941 2820 et
1969 2766 2079 2817 ani-

502 2886 629 2921 mam
656 2866 883 2937 perdere,
909 2872 956 2918 et
993 2864 1188 2916 mittere
1217 2864 1267 2915 in
1291 2862 1573 2932 gehennam
1604 2858 1817 2932 (Matth.
1848 2874 1901 2923 κ,
1934 2857 2047 2927 28).

503 3010 708 3071 Explicil
729 3007 938 3068 Eugenii
960 3003 1183 3067 epistola,
1207 3003 1264 3050 ad
1289 3016 1428 3051 suum
1451 3003 1581 3053 redit
1607 3000 1766 3050 lltuma
1790 3000 2076 3062 Gregorius.

2245 1858 2331 1912 Vl.
2370 1856 2510 1911 Tunc
2534 1855 2889 1911 hareticorum
2915 1855 3188 1925 episcopus
3216 1856 3479 1926 paululum
3508 1871 3563 1909 se
3592 1855 3759 1908 diver-

2175 1952 2231 2005 tit
2255 1951 2403 2021 quasi
2423 1952 2474 2002 in
2505 1950 2688 2002 virtute
2718 1947 3145 2017 triumphaturus,
3177 1945 3339 2000 elatus
3364 1948 3481 1999 vani
3504 1957 3587 1999 ate
3606 1958 3758 2014 atque

2174 2043 2428 2113 superbia,
2464 2042 2627 2110 posuit
2655 2056 2861 2093 manum
2879 2055 3023 2093 suam
3042 2055 3193 2108 super
3213 2038 3385 2092 oculos
3404 2040 3758 2104 eius,dicens:

2179 2137 2469 2192 Secundum
2506 2136 2659 2206 fidem
2698 2144 2944 2200 nostram,
2974 2150 3076 2204 qua
3113 2144 3245 2187 recte
3283 2132 3445 2187 Deum
3480 2133 3757 2196 crediams,

2176 2233 2474 2303 aperiantur
2500 2230 2636 2283 oculi
2664 2230 2755 2283 tui.
2793 2228 2856 2282 Et
2887 2244 3003 2282 mos:
3031 2237 3085 2281 ut
3105 2227 3201 2281 hoc
3231 2231 3376 2296 nefas
3402 2226 3590 2295 erupit,
3628 2227 3761 2279 risus

2178 2333 2402 2379 mutatur
2424 2326 2477 2378 in
2505 2324 2789 2395 planctum,
2814 2332 2859 2377 et
2887 2322 3034 2377 dolus
3057 2322 3277 2392 episcOpi
3303 2329 3375 2375 est
3394 2324 3685 2391 patefactus
3709 2320 3761 2373 in

2179 2418 2378 2487 publica
2409 2428 2453 2471 ε.
2495 2417 2627 2474 Nam
2654 2426 2825 2469 tantus
2868 2416 3013 2469 dolor
3040 2416 3212 2469 oculos
3244 2413 3415 2467 miseri
3446 2412 3585 2466 illius
3618 2414 3761 2465 inra-

2178 2511 2267 2575 sit,
2294 2519 2345 2562 ut
2374 2526 2459 2563 eos
2483 2508 2658 2578 digitis
2688 2509 2772 2561 vix
2796 2507 3170 2575 comprimeret,
3196 2522 3259 2560 ne
3285 2513 3567 2572 creparent.
3604 2503 3759 2557 Deni-

2178 2618 2272 2672 que
2292 2602 2512 2654 clamare
2539 2600 2683 2670 erepit
2728 2601 2901 2664 miser,
2931 2614 2994 2651 ac
3016 2598 3185 2652 dicere
3208 2613 3227 2651 :
3266 2596 3356 2651 να
3385 2596 3512 2649 mihi
3541 2596 3759 2651 misero!

2179 2691 2298 2759 quia
2326 2690 2562 2744 seductus
2592 2705 2705 2751 sum
2734 2688 2793 2742 ab
2822 2690 3041 2749 inimico
3077 2688 3200 2759 legis
3228 2687 3431 2741 div'na'.
3482 2685 3574 2740 Vte
3616 2686 3759 2747 mihi.

2179 2779 2301 2852 quia
2329 2778 2494 2834 Deum
2519 2796 2608 2851 per
2631 2781 2892 2848 pecuniam
2914 2779 3129 2833 irridere
3156 2777 3375 2842 volui,et
3395 2777 3759 2845 quinquaginta

2181 2889 2363 2928 aureos
2395 2873 2588 2941 accepi,
2614 2884 2664 2925 ut
2696 2871 2792 2925 hoc
2820 2872 3018 2940 facinus
3055 2880 3417 2941 perpetrarent.
3454 2871 3535 2922 Ad
3568 2870 3760 2936 episco-

2183 2982 2306 3036 pum
2347 2976 2513 3017 autem
2557 2965 2721 3016 aiebat
2761 2978 2777 3018 :
2825 2962 2955 3016 Ecce
2998 2972 3181 3016 aurum
3212 2973 3370 3025 tuum,
3404 2960 3565 3015 redde
3592 2960 3758 3014 lumen

2187 3070 2374 3120 meum,
2404 3055 2541 3124 quod
2568 3053 2686 3106 dolo
2716 3064 2804 3106 tuo
2825 3053 3046 3123 perdidi.
3088 3052 3286 3120 Vosque
3315 3066 3463 3122 rogo,
3494 3050 3757 3120 gloriosis-

573 3139 658 3191 ιγ.
695 3136 889 3189 Ductus
930 3132 1102 3203 itaque
1136 3142 1341 3185 sanctus
1372 3130 1629 3201 Eugenius
1657 3129 1725 3182 ad
1761 3143 1927 3197 regem
1966 3141 2082 3179 cum

2184 3146 2300 3198 simi
2340 3144 2616 3198 Christiani
2666 3160 2730 3196 ne
2771 3144 3065 3212 despiciens
3103 3145 3362 3203 miserum,
3406 3141 3492 3194 sed
3531 3141 3755 3195 velet-im

503 3232 593 3286 illo
625 3230 928 3281 Arianorum
958 3229 1215 3297 episcopo,
1249 3241 1343 3295 pra
1385 3223 1486 3290 fide
1513 3223 1764 3275 catholica
1789 3219 2076 3273 decertavit.

505 3324 730 3387 Cumque
753 3338 864 3375 eum
888 3322 951 3374 de
979 3329 1167 3372 sancta’
1188 3319 1455 3371 Trinilatis
1485 3316 1723 3387 mysterio
1744 3314 2081 3386 patentissime

504 3416 783 3475 devicisset.
814 3423 863 3466 et
892 3414 1098 3479 insuper
1140 3409 1325 3460 multas
1356 3422 1443 3476 per
1472 3421 1585 3460 eum
1615 3407 1821 3459 virtutes
1851 3405 2080 3458 Christus

504 3504 805 3572 ostendLret,
822 3504 874 3556 in
899 3506 1144 3574 majorem
1170 3498 1422 3552 insaniam
1444 3498 1576 3551 idem
1599 3514 1642 3565 ει
1661 3498 1861 3565 iscapus
1886 3496 2080 3550 invidia

504 3601 851 3668 inﬂammmte
872 3593 1213 3649 succenditur.
1236 3591 1398 3644 Erant
1418 3592 1548 3644 enim
1569 3599 1689 3644 tunc
1711 3590 1943 3658 temporis
1966 3605 2081 3643 cum

504 3700 678 3743 sancto
721 3688 950 3758 Eugenio
998 3687 1091 3739 viii
1132 3684 1514 3756 pudentissimi
1559 3694 1709 3752 atque
1751 3683 2077 3749 sanctissimi,

519 3780 854 3835 l’indemiulis
879 3791 924 3830 et
955 3777 1217 3845 Longinus
1245 3775 1489 3846 episcopi,
1523 3791 1669 3845 pares
1695 3776 1880 3843 gradu,
1913 3785 1958 3828 et
1984 3775 2085 3828 vir-

506 3886 612 3928 tu‘e
643 3892 743 3927 non
770 3875 1005 3942 impares.
1036 3868 1166 3922 Nam
1190 3879 1395 3923 sanctus
1434 3868 1719 3923 Vindemial
1741 3884 1765 3923 s
1785 3883 1841 3920 eo
1863 3877 2087 3934 tempore

510 3968 766 4036 ferebatur
797 3974 1050 4017 mortuum
1095 3961 1385 4020 suscitasse,
1418 3957 1680 4029 Longinus
1707 3970 1876 4012 autem
1916 3960 2084 4013 multis

430 4068 437 4077 ‘
511 4059 724 4125 infirmis
756 4057 969 4108 salutent
1008 4054 1213 4115 tribuit;
1256 4049 1513 4119 Eugenius
1553 4065 1748 4118 quoque
1788 4066 1885 4102 non
1925 4052 2086 4102 solum

514 4148 781 4199 visibilium
807 4146 1070 4198 oculorum
1101 4141 1399 4204 ca’titattm,
1431 4141 1516 4192 sed
1558 4141 1704 4192 etiam
1736 4140 1971 4191 mentium
2001 4141 2089 4193 de-

515 4239 753 4307 pellebat.
1286 4228 1287 4231 S
1882 4236 1883 4239 “

593 4328 651 4379 ν.
683 4326 835 4390 Quod
862 4340 1071 4378 cernens
1095 4323 1183 4376 ille
1212 4336 1426 4388 nequam
1468 4322 1772 4373 Arianorum
1804 4323 2086 4391 episwpns,
2128 4326 2133 4329 ’

514 4430 751 4475 vocatum
779 4426 846 4471 rd
868 4433 919 4471 se
949 4416 1220 4486 quemdam
1250 4414 1522 4479 hominem,
1554 4415 1615 4466 ub
1640 4416 1731 4467 illo
1756 4431 1853 4482 quo
1884 4415 1989 4486 ipse
2013 4418 2089 4468 vi-

2181 3236 2460 3289 succurrite
2490 3236 2738 3305 pereunti.
2786 3234 2856 3287 Ve
2886 3251 2912 3288 e
2944 3236 3074 3287 enim
3120 3234 3327 3303 cognati
3355 3232 3476 3302 quia
3498 3232 3624 3283 Deus
3651 3246 3750 3281 non

2182 3326 2425 3379 irridetur
2452 3324 2597 3395 (Gal.
2629 3341 2700 3391 vr,
2734 3326 2813 3394 7).

2255 3416 2364 3471 VII.
2394 3415 2534 3470 Tunc
2557 3417 2719 3471 sancti
2741 3415 2837 3471 Dei
2858 3417 3201 3470 misericordia
3225 3416 3345 3469 ntali
3370 3431 3387 3467 :
3414 3412 3754 3481 Si,iuquiunt,

2186 3511 2368 3576 credis,
2398 3509 2565 3563 omnia
2592 3508 2853 3579 possibilia
2880 3494 2999 3562 sunt
3026 3508 3270 3562 credenti.
3302 3509 3364 3561 At
3392 3488 3478 3559 ille
3505 3502 3757 3557 clamabat

2184 3619 2301 3656 voce
2330 3593 2552 3671 magna:
2588 3600 2687 3664 Qui
2727 3615 2827 3653 non
2857 3599 3129 3652 crediderit
3158 3596 3412 3651 Christum
3446 3586 3639 3647 Filium
3676 3593 3760 3645 Dei

2184 3705 2230 3749 et
2255 3695 2505 3762 Spiritum
2534 3700 2764 3745 sanctum
2786 3691 3031 3760 aqualem
3057 3690 3239 3743 habere
3259 3688 3590 3741 substantiam
3613 3695 3762 3754 atque

2186 3786 2419 3837 deitatem
2447 3800 2561 3836 cum
2592 3781 2697 3835 Deo
2730 3780 2903 3844 Patre,
2938 3782 3089 3834 hod‘e
3112 3795 3226 3849 qua:
3255 3794 3343 3848 ego
3373 3794 3450 3849 pe.
3468 3778 3578 3847 fero
3599 3778 3765 3841 patia-

2187 3890 2290 3931 tur.
2335 3877 2399 3930 Et
2433 3878 2620 3947 adjecit
2651 3891 2673 3930 :
2700 3874 2866 3929 Credo
2910 3873 3067 3926 Dium
3099 3871 3308 3927 Pa'rem
3345 3872 3762 3936 omnipotentem,

2188 3972 2336 4022 credo
2351 3966 2456 4020 Fili
2496 3984 2543 4019 m
2564 3963 2655 4019 Dei
2678 3964 2937 4019 Christum
2956 3962 3132 4016 Iesum
3157 3961 3402 4031 (aqualem
3430 3961 3592 4023 Patri,
3610 3960 3762 4011 credo

2192 4061 2444 4131 Spiritum
2472 4067 2700 4112 sanctum
2723 4056 2868 4109 Patri
2888 4066 2935 4109 et
2954 4054 3093 4108 Filio
3120 4051 3599 4107 consubstantialem
3618 4060 3769 4117 atque

2190 4161 2513 4205 coa'ternum.
2565 4148 2691 4203 Herc
2738 4148 2816 4200 illi
2851 4148 3135 4214 audientes,
3179 4155 3225 4199 et
3256 4160 3309 4198 se
3345 4145 3551 4197 invicem
3579 4141 3768 4195 honore

2192 4258 2365 4299 mutuo
2398 4245 2777 4314 pra‘veuientes,
2820 4242 2983 4295 oritur
3018 4241 3146 4292 inter
3172 4255 3255 4292 eos
3294 4245 3467 4291 sancta
3494 4236 3769 4297 contentio,

2190 4341 2300 4405 quis
2324 4335 2482 4389 anulis
2506 4337 2615 4404 ejus
2637 4335 2837 4404 signum
2867 4332 3019 4385 beata:
3046 4331 3207 4385 crucis
3236 4332 3537 4397 imponeret.
3574 4325 3771 4381 Vinde-

2194 4429 2361 4481 mialis
2384 4442 2498 4479 vero
2518 4441 2578 4478 ac
2609 4424 2864 4497 Longinus
2890 4422 3204 4494 Eugenium;
3234 4419 3324 4473 ille
3350 4432 3514 4472 autem
3541 4434 3567 4470 e
3593 4428 3775 4469 contra

512 4514 659 4567 vebat
679 4526 847 4565 errore
868 4511 1149 4575 deceptum,
1168 4507 1277 4559 ait:
1303 4504 1422 4558 Non
1446 4505 1614 4575 patior
1632 4505 1768 4574 quod
1792 4505 1844 4558 hi
1865 4507 2089 4574 episcopi

2192 4535 2289 4573 cas.
2315 4528 2489 4572 exorat
2528 4526 2581 4570 ut
2619 4531 2798 4568 manus
2836 4514 3150 4583 imponerent
3173 4526 3326 4564 cteco.
3362 4508 3668 4576 Quod‘cum
3702 4508 3774 4577 fe-

516 4604 675 4659 multa
701 4605 750 4657 in
784 4603 972 4673 papula
1003 4601 1150 4669 signa
1178 4596 1501 4667 depromunt,
1538 4597 1752 4667 illasque
1788 4598 1980 4664 cuncti,
2010 4608 2087 4651 me

514 4696 768 4765 neglecto,
802 4702 1101 4757 sequuntur.
1134 4688 1398 4757 Acquiesce
1423 4702 1556 4739 nunc
1582 4685 1665 4739 his
1688 4702 1804 4757 qua:
1825 4688 2089 4757 praecipio,

517 4799 567 4840 et
607 4788 823 4854 acceptis
863 4783 1231 4854 quinquaginta
1279 4783 1481 4843 aureis,
1525 4782 1642 4833 sede
1695 4781 1748 4833 in
1792 4782 1960 4845 platea
2007 4798 2096 4851 per

517 4894 673 4944 quam
703 4881 843 4933 nobis
870 4886 944 4931 est
966 4877 1225 4938 transitus,
1260 4883 1305 4927 et
1335 4890 1539 4925 manum
1568 4889 1721 4942 super
1745 4873 1944 4930 clausos
1970 4893 2091 4931 ocu-

566 5017 592 5045 ι
616 5005 768 5076 Apud
785 5005 969 5077 Matth.
985 5021 1036 5067 ν,
1052 5007 1072 5057 l
1086 5004 1141 5077 ’ὗε
1154 5003 1344 5077 ριῐιιισέ.
1364 5002 1573 5077 \tvﬁ’ri,
1590 5002 2100 5077 habeturevanuerit;

517 5089 575 5133 et
599 5074 757 5131 Marc.
777 5092 882 5140 xw,
900 5076 988 5139 50,
1007 5074 1274 5128 insulsum.
1293 5076 1358 5126 At
1374 5076 1480 5126 Aln
1508 5074 1748 5146 legebant
1764 5077 2072 5146 infamatum

524 5159 576 5202 ut
611 5159 750 5216 patet
772 5164 834 5201 es
858 5126 1154 5215 Augustino
1181 5146 1246 5199 de
1270 5157 1517 5216 sermone
1541 5126 1746 5198 [Tatuini
1767 5126 1833 5198 in.
1848 5126 2095 5207 1.5313."

603 5211 624 5255 ι]
656 5218 742 5272 Sic
766 5233 832 5271 εχ
861 5211 965 5269 ms:
986 5217 1340 5283 repusuiums.
1377 5211 1513 5266 Ediu
1537 5228 1657 5266 cum
1687 5216 1863 5281 Coll»,
1897 5220 2030 5283 Qut"
2054 5225 2099 5276 δέ

522 5289 788 5342 catholica:
812 5288 1097 5352 disciplima
1126 5286 1448 5347 odluereatis,
1478 5299 1568 5350 ego
1599 5300 1681 5337 vos
1722 5301 1925 5341 nec.....
1964 5294 2094 5345 obli-

528 5362 827 5412 visror......
855 5356 1082 5410 divellor.
1119 5355 1271 5421 Reg”
1302 5357 1471 5425 quasi.
1497 5363 1598 5407 etc.

604 5440 624 5465 ε
650 5431 734 5482 Sic
755 5431 924 5483 eidem
948 5429 1097 5480 Colb.
1120 5433 1178 5479 At
1206 5429 1312 5479 cdil
1333 5442 1449 5477 (‘lllll
1475 5425 1619 5491 regi.»
1645 5440 1769 5489 ms.,
1791 5426 2102 5497 Quocuuque

530 5501 841 5567 mefecerint
860 5499 1015 5550 dividi
1040 5514 1244 5567 agones.
1283 5498 1496 5558 Durum,
1528 5511 1707 5563 agone.

606 5566 631 5602 ά
663 5568 749 5620 Sic
767 5569 955 5621 llnron.
979 5584 992 5627 ;
1017 5572 1107 5621 sed
1131 5568 1303 5630 Ca.b.,
1337 5570 1557 5634 profero.
1584 5568 1733 5620 Alius
1755 5582 1834 5620 ms
1864 5610 1877 5634 ,
1903 5583 2097 5625 constat

528 5654 668 5691 cxem
678 5636 836 5701 plum.

611 5717 631 5743 ε
670 5707 847 5770 Coll»,
895 5707 1193 5773 cogitaverat
1238 5708 1529 5760 exclamavit
1578 5724 1691 5761 voce
1739 5726 1944 5780 magna,
1987 5722 2090 5765 tota

2194 4611 2395 4675 cissent,
2416 4622 2460 4661 et
2483 4624 2661 4661 manus
2688 4623 2803 4660 suas
2834 4622 2983 4675 super
3008 4613 3156 4673 caput
3178 4604 3286 4672 ejus
3310 4607 3776 4665 tenerent,sanctus

2199 4700 2460 4774 Eugenius
2482 4716 2680 4754 crucem
2704 4715 2853 4768 super
2875 4698 3045 4750 oculos
3070 4697 3189 4749 caci
3215 4698 3269 4765 fa
3304 4696 3429 4759 iens,
3460 4695 3561 4746 ait:
3598 4689 3662 4745 In
3688 4708 3776 4743 no.

2200 4795 2333 4848 mine
2367 4790 2561 4856 Patris,
2591 4802 2636 4843 et
2673 4788 2820 4857 Filii,
2845 4798 2891 4841 et
2925 4788 3145 4859 Spiritus
3169 4788 3329 4841 sancti
3355 4785 3458 4839 veri
3488 4783 3600 4846 Dei,
3623 4798 3778 4850 quem

2201 4885 2385 4937 trinum
2418 4884 2465 4933 in
2502 4898 2599 4934 una
2639 4881 2929 4949 tequalitate
2973 4889 3121 4947 atque
3169 4879 3525 4946 omnipotentia
3570 4875 3779 4941 confixa

2203 5017 2426 5067 virtute:
2461 5014 2593 5065 Audi
2624 5031 2722 5080 me,
2752 5024 2942 5077 sancte,
2976 5026 3077 5068 e’c.

2282 5084 2297 5120 ἶ
2332 5084 2478 5137 Coll).
2517 5084 2660 5137 addit.
2689 5088 2933 5152 (λεαίνει-ε.

2275 5164 2298 5200 ἕ
2340 5153 2525 5207 Simth
2555 5155 2677 5222 quid
2709 5149 2828 5207 huic
2858 5154 2930 5206 ιϊί
2960 5153 3177 5220 contigit
3207 5149 3492 5222 Leosigildi
3525 5151 3781 5222 tempori-

2204 5225 2300 5278 bus
2328 5226 2379 5277 in
2413 5224 2519 5287 llis,
2541 5220 2685 5289 auia,
2720 5226 2793 5277 uti
2827 5233 3087 5276 memorat
3122 5224 3261 5276 idem
3290 5220 3577 5290 Gregorius
3610 5221 3780 5271 Tur.-

2206 5297 2384 5349 nens'ts
2417 5295 2508 5347 lib.
2541 5295 2607 5348 de
2629 5297 2809 5349 Gloria
2833 5296 3234 5360 Confessorum,
3267 5289 3498 5361 enp.15.
3524 5289 3620 5361 Ubi
3655 5302 3781 5355 rege

2207 5376 2564 5434 canqncrente
2593 5366 2733 5434 quod
2773 5381 2881 5418 sine
2909 5376 3071 5419 scene
3112 5366 3195 5433 epi
3228 5360 3344 5433 copi
3381 5361 3525 5415 nulla
3556 5360 3781 5413 ederent

2212 5438 2460 5489 miracula
2508 5437 2644 5489 sicut
2671 5436 2809 5505 apud
2840 5436 3129 5489 catholicus
3163 5436 3273 5487 llcri
3323 5435 3598 5493 solebant,
3644 5444 3782 5481 "IIIIS

2208 5523 2272 5559 ex
2308 5509 2409 5559 Illis
2451 5508 2749 5570 lmminem,
2785 5510 2872 5573 qui
2913 5521 2945 5573 p
2980 5505 3440 5571 οιιηίθλρονιιιριιιε
3491 5517 3692 5573 caecum
3727 5515 3782 5552 se

2210 5579 2461 5646 lingeret,
2494 5592 2681 5630 curare
2734 5593 2759 5629 s
2784 5572 3035 5646 mulavit,
3065 5580 3156 5628 sed
3192 5576 3281 5630 Dei
3311 5582 3441 5628 nutu
3469 5572 3554 5626 ille
3597 5586 3780 5625 rem-ra

2204 5645 2379 5702 c.1-eus
2413 5646 2632 5701 elluatus
2664 5648 2843 5701 dolum
2870 5645 3139 5714 patefecit.
