4060 6332
227 361 317 414 7:5
828 345 1244 403 EXCEIKPTUM
1290 343 1377 398 EX
1420 340 1769 398 GREGORIU
1810 339 2083 404 TLTBON.,
2126 341 2213 395 DE
2261 344 2317 398 S.
2369 341 2688 412 EUGENIU,
2734 343 2879 399 ETC.

3391 352 3486 406 771

232 488 367 538 me,
395 467 687 538 aperiantur
714 465 848 517 oculi
880 464 975 517 tui.
1022 462 1086 514 Et
1108 461 1282 514 stafim
1305 457 1479 515 ablato
1517 457 1717 517 dolore,
1742 456 1807 507 ad
1838 457 1882 514 A
1912 456 2133 523 propr£is
2173 472 2226 509 se
2269 459 2520 513 morsibus
2561 462 2804 525 laniabat,
2849 464 2900 514 in
2940 479 3039 531 quo
3079 465 3230 517 etiam
3258 467 3485 520 cruciatu

243 560 499 632 pristinam
526 555 676 610 rediit
705 554 975 607 sanita:e.~n
1004 560 1050 602 ⁸.
1082 548 1498 617 Μακὶίρειῖεεῦηιδ
1524 556 1691 599 autem
1714 562 1808 615 pa-

241 651 329 705 tuit
356 662 441 717 per
470 648 625 718 lsstjus
652 647 950 709 ciuitatem,
989 639 1210 712 qualiter
1237 638 1590 690 ha'reticorum
1620 636 1812 703 episco-

240 756 330 809 pus
354 738 528 794 oculos
554 734 784 789 sordium
813 734 996 787 misero
1020 729 1313 785 assertionis
1340 743 1448 782 sua:
1468 725 1665 780 uolabat
1682 726 1813 779 ami-

240 842 429 895 ctu,sse
460 843 631 881 rerum
669 826 832 879 lucens
866 824 975 878 illis
1008 823 1185 877 liceret
1222 820 1347 889 ﬁdei
1386 820 1547 874 oculis
1585 829 1809 873 contem-

244 920 387 991 plari.
417 920 461 972 0
494 919 769 973 miserum!
800 917 886 986 qui
924 932 1027 971 non
1059 916 1317 986 ingressus
1352 929 1442 985 per
1478 916 1717 985 januam,
1757 913 1809 966 id

241 1031 262 1069 ς
291 1024 305 1065 ι
333 1028 422 1080 per
451 1010 728 1074 Christum,
757 1010 844 1079 aui
866 1018 938 1064 est
950 1013 1115 1079 janua
1141 1023 1278 1073 tera,
1311 1004 1465 1074 lupus
1488 1006 1653 1076 magis
1667 1007 1807 1075 gregi

241 1120 384 1173 quam
413 1104 527 1173 ejus
547 1111 715 1156 custos
745 1098 975 1166 effatus,
1004 1110 1049 1153 et
1088 1114 1263 1169 pacem
1300 1098 1420 1167 ﬁdei
1442 1113 1592 1165 quam
1623 1098 1674 1150 in
1702 1112 1808 1149 tre-

239 1196 463 1249 dentium
489 1195 729 1249 cordibus
758 1192 999 1247 debuerat
1038 1191 1333 1254 accendere,
1366 1190 1616 1260 pravitate
1643 1190 1810 1243 cordis

238 1290 310 1342 sui
333 1288 617 1342 conabatur
646 1287 984 1355 exstinguere.
1027 1284 1207 1340 Sancti
1241 1300 1355 1337 vero
1400 1282 1496 1336 Dti
1537 1284 1641 1335 alia
1668 1284 1811 1353 signa

235 1381 284 1432 in
307 1378 511 1449 papulis
542 1378 701 1431 multa
728 1381 976 1448 fecerunt,
1000 1385 1046 1429 et
1066 1384 1172 1429 erat
1201 1391 1294 1429 ros:
1322 1392 1423 1427 una
1446 1373 1622 1444 populi
1643 1376 1811 1426 dicen-

235 1472 339 1526 tis:
374 1470 540 1525 Verus
574 1468 710 1525 Deus
744 1470 918 1533 Pater,
943 1485 1086 1522 rerus
1120 1467 1258 1521 Deus
1288 1464 1475 1536 Filius,
1503 1483 1645 1521 uerus
1680 1467 1811 1521 licus

234 1562 459 1635 Spiritus
496 1573 727 1628 sanctus,
775 1580 874 1615 una
915 1560 1014 1631 ﬁde
1045 1561 1307 1626 colendus,
1348 1576 1448 1614 uno
1491 1560 1668 1613 timore
1707 1577 1811 1614 me—

234 1655 465 1719 tuendus,
509 1654 779 1722 eodemque
814 1655 1002 1705 honore
1042 1650 1561 1706 venerandus..Nans
1600 1666 1659 1705 ea
1697 1665 1813 1721 qua!

232 1744 406 1801 Cirola
430 1748 631 1810 asserit,
659 1745 790 1815 falsa
810 1762 917 1798 e.se
938 1746 1132 1797 cunctis
1164 1754 1233 1797 cst
1266 1744 1607 1814 man‘festutn.

1914 547 2065 599 uitans
2094 546 2357 618 indignam
2376 550 2521 618 justa
2549 562 2706 605 morte
2730 554 2914 621 ﬁnivit.
2962 554 3093 608 lluic
3123 556 3137 605 i
3176 556 3486 614 Childericus

1910 639 2171 700 successit,
2221 655 2321 708 quo
2359 642 2604 710 defuncto
2646 643 2951 700 (.‘elsimiris
2988 663 3199 718 regnum
3244 652 3485 715 suscepit.

1900 726 1941 780 ,1
1949 744 2036 794 pse
2059 745 2255 798 quoque
2278 746 2308 782 a
2347 731 2607 797 republica
2634 744 2921 802 superatus,
2944 737 3096 790 vitam
3118 728 3486 809 principatum-

1912 835 2008 889 que
2036 821 2219 887 ﬁniuit,
2250 830 2296 874 et
2320 823 2393 875 sic
2420 839 2631 892 regnum
2661 825 2849 878 decidit
2887 826 3255 884 Vandalorusn.

1985 910 2054 963 Χ.
2090 910 2225 965 Huic
2255 924 2467 983 cryptae,
2491 914 2545 966 its
2572 929 2673 982 qua
2700 917 2993 971 seruabatur
3014 922 3179 974 sancti
3206 922 3485 977 Amarandi

1904 1016 2114 1071 corpus,
2154 1003 2378 1057 sociatur
2414 1012 2461 1057 et
2490 1005 2581 1059 ille
2620 1005 3029 1074 Honoriﬁeianat
3074 1010 3485 1086 [lluuericinnrej

1912 1094 2270 1163 persecutionis
2326 1106 2520 1166 martyr
2580 1096 2839 1167 Esgenius
2863 1138 2879 1162 ,
2928 1103 3252 1159 sacerdotalis
3308 1107 3485 1160 insulas

1911 1190 2195 1242 maximam
2219 1190 2391 1256 decus,
2433 1206 2583 1260 quens
2608 1192 2661 1244 in
2701 1192 2797 1244 hac
2826 1192 2947 1246 urbe
2987 1195 3246 1249 detrusum
3283 1199 3485 1265 exsilio,

1911 1280 1989 1333 uel
2014 1281 2196 1351 ipsius,
2240 1281 2317 1334 vel
2354 1284 2609 1336 sociorum
2643 1287 2755 1353 ejus
2794 1285 2962 1352 passio
3002 1296 3198 1341 narrat.
3251 1288 3347 1343 llic
3375 1308 3487 1344 eum

1913 1373 2109 1441 magnis
2141 1373 2193 1425 in
2221 1371 2412 1426 steculo
2452 1375 2666 1442 polleret
2702 1375 2989 1446 uirtutibus,
3030 1378 3205 1445 etiam
3242 1380 3400 1433 victor
3427 1382 3488 1434 de

1914 1466 2172 1519 tormentis
2216 1468 2594 1536 martgrialibus
2639 1469 2937 1535 exstitisset,
2973 1480 3167 1543 tempus
3209 1476 3487 1528 uocationis

1911 1572 2037 1622 sate,
2071 1573 2170 1626 quo
2213 1568 2550 1612 accerseretur
2591 1562 2658 1611 ad
2698 1559 2936 1631 gloriam,
2984 1562 3202 1616 Domino
3244 1567 3495 1619 ret'elttnta

1911 1648 2144 1717 cegnosit
2175 1664 2196 1701 .'
2235 1648 2366 1700 illud
2412 1650 2663 1718 priocipue
2705 1653 2843 1721 quod
2881 1654 3084 1722 populis
3119 1655 3486 1719 occa/labatur,

1914 1738 2237 1806 manifestum
2267 1754 2500 1807 noscens,
2527 1756 2579 1793 se
2607 1741 2821 1811 martyri
2849 1742 3142 1796 Amarando
3169 1746 3360 1798 socium
3383 1762 3488 1798 esse

296 1833 436 1889 VIII.
483 1834 672 1888 Videris
706 1844 876 1888 autem
911 1828 1207 1887 Honoricus
1233 1846 1325 1886 rea:
1357 1833 1659 1886 assertiones
1690 1850 1732 1886 s:
1753 1848 1812 1886 as
1841 1830 1888 1890 Β
1916 1834 2165 1900 futurum,
2212 1833 2280 1884 ad
2310 1837 2421 1903 ejus
2465 1833 2756 1899 sepulcrum
2801 1833 3061 1904 dirigitur,
3109 1846 3487 1906 prostratusque

231 1943 313 1994 per
338 1934 635 1980 sanctorum
656 1925 809 1993 ﬁdem
830 1922 1107 1994 gloriosam
1132 1921 1157 1961 δ
1188 1924 1414 1977 totaliter
1432 1924 1703 1991 denudari,
1721 1939 1808 1977 nec

229 2017 349 2087 erigi
393 2026 580 2071 sectam
624 2016 830 2079 erroris,
873 2014 963 2069 sed
1005 2015 1174 2084 potius
1223 2013 1447 2078 destrui;
1480 2013 1809 2084 fraudemque

228 2108 489 2177 pontiﬁcis
532 2109 612 2160 sui
648 2107 701 2160 in
744 2110 839 2159 hoc
876 2107 1062 2161 scelere
1098 2106 1257 2176 fuisse
1297 2107 1540 2160 detectam
1568 2120 1585 2160 :
1610 2116 1809 2160 sanctos

230 2200 319 2253 Dei
346 2209 464 2271 post
490 2200 649 2253 multa
679 2208 947 2264 tormenta,
976 2206 1089 2270 post
1116 2209 1137 2237 ο
1167 2197 1387 2261 eculeos,
1412 2208 1524 2268 post
1551 2201 1806 2268 flammas,

229 2306 339 2363 post
370 2296 621 2368 ungulas,
654 2296 813 2367 jussit
854 2294 1092 2364 interﬁci.
1135 2293 1348 2348 Beatum
1379 2311 1492 2348 vero
1524 2294 1637 2366 Eug
1670 2297 1811 2349 nium

228 2385 478 2439 decollari
511 2386 690 2454 jussit,
726 2385 818 2437 sub
864 2400 923 2436 ea
968 2384 1149 2453 specie,
1182 2384 1306 2437 utsi
1349 2383 1401 2437 in
1439 2400 1499 2436 ea
1542 2384 1670 2437 hora
1709 2402 1807 2453 qua

228 2480 357 2532 ensis
392 2494 544 2548 super
572 2477 812 2531 cervicem
850 2476 960 2544 ejus
993 2475 1329 2539 incumbebat,
1357 2492 1455 2529 non
1483 2484 1810 2530 reverteretur

227 2573 290 2626 ad
332 2572 691 2627 hereticorum
732 2579 942 2634 sectam,
982 2585 1082 2623 non
1121 2569 1454 2635 occideretur,
1484 2584 1545 2621 ne
1572 2585 1685 2621 eum
1716 2585 1809 2637 pro

229 2674 452 2736 martyre
471 2663 752 2717 excolerent
778 2662 1079 2726 Christiani,
1108 2660 1201 2714 sed
1229 2659 1410 2713 exsilio
1441 2662 1768 2713 damnaretur
1789 2676 1809 2713 :

226 2757 362 2825 quod
402 2756 471 2808 ita
508 2755 696 2824 factum
731 2770 837 2807 esse
860 2752 1183 2820 manifestum
1208 2761 1303 2804 est.
1337 2750 1477 2804 Nam
1502 2767 1617 2804 cum
1644 2752 1809 2804 immi-

229 2850 363 2902 nenti
388 2857 546 2900 morte
575 2848 914 2915 interrogatus
942 2846 1118 2915 fuisset
1145 2845 1189 2896 si
1218 2846 1345 2896 mori
1380 2860 1473 2914 pro
1503 2844 1606 2911 ﬁde
1633 2845 1811 2897 cathoa

229 2938 326 2991 lica
346 2936 385 2997 ,4
414 2939 713 3002 destinaret,
745 2939 1004 3006 respondit
1033 2951 1051 2990 :
1079 2934 1205 2989 Hac
1233 2938 1369 2988 enim
1407 2946 1477 2988 est
1507 2937 1809 3006 sempiterna

228 3031 354 3096 vita,
400 3046 492 3095 pro
518 3030 731 3100 justitia
766 3028 914 3081 mori.
962 3026 1101 3081 Tunc
1144 3042 1389 3094 suspenso
1425 3027 1631 3095 gladio,
1668 3027 1808 3095 apud

231 3132 252 3158 '
284 3123 605 3193 Aibigensem
644 3120 935 3175 Galliarum
978 3120 1151 3173 urbem
1186 3119 1364 3173 exilio
1405 3118 1675 3188 deputatus
1710 3130 1806 3182 est,

228 3214 313 3266 ubi
340 3222 391 3266 et
415 3215 566 3281 finem
597 3214 710 3267 vita
735 3211 993 3283 pra'sentis
1015 3211 1157 3278 fecit.
1188 3209 1266 3263 Ad
1290 3212 1445 3281 cujus
1479 3226 1613 3263 nunc
1642 3212 1808 3279 sepul-

226 3323 373 3359 crum
404 3307 574 3361 multa:
602 3307 809 3363 uirtutes
845 3315 891 3360 et
929 3306 1243 3359 creberrima
1286 3307 1637 3359 Ostenduntur.
1672 3306 1807 3360 San-

226 3408 370 3451 ctum
396 3416 510 3453 vero
552 3399 920 3453 Vindemialem
955 3397 1127 3469 gladio
1156 3399 1351 3468 percuti
1379 3400 1636 3469 prerupit,
1671 3399 1807 3467 quod

225 3499 277 3541 et
310 3487 324 3523 ί
363 3489 625 3559 impletum
666 3499 740 3542 est
782 3491 833 3542 in
875 3489 969 3542 hoc
1009 3490 1304 3543 certamine.
1343 3490 1652 3547 Octavianus
1691 3507 1808 3544 tero

224 3578 627 3631 archidiaconus
675 3586 721 3631 et
761 3579 921 3632 multa
961 3580 1125 3632 millia
1162 3579 1386 3632 virorum
1428 3595 1488 3633 ac
1540 3581 1808 3634 mulierum

226 3667 368 3719 hanc
397 3667 565 3734 ﬁdem,
592 3668 939 3732 asserentiuns,
970 3669 1267 3737 interempta
1296 3679 1446 3739 atque
1486 3679 1512 3717 ε
1549 3671 1808 3725 debilitata

226 3767 376 3811 sunt.
411 3758 516 3813 Sed
551 3775 644 3829 pro
668 3774 840 3814 amore
876 3760 1053 3829 gloria:
1080 3759 1209 3813 nihil
1234 3771 1379 3814 erant
1420 3762 1526 3814 lucc
1553 3762 1808 3831 supplicia

225 3849 605 3919 confcssoribus
642 3849 853 3912 sanctis,
902 3850 990 3918 qui
1034 3849 1087 3901 in
1127 3849 1265 3914 pacis
1305 3851 1490 3915 νει-Αἱ,
1537 3852 1588 3902 in
1637 3850 1810 3904 multis

227 3941 358 3993 bene
405 3958 459 3994 se
507 3952 752 3995 noverant
805 3942 1171 4012 disponendos,
1212 3943 1367 4011 juxta
1410 3943 1539 3994 illud
1582 3944 1809 4013 Apostoli

231 4032 415 4101 (Rom.
466 4048 576 4099 rm,
621 4034 744 4101 18):
781 4033 912 4101 Quia
942 4049 1044 4087 non
1086 4045 1204 4086 sunt
1244 4035 1508 4103 condigna!
1548 4036 1807 4105 passiones

227 4125 389 4193 hujus
419 4109 658 4197 temporis
700 4124 767 4175 ad
807 4124 1032 4192 futuram
1062 4124 1299 4194 giarium,
1340 4140 1451 4193 qua:
1480 4126 1727 4179 reveletur
1757 4127 1809 4180 in

227 4216 375 4267 nobis
404 4211 449 4266 ¹¹.

299 4303 391 4357 IX.
424 4303 575 4356 Multi
609 4316 725 4357 tutu:
752 4313 975 4360 errantes
1018 4305 1035 4342 ί
1073 4323 1104 4359 α
1131 4305 1233 4375 ﬁde
1258 4308 1563 4379 accipientes
1601 4310 1804 4365 divitias

225 4397 547 4475 inseruerunt
577 4413 627 4450 se
664 4398 922 4452 doloribus
952 4399 1146 4452 multis.
1184 4397 1374 4463 Infelix
1401 4414 1571 4455 autem
1594 4403 1804 4473 quidam

224 4492 497 4557 episopas
536 4493 737 4543 nomine
768 4490 1067 4551 Reuocatus,
1099 4509 1158 4546 eo
1186 4503 1409 4562 tempore
1440 4508 1512 4548 est
1541 4509 1803 4551 reuocatus

1914 1926 2022 1976 solo
2050 1924 2335 1978 diutissime
2362 1927 2638 1979 orationem
2677 1928 2813 1995 fudit
2838 1928 2906 1981 ad
2953 1926 3064 1981 Dan
3087 1931 3226 1982 inum
3255 1947 3274 1984 :
3306 1931 3487 1985 dehinc

1911 2019 2149 2082 expansis
2175 2031 2265 2084 per
2292 2016 2628 2086 pavimentum
2647 2018 2862 2083 brachii,
2879 2020 3111 2090 spiritum
3135 2020 3259 2074 caelo
3282 2023 3484 2086 direxit,

1910 2110 1997 2176 qui
2026 2126 2056 2160 a
2078 2106 2378 2163 Christianis
2406 2110 2666 2175 collectus,
2709 2112 2759 2163 in
2784 2113 2896 2181 ipsa
2934 2129 3033 2180 qua
3059 2113 3279 2166 diximus
3309 2127 3488 2183 crypta

1910 2202 2187 2269 sepultura:
2220 2202 2493 2256 mandatus
2520 2211 2616 2258 est.
2649 2203 2812 2274 [Tunc
2842 2203 2861 2241 ¹ί
2898 2221 3068 2258 omnes
3092 2207 3178 2275 qui
3210 2208 3345 2259 circa
3374 2223 3486 2260 eum

1910 2291 2129 2357 stabam,
2161 2308 2255 2347 sua
2276 2294 2547 2347 tundentes
2573 2306 2794 2363 pectora,
2829 2297 3007 2348 dantes
3036 2298 3256 2365 mugitus
3284 2299 3488 2365 pocla-

1910 2385 2112 2436 mabant
2145 2400 2163 2438 :
2201 2383 2245 2437 0
2273 2399 2406 2437 mors
2445 2384 2579 2453 dira,
2617 2401 2706 2438 cur
2734 2394 2901 2439 lanlos
2934 2387 3083 2440 hodie
3108 2389 3332 2456 perimis,
3365 2390 3486 2441 dum

1910 2492 1940 2528 a
1969 2478 2109 2529 nobis
2140 2480 2311 2547 aufers
2348 2478 2511 2531 sancti
2542 2479 2704 2532 nostri
2745 2480 3106 2547 prcesemiam?
3146 2479 3374 2552 Longum
3415 2493 3485 2535 est

1911 2584 2146 2627 enarrare
2169 2584 2257 2637 per
2281 2569 2503 2639 singula,
2536 2580 2724 2639 quanta
2763 2580 2808 2623 et
2834 2573 3006 2638 qualia
3036 2572 3158 2625 inibi
3194 2574 3301 2627 sine
3332 2576 3486 2626 in'cr-

1913 2661 2149 2713 missione
2171 2661 2295 2713 almi
2321 2662 2569 2714 antistitis
2600 2660 2819 2732 Eugenii
2851 2664 3089 2717 hactenus
3128 2665 3374 2717 cernimus
3402 2681 3485 2718 co-

1912 2765 2136 2803 ruscare.
2164 2750 2207 2803 0
2237 2761 2425 2818 quanta
2454 2751 2703 2804 miracula
2725 2762 2773 2805 et
2795 2764 3038 2820 quantam
3065 2755 3361 2823 dignitatem
3388 2758 3486 2807 llo-

1913 2842 2076 2893 minus
2116 2842 2334 2895 ostendit
2382 2842 2451 2894 ad
2495 2842 2785 2912 sepulcrum
2829 2846 2938 2915 ejus
2959 2844 2978 2896 .'
3019 2842 3174 2913 Δι’ψὶ
3204 2847 3409 2898 ueniant
3442 2858 3486 2899 et

1910 2941 2176 2994 sanantur,
2229 2930 2532 2985 daemoniaci
2589 2934 2790 2986 veniunt
2848 2942 2895 2986 et
2940 2935 3248 3000 liberantur,
3304 2939 3488 3006 lept‘osi

1908 3023 2116 3075 ueniunt
2151 3035 2197 3076 et
2232 3023 2564 3093 retundantur,
2601 3025 2823 3095 elingues
2861 3028 3060 3080 ueniunt
3103 3036 3146 3081 et
3189 3030 3485 3100 loquuntur,

1912 3115 2255 3183 febricitantes
2283 3117 2483 3169 veniunt
2513 3126 2557 3169 et
2587 3115 2878 3188 sonantem]

1836 3204 1880 3267 C
1984 3205 2073 3260 XI.
2119 3206 2197 3258 Ad
2237 3211 2385 3277 cujus
2410 3208 2727 3278 festivitatem
2759 3226 2875 3263 cum
2903 3218 3123 3282 tempore
3150 3213 3371 3282 quodam
3402 3215 3486 3267 in-

1910 3300 2107 3355 numeri
2147 3300 2324 3369 populi
2362 3302 2708 3354 convenissent
2735 3345 2749 3367 ,
2802 3304 3002 3372 negotia
3052 3306 3212 3357 multa
3258 3306 3308 3357 in
3353 3308 3487 3360 atrio

1908 3390 2271 3459 protulerunt;
2297 3390 2471 3462 puella
2495 3407 2612 3446 uero
2640 3409 2739 3444 una
2766 3410 2829 3446 ex
2858 3393 3228 3449 habitatoribus
3255 3395 3353 3450 loci
3380 3408 3487 3450 sta-

1911 3483 2096 3537 tionem
2120 3485 2273 3548 adiit,
2298 3487 2441 3554 quasi
2479 3487 2678 3555 aliquid
2715 3497 3027 3555 coemptum,
3052 3490 3365 3559 speciemque
3392 3492 3485 3543 sibi

1908 3587 2081 3645 aptam
2105 3577 2357 3647 aspiciens
2384 3594 2415 3629 ιι
2452 3581 2762 3648 negotiatore
2797 3579 3035 3649 suscepit,
3079 3589 3127 3633 et
3155 3583 3326 3633 statim
3353 3581 3487 3635 dicto

1908 3669 2058 3721 citius
2088 3678 2370 3736 porrectam
2400 3670 2567 3732 alteri,
2600 3680 2747 3741 negat
2774 3686 2829 3723 se
2863 3672 3136 3736 accepisse.
3184 3670 3488 3737 Negotiattr

1910 3775 2025 3812 vero
2047 3762 2233 3811 intente
2255 3758 2464 3813 aiebat:
2494 3758 2613 3813 Hea
2641 3775 2748 3811 eam
2783 3760 2869 3811 tibi
2904 3776 3053 3812 manu
3084 3762 3292 3831 protuli,
3334 3772 3487 3831 tuque

1909 3850 2199 3903 rimandum
2240 3848 2457 3903 sollicite
2490 3852 2749 3918 accepisti.
2795 3849 2997 3920 Illoque
3027 3860 3258 3920 negante,
3290 3853 3362 3905 ait
3393 3869 3483 3906 ne-

1910 3942 2128 4009 gotiator
2150 3957 2167 3997 :
2192 3939 2252 3996 Si
2273 3940 2362 3992 tibi
2384 3949 2528 3992 tanta
2540 3951 2612 3993 est
2632 3942 2931 4011 pertinacia,
2945 3957 3066 3993 arar
3088 3942 3159 3994 tia
3172 3941 3484 4006 stimulante,

1909 4032 2147 4102 negandi,
2184 4032 2382 4103 judicet
2418 4031 2552 4085 illud
2594 4033 2766 4084 beatus
2810 4029 2826 4069 ι
2868 4044 3060 4102 martyr
3106 4030 3384 4105 Eugenius,
3416 4036 3484 4092 ad

1909 4128 2054 4193 eujns
2073 4125 2365 4193 sepulcrum
2388 4127 2434 4178 si
2457 4141 2573 4178 cum
2601 4127 2906 4179 sacramenti
2931 4129 3195 4194 interposit
3218 4142 3315 4180 sne
3343 4129 3484 4181 dixr-

1906 4218 1978 4267 ris
2021 4224 2070 4268 te
2105 4231 2206 4268 non
2254 4216 2527 4286 accepisse,
2572 4216 2747 4269 dannti
2784 4216 2909 4269 mihi
2953 4216 3080 4269 nihil
3118 4218 3312 4270 trsiimo
3349 4219 3487 4287 quod

1907 4308 2074 4361 amisi.
2097 4311 2163 4361 At
2187 4308 2278 4361 illa
2306 4309 2538 4377 pollicita
2558 4324 2611 4361 se
2636 4325 2781 4376 posse
2801 4325 2864 4362 ea:
2886 4312 2980 4362 hoc
3005 4311 3121 4362 exui
3142 4321 3481 4369 sacramento.

1905 4401 2043 4451 vadit
2072 4400 2212 4452 ocius
2242 4400 2309 4451 ad
2333 4401 2641 4469 sepulcrum,
2673 4401 2977 4470 eletatisque
3005 4401 3234 4453 manibus
3264 4410 3316 4453 ut
3335 4404 3487 4471 jura~

1905 4501 2001 4554 ret,
2030 4493 2284 4557 extemplo
2324 4493 2555 4543 membris
2588 4499 2629 4527 ω
2659 4492 2917 4543 disso’uris
2946 4492 3167 4561 irriguit,
3202 4492 3489 4561 pluuiaeque

223 4597 252 4628 a
279 4579 388 4647 ﬁde
414 4578 681 4633 catholica.
716 4579 858 4634 Tunc
886 4590 932 4650 et
962 4581 1039 4635 sol
1060 4593 1183 4636 teter
1218 4586 1453 4654 apparuit
1481 4587 1799 4651 obscuratns,
1834 4564 1879 4623 θ
1907 4584 2016 4651 ejus
2048 4581 2223 4647 inﬁxa
2248 4590 2363 4632 sunt
2394 4585 2702 4647 pavimento,
2734 4595 2829 4632 vox
2859 4581 3001 4632 haesit
3034 4581 3084 4632 in
3112 4590 3333 4649 gutture,
3369 4589 3485 4631 tan-

223 4671 293 4722 ita
328 4681 383 4723 ut
416 4671 498 4723 vix
529 4671 591 4723 ab
619 4686 678 4724 eo
717 4689 835 4742 pars
859 4674 933 4727 vel
959 4675 1105 4727 tertia
1142 4675 1378 4737 elaceret,
1409 4678 1561 4730 credo
1590 4694 1806 4743 namque

225 4776 318 4825 pro
357 4762 516 4814 tantis
542 4761 811 4816 sceleribus
837 4774 884 4818 et
922 4764 1169 4830 effusione
1205 4767 1466 4835 sanguinis
1506 4768 1799 4822 innocentis.

226 4851 525 4905 Iionoricus
567 4868 683 4907 vero
719 4862 832 4924 post
870 4856 1325 4921 tantumfacinus,
1355 4866 1585 4927 arreptus
1629 4874 1659 4909 a
1700 4860 1804 4911 da:-

223 4958 398 5011 ntone,
426 4943 515 5011 qui
543 4943 632 4996 diu
670 4944 737 4997 de
777 4954 1070 5000 sanctorum
1104 4945 1351 5015 sanguine
1396 4955 1569 5014 pastus
1611 4948 1803 5017 fuerat,

298 5206 499 5264 ‘Hanc
527 5208 652 5263 cmci
688 5209 960 5263 historiam
999 5217 1263 5262 memorat
1302 5209 1635 5264 liermamms
1667 5211 1805 5264 (Iau-

225 5288 431 5335 lraclus
475 5279 528 5332 in
576 5277 842 5331 Chronico
876 5280 949 5332 ad
991 5296 1184 5331 annum
1226 5280 1349 5343 485,
1409 5281 1492 5334 ubi
1539 5278 1806 5349 Longinus

226 5352 514 5400 enisconus
539 5350 837 5400 appellatur
870 5348 1195 5400 Lortawinus.

226 5352 514 5421 episcopus
539 5351 837 5417 appellatur
870 5351 1195 5415 Lartg‘winns.

260 5424 263 5427 λ
299 5422 327 5459 δ
356 5420 448 5474 Sic
471 5424 575 5473 Ius.
598 5422 648 5473 1.
680 5422 768 5472 At.
803 5419 969 5483 Eni“,
992 5420 1181 5482 taliter,
1207 5427 1261 5473 ct
1286 5421 1459 5484 Colit,
1494 5422 1801 5475 tlenndatas.

300 5503 321 5530 ε
356 5491 580 5555 Bnron.,
605 5492 826 5543 aculeos.
1582 5524 1589 5527 ς

296 5559 322 5597 ά
355 5560 504 5614 Coll).
518 5601 532 5626 ,
569 5560 875 5629 disponeret.

264 5644 271 5649 '
299 5639 325 5668 ε
357 5630 490 5683 Cod.
522 5645 659 5699 reg.,
706 5630 1062 5683 Albunensem.

304 5698 321 5738 τ
360 5701 488 5754 Mss.
532 5696 607 5767 3;
638 5701 901 5768 impletum
933 5713 1027 5753 est.
1081 5697 1142 5751 In
1186 5696 1279 5751 hoc
1321 5707 1488 5751 autem
1535 5704 1804 5754 certamine

234 5770 326 5822 (Μ
348 5772 567 5839 trianus,
594 5778 699 5826 etc.

1911 4683 2012 4725 tum
2038 4689 2093 4725 os
2127 4673 2359 4740 patulum
2384 4688 2417 4723 α
2441 4687 2670 4723 εινηιοηε
2706 4673 2896 4724 nudum
2935 4672 3124 4725 hiabat.
3159 4674 3307 4738 Quod
3338 4689 3488 4740 nego—

1911 4764 2064 4815 tiater
2085 4777 2290 4814 cernens
2319 4777 2434 4813 cum
2473 4761 2667 4829 reliquo
2692 4761 2900 4831 papula,
2924 4763 2995 4818 ait
3018 4777 3036 4814 :
3068 4761 3239 4815 Pros't
3265 4764 3376 4827 tibi,
3409 4766 3486 4815 in-

1908 4855 2037 4922 quit.
2066 4853 2225 4922 virgo,
2256 4851 2365 4905 haec
2399 4853 2590 4921 species
2618 4868 2768 4919 quam
2811 4854 2970 4905 tulfsti
2998 4853 3140 4905 mihi.
3174 4851 3373 4921 Sufficit
3400 4853 3489 4905 tibi

1912 4950 2037 5003 ultio
2085 4948 2208 4999 data
2262 4961 2351 5016 per
2395 4945 2532 4999 hunc
2576 4945 2868 5016 pontiﬁcem
2919 4945 3225 5017 Eugenium.
3281 4945 3343 4998 Et
3394 4946 3490 4997 hae

1983 5222 2009 5259 8
2043 5212 2143 5266 Ms.
2172 5212 2223 5272 i,
2247 5223 2443 5265 necata.

1983 5280 2009 5318 ιι
2044 5282 2166 5344 Ed.,
2198 5284 2409 5336 sanctis.

1988 5350 1999 5388 ί
2042 5352 2293 5406 Eamdem
2352 5350 2638 5423 African‘n
2676 5352 2927 5405 Ectlesim
2980 5351 3184 5407 (διεπόρ-ιιι
3247 5354 3487 5423 deplorat

1911 5422 2056 5477 Felix
2092 5438 2251 5492 patxa,
2274 5431 2330 5474 nl
2359 5424 2595 5474 liiCl'ﬂlUS
2629 5421 2762 5474 inim
2786 5438 2903 5493 (νην.
2940 5423 3020 5477 10.

1980 5499 1993 5543 l
2034 5494 2180 5546 Ctrlll.
2194 5535 2208 5555 ,
2244 5493 2559 5545 Hildericus.

1983 5563 2005 5644 ξ
2039 5564 2166 5628 Qua:
2201 5564 2405 5617 ansulis
2433 5564 2633 5616 inclusa
2666 5574 2808 5628 ξιτ-ιιι,
2849 5579 2914 5620 ex
2946 5565 3066 5620 cod.
3109 5564 3258 5619 Coll).
3289 5565 3490 5622 descri-

1917 5650 2140 5703 psithiis.

1994 5702 2006 5739 ι
2042 5704 2214 5765 σουλ,
2244 5704 2520 5771 confessor.

1988 5783 2026 5809 ἰι
2057 5776 2110 5828 C'
2136 5775 2231 5838 1ι».,
2259 5776 2394 5827 dis.o
2419 5784 2502 5826 uta
2534 5774 2765 5842 diriguit.
