4060 6332
587 341 689 402 775

1768 340 1818 395 S.
1863 340 2170 396 FAUSI‘L’S
2212 341 2626 398 III-IEGIENSIS.

3729 352 3827 412 776

582 464 752 515 dicens
776 475 804 510 α
831 458 941 509 loco
969 455 1185 508 recessit.
1223 453 1321 504 llla
1353 469 1464 504 vero
1490 455 1542 505 in
1563 452 1652 504 hoc
1686 463 1934 507 tormsnto
1961 455 2150 509 diutis-
2179 463 2227 520 Α
2257 458 2610 513 detrimentum
2640 457 2896 527 patiatur?
2920 469 3006 512 aut
3027 476 3179 529 quant
3205 462 3343 514 dabit
3371 462 3519 517 homo
3549 479 3827 522 commuta-

581 550 709 603 sime
743 550 958 607 detenta,
1003 545 1203 597 tandem
1250 554 1470 614 martyre
1499 545 1706 614 jubente
1737 548 1941 610 locuta;
1985 549 2156 618 palum

579 641 809 707 cont‘essa
837 634 1064 704 estquod
1093 635 1224 689 clam
1253 635 1410 688 latere
1440 638 1690 688 voluerat.

652 731 758 784 .\II.
794 728 929 794 Quid
971 727 1098 796 agis,
1145 744 1173 779 o
1221 727 1400 795 infelix
1439 728 1695 780 avaritia!
1743 728 1882 794 Quid
1928 729 2154 797 petendis

576 822 723 873 rebus
757 819 934 872 alienis
973 817 1252 872 succumbis
1279 833 1418 870 mens
1447 819 1684 887 feminea,
1718 837 1819 874 non
1847 821 2054 874 virilis?
2085 821 2155 876 Ut

574 911 697 977 quid
727 910 930 978 ﬁrmam
957 907 1168 962 loricam
1207 909 1383 962 mentis
1417 910 1614 962 modica
1653 913 2030 966 transverberas
2064 931 2149 967 su-

575 1000 700 1068 gitta
740 998 1080 1067 cupiditatis?
1115 998 1250 1063 Quid
1292 986 1588 1069 congregat,
1619 1016 1648 1053 ο
1679 1001 1850 1066 homo,
1876 1003 1989 1055 anri
2013 1003 2152 1058 rubi-

573 1091 739 1158 giuosi
777 1093 982 1155 talenta,
1013 1107 1126 1144 cum
1168 1091 1231 1144 iis
1269 1107 1479 1144 arsurus
1507 1092 1558 1144 in
1587 1092 1851 1162 gehenna?
1896 1093 2032 1160 Quid
2062 1095 2151 1148 tibi

575 1192 783 1247 prosunt
808 1183 1031 1252 peritura
1058 1181 1221 1245 lucra,
1255 1197 1366 1251 qua:
1388 1192 1588 1236 aeternis
1618 1185 1732 1238 vita:
1755 1185 1960 1254 pariunt
1987 1186 2148 1239 detri-

577 1285 763 1341 menta,
796 1278 951 1344 juxta
985 1275 1112 1328 illud
1146 1272 1350 1327 Domini
1379 1275 1579 1327 verbum
1606 1291 1623 1326 :
1655 1276 1791 1338 Quid
1823 1277 2024 1344 prodest
2057 1276 2151 1330 ho-

574 1367 698 1418 mini
745 1368 787 1418 si
834 1375 992 1420 totum
1037 1367 1282 1419 mundum
1325 1366 1566 1433 lucretur,
1618 1367 1803 1420 anima:
1831 1380 2001 1422 autem
2047 1385 2152 1423 sua:

2261 550 2444 603 tionem
2466 566 2558 620 pro
2578 551 2750 603 anima
2775 567 2867 604 sua
2888 552 2910 604 .’

2277 639 2295 654 ⁶
2330 639 2466 694 XIII.
2502 641 2584 712 [Ο
2614 645 2798 711 fratres
2829 642 3168 711 dilectissimi,
3204 659 3344 715 spent
3378 647 3431 699 in
3458 649 3569 702 solo
3617 649 3827 703 Redem-

2258 739 2400 798 ptore
2427 730 2587 800 ﬁgite,
2620 741 2666 785 et
2701 732 2770 785 ad
2797 742 3040 787 retentam
3070 736 3289 804 patriam
3317 747 3480 792 mente
3509 741 3738 796 tramite.
3771 742 3828 796 Si

2253 820 2385 872 enim
2415 820 2544 874 niltil
2565 823 2616 874 in
2643 822 2738 876 hoc
2765 825 2955 877 mundo
2980 827 3200 879 amando
3220 828 3510 897 possidetis,
3540 832 3690 884 etiam
3714 850 3828 902 po:-

2253 915 2464 970 sidendo
2509 926 2688 972 cuncta
2731 917 3029 987 reliquistis,
3077 921 3187 990 ipse
3222 923 3365 976 nobis
3408 927 3598 994 gaudia
3640 936 3828 979 eterna

2251 1011 2513 1075 concedat,
2543 1011 2628 1079 qui
2651 1011 2792 1064 nobis
2812 1021 3016 1066 eterna:
3035 1014 3175 1082 pacis
3199 1017 3422 1070 remedia
3445 1019 3659 1070 contulit
3677 1016 3827 1073 Iesus

2251 1101 2479 1157 Christus
2526 1102 2775 1158 Dominus
2817 1114 3010 1172 noster,
3056 1109 3144 1177 qui
3192 1123 3305 1160 cum
3351 1117 3540 1163 (eterna
3585 1108 3742 1163 Patre
3782 1126 3823 1163 e.

2254 1191 2452 1262 Spiritu
2493 1204 2666 1250 sancto
2710 1195 2828 1249 vivit
2867 1206 2911 1250 et
2951 1207 3126 1268 regnat
3171 1199 3222 1251 in
3269 1200 3459 1252 uacula
3501 1202 3806 1254 sitculorurn

2256 1284 2460 1354 Aurem]

581 1511 3776 1562 Ἠ

594 1538 668 1546 -η-

1742 1641 1906 1685 ANNO
1953 1643 2176 1687 DOMINI
2221 1645 2594 1692 οσοοιιχιν
2609 1674 2622 1688 .

1060 1787 2123 1950 SANCTUS

2257 1753 3331 2028 FAUSTUS

1829 2031 2194 2085 BHEGIENSIS
2219 2031 2577 2085 EPISCOPUS.

1754 2285 2599 2359 I’ROLEGOMENA.

1903 2593 2439 2701 NOTI'I‘LE.

786 2761 883 2830 (Ex
927 2758 1226 2813 Bellartnin.
1268 2756 1334 2811 dc
1380 2745 1642 2826 Scriptor.
1677 2757 1897 2825 ecclcs.)

637 2849 854 2905 Faustus
879 2867 941 2903 ex
968 2849 1214 2902 monacho
1241 2848 1493 2901 Lirinensi
1514 2849 1680 2918 factus
1702 2849 1966 2918 episcopus
2003 2849 2136 2902 Rhe-

565 2944 746 3012 ginnsis
791 2944 840 2993 in
870 2939 1071 3004 Gallia,
1117 2940 1240 2991 vixit
1287 2939 1448 2991 medio
1472 2948 1691 3006 tempore
1736 2938 1866 2991 inter
1907 2949 2137 2990 sanctum

569 3034 871 3099 Prosperum
909 3043 954 3085 et
995 3039 1222 3083 sanctum
1261 3027 1587 3099 Fulgentium
1615 3045 1632 3082 :
1662 3030 1866 3098 scripsit
1913 3030 1975 3082 de
2013 3029 2142 3097 Spi-‘

565 3127 662 3175 ritu
687 3133 879 3187 sancto,
913 3132 957 3174 et
993 3131 1168 3173 contra
1206 3121 1421 3172 Arianos
1442 3162 1455 3184 ,
1483 3130 1528 3173 et
1562 3119 1990 3186 Macedonianos,
2024 3135 2139 3188 qua:

566 3231 664 3266 non
689 3223 914 3276 exstant;
940 3212 1144 3280 scripsit
1175 3221 1415 3278 pra'terea
1446 3211 1597 3264 libros
1628 3213 1754 3264 duos
1786 3212 1848 3264 tle
1865 3210 2067 3276 Gratia,
2093 3223 2139 3264 et

568 3301 746 3353 Libero
776 3301 1022 3365 Arbitrio,
1063 3300 1149 3369 qui
1187 3309 1406 3362 exstant,
1433 3311 1477 3351 et
1505 3315 1627 3367 quos
1647 3299 1944 3353 Gennadius
1966 3301 2020 3353 in
2046 3301 2137 3356 lib.

567 3391 628 3443 de
659 3390 790 3443 Viris
808 3391 990 3444 illustr.
1016 3389 1155 3441 miris
1181 3389 1416 3442 laudibus
1437 3389 1576 3456 e/fert
1596 3407 1613 3452 ;
1637 3395 1722 3442 sed
1749 3389 1982 3443 Gelasius
2005 3407 2140 3459 papa

567 3484 616 3534 in
633 3481 829 3534 decreto
855 3481 917 3533 de
943 3479 1082 3532 libris
1113 3480 1419 3549 apocryphis
1440 3481 1642 3532 omnino
1671 3481 1833 3551 rejicit
1865 3495 1884 3533 :
1913 3491 1968 3534 ut
1988 3483 2139 3534 etiam

566 3573 800 3643 rejiciunt
819 3614 834 3639 ,
866 3581 912 3627 et
945 3571 1178 3641 refellunt
1205 3581 1412 3625 sanctus
1440 3569 1759 3642 Fulgentius,
1799 3571 1981 3628 Petrus
2011 3572 2138 3628 Dia-

565 3681 720 3716 conus
748 3703 762 3727 ,
800 3663 1058 3717 Alchimus
1087 3663 1290 3726 Avitus,
1349 3672 1394 3716 et
1448 3663 1558 3716 alii.
1616 3664 1728 3716 Αάο
1772 3662 2062 3719 Viennensis
2087 3667 2140 3719 in

565 3754 812 3807 Chronico
851 3754 919 3806 ad
940 3771 1126 3806 annum
1156 3753 1257 3807 422
1282 3755 1354 3806 s-‘c
1381 3753 1605 3822 loquitur
1625 3769 1644 3806 :
1687 3752 1910 3808 Faustus
1935 3771 1999 3808 ea:
2045 3757 2139 3808 ab-

566 3845 678 3898 bate
707 3846 996 3898 monasterii
1033 3845 1313 3897 Lirinensis
1342 3844 1482 3914 apud
1525 3841 1755 3915 Regnum
1805 3843 1989 3898 Gallice
2025 3847 2134 3915 epi-

563 3956 746 4005 teapus
773 3943 955 4007 factus,
986 3937 1383 4008 Pelagianorum
1407 3937 1591 4006 dogma
1613 3938 1866 3990 destruere
1891 3949 2102 3992 conatus
2118 3981 2132 4005 ,

562 4035 616 4084 in
649 4047 864 4084 errorem
889 4031 1075 4084 labitur
1109 4048 1123 4082 :
1176 4032 1310 4083 unde
1331 4031 1418 4096 qui
1444 4032 1553 4099 ejus
1589 4045 1765 4085 sensus
1794 4030 1845 4082 in
1874 4033 1970 4084 hac
1995 4041 2140 4102 parte

561 4122 833 4175 catholicos
868 4123 1164 4189 prtedicant,
1190 4123 1316 4174 sicut
1349 4119 1647 4175 Gennadius
1673 4123 1734 4174 de
1766 4122 1902 4175 Viris
1929 4124 2142 4176 illustri-
2167 4113 2212 4173 C
2245 4141 2295 4192 εη
2323 4139 2573 4193 Chronico
2616 4157 2751 4193 αηηο
2794 4113 2996 4196 bona“
3045 4143 3170 4197 ωε,
3206 4145 3529 4213 Sag-mem,”

561 4213 650 4264 bus
670 4213 884 4266 scribons
914 4214 1118 4265 omnino
1137 4224 1327 4265 errant.
1357 4211 1442 4265 Ita
1466 4215 1598 4266 enim
1633 4215 1844 4266 liberum
1866 4215 2131 4267 arbitrium

560 4316 663 4357 tam
694 4306 842 4373 Augu
871 4307 1005 4357 linus
1049 4321 1198 4373 quam
1227 4307 1392 4359 ceteri
1436 4306 1671 4359 catholici
1695 4308 1747 4359 in
1783 4306 2005 4360 Ecclesia
2038 4307 2132 4361 Dei

559 4395 758 4458 docent,
791 4405 842 4447 ut
872 4394 1201 4454 illuminatio,
1249 4397 1438 4462 virtus,
1471 4406 1518 4449 et
1546 4394 1687 4466 salus
1739 4397 1815 4449 illi
1859 4415 1889 4450 a
1929 4396 2130 4452 Christo

557 4502 644 4555 per
687 4485 961 4548 Christum,
1014 4495 1060 4537 et
1089 4487 1139 4537 in
1180 4484 1382 4539 Christo
1411 4487 1494 4539 sit.
1533 4485 1756 4540 Faustus
1782 4504 1896 4540 vero
1941 4491 2032 4543 iste
2057 4489 2129 4542 ita

556 4575 768 4627 liberum
801 4573 1204 4628 Christianorum
1241 4577 1505 4630 arbitrium
1528 4578 1703 4631 docere
1723 4589 1958 4644 conatur,
1987 4589 2038 4632 ut
2066 4579 2131 4632 il-

554 4668 839 4734 luminatio,
871 4668 1050 4730 virtus,
1094 4678 1140 4720 et
1165 4669 1301 4721 salus
1326 4685 1425 4721 non
1459 4687 1488 4721 a
1511 4668 1732 4743 Christo,
1779 4671 1866 4722 sed
1893 4687 1924 4722 a
1946 4681 2127 4724 natura

554 4761 656 4814 sit:
687 4770 860 4834 contra
894 4759 1028 4812 hunc
1053 4760 1222 4814 scribit
1261 4762 1577 4815 beatissimus
1627 4763 1799 4815 Avitus
1838 4762 2127 4817 Viennensis

553 4850 818 4918 episcopus
849 4850 1159 4902 lucidissima
1187 4850 1288 4917 [ide
1315 4892 1328 4914 ,
1360 4855 1473 4922 ejus
1521 4853 1829 4922 redarguens
1869 4870 2124 4917 arrorem;

551 4941 782 4993 simiiiter
804 4948 848 4992 et
875 4938 1100 4995 Joannes
1127 4941 1203 4993 vir
1228 4943 1598 4996 eruditissimus
1622 4944 1960 4999 Antiochenus
1987 4962 2126 5012 pres-

550 5029 713 5099 byter.

620 5120 850 5174 Isidorus
896 5123 956 5174 de
994 5121 1147 5176 Viris.
1174 5123 1451 5178 illustribus
1483 5127 1534 5179 in
1582 5126 1875 5198 Fulgentio,
1928 5132 2048 5183 dicit
2093 5148 2124 5184 a

551 5213 824 5284 Fulgentio
853 5215 1066 5283 scriptos
1097 5214 1248 5268 libros
1280 5228 1466 5283 septem
1497 5229 1674 5270 contra
1708 5218 1956 5274 Faustum
1978 5263 1992 5286 ,
2037 5224 2123 5290 qui

548 5307 676 5364 mira
700 5307 978 5359 calliditate
999 5306 1274 5360 catholicus
1297 5309 1454 5360 videri
1482 5311 1673 5362 volebat
1695 5352 1707 5372 ,
1733 5327 1847 5363 cum
1885 5312 2121 5385 Pelagia-

549 5413 642 5450 nus
671 5407 817 5450 esset.
856 5397 1043 5450 Auctor
1071 5414 1266 5466 quoque
1311 5397 1442 5451 Vita:
1484 5401 1644 5453 sancti
1696 5400 1954 5472 Fulgentii
2002 5421 2119 5469 cap.

2175 2759 2217 2818 Β
2246 2768 2449 2828 propter
2477 2760 2704 2828 aliquos,
2735 2762 2818 2829 qui
2846 2771 3019 2816 nostro
3057 2773 3276 2832 tempore
3309 2762 3560 2820 Faustum
3604 2769 3804 2823 catholi-

2241 2868 2355 2904 cum
2384 2854 2540 2923 fuisse
2571 2855 2894 2907 contendunt.

2453 2943 2551 3014 (Ex
2589 2945 2762 3000 iudice
2791 2950 3167 3016 expurgat-tria
3191 2949 3257 3004 M.
3284 2949 3338 3003 S.
3375 2951 3606 3021 Palatii.)

2312 3036 2603 3092 Gennadius
2627 3039 2794 3109 (quem
2823 3050 3018 3094 constat
3042 3042 3198 3112 fuisse
3227 3045 3499 3111 plurimum
3531 3046 3804 3115 Semipela-

2242 3133 2428 3200 gianis,
2461 3149 2639 3199 eosque
2667 3134 2718 3186 in
2741 3151 2833 3186 suo
2863 3136 2950 3188 illo
2988 3135 3116 3188 libro
3145 3137 3207 3192 de
3241 3137 3376 3191 Viris
3404 3139 3688 3193 illustribus
3710 3143 3806 3210 ple-

2242 3239 2452 3292 rumque
2479 3223 2716 3278 laudibus
2744 3225 3008 3295 extulisse)
3041 3244 3166 3295 opus
3184 3229 3316 3282 istud
3345 3227 3529 3284 Fausti
3555 3233 3615 3285 de
3639 3231 3806 3284 Gratia

2243 3322 2289 3366 et
2315 3313 2495 3367 Libero
2525 3314 2749 3368 Arbitrio
2775 3317 3000 3387 appellat
3031 3321 3310 3388 egregium,
3341 3323 3478 3390 quod
3523 3323 3665 3374 etiam
3707 3324 3803 3374 mi-

2245 3419 2359 3456 rum
2391 3404 2441 3456 in
2470 3405 2674 3458 modum
2703 3407 2939 3461 laudasse
2962 3411 3208 3479 reperitur
3237 3410 3298 3465 S.
3329 3411 3563 3466 Sidonius
3609 3412 3798 3479 Apolii-

2243 3497 2382 3548 naris
2423 3495 2511 3550 lib.
2562 3512 2637 3563 Ix,
2677 3499 2826 3566 epist.
2851 3501 2917 3564 9;
2946 3500 3033 3554 sed
3072 3503 3178 3555 viro
3224 3513 3395 3556 sancto
3447 3513 3586 3574 atque
3613 3505 3804 3557 sincero

2243 3588 2468 3642 nondum
2487 3599 2755 3660 comperta:
2784 3592 2939 3661 fuisse
2968 3593 3261 3647 videbantur
3283 3594 3473 3648 technte
3491 3606 3538 3648 et
3568 3596 3807 3664 impastu-

2243 3695 2315 3732 ηε
2362 3677 2564 3733 Fausti.
2592 3679 2941 3736 Certissintnm
2970 3685 3102 3737 enim
3143 3694 3213 3739 est
3252 3683 3501 3738 Faustum
3534 3687 3632 3753 [uis
3659 3703 3688 3739 e
3720 3686 3810 3741 Se-

2245 3771 2696 3842 mipelagianorum
2738 3776 3157 3845 antesignanum,
3200 3787 3247 3830 et
3290 3779 3612 3845 scriptionem
3668 3780 3812 3830 istam

2244 3867 2354 3934 ejus
2379 3863 2461 3916 hic
2501 3864 2715 3932 positam
2744 3865 2917 3918 multis
2957 3865 3350 3938 Pelagianorum
3380 3869 3633 3921 erroribus
3663 3870 3813 3938 refer-

2245 3966 2368 4010 tam.
2402 3955 2464 4009 Id
2493 3957 2628 4024 quod
2656 3958 2838 4012 diserte
2867 3959 3171 4014 adnotarunt
3209 3959 3269 4016 8.
3315 3958 3547 4014 Isidorus
3590 3962 3712 4015 libr.
3756 3964 3812 4013 de

2252 4047 2386 4101 Viris
2412 4047 2712 4114 illustribus,
2738 4067 2847 4117 cap.
2884 4050 2978 4114 H;
3003 4050 3061 4106 S.
3094 4051 3202 4105 Ado
3233 4052 3528 4106 Viennensis
3546 4054 3814 4123 episcopi.-

3574 4149 3719 4199 advez
3732 4164 3757 4199 s
3780 4164 3814 4198 is

2235 4232 2328 4283 hoc
2352 4230 2531 4284 Fausti
2560 4248 2684 4300 opus
2707 4234 2768 4284 de
2794 4232 2974 4287 Gratia
3006 4233 3183 4288 Deiex
3211 4237 3440 4305 professo
3467 4236 3525 4291 8.
3562 4237 3815 4291 Caesarie“

2237 4323 2537 4376 Arelatensis
2561 4325 2844 4394 episcOpus,
2882 4324 2941 4379 S.
2979 4323 3276 4394 Fulgentius
3322 4327 3596 4398 Rtspensis
3614 4331 3817 4398 episco-

2233 4430 2349 4480 pus,
2384 4413 2442 4467 S.
2476 4415 2700 4467 Alcimus
2743 4415 2912 4467 Avitus
2947 4414 3239 4470 Viennensis
3273 4418 3574 4488 episcopus,
3626 4418 3818 4473 Petrus

2233 4505 2496 4558 diaconus.
2531 4504 2598 4558 Et
2641 4523 2703 4559 ea:
2733 4507 2982 4560 haereticis
3011 4508 3238 4562 Joannes
3278 4508 3592 4564 Maxentius.
3647 4511 3818 4564 Porro

2233 4593 2292 4649 8.
2327 4593 2558 4648 Gelasius
2601 4597 2792 4664 primus
2815 4598 2864 4650 in
2895 4599 3090 4651 decre'o
3112 4599 3174 4652 de
3220 4600 3362 4654 libris
3390 4603 3566 4665 sacris,
3622 4601 3816 4657 Fausti

2230 4699 2382 4752 opera
2415 4686 2586 4738 omnia
2642 4687 2771 4738 inter
2811 4691 3101 4757 apocypha
3155 4692 3340 4751 reiicit.
3392 4691 3453 4750 8.
3503 4692 3817 4748 IIormisdas

2228 4775 2380 4828 etiant
2402 4774 2623 4829 Roman.
2647 4779 2876 4846 pontifex
2895 4783 3042 4847 epist.
3060 4781 3126 4832 ad
3150 4797 3486 4849 possessorem
3505 4785 3817 4852 Africanum

2227 4866 2516 4935 episcopum
2542 4867 2649 4921 htec
2689 4869 2801 4922 ait:
2838 4868 2978 4922 Hinc
3001 4887 3114 4924 vero
3142 4875 3274 4939 quod
3302 4890 3386 4926 vos
3411 4876 3474 4927 de
3509 4872 3699 4929 Fausti
3720 4894 3814 4930 cu-

2220 4958 2432 5027 jusdam
2462 4958 2599 5012 Galli
2619 4961 2858 5014 antistitis
2885 4963 3196 5018 consuluisse
3214 4967 3390 5020 litteris
3415 4969 3699 5034 indicastis,
3739 4974 3820 5024 his

2225 5048 2322 5100 sibi
2341 5065 2634 5119 responsum
2657 5051 2872 5106 habeant
2888 5070 2906 5106 :
2921 5071 3078 5124 neque
3101 5055 3269 5122 illum,
3290 5076 3447 5128 neque
3466 5077 3815 5131 quemquam,

2225 5156 2349 5208 quos
2370 5141 2422 5194 in
2443 5143 2794 5195 auctoritatem
2821 5143 3037 5198 Patrum
3067 5163 3164 5201 non
3191 5151 3367 5216 recipit
3395 5168 3605 5205 examen
3628 5156 3818 5208 catho-

2225 5228 2337 5283 lica?
2365 5230 2514 5304 ﬁdei,
2558 5243 2644 5284 aut
2683 5231 3055 5290 Ecclrsiasticae
3084 5239 3389 5307 disciplinae,
3420 5243 3817 5314 ambiguitate-tt

2224 5336 2370 5388 posse
2414 5322 2639 5390 gignere,
2669 5333 2758 5375 aut
2803 5326 3052 5395 religiosis
3095 5331 3451 5398 prtejudicium
3481 5349 3813 5403 comparare,

2224 5409 2442 5463 Tantum
2472 5412 2576 5465 ille.
2611 5411 2677 5466 Et
2706 5429 2770 5470 ex
2795 5413 2873 5467 his
2901 5415 3048 5483 plene
3069 5429 3386 5486 perspectum
3428 5422 3615 5476 habeas
3650 5443 3817 5496 quam

548 5488 616 5538 28
662 5498 870 5541 testatur
907 5505 939 5542 a
975 5498 1150 5543 sancto
1183 5487 1456 5558 Fu'gentio
1504 5491 1744 5567 refutatos
1787 5492 1942 5546 libros
1989 5498 2114 5547 duos
2143 5487 2194 5547 D
2219 5511 2363 5552 caute
2383 5503 2574 5568 scripta
2614 5504 2707 5555 ista
2739 5501 2919 5557 Fausti
2945 5507 3044 5558 sint
3072 5507 3161 5560 tibi
3192 5511 3514 5582 perlegenda,
3547 5514 3598 5566 in
3621 5487 3818 5584 quibus

555 5575 731 5630 Fausti
759 5583 814 5632 de
851 5579 1026 5633 Gratia
1054 5591 1102 5634 et
1135 5580 1314 5634 Libero
1356 5583 1591 5635 Arbitrio.
1631 5581 1694 5633 Et
1738 5565 1916 5636 Petrus
1945 5584 2116 5639 diaco-

550 5684 644 5720 nus
669 5669 715 5720 in
743 5670 866 5722 libro
895 5672 956 5722 de
985 5670 1341 5725 Incarnatione
1369 5684 1414 5726 et
1439 5673 1618 5727 Gra‘ia
1649 5675 1857 5738 Christi,
1885 5693 1997 5746 etp.
2032 5678 2108 5729 ul-

551 5757 668 5823 timo
695 5761 955 5813 anathema
981 5766 1096 5815 dicit
1132 5766 1272 5816 libris
1305 5764 1502 5820 Fausti.
1541 5765 1658 5818 llaec
1687 5769 1956 5822 admonere
1980 5771 2109 5822 volui

2224 5591 2276 5641 in
2297 5606 2490 5644 errores
2522 5593 2702 5645 multos
2735 5592 3001 5665 Pelagiani
3039 5599 3290 5668 dogmatis
3321 5603 3617 5673 plerumque
3639 5605 3819 5672 offen-

2219 5685 2323 5736 des.
2360 5684 2419 5738 Si
2449 5702 2532 5738 eos
2581 5703 2696 5742 aves
2733 5690 2968 5745 collectos
3017 5692 3280 5760 inspfcere,
3315 5698 3520 5750 consule
3545 5697 3816 5754 Joannem

2219 5774 2527 5829 .Iln.rentium
2552 5779 2600 5830 in
2642 5779 2965 5846 responsione
2987 5782 3053 5834 ad
3082 5784 3339 5855 epistolam
3372 5785 3671 5842 IIorrnisda.‘
3703 5809 3814 5859 pa.
