4060 6332
232 264 325 322 777

1571 261 2105 327 PROLEGOMENA.

1944 151 2115 166 «ηεαδ-Α

3389 281 3492 341 778

229 390 299 449 pte
320 373 390 427 ad
411 387 767 443 possessorem.
818 372 1097 428 Sciendum
1137 379 1307 428 tamen
1353 373 1620 443 epistolam
1669 377 1803 432 hanc
1829 389 1881 448 Α
1907 381 2267 449 revocandum,
2300 383 2444 438 haud
2465 386 2818 444 existimamus
2845 390 3149 463 indignum;
3178 403 3493 461 cumtamen

232 464 403 520 Fausti
438 466 506 519 ad
532 463 784 519 Lucidum
810 464 1179 536 presbyterum,
1226 465 1562 537 approbatum
1589 475 1666 522 tot
1698 469 1809 553 epi-

228 572 489 629 scoporum
517 556 885 628 subscriptione
927 559 982 612 in
1019 557 1237 612 concilio
1275 556 1581 624 Arelatensi,
1617 568 1664 612 et
1703 560 1810 630 cpio

227 650 400 705 stolam
426 646 609 703 Lucidi
643 648 921 720 presbyteri
948 649 1015 702 ad
1060 650 1323 721 episcopos
1367 659 1701 722 congregatos
1749 652 1805 705 in

224 743 414 815 synodo
447 741 814 816 Lugdunensi,
843 758 958 812 qua:
995 742 1159 798 amba:
1183 743 1321 815 operi
1352 740 1538 797 Fausti
1577 746 1805 813 premit-

226 847 423 905 tuntur,
456 853 606 892 sanas
649 853 756 892 esse
807 847 957 906 atque
984 837 1289 903 catholicas,
1338 837 1542 908 judicia
1589 839 1806 893 duarum

223 931 527 1002 synodorum
553 930 904 999 conﬁrmatas.
942 928 1262 1000 Neutiquam
1288 938 1457 984 tamen
1489 930 1623 984 ullus
1661 930 1723 985 ob
1749 930 1804 986 id

223 1024 465 1080 euistimet
483 1024 546 1077 ab
568 1032 781 1093 utroque
802 1022 1018 1093 conciljo
1032 1021 1341 1092 approbatos
1369 1032 1469 1077 tres
1489 1022 1646 1077 libros
1667 1021 1809 1078 Fau-

222 1117 281 1171 sti
298 1114 361 1169 de
388 1113 597 1183 Gratia,
624 1122 680 1168 ut
719 1114 827 1184 ipse
853 1114 1161 1168 mendaciter
1187 1114 1397 1168 innuere
1436 1114 1634 1169 videtur
1657 1115 1711 1169 in
1746 1130 1807 1170 ea

220 1224 325 1281 quia
371 1208 457 1263 hic
503 1207 772 1280 subjicitur
824 1206 1121 1278 prtefatoria
1171 1205 1391 1278 epistola
1440 1208 1507 1260 ad
1537 1206 1805 1262 Leontium

220 1300 509 1371 episcopum
534 1296 962 1371 Forojuliensem.
990 1297 1216 1354 Consule
1237 1299 1432 1369 plenius
1453 1298 1614 1354 dehis
1636 1301 1804 1354 amni-

221 1392 303 1447 bus
341 1390 676 1447 disserentem
715 1389 997 1447 Baronium
1018 1399 1142 1447 tom.
1179 1389 1255 1446 VI
1282 1392 1474 1447 Annal.
1504 1392 1629 1448 eccl.
1661 1408 1795 1448 anno

219 1482 407 1542 Christi
431 1481 558 1539 490.

802 1596 905 1668 (Ex
944 1594 1210 1668 Canisio.)

1911 473 1975 525 de
2003 474 2115 543 ejus
2155 473 2362 545 scriptis
2407 477 2631 533 immotae
2662 491 2903 535 maneant
2937 485 3201 539 sententia:
3246 473 3487 543 Patrum.

1910 561 2063 626 Quod
2107 563 2243 618 enim
2294 581 2450 636 usque
2486 570 2553 623 ad
2599 570 2707 625 htec
2750 582 2979 644 tempora
3024 582 3200 630 nostra
3252 562 3489 635 eumdem

1876 652 1959 708 -Ε
1959 664 2163 709 austum
2196 659 2448 713 continuit
2476 662 2606 716 inter
2629 674 2830 720 sanctos
2865 668 3287 741 martgrologium
3316 669 3489 726 Galli-

1908 764 2117 818 canum,
2140 766 2173 803 a
2200 767 2301 821 quo
2330 752 2498 821 ipsum
2524 753 2768 812 Halanus
2787 759 3008 828 primunt
3029 765 3277 834 expunxit
3304 779 3324 819 :
3353 753 3489 832 quod

1907 843 2098 909 etiam,
2150 852 2205 896 ut
2246 845 2556 913 accepimus,
2610 845 2839 903 Ecclesia
2861 850 3160 923 Rhegiensis
3186 855 3239 908 in
3282 854 3488 921 Gallia,

1910 934 1994 988 ubi
2015 935 2124 1004 ipse
2141 934 2269 989 sedit
2291 936 2524 1003 antistes,
2547 953 2744 1010 semper
2768 956 2885 994 eum
2910 951 2966 995 ut
2993 954 3225 998 sanctum
3250 947 3489 1009 coluerit,

1910 1028 2169 1083 celebrans
2215 1027 2447 1098 ejusdem
2493 1030 2716 1085 natalem
2778 1032 2839 1086 l7
2884 1032 3164 1101 Januarii;
3206 1037 3375 1106 ibique
3436 1040 3491 1091 in

1906 1124 2020 1192 ejus
2047 1120 2342 1175 memoriam
2371 1122 2652 1192 antiquitus
2681 1131 2849 1177 erecta
2884 1123 3116 1192 basilica,
3142 1127 3255 1197 ejus
3271 1128 3492 1181 nominis

1907 1211 2057 1266 titulo
2083 1211 2348 1280 insignita,
2378 1212 2623 1267 hactenus
2647 1216 2758 1283 ejus
2785 1213 2925 1268 cultu
2948 1230 2981 1267 a
3001 1215 3235 1285 ﬁdelibus
3257 1218 3493 1286 frequen-

1908 1313 2066 1369 tetur;
2104 1306 2339 1375 quodque
2386 1314 2458 1359 tot
2500 1307 2702 1361 saeculis
2732 1306 3023 1362 Christiano
3053 1308 3171 1363 orbe
3197 1319 3452 1378 spectante
3476 1351 3489 1373 .

1906 1391 2144 1449 Ecclesia
2166 1394 2400 1450 Romana
2424 1403 2639 1462 tacente,
2658 1397 2856 1452 nemine
2876 1397 3078 1468 penitus
3097 1398 3256 1471 (quod
3276 1398 3491 1469 sciatur)

1907 1486 2323 1554 contradicente,
2374 1489 2474 1542 ista
2503 1488 2668 1543 eidem
2697 1486 2895 1545 Fausto
2932 1489 3155 1544 exhibita
3198 1489 3495 1563 intelligam

1907 1585 2014 1644 tur,
2056 1577 2260 1648 opinari
2276 1593 2378 1631 non
2399 1576 2725 1648 prohibemur
2745 1578 2809 1633 de
2836 1578 3011 1633 eodem
3041 1577 3237 1634 Fausto
3264 1580 3496 1635 accidere

1906 1668 2131 1738 potuisse
2169 1667 2330 1740 (quod
2352 1668 2418 1723 de
2454 1668 2631 1723 multis
2667 1670 2791 1724 viris
2814 1672 3004 1726 sanctis
3050 1670 3319 1741 asseritur)
3356 1673 3494 1741 quod

290 1758 401 1827 Qui
429 1756 561 1812 scire
589 1756 748 1826 volet,
793 1756 907 1826 quis
940 1753 1200 1824 Faustus,
1246 1756 1359 1824 quis
1389 1753 1632 1811 Ruricius
1656 1796 1672 1822 ,
1715 1757 1805 1828 qui
1830 1768 1882 1833 Β
1908 1757 2207 1828 delinquens
2222 1760 2509 1827 erraverit;
2537 1776 2654 1814 cum
2676 1763 2889 1832 queestio
2912 1761 3005 1815 illa
3022 1763 3175 1833 fuerit
3190 1766 3496 1819 auctoritate

216 1854 329 1909 item
354 1850 485 1917 alii,
508 1849 576 1904 ad
598 1865 725 1921 quos
750 1851 957 1920 scripta:
989 1848 1071 1905 ha
1090 1848 1341 1922 epistola,
1374 1847 1451 1905 uel
1471 1849 1559 1920 qui
1588 1849 1657 1903 ad
1675 1849 1803 1905 alios

214 1945 555 2017 scripserunt,
584 1942 674 1998 ille
700 1942 868 1997 uideat
904 1941 1183 1998 Sidonium
1205 1941 1588 2013 Apollinarem,
1624 1952 1672 1999 et
1707 1942 1807 1999 Ve-

215 2038 457 2093 nantium
478 2034 848 2100 Fortunatum,
870 2049 1023 2105 quem
1043 2033 1298 2105 integrum
1318 2034 1550 2106 notisque
1569 2044 1807 2091 accurate

211 2130 535 2187 illustratum
578 2128 720 2183 dedit
767 2126 1165 2197 Christophorus
1212 2127 1485 2183 Brouterus
1533 2128 1807 2186 Societatis

211 2222 357 2281 Iesu.
402 2222 591 2278 Videat
627 2223 749 2277 item
786 2221 1192 2276 illustrissimum
1222 2219 1524 2276 Baronium.
1574 2221 1687 2276 Nos
1723 2222 1808 2278 hic

209 2314 271 2370 de
306 2314 532 2387 singulis
561 2322 784 2368 attexere
811 2328 915 2367 non
955 2311 1211 2367 volumus.
1246 2311 1468 2367 Tantum
1507 2314 1570 2368 de
1604 2312 1806 2370 Fausto

212 2405 525 2480 Rhegiensi,
547 2405 631 2476 qui
655 2405 708 2459 in
739 2421 836 2460 ms.
866 2403 1159 2477 appellatur
1183 2416 1412 2471 sanctus,
1443 2407 1551 2461 harc
1580 2408 1810 2462 notanda

210 2500 456 2555 uidentur
480 2514 596 2571 quae
623 2497 879 2553 Baronius
907 2498 971 2552 de
992 2497 1090 2553 hac
1124 2499 1236 2569 ipsa
1266 2497 1415 2553 habet
1453 2499 1508 2553 in
1530 2500 1811 2571 appendice

210 2595 334 2650 tonsi
358 2592 411 2649 Χ
440 2593 509 2647 ad
540 2602 731 2647 tomum
756 2589 859 2660 γι,
895 2606 1030 2645 anno
1054 2590 1157 2647 490
1185 2589 1320 2661 (Col.
1348 2589 1508 2661 1122)
1532 2608 1545 2642 :
1588 2609 1606 2643 ι
1642 2590 1809 2647 Porro

210 2685 462 2743 Faustus
502 2687 609 2757 ipse
637 2701 754 2741 cum
787 2683 862 2757 (a)
893 2715 963 2724 —
985 2684 1053 2738 ibi
1079 2712 1152 2725 --
1186 2683 1435 2736 miramur
1461 2682 1524 2737 ab
1556 2682 1811 2753 aliquibus

215 2780 580 2849 imprudenter
608 2794 733 2832 sane
760 2776 967 2831 inscribi
998 2775 1246 2831 Sanctum
1265 2802 1335 2815 -—
1356 2775 1434 2828 his
1465 2775 1571 2829 hac
1599 2774 1813 2828 adde—

211 2871 330 2928 lsta
382 2873 591 2944 quidem
642 2872 805 2943 priori
847 2870 1069 2924 editione
1119 2885 1183 2923 ea:
1219 2868 1457 2922 adductis
1504 2868 1816 2923 diversarum

214 2966 431 3034 scriptis
464 2964 742 3033 afﬁrmasse
766 3001 782 3029 ,
831 2977 932 3014 non
958 2959 1193 3014 indecens
1223 2958 1432 3028 quidem
1458 2959 1578 3029 fuit.
1610 2958 1673 3011 At
1701 2973 1818 3012 vero

212 3072 278 3112 ex
295 3066 487 3129 postea
506 3055 719 3127 cognitis
745 3064 791 3109 et
813 3053 1070 3121 adductis,
1093 3068 1272 3106 rursus
1287 3052 1356 3104 ad
1367 3050 1630 3124 judicium
1650 3050 1819 3121 ipsum

283 3217 371 3288 (a)
406 3216 580 3272 Locus
626 3216 755 3288 torni
786 3214 924 3288 sexti
951 3228 1107 3282 quem
1141 3211 1225 3288 llic
1254 3220 1509 3288 retractat
1554 3213 1816 3288 Duronius

204 3281 305 3346 sic.
326 3281 394 3343 s'c
426 3289 584 3342 habet
614 3305 626 3341 :
666 3286 829 3339 Porro
876 3281 1099 3339 Faustus
1143 3285 1271 3353 ipse,
1302 3300 1421 3338 cum
1449 3284 1561 3353 ejus
1578 3284 1816 3408 fallacia:

205 3364 459 3408 delecter.
490 3366 654 3408 essent
676 3356 856 3408 auibus
880 3366 1095 3408 conatus
1129 3365 1203 3408 est
1234 3356 1472 3408 revellere
1502 3354 1578 3408 Pe
1601 3358 1814 3408 aaianas

205 3364 460 3422 delecter,
490 3366 654 3412 essent
676 3356 856 3427 quibus
880 3366 1095 3411 conatus
1129 3365 1203 3410 est
1234 3356 1472 3411 revellere
1502 3354 1814 3427 Pelagianae

1906 1848 2044 1903 sedis
2059 1850 2351 1918 apostolica
2370 1850 2609 1920 deﬁnita,
2633 1861 2680 1904 et
2702 1852 2815 1921 ejus
2836 1853 3010 1922 opinio
3035 1852 3256 1906 aliorum
3278 1851 3497 1906 Patrum

1904 1941 2151 1996 sententia
2170 1942 2531 2010 condemnata,
2559 1943 2669 2011 ipse
2685 1960 2835 1997 suum
2857 1960 3079 1997 errorem
3111 1946 3268 2015 fuerit
3294 1945 3496 2016 scriptis

1907 2033 2175 2088 contrariis
2186 2034 2481 2103 detestatus,
2495 2049 2608 2104 qua:
2620 2035 2895 2105 potuerint,
2915 2046 2968 2089 ut
2981 2036 3085 2089 alia
3096 2037 3494 2105 quamplurima,

1908 2126 2151 2197 periisse;
2173 2125 2252 2180 vel
2281 2126 2452 2198 ipsum
2476 2135 2595 2181 ante
2624 2127 2933 2197 scriptorum
2954 2128 3141 2198 factam
3169 2127 3233 2180 ab
3265 2125 3497 2180 Ecclesia

1909 2222 2290 2276 damnationem
2310 2223 2446 2277 diem
2473 2223 2653 2278 abiisse
2674 2224 2923 2292 (incertus
2943 2233 3016 2277 est
3039 2239 3172 2277 enim
3195 2228 3311 2294 ejus
3332 2223 3498 2276 obitus

1908 2316 2099 2383 annus)
2123 2313 2390 2369 habentem
2411 2316 2463 2368 in
2483 2315 2653 2369 animo
2680 2315 2736 2367 in
2761 2315 2841 2368 his
2863 2316 3007 2386 sequi
3024 2315 3164 2385 quod
3189 2317 3499 2383 sequendum

1910 2408 2115 2463 doceret
2145 2407 2399 2463 Ecclesia.
2424 2405 2511 2462 Ita
2534 2409 2740 2477 quidem
2763 2408 2935 2476 ipsum
2960 2407 3303 2475 compositum
3329 2407 3501 2459 animo

1912 2502 2096 2571 fuisse,
2130 2500 2347 2572 aliisque
2373 2502 2681 2567 innotuisse,
2714 2501 2834 2554 inde
2865 2500 3018 2571 facile
3043 2506 3204 2568 potest
3252 2496 3502 2566 intelligi,

1911 2593 2048 2663 quod
2074 2608 2272 2662 semper
2307 2593 2382 2659 (ut
2412 2592 2643 2646 indicant
2671 2601 2789 2646 acta
2819 2592 3158 2646 conciliorum
3188 2588 3503 2643 Arelatensis

1915 2692 1962 2737 et
1976 2682 2361 2753 Lugdunensis)
2385 2684 2893 2737 communicationem
2917 2681 3091 2734 habuit
3108 2696 3221 2733 cum
3238 2680 3505 2734 sanctissi-

1917 2775 2033 2828 mis.
2063 2774 2364 2829 arthadouis
2412 2772 2705 2828 Galliarum
2735 2773 3005 2844 episcOpis.
3065 2770 3311 2825 Maneant
3350 2770 3506 2839 igitur

1921 2866 2120 2921 Fausto
2145 2867 2346 2938 integra
2365 2870 2493 2939 jura
2524 2883 2641 2933 sua,
2671 2881 2762 2920 nec
2792 2882 2854 2920 ex
2879 2864 3071 2919 nostris
3100 2863 3302 2934 scriptis
3326 2864 3508 2916 sentiat

1920 2960 2279 3033 pra’judicium
2302 2975 2322 3014 :
2342 2976 2503 3029 neque
2528 2960 2728 3028 privato
2750 2958 2942 3028 judicio
2968 2956 3180 3011 novitati
3207 2956 3352 3010 liceat
3382 2970 3507 3007 con-

1922 3053 2104 3108 uellere
2125 3051 2499 3135 antiquitatem.
2539 3070 2558 3104 ι
2595 3051 2725 3107 Haec
2756 3049 3034 3105 Baronius.

1917 3214 2123 3288 scrobes
2144 3215 2196 3269 in
2225 3210 2433 3285 lapsum
2462 3213 2795 3288 simplicium,
2828 3209 3135 3288 abalienavit
3174 3224 3207 3261 a
3230 3224 3284 3262 se
3312 3208 3509 3288 animos

1918 3282 2474 3367 episcgparum,_atque
2502 3284 2730 3367 .decessit
2767 3282 3051 3367 inglorius;
3078 3295 3226 3350 quem
3266 3282 3509 3367 mirtamur

1920 3347 1984 3411 ab
2013 3347 2656 3429 aliquibus'imprudenter
2680 3370 2803 3409 sane
2818 3347 3030 3408 inscribi
3061 3347 3322 3407 ssucruu.
3354 3347 3508 3404 Eon.

210 3486 3486 3530 ___________________________________________........

1378 3614 1786 3701 JACOBI
1831 3618 2374 3703 BASNAGII

936 3784 2169 3919 ANIMADVEBSIONES
2247 3732 2807 3896 CRITICZE‘

1122 3991 1256 4062 DE
1336 3990 1424 4066 s.
1502 3996 1914 4071 FAUSTO
1990 3992 2616 4089 RHEGIENSI,

205 4169 292 4215 AN
328 4162 588 4211 FUBRlT
614 4160 1154 4207 SEMIPELAGIANUS
1179 4163 1260 4206 ΕΤ
1284 4163 1517 4208 ΔκιΜΑε
1547 4167 1818 4212 MATERIA

1921 4169 1951 4212 Β
1980 4167 2339 4225 υοευκιιτς
2362 4168 2442 4211 ΔΝ
2476 4165 2875 4213 νειιειιιειιιε
2894 4191 2912 4222 ,
2936 4164 3266 4215 Ειηετοωε
3290 4165 3517 4211 ιυοιυο

1218 4244 1298 4285 ΕΤ
1327 4243 1495 4288 ΒιΝιε
1532 4245 1841 4292 CONCILIIS
1876 4248 2309 4294 8UPPOSUEBIT
2332 4273 2351 4304 ν
2388 4247 2531 4291 ETC.

1408 4368 2347 4400 Ὶ-ι-

276 4528 339 4586 1.
368 4525 605 4580 Diuersa
633 4517 820 4591 gaudet
848 4526 895 4571 et
923 4516 1122 4572 laborat
1151 4517 1287 4587 fama
1314 4514 1539 4571 Faustus
1568 4516 1824 4586 Rhegien-
1852 4518 1898 4580 C
1927 4520 2114 4576 saltem
2134 4525 2358 4594 plurima
2386 4541 2498 4596 quas
2523 4527 2939 4594 interpretatione
2967 4529 3186 4599 benigna
3211 4546 3422 4596 prorsus
3443 4531 3520 4583 in-

198 4629 302 4695 sis,
330 4621 548 4694 quippe
577 4614 665 4685 qui
692 4630 724 4666 a
754 4611 989 4682 plurimis
1017 4611 1146 4664 inter
1173 4610 1314 4663 divos
1344 4616 1685 4674 recenseatur,
1716 4611 1829 4678 mf.

197 4723 475 4793 fragante
525 4708 756 4764 Ecclesia
797 4708 943 4778 cujus
991 4706 1088 4775 fuit
1121 4706 1409 4774 episcopus.
1446 4701 1589 4756 Nam
1630 4702 1683 4753 in
1722 4700 1829 4793 ejus

195 4790 489 4867 honorem
516 4803 652 4857 diem
674 4804 859 4870 festum
881 4799 1125 4853 hactenus
1142 4796 1380 4851 celebrat.
1406 4793 1684 4848 Nutaverat
1707 4790 1832 4845 olim

196 4902 523 4962 Baronius,
535 4896 627 4967 qui
641 4893 790 4948 illum
803 4891 1149 4962 versipellem
1166 4889 1499 4959 vulpeculam
1516 4884 1830 4958 appellabat.

193 4998 318 5057 Sed
338 4990 616 5051 Ecclesia:
638 4986 938 5059 Rhegiensis
960 4985 1374 5057 precibus,cujus
1395 4980 1687 5037 auctoritati
1701 4978 1835 5033 mul—

195 5101 315 5146 tum
336 5078 668 5141 detrahebat
688 5076 949 5131 annalista
965 5075 1343 5141 celeberrimus,
1358 5074 1629 5144 impulsus,
1661 5071 1837 5142 pristi~

194 5199 333 5240 nam
366 5173 608 5233 mutavit
641 5170 962 5234 sententiam,
982 5178 1038 5224 ut
1060 5170 1245 5241 legitur
1278 5170 1330 5222 in
1364 5166 1665 5239 prafatiane
1684 5162 1837 5219 Cani-

194 5278 392 5337 siana,
413 5280 588 5340 quam
605 5262 687 5315 hic
702 5261 1065 5329 descripsimus
1082 5260 1328 5330 integram
1344 5256 1501 5330 (Vide
1516 5256 1759 5327 superius
1783 5257 1834 5309 in

192 5367 311 5425 hac
325 5365 463 5435 ipsa
482 5350 723 5429 pag.).ln
736 5352 876 5407 uaria
886 5351 1069 5406 abeunt
1082 5358 1187 5405 tum
1199 5360 1385 5406 veteres
1397 5358 1503 5404 tum
1514 5348 1836 5403 recentiores.

197 5459 387 5515 Illum
402 5448 640 5509 laudare
652 5445 855 5499 videtur
867 5441 1127 5499 Sidonius
1145 5441 1491 5513 Apollinaris,
1502 5440 1556 5493 in
1573 5438 1757 5523 littqis
1773 5439 1840 5492 ad

194 5556 397 5626 ipsum
429 5539 682 5611 scriptis;
705 5537 796 5593 sed
815 5554 881 5591 an
902 5537 1075 5605 jocari
1098 5535 1395 5599 voluerit,et
1421 5532 1635 5586 nimium
1652 5528 1841 5585 Fausti

197 5623 472 5702 etudium
491 5632 634 5689 circa
652 5626 1032 5701 philosophiam
1053 5627 1458 5699 eteloquentiam,
1475 5640 1631 5696 quam
1656 5623 1839 5679 sectari

201 5734 565 5796 conabatur,
594 5724 780 5789 ridere,
798 5730 884 5775 aut
910 5722 1143 5789 laudare,
1162 5722 1326 5775 dicere
1346 5720 1523 5774 nolim.
1558 5715 1841 5773 Occurrunt
1869 5760 1873 5767 .

549 5821 816 5880 Ρλτιιοι.
866 5815 1080 5877 LVIII.

1931 4614 2127 4684 digent.
2152 4615 2542 4685 Reformidabat
2565 4617 2812 4672 Sidonius
2833 4620 3135 4671 acerrimum
3160 4616 3345 4672 Fausti
3371 4620 3519 4687 inge-

1931 4705 2108 4772 nium,
2138 4708 2227 4776 qui
2253 4706 2318 4760 ab
2353 4722 2413 4761 eo
2452 4708 2649 4762 litteras
2686 4708 3028 4776 exspectabat,
3069 4718 3117 4763 et
3141 4722 3369 4779 receptas
3399 4728 3521 4765 cen-

1933 4811 2069 4851 sura
2110 4797 2411 4869 subjiciebat
2432 4812 2452 4853 :
2484 4817 2503 4851 ‹
2535 4797 2699 4867 quue
2724 4801 2944 4855 votivum
2974 4799 3101 4853 mihi
3128 4802 3396 4871 granditer
3425 4803 3523 4873 fuit

1935 4903 1995 4941 ac
2041 4897 2399 4959 peroptatum,
2433 4898 2487 4942 ut
2528 4890 2744 4961 epistola
2797 4892 3031 4962 injuncta
3070 4908 3160 4945 nec
3185 4893 3525 4965 denegaretur

1936 4979 2128 5050 scripta
2156 4978 2415 5043 amicitiae,
2446 4995 2538 5033 nec
2558 4979 2856 5034 subderetur
2894 4981 3023 5035 lecta
3050 4997 3297 5036 censum.
3329 4999 3349 5033 ι
3381 4982 3523 5047 Quid

1936 5078 2114 5124 sonent
2153 5069 2247 5124 illa
2276 5071 2457 5134 verba,
2505 5069 2723 5125 viderint
2760 5071 3078 5143 interpretes.
3124 5089 3141 5122 ε
3177 5071 3314 5134 Quin
3352 5071 3522 5141 potius

1938 5163 2163 5215 animam
2184 5162 2319 5215 male
2339 5161 2436 5217 sibi
2457 5162 2714 5217 consciam
2732 5172 2779 5217 et
2801 5179 2891 5234 per
2908 5162 3061 5217 horas
3078 5164 3148 5215 ad
3170 5162 3389 5231 ptenalis
3409 5163 3526 5216 vita

1940 5253 2112 5310 debita
2133 5255 2603 5309 contremiscentem
2632 5254 3053 5326 frequentissimis
3082 5255 3182 5307 tuis
3210 5253 3314 5307 illis
3352 5263 3400 5307 et
3428 5269 3522 5307 ra-

1944 5348 2238 5402 lentissimis
2264 5349 2555 5402 orationum
2580 5363 2849 5403 numerare
2873 5347 3157 5418 suffragiis,
3190 5362 3398 5417 precum
3428 5362 3522 5418 pe-

1925 5442 2069 5497 .ritus
2109 5442 2497 5507 insulanarum,
2546 5456 2674 5509 quas
2721 5442 2784 5494 de
2834 5440 3077 5511 palatstra
3113 5439 3519 5509 congregationis

1938 5531 2214 5587 eremitidis
2233 5573 2249 5597 ,
2281 5540 2328 5587 et
2373 5533 2438 5587 de
2460 5514 2641 5586 senatu
2667 5529 3013 5586 Lirinensium
3054 5529 3441 5586 cellulariorum
3468 5532 3522 5584 in

1939 5623 2112 5677 urbem
2138 5640 2356 5695 quoque,
2374 5626 2522 5694 cujus
2535 5622 2758 5683 ecclesia
2776 5637 2927 5677 sacra
2949 5621 3328 5691 superinspicis,
3354 5629 3522 5676 trans-

1943 5716 2125 5785 tulisti,
2154 5715 2282 5771 nihil
2307 5724 2530 5771 mutatns
2559 5715 2758 5771 abbate.
2787 5733 2804 5766 ι
2842 5713 3051 5769 Videtur
3085 5714 3333 5769 Sidonius
3361 5715 3525 5771 ridere

3206 5805 3285 5865 25

3554 3970 3566 4013 Ι
