4060 6332
8 4700 27 4763 τι

8 4766 27 4873 ἐξ

20 5366 23 5389 l

30 5162 35 5187 i

30 5198 37 5241 ἑ

32 5252 37 5285 i

34 5296 37 5337 ε

34 5352 41 5415 i

36 5424 41 5443 t

38 5498 39 5517 ι

490 198 631 311 "779
776 194 787 199 ﬂ
812 197 839 284 ί
1240 266 1245 275 ε
1687 236 1749 297 s.
1783 231 2097 293 FAUSTUS
2130 230 2137 259 ε

2244 224 2563 286 EGIENSIS.
3702 232 3820 290 780

528 379 637 425 tum
660 367 893 423 senatum
938 359 1342 423 cetlulariorum,
1376 364 1485 409 tum
1511 351 1840 423 disciplinam
1869 344 2115 403 monasti-
2141 345 2193 406 Α
2220 350 2422 406 notata,
2451 349 2507 396 et
2532 344 2735 395 natura:
2765 344 2961 395 nustrm
2985 339 3052 395 ad
3083 338 3205 396 lidci
3236 339 3445 397 initium
3470 351 3524 398 et
3549 342 3652 398 alia
3684 346 3822 415 plus

530 478 662 528 cam,
684 473 839 530 quam
867 452 1063 511 tumido
1092 452 1242 507 nimis
1262 450 1439 504 animo
1462 445 1691 503 Faustus
1715 444 1782 498 ad
1814 442 2113 512 dignitatem

530 546 869 624 episcopalem
911 555 1211 618 promotus,
1241 552 1289 597 et
1313 542 1433 597 inde
1463 554 1618 596 sacra
1660 532 2121 624 superinspiciens

531 622 848 705 observabat,
880 646 936 693 ut
966 637 1103 710 plebi
1129 634 1422 702 ueterisque
1449 632 1654 704 facilius
1691 629 1994 699 imponeret,
2022 622 2123 678 ab-

531 730 976 791 stinentissimam
1022 731 1184 785 vitam
1234 726 1507 798 professus
1533 768 1548 793 ,
1593 732 1649 781 et
1694 736 1800 776 non
1853 727 2120 774 secretam

533 844 780 896 crucem,
812 824 907 882 sed
954 824 1219 896 publicam
1260 822 1553 877 vanitatem
1600 815 1857 888 jactantia
1910 811 2123 867 ventosi

538 921 767 977 tumoris
790 932 1122 990 exaggerans
1141 958 1156 982 ,
1185 925 1442 987 quantum
1470 912 1639 982 potuit
1668 915 1983 965 venenatam
2008 904 2123 960 dis-

535 1014 899 1085 putationem,
948 1009 1094 1064 velut
1129 1004 1518 1062 indeclinabilis
1562 1002 1816 1056 virtutum
1858 1005 2123 1061 servator,

536 1102 768 1170 induxit,
794 1103 1049 1175 inquiebat
1079 1101 1256 1155 Avitus
1284 1118 1367 1169 ep.
1395 1100 1452 1154 4-
1483 1096 1637 1151 Hanc
1663 1096 1835 1164 ﬁrmat
1863 1094 2125 1161 conjectu-

540 1215 651 1252 ram
681 1196 1043 1261 controversia,
1074 1207 1373 1264 quanquam
1400 1186 1823 1253 levissima,inter
1854 1183 2128 1239 Sidonium

544 1298 589 1343 et
621 1287 873 1343 Faustum
905 1294 1046 1341 nata.
1080 1283 1295 1338 Miserat
1332 1280 1562 1335 Faustus
1603 1278 1909 1332 Riochatum
1946 1288 2128 1329 mona-

540 1382 695 1436 chum
714 1389 761 1436 et
790 1379 1069 1435 antistitem
1087 1377 1157 1430 ad
1192 1374 1485 1437 Britannos,
1513 1370 1834 1427 Gontribules
1860 1384 1998 1436 suos,
2016 1376 2062 1421 et
2083 1367 2132 1420 ei

542 1472 766 1527 Libellos
789 1472 948 1537 duos,
975 1472 1030 1524 in
1058 1466 1337 1538 Aquitania
1376 1462 1637 1527 celandae,
1669 1459 1933 1515 Britannis
1960 1456 2130 1511 solum

546 1563 804 1637 legendos,
847 1562 1188 1616 commiserat.
1224 1556 1486 1613 Remansit
1526 1554 1666 1625 apud
1695 1552 1970 1609 Sidonium
2002 1549 2132 1603 Rio-

543 1659 725 1709 chatus
770 1670 861 1725 per
899 1653 1159 1717 bimestre,
1208 1656 1413 1721 propter
1455 1654 1622 1701 motus
1662 1656 1780 1699 tunc
1810 1642 2048 1713 temporis
2077 1642 2132 1695 in

2222 435 2494 507 aliquanto
2529 433 2765 490 tribuere
2790 432 2934 489 visas
2958 442 3039 489 est
3067 450 3225 505 quam
3259 451 3353 507 par
3376 445 3493 492 erat
3516 436 3825 508 (Sirmundi

2227 526 2475 581 Historia!
2498 527 2735 595 prtedest.
2763 540 2873 597 cap.
2892 522 2973 597 8).
3008 522 3113 582 Sed
3134 526 3287 598 hujus
3308 529 3568 584 sententia:
3589 531 3824 584 vindices

2226 619 2453 693 appellat
2483 618 2665 675 Patres
2692 619 2921 685 Gratcos,
2946 623 3045 674 imo
3075 620 3245 690 ipsum
3272 620 3638 692 Augustinum,
3669 635 3824 677 ante-

2226 726 2378 779 quam
2405 720 2622 766 mentem
2644 719 2905 778 mutasset,
2936 717 2990 764 ut
3020 719 3204 765 cratera
3235 712 3486 765 omittam.

2298 805 2416 861 Stat
2446 804 2509 859 ab
2535 804 2695 857 altera
2722 810 2867 875 parte
2892 800 3208 875 Mauguinus
3236 798 3551 877 prteses,vir
3580 806 3826 863 doctissin

2227 914 2359 964 mus,
2381 897 2853 951 Prwdestinatiante
2879 894 3066 965 fabulis
3092 895 3407 967 confutator,
3432 897 3518 965 qui
3541 914 3641 951 non
3667 898 3825 951 nwdo

2231 988 2485 1045 Faustum
2506 990 2870 1062 deprimit,sed
2896 990 2950 1043 in
2980 1004 3095 1043 eum
3126 990 3377 1044 invehitur
3400 1001 3453 1044 ut
3472 991 3825 1061 versipellem

2231 1084 2564 1154 vulpeculam
2611 1090 2666 1138 et
2708 1082 3054 1152 impostorem
3081 1127 3095 1151 ,
3138 1083 3226 1150 qui
3274 1078 3461 1137 Lucidi
3502 1081 3825 1153 epistolam,

2230 1185 2287 1233 et
2311 1176 2736 1247 subscriptiones
2766 1173 3117 1231 conciliorum
3146 1168 3321 1240 tinxit,
3369 1182 3427 1229 ut
3456 1172 3580 1229 aliis
3608 1173 3828 1231 facilius

2234 1269 2505 1326 illuderet.

2306 1362 2399 1417 III
2412 1403 2425 1417 .
2446 1362 2674 1418 Mediam
2690 1371 2911 1417 tenemus
2934 1362 3195 1416 beatorum
3215 1356 3564 1417 viam.Peccat
3583 1361 3831 1418 Sirmun-

2234 1460 2364 1527 dus,
2407 1458 2727 1527 quantumvis
2765 1455 3165 1521 eruditissimus,
3194 1472 3311 1509 cum
3337 1453 3523 1509 Fausti
3554 1466 3828 1524 patronos,

2236 1551 2533 1617 Hilarium,
2566 1549 2924 1615 Gennadium,
2951 1558 3071 1617 etc.,
3105 1546 3580 1617 Semipelagianos,
3619 1547 3830 1601 laudat.

2243 1647 2438 1702 Deinde
2460 1644 2722 1715 Fulgentii
2745 1653 2790 1697 et
2810 1642 2943 1696 Aviti
2969 1641 3275 1696 Viennensis
3305 1640 3612 1713 objectiones
3638 1639 3832 1710 frivola

544 1746 718 1802 Gallia
748 1721 1029 1800 concitatos
1046 1752 1139 1815 Mt
1166 1743 1253 1813 qui
1276 1743 1340 1796 de
1365 1740 1563 1795 Fatile
1584 1738 1775 1809 δωρὶῑιδ
1801 1735 2121 1807 loquebatur,
2154 1721 2206 1783 Β
2231 1742 2432 1795 ratione
2458 1745 2672 1792 conatur
2708 1736 2926 1789 eludere.
2966 1728 3152 1788 Peccat
3182 1728 3519 1802 Mauguinus,
3548 1733 3637 1817 qui
3663 1733 3833 1788 multa

547 1844 611 1895 de
638 1840 855 1911 Scriptis
884 1840 982 1909 ipsi
1012 1837 1293 1891 commissis
1320 1835 1475 1889 tacuit
1496 1835 1715 1904 penitus.
1742 1830 1846 1885 Sed
1872 1830 1925 1883 in
1952 1829 2133 1881 itinere

546 1932 873 2003 postmodum
918 1928 1237 1984 Riochatum
1260 1968 1275 1995 ,
1305 1926 1471 1996 inquit
1508 1924 1790 1986 Sidonius,
1815 1921 1925 1976 cito
1956 1918 2135 1990 proie-

545 2035 715 2093 ctum,
748 2039 869 2079 cum
894 2023 1128 2093 quipiam
1155 2020 1223 2074 de
1265 2017 1558 2073 viatoribus
1599 2014 1978 2085 prodidissent,
2008 2025 2134 2081 my-

547 2116 696 2171 sticte
733 2129 879 2185 gaza:
915 2112 1111 2167 clausis
1153 2109 1443 2164 involucris
1474 2107 1611 2161 clam
1652 2108 1793 2159 terre
1831 2103 2133 2165 thesauros,

544 2206 854 2278 pernicibus
882 2204 1033 2274 equis
1062 2204 1336 2258 insecutus
1364 2201 1675 2266 abeuntem,
1709 2198 1798 2266 qui
1825 2195 1979 2251 facile
2006 2208 2134 2264 pos»

547 2309 667 2354 sent
696 2296 903 2352 itineris
931 2294 1353 2365 pridianispatia
1379 2300 1722 2360 pravertere,
1739 2289 1882 2358 capti
1910 2286 2138 2355 hospitis

547 2406 720 2463 genua
743 2390 1093 2459 complector,
1116 2388 1358 2457 iumenta
1381 2385 1536 2451 sisto,
1572 2386 1724 2439 frena
1753 2382 2138 2453 ligo,sareinas

549 2485 723 2551 solvo,
766 2482 1049 2552 quaesitum
1080 2480 1328 2535 volumen
1366 2479 1612 2543 invenio,
1643 2475 1899 2546 produco,
1932 2476 2134 2544 lectito,

550 2591 741 2647 magna
789 2590 855 2629 ex
903 2573 1109 2643 magnis
1154 2574 1330 2641 capita
1378 2570 1706 2626 defrustans.
1754 2566 1887 2622 Inde
1932 2565 2140 2623 Sidonii

550 2670 885 2725 amarissima:
920 2669 1184 2738 [luxerunt
1211 2666 1428 2735 querela
1456 2665 1525 2718 ad
1552 2662 1807 2718 Faustum
1835 2663 2026 2732 ipsum,
2069 2672 2137 2714 an

551 2764 895 2833 supercilium
922 2771 1171 2832 tanquam
1195 2759 1350 2830 rigidi
1366 2758 1595 2830 plosoris
1618 2758 1977 2813 extimescens:
2000 2776 2025 2813 :5
2044 2766 2136 2809 ‘an

552 2857 673 2911 ideo
700 2870 786 2910 me
829 2840 1209 2910 fastidiendum
1240 2851 1732 2923 negligendumque
1759 2850 1979 2913 curasti,
2012 2848 2139 2917 quia

553 2957 928 3003 contemneres
952 2946 1263 3016 iuniorem?
1292 2945 1435 3015 quod
1467 2958 1653 3014 parum
1680 2942 1845 2998 credo
1870 2958 1885 3007 ;
1919 2955 1984 2995 an
2015 2942 2138 3010 quia

553 3038 878 3095 indoctum?
906 3042 1051 3107 quod
1080 3036 1248 3105 magis
1287 3032 1405 3090 fero
1426 3078 1441 3104 ,
1471 3044 1569 3088 etc.
1602 3032 1730 3087 Haec
1767 3032 2137 3116 uricgissintam

558 3146 661 3182 non
681 3130 885 3197 sapiunt
907 3127 1206 3183 amicitiam.
1245 3126 1384 3181 Intra
1408 3141 1589 3180 muros
1616 3092 1945 3194 peccatur.“
1965 3134 2137 3179 extra.
2166 3092 2218 3158 θ

558 3220 685 3275 Non
710 3220 879 3274 debuit
894 3220 1115 3272 amicum
1137 3217 1321 3284 celare,
1345 3217 1389 3269 si
1406 3215 1636 3270 Faustus
1659 3214 1755 3286 fuit
1778 3215 2136 3282 amicissimus,

558 3313 747 3381 scripta
764 3326 879 3383 qua:
902 3311 1127 3365 mittebat
1159 3311 1211 3364 in
1226 3309 1463 3380 Angliam
1482 3325 1499 3373 ;
1518 3324 1606 3362 nec
1625 3302 1872 3363 Sidonius
1895 3306 2142 3377 festinan-

559 3406 623 3459 tis
656 3405 889 3459 monachi
914 3405 1122 3474 vestigia
1146 3404 1308 3473 sequi,
1337 3411 1386 3455 ut
1415 3420 1475 3456 ea
1504 3401 1694 3471 scripta
1720 3401 1814 3454 sibi
1842 3400 2139 3454 vindicaret.

502 3520 509 3527 κ
558 3499 838 3551 Autumant
868 3496 1093 3568 plerique
1122 3496 1229 3550 haec
1255 3495 1443 3565 scripta
1473 3491 1630 3564 fuisse
1657 3490 1784 3546 duos
1810 3492 1871 3546 de
1891 3490 2071 3547 Gratia
2094 3502 2141 3547 et

557 3591 743 3645 Libero
759 3591 982 3644 Arbitrio
1000 3591 1184 3656 libros;
1206 3590 1292 3643 sed
1319 3588 1633 3658 Mauguinus
1654 3602 1837 3658 prases
1859 3600 1959 3642 non
1977 3589 2141 3658 potuit

558 3687 652 3741 sibi
669 3686 1004 3743 Sirmundum
1026 3696 1266 3755 tanquam
1286 3682 1651 3754 suffragantem
1679 3683 1937 3748 indicare;
1958 3684 2143 3752 quippe

559 3781 645 3849 qui
677 3780 728 3832 in
752 3779 885 3832 notis
920 3780 1024 3832 haec
1054 3796 1208 3846 opera
1228 3777 1408 3833 Fausti
1441 3778 1648 3847 periisse
1670 3787 1857 3845 tuetur,
1884 3793 1943 3829 ea
1983 3777 2140 3847 potis-

559 3872 742 3923 simum
773 3871 990 3937 ratione,
1010 3871 1147 3940 quod
1176 3869 1446 3937 Sidonius,
1473 3871 1559 3940 qui
1582 3870 1676 3922 hoc
1703 3886 1827 3939 Opus
1845 3869 2142 3938 Operosissi-

560 3978 698 4014 mum
720 3961 932 4031 legerat,
958 3961 1256 4031 bipartitum
1277 3962 1369 4015 sub
1391 3961 1587 4032 dialogi
1612 3960 1888 4024 schemate,
1911 3959 2003 4013 sub
2023 3974 2143 4013 cau-

561 4068 735 4107 sarum
750 4053 967 4107 themate
986 4053 1417 4121 quadripartitum
1440 4044 1594 4122 fuisse
1609 4053 1817 4121 afﬁrmet
1833 4069 1850 4115 ;
1867 4068 1978 4119 qum
1999 4051 2141 4104 libris

563 4146 627 4196 de
655 4142 838 4197 Gratia
868 4161 970 4198 non
999 4145 1323 4199 conveniunt.

544 4275 546 4279 μ
633 4236 778 4291 Inter
818 4248 1002 4293 veteres
1062 4236 1253 4291 Fausto
1291 4241 1611 4311 refragantes
1668 4239 1917 4292 recenseri
1967 4236 2143 4292 debent

570 4330 768 4393 Avitus,
807 4327 1105 4382 Viennensis
1144 4329 1362 4397 prcesul,
1391 4340 1437 4382 et
1479 4330 1591 4383 Ado
1624 4328 1935 4400 (Chronicon
1963 4331 2027 4384 ad
2052 4346 2138 4385 an.

564 4418 721 4489 492),
747 4418 975 4495 ejusdem
999 4418 1139 4472 urbis
1167 4419 1463 4490 episcopus,
1495 4420 1581 4487 qui
1607 4420 1806 4484 scribit,
1836 4422 1957 4473 dum
1988 4420 2143 4475 Pela—

562 4510 775 4583 gianum
803 4510 989 4581 dogma
1013 4510 1273 4565 destruere
1296 4520 1592 4579 conaretur,
1622 4512 1677 4565 in
1700 4522 1920 4567 errorem
1940 4528 2046 4567 esse
2067 4513 2143 4566 la-

565 4619 738 4675 psum,
762 4613 806 4657 et
827 4603 939 4658 ideo
957 4604 1168 4658 liberum
1190 4604 1455 4659 arbitrium
1474 4606 1723 4671 docuisse,
1740 4614 1800 4660 ut
1828 4604 2145 4662 illuminatio

567 4697 685 4765 ejus
726 4704 780 4750 et
814 4696 960 4752 salus
1004 4713 1107 4752 non
1154 4696 1225 4753 sit
1255 4712 1285 4751 ει
1326 4697 1563 4767 Christo,
1593 4697 1691 4755 sed
1712 4712 1742 4753 a
1770 4708 1978 4754 natura.
2009 4698 2145 4754 Eum

564 4788 781 4859 denique
807 4790 973 4843 virum
1017 4790 1292 4859 profunda
1316 4792 1618 4848 ulliditatls
1659 4793 1886 4865 appellat
1913 4792 2145 4848 Isidorus

492 4882 493 4885 “
566 4879 923 4953 Hispalensis.

556 5012 560 5016 .
633 4970 698 5024 Il
708 5010 721 5025 .
741 4970 811 5025 In
831 4972 1028 5027 diversa
1045 4974 1193 5042 plane
1205 4973 1283 5028 abi
1297 4983 1387 5027 unt
1407 4976 1727 5043 recentiores,
1749 4987 1899 5046 prout
1920 4976 2143 5048 partium

565 5064 738 5119 studio
784 5064 1129 5135 abripiuntur.
1158 5084 1177 5117 ι
1206 5066 1331 5135 Quis
1358 5084 1503 5140 etquo
1531 5071 1701 5124 animo
1731 5072 1863 5139 ferat
1894 5069 2144 5126 Faustum

564 5154 735 5209 vexari
757 5155 987 5225 passima
1008 5157 1202 5225 multis,
1218 5158 1516 5230 traducique
1531 5170 1770 5231 tanquam
1788 5162 2137 5217 hwreticum?»

562 5246 725 5314 inquit
754 5247 1090 5304 Sirmundus.
1133 5248 1349 5319 Culpam
1385 5254 1615 5306 criminis
1650 5255 1813 5325 rejicit
1842 5255 1895 5308 in
1926 5252 2145 5310 Maxen-

566 5339 713 5406 tium,
733 5339 983 5411 Scytham
1008 5342 1332 5411 monachum,
1354 5346 1439 5413 qui
1460 5346 1638 5416 longas
1668 5347 1840 5400 habuit
1864 5347 1977 5402 lites
2006 5350 2141 5402 circa

566 5433 804 5502 gratiam,
832 5434 893 5488 de
920 5436 1101 5504 quibus
1124 5436 1267 5493 alibi.
1299 5436 1492 5493 Deinde
1519 5440 1716 5493 inducit
1745 5441 1895 5504 viros,
1927 5456 1985 5494 eo
2016 5449 2139 5496 tem-

566 5540 691 5594 pore
714 5528 1091 5596 celeberrimos,
1115 5530 1377 5585 Hilarium
1399 5533 1765 5601 Arelatensem,
1791 5532 2137 5601 Gennadium,

569 5615 879 5682 Maximum,
902 5629 950 5674 et
976 5620 1235 5677 Hilarium
1252 5626 1562 5694 pontiﬁcem.
1580 5625 1688 5681 Nec
1709 5627 1947 5697 diﬂitetnr
1969 5636 2139 5683 tamen

567 5712 628 5767 ab
642 5713 787 5765 Avito
815 5711 1081 5770 Viennensi
1101 5728 1145 5770 et
1171 5715 1445 5783 Fulgentio
1469 5720 1622 5785 plura
1650 5722 1700 5773 in
1732 5723 1930 5789 scriptis
1956 5722 2139 5777 Fausti

2166 4471 2223 4534 D

2233 1833 2367 1888 velut
2395 1830 2575 1901 [ictitia
2598 1826 2798 1883 Fausto
2840 1826 3049 1882 tribuat.
3076 1824 3332 1879 Miramur
3366 1834 3533 1878 tamen
3572 1821 3833 1899 Faustum

2236 1928 2366 1981 inter
2392 1922 2667 1979 eath‘olicos
2702 1928 2749 1977 et
2775 1928 2975 1975 sanctos
2998 1916 3264 1973 recenscri.

2309 2017 2487 2074 Primo
2514 2018 2655 2072 binos
2680 2015 2743 2071 de
2765 2013 2949 2069 Libero
2977 2012 3203 2069 Arbitrio
3225 2022 3274 2068 et
3295 2010 3474 2067 Gratia
3502 2012 3660 2067 libros
3686 2005 3832 2066 Fas.

2238 2122 2344 2166 stus
2372 2111 2555 2179 edidit,
2590 2116 2715 2179 quos
2748 2107 2975 2161 laudavit
3004 2100 3330 2177 Fulgentius,
3360 2114 3407 2160 et
3440 2106 3705 2161 damnavit
3729 2104 3828 2160 Ge-

2240 2206 2398 2260 lasius
2440 2202 2685 2275 pontifex.
2712 2198 2928 2255 Initium
2960 2199 3173 2252 ducebat
3199 2217 3230 2252 α
3256 2196 3578 2269 Pelagianis,
3609 2214 3741 2268 quos
3769 2198 3832 2253 ab

2239 2294 2453 2351 exordio
2500 2294 2766 2364 confutare
2812 2291 3095 2355 ridebatur,
3134 2286 3223 2343 sed
3270 2291 3631 2360 postmodum,
3677 2291 3830 2344 tacito

2242 2386 2517 2461 Augustini
2542 2386 2775 2455 nomine,
2804 2384 2983 2455 gratia:
3019 2382 3373 2455 prwrenientis
3410 2390 3461 2436 et
3495 2383 3829 2453 praedestina—

2244 2480 2393 2534 tionis
2428 2478 2662 2551 gratuita:
2688 2486 2960 2532 assertores
2991 2474 3329 2530 vehementius
3354 2475 3655 2547 exagitavit.
3677 2472 3825 2529 Late-

2241 2572 2327 2625 bat
2371 2571 2597 2639 haeresis,
2622 2569 2899 2624 secundum
2927 2564 3231 2633 Baronium,
3260 2575 3317 2620 ut
3363 2565 3484 2620 latet
3524 2567 3710 2637 anguis
3738 2567 3824 2621 sub

2241 2662 2642 2737 prominentibus
2665 2662 2900 2731 ﬂoribus.
2920 2656 2993 2715 Et
3032 2674 3202 2715 revera
3228 2657 3335 2714 htec
3365 2657 3513 2713 habet
3545 2660 3655 2729 ipse
3685 2655 3825 2713 Fau-

2242 2766 2351 2810 stus
2371 2772 2390 2810 :
2427 2773 2445 2807 t
2483 2752 2628 2811 Sicut
2667 2755 2805 2808 omni
2827 2753 3018 2808 homini
3047 2768 3259 2806 manum
3290 2752 3594 2822 oculumquc
3626 2752 3823 2805 donarit

2244 2848 2415 2916 Deus,
2449 2849 2520 2903 ita
2554 2849 2786 2903 similiter
2815 2847 2952 2902 omni
3001 2846 3193 2901 homini
3243 2847 3554 2901 voluntatem
3580 2885 3597 2914 ,
3639 2855 3695 2901 ut
3717 2860 3825 2899 eam

2244 2951 2481 3008 versaret,
2518 2941 2729 2996 indulsit
2766 2940 2996 3012 justitia.
3028 2937 3165 3012 Ergo
3208 2939 3263 2993 in
3291 2937 3497 2993 homine
3524 2953 3629 2992 non
3657 2954 3820 3010 perso-

2246 3040 2383 3103 nale,
2404 3039 2491 3094 sed
2512 3039 2741 3109 generale
2770 3046 2815 3090 et
2844 3036 3101 3107 publicum
3121 3051 3307 3089 manus
3334 3044 3426 3089 est.
3445 3034 3627 3088 Aditus
3647 3051 3818 3102 capes-

2246 3133 2417 3188 senda:
2455 3132 2666 3198 salutis,
2709 3130 2858 3201 quasi
2897 3130 3014 3200 fons
3050 3128 3262 3199 quidam
3305 3128 3360 3182 in
3406 3127 3628 3181 medium
3671 3127 3820 3193 huius

2246 3226 2427 3279 mundi
2447 3224 2728 3294 expositus,
2757 3232 2804 3278 et
2835 3223 2890 3276 in
2918 3236 3187 3276 commune
3208 3234 3475 3275 concessus
3496 3220 3561 3273 ad
3584 3220 3818 3273 haurien-

2247 3318 2372 3371 dum
2414 3317 2662 3371 universis
2706 3324 2873 3387 patet,
2909 3325 2965 3369 ut
3003 3313 3215 3385 largiori
3243 3312 3425 3367 merito
3465 3328 3569 3366 reus
3602 3311 3694 3375 sit,
3722 3311 3813 3379 qui

2246 3410 2458 3466 haurire
2485 3411 2780 3480 neglexerit.
2803 3428 2822 3462 ι
2855 3409 3089 3463 Attamen
3114 3424 3204 3462 nec
3229 3408 3345 3477 plus
3365 3422 3507 3477 sequo
3524 3413 3713 3458 naturis
3735 3402 3820 3456 tri-

2248 3504 2413 3560 buisse
2438 3513 2586 3574 negat
2613 3503 2940 3558 Sirmundus.

2318 3597 2491 3652 Altera
2534 3592 2595 3651 de
2634 3596 2989 3652 materialitate
3028 3594 3313 3648 animarum
3360 3592 3607 3647 sententia
3643 3591 3824 3660 legitur

2246 3691 2299 3743 in
2337 3690 2550 3760 epistola
2581 3689 2666 3754 l6,
2696 3705 2849 3759 quam
2878 3688 3066 3759 publici
3093 3688 3229 3757 juris
3259 3687 3376 3757 fecit
3404 3686 3665 3741 Canisius.
3692 3682 3825 3736 Pro-

2247 3783 2333 3836 bat
2361 3782 2549 3835 scilicet
2589 3778 2815 3836 Faustus
2854 3778 2984 3834 nihil
3002 3788 3190 3849 printer
3221 3778 3382 3833 Deum
3420 3778 3700 3846 inﬁnitum,
3729 3793 3825 3831 esse

2247 3876 2534 3945 spirituale,
2566 3884 2615 3929 et
2644 3876 2868 3928 animam
2894 3891 2999 3930 esse
3029 3873 3372 3941 corporalem,
3399 3888 3515 3925 cum
3537 3872 3603 3925 sit
3629 3871 3823 3925 locatis.

2252 3983 2273 4016 ι
2302 3964 2443 4021 Licet
2488 3967 2659 4029 enim,
2713 3964 2912 4035 inquit,
2961 3981 3064 4020 non
3119 3964 3503 4037 pronuntiemus
3556 3962 3827 4017 nonnullas

2248 4077 2354 4114 esse
2389 4060 2682 4129 spirituales
2710 4058 3039 4126 substantias,
3072 4067 3126 4111 ut
3157 4058 3348 4128 angeli,
3377 4055 3711 4127 archangeli,
3738 4070 3827 4108 cte-

2249 4158 2463 4222 terwque
2498 4155 2726 4219 virtutes,
2763 4154 2877 4219 ipsa
2909 4168 3108 4221 quoque
3143 4150 3316 4203 anima
3360 4159 3552 4212 nostra,
3593 4146 3670 4201 vel
3704 4155 3829 4200 certe

2248 4263 2336 4301 aer
2383 4247 2475 4301 iste
2514 4247 2745 4311 subtilis,
2792 4256 2957 4299 tamen
3000 4244 3311 4313 incorporea:
3356 4241 3645 4295 nullatenus
3690 4239 3827 4293 testi-

2242 4336 2452 4392 ‘mandte
2490 4348 2640 4403 sunt;
2679 4336 2866 4389 habent
2901 4337 3039 4390 enim
3068 4335 3344 4388 secundum
3370 4350 3425 4386 se
3462 4346 3678 4401 corpus,
3720 4329 3829 4383 licet

2249 4431 2408 4484 multo
2437 4428 2900 4498 incomparabiliter
2933 4427 3134 4481 tenuius
3165 4442 3319 4497 quam
3361 4434 3538 4480 nostra
3563 4432 3681 4477 sunt
3722 4438 3830 4476 cor-

2250 4539 2396 4594 pora.
2431 4543 2449 4576 ι
2485 4521 2613 4577 Haec
2650 4531 2927 4578 extenuare
2952 4528 3189 4589 poterunt
3230 4519 3466 4590 Origenis
3505 4529 3830 4574 cteterorum-

2249 4632 2345 4685 que
2371 4613 2604 4683 Patrum,
2633 4616 2720 4684 qui
2748 4615 2873 4668 talia
2899 4614 3178 4667 docuerunt
3200 4612 3522 4677 auctoritate,
3547 4611 3830 4681 quicunque

2249 4707 2518 4763 voluerint.
2550 4700 2772 4775 Legatur
2802 4714 2966 4759 tamen
3003 4702 3085 4758 hic
3111 4702 3325 4773 epistola
3353 4702 3445 4771 17,
3472 4703 3524 4756 in
3558 4718 3655 4770 qua
3685 4700 3828 4754 loca-

2250 4802 2321 4855 les
2350 4809 2395 4854 et
2438 4799 2730 4854 materiales
2771 4807 2876 4852 tum
2905 4798 3103 4851 animas
3144 4806 3250 4851 tum
3292 4813 3393 4868 ang
3409 4796 3502 4851 slos
3535 4810 3641 4850 esse
3685 4795 3830 4848 vehe-

2249 4902 2442 4946 menter
2477 4889 2753 4944 contendit.
2794 4888 2905 4944 Nos
2944 4889 3102 4960 igitur
3140 4890 3227 4941 uni
3251 4886 3705 4963 litantesveritati,
3744 4902 3832 4958 ge-

2247 4986 2461 5041 nuinam
2505 4985 2783 5054 Scriptoris
2824 4992 3038 5036 mentem
3082 4981 3427 5045 elucidamus,
3474 4989 3523 5034 et
3566 4980 3832 5049 sequimur

2248 5080 2557 5135 Mamertum
2598 5076 2966 5142 Viennensem,
3005 5075 3129 5147 qui,
3176 5075 3328 5129 tacito
3367 5070 3553 5127 Fausti
3594 5073 3827 5135 nomine,

2247 5174 2547 5227 sententiam
2580 5172 2693 5244 ejus
2728 5170 2791 5223 de
2834 5165 3122 5232 animabus,
3154 5167 3341 5237 scripto
3378 5180 3496 5219 mox
3521 5164 3661 5219 edito
3702 5180 3827 5217 con-

2248 5263 2458 5333 futavit,
2504 5265 2678 5318 eadm:
2724 5259 2960 5317 methodo
3007 5274 3156 5324 usus,
3202 5260 3350 5329 cujus
3392 5257 3621 5311 inventor
3658 5264 3829 5311 tamen

2246 5357 2431 5412 dicitur
2458 5355 2731 5412 Cartesius.

2316 5448 2421 5505 IV.
2455 5444 2580 5503 Fuit
2612 5442 2768 5520 igitur
2799 5446 3025 5502 Faustus
3055 5443 3553 5519 Semipelagianismi
3591 5443 3830 5512 defensor

2244 5542 2543 5609 acerrimus,
2592 5552 2636 5596 et
2678 5542 2874 5596 animas
2916 5538 3202 5595 materiam
3229 5536 3425 5601 docuit,
3456 5544 3504 5588 et
3532 5534 3645 5588 lites
3685 5534 3831 5587 vehe-

2206 5636 2513 5691 -meutiores
2575 5636 2749 5688 habuit
2806 5650 2921 5687 cum
2968 5630 3321 5702 Forojuliensi
3366 5628 3629 5698 episcopo,
3680 5627 3831 5694 cujus

2206 5728 2211 5735 ’
2247 5728 2397 5781 abbas
2427 5729 2540 5790 iura
2573 5726 2665 5779 sibi
2706 5725 3015 5789 vindicabat,
3061 5733 3107 5777 ct
3139 5740 3194 5789 ea
3230 5722 3426 5777 ratione
3452 5720 3723 5773 damnatus
3756 5726 3829 5769 est
