4060 6332
338 391 442 450 ’181

1671 382 2197 453 PROLEGOMENA.

3494 410 3597 468 782

337 508 405 562 ab
446 486 728 562 Arelatensi
771 510 1016 576 concilio,
1060 518 1115 565 ut
1161 509 1347 582 patebit
1387 510 1624 582 inferius.
1667 508 1916 565 Eamdem
1943 508 1998 571 Α
2020 509 2222 579 scriptis
2252 510 2420 564 adhuc
2452 514 2749 582 vindicavit,
2782 523 2834 568 ut
2858 516 3122 587 probaturi
3159 532 3330 576 sumus
3358 525 3600 581 adversus

341 598 518 654 habuit
545 601 791 671 patriam,
842 600 1159 657 Britanniam
1202 603 1425 669 scilicet,
1455 621 1608 673 quam
1644 601 1912 673 Pelagius.

338 699 391 746 et
415 706 479 745 ex
503 706 563 745 ea
584 693 723 760 apud
753 690 929 748 Gallos
959 703 1166 765 uterque
1190 698 1556 765 transfretavit.
1586 694 1908 765 Philosophi-

342 784 416 838 cis
461 784 678 838 multum
718 786 1014 842 incubuerat
1059 788 1274 856 studiis,
1318 788 1504 858 quippe
1541 789 1915 860 philosOphiam

342 878 453 948 ejus
498 874 871 948 pedissequa'm
921 888 973 935 et
1022 880 1175 936 lateri
1214 884 1463 935 comitem
1507 880 1920 951 inseparabilem

340 967 633 1040 appellabat
663 969 911 1025 Sidonius
944 973 1277 1042 Apollinaris.
1313 964 1505 1028 Deinde
1546 975 1768 1043 forenses
1808 979 1919 1048 agi-

342 1059 467 1112 tavit
494 1075 706 1125 causas;
736 1078 873 1128 nam,
906 1064 1016 1132 ipso
1049 1064 1265 1119 Sidonio
1295 1070 1436 1134 teste,
1470 1067 1731 1137 palmstris
1766 1084 1918 1124 exer-

339 1149 563 1207 ceblur
609 1152 861 1221 urbanis;
907 1160 1226 1226 postmodum
1274 1160 1605 1215 monasticam
1663 1162 1922 1231 professus

339 1246 524 1314 vitam,
574 1244 853 1304 Lirinensis
883 1254 1202 1319 inonasterii,
1238 1263 1357 1309 tunc
1390 1256 1743 1326 factiosissinti,
1784 1275 1922 1311 crea-

340 1344 424 1388 tus
454 1345 527 1391 est
562 1339 737 1405 abbas,
770 1348 903 1395 anno
934 1336 1056 1399 B3.
1094 1334 1212 1400 Non
1244 1348 1377 1400 enim
1424 1346 1637 1403 Baronii
1667 1349 1924 1421 sequenda

342 1426 427 1480 hic
451 1439 569 1482 sunt
596 1431 830 1500 vestigia,
862 1436 949 1502 qui
979 1435 1113 1489 circa
1156 1432 1337 1491 Fausti
1377 1447 1603 1507 tempora
1646 1441 1923 1508 plurimum

341 1522 586 1588 pccmvit.
628 1516 890 1579 "onerata
929 1526 1129 1594 abbati,
1162 1526 1251 1599 qui
1280 1528 1346 1582 ad
1386 1532 1553 1584 sedem
1583 1531 1925 1587 Arelatensem

343 1622 605 1678 promotus
636 1620 707 1669 est
745 1619 985 1671 successit
1017 1610 1297 1691 Maximus,
1332 1612 1464 1676 anno
1499 1618 1619 1678 426.
1653 1622 1803 1678 Rexit
1834 1626 1925 1678 ab-

340 1700 531 1758 bertam
564 1704 822 1763 Maximus
866 1718 953 1779 per
992 1728 1153 1766 annos
1196 1723 1419 1784 septem,
1453 1717 1633 1783 quibus
1674 1718 1925 1786 peractis,

340 1797 410 1851 ad
444 1798 613 1853 sedem
644 1799 974 1871 Rhegieusem
1008 1805 1287 1862 translatus
1315 1819 1388 1861 est
1420 1825 1554 1862 anno
1583 1809 1705 1865 653.
1734 1810 1927 1882 Super-

2023 597 2387 666 Gaulminum,
2418 617 2477 656 ea
2505 600 2723 659 concilia
2762 617 3005 676 tanquam
3042 626 3074 661 a
3104 606 3297 666 Fausto
3335 618 3604 685 supposita

2019 692 2349 761 rejicientem.

2111 782 2175 837 V.
2216 782 2475 855 Epistolas
2521 784 2705 843 Fausti
2744 802 2789 846 et
2834 791 3053 862 Lucidi,
3098 804 3337 869 tanquam
3383 800 3604 859 hominis

2025 880 2313 949 personati,
2362 889 2409 934 et
2456 880 2850 955 subscriptiones
2898 884 3169 943 duodecim
3212 893 3604 966 episcoporum,

2026 986 2152 1040 quas
2173 972 2400 1041 epistola:
2418 988 2523 1027 sua:
2547 973 2613 1029 ad
2635 972 2891 1030 Lucidum
2916 982 3151 1051 apposuit
3183 978 3430 1053 Faustus,
3460 992 3608 1055 quin-

2026 1061 2127 1116 ima
2158 1062 2449 1118 Arelatense
2478 1073 2523 1120 et
2554 1060 2892 1139 Lugdunense
2920 1070 3223 1143 concilium,
3256 1092 3469 1144 quorum
3496 1095 3610 1133 sen-

2026 1157 2231 1209 tentiam
2261 1156 2585 1230 interpretari
2614 1160 2791 1229 jussus
2820 1170 2963 1232 erat,
2998 1165 3210 1232 fictitia,
3238 1182 3285 1221 et
3316 1171 3378 1223 ab
3406 1170 3608 1226 homine

2026 1245 2282 1315 hteretico,
2314 1261 2431 1315 aut,
2464 1259 2519 1305 ut
2549 1251 2774 1322 loquitur
2802 1248 3077 1325 Baronius,
3107 1260 3393 1331 versipelle
3422 1267 3612 1332 vulpe»

2027 1341 2144 1395 cula
2173 1344 2471 1414 supposita,
2517 1347 2718 1417 magnis
2756 1349 3018 1404 conatibus
3064 1355 3321 1407 contendit
3363 1357 3438 1409 vir
3481 1359 3609 1411 cele-

2030 1432 2294 1501 berrimus,
2326 1449 2372 1492 et
2417 1438 2733 1511 Mauguinus
2773 1459 2963 1510 prtvses
2992 1452 3253 1511 autumat,
3283 1444 3376 1500 hac
3413 1450 3610 1503 ratione

2031 1543 2178 1595 posse
2207 1529 2458 1583 vindicari
2503 1531 2708 1599 facilius
2764 1550 2970 1588 causam
3007 1553 3159 1606 quam
3198 1546 3387 1603 tuetur,
3435 1542 3610 1613 Angu-

2029 1621 2331 1687 stinianam,
2374 1623 2418 1675 si
2463 1623 2756 1680 nullatenus
2803 1628 3004 1698 cjurata
3051 1629 3147 1699 fuit
3191 1645 3221 1681 a
3266 1628 3489 1697 Lucida,
3525 1649 3612 1687 nec

2032 1710 2273 1765 damnata
2318 1710 2581 1786 suffragiis
2622 1718 2977 1786 episc0porum
3025 1718 3433 1777 Gallicanorum.
3474 1721 3615 1776 Pen-

2032 1801 2182 1855 deant
2210 1810 2450 1872 quantum
2478 1805 2731 1861 valuerint
2758 1809 2849 1862 alii
2864 1851 2878 1875 ,
2906 1821 2952 1862 et
2984 1810 3138 1879 ﬁdem
3175 1815 3391 1879 pendere
3418 1815 3614 1883 faciant

340 1898 417 1945 eu
465 1888 619 1963 igitur
666 1898 721 1949 tu
762 1894 1011 1964 Faustus,
1056 1900 1141 1967 qui
1184 1890 1414 1954 Μαπίιηο
1463 1902 1733 1970 "meum,
1774 1878 1929 1959 abba.
2033 1893 2093 1946 ab
2124 1894 2387 1950 hominum
2423 1900 2755 1963 auctoritate,
2790 1901 2945 1969 fidem
2977 1878 3271 1958 historicum
3296 1906 3484 1962 violare
3512 1926 3616 1963 non

236 2050 241 2053 I
339 1992 541 2043 creatus
578 1976 732 2057 fuerit
769 1989 943 2043 eodem
978 1998 1111 2043 anno
1136 1989 1255 2045 455.
1296 1992 1490 2062 Viginti
1530 1993 1632 2049 duo
1661 2005 1749 2049 aut
1786 1996 1935 2051 circi-

346 2086 424 2135 ter
450 2086 699 2135 annorum
739 2082 925 2149 spatia,
958 2080 1209 2136 abbatiam
1251 2083 1569 2141 L‘irinensem
1595 2086 1769 2158 gessit,
1802 2096 1848 2141 et
1877 2094 1934 2141 eo

345 2176 572 2248 lempore
636 2172 689 2231 tn
744 2176 911 2233 laeum
956 2172 1173 2235 Maximi
1217 2182 1443 2250 defuncti
1481 2186 1748 2257 episcOpus
1796 2186 1934 2241 Rhei-

338 2269 524 2342 giensi's
552 2270 793 2339 suﬁ'eCtus
820 2281 912 2327 est.
946 2273 1028 2326 Ad
1065 2291 1257 2329 annum
1296 2274 1403 2331 472
1435 2279 1543 2349 ejus
1578 2279 1930 2350 episcapatum

343 2364 507 2435 refer!
546 2356 835 2431 Duronius;
866 2358 955 2421 sed
992 2376 1156 2435 errat,
1187 2386 1247 2423 ex
1287 2369 1481 2424 calculo
1522 2380 1753 2439 superius
1797 2372 1933 2427 indi-

337 2469 473 2515 cato.
503 2458 685 2513 Debuit
716 2461 848 2514 enim
875 2462 1141 2532 episc0pus
1170 2462 1400 2516 ordinari
1424 2480 1557 2517 anno
1588 2458 1713 2529 455,
1745 2467 1932 2535 quippe

337 2570 455 2607 cum
484 2553 596 2606 lites
628 2553 690 2607 de
722 2554 1085 2626 jurisdictione
1130 2554 1442 2625 agitarentur
1483 2556 1613 2609 inter
1662 2546 1930 2611 Leontium

341 2636 721 2708 Arelatensem,
770 2644 817 2697 et
876 2638 1190 2697 Mamertum
1267 2640 1593 2699 Viennensem
1648 2665 1733 2702 an.
1789 2646 1926 2716 163,

339 2730 579 2793 Hilarius
615 2738 883 2808 pontifex,
920 2726 1169 2792 Faustum
1212 2748 1259 2792 et
1304 2739 1628 2802 Auxanium.
1667 2742 1928 2810 coepisco-

339 2840 430 2901 pas
460 2841 506 2885 et
536 2832 717 2903 fratres
756 2840 979 2898 nostros,
1004 2831 1207 2903 judices
1234 2838 1282 2885 et
1313 2831 1515 2884 concilii
1547 2832 1788 2899 prtesides
1832 2832 1925 2885 de-

339 2922 542 2993 legavit.
591 2922 822 2993 Lataque
859 2923 921 2976 ab
961 2916 1024 2976 iis
1066 2922 1340 2988 sententia,
1394 2922 1526 2974 idem
1572 2928 1706 2993 papa
1753 2923 1928 2975 eodem

339 3032 471 3070 anno
502 3015 563 3069 ab
598 3016 850 3086 episcopis
880 3012 1093 3084 definita
1132 3015 1418 3077 roboravit;
1451 3014 1569 3066 inde
1603 3012 1928 3067 concluditur

339 3106 500 3162 multa
532 3108 672 3177 prius
702 3112 853 3177 quam
884 3104 1139 3160 Barouius
1168 3106 1411 3175 coniecit,
1443 3106 1732 3176 episeopum
1771 3107 1929 3174 fuisse

340 3190 612 3255 Faustam.
644 3196 749 3254 Sed
791 3192 1018 3254 calculus
1049 3204 1219 3254 noster
1244 3214 1308 3253 ex
1337 3216 1393 3254 ea
1422 3200 1717 3269 confirmari
1746 3196 1919 3262 debet,
1974 3256 1981 3265 δ

2036 1987 2278 2056 patimur,
2306 1998 2360 2042 ut
2385 1994 2559 2060 fucum
2590 1992 2837 2059 faciamus
2868 1997 3147 2064 posteritati
3174 2006 3219 2051 et
3261 2001 3616 2068 pra’sentibus.

2038 2076 2149 2133 Nec
2188 2080 2306 2134 inde
2350 2083 2539 2151 patitur
2581 2084 2796 2155 aliquod
2840 2086 3200 2143 detrimentum
3230 2092 3358 2158 ﬁdes
3398 2111 3514 2165 qua:
3552 2096 3616 2150 ab

2034 2176 2338 2229 auctoritate
2366 2177 2539 2230 divina
2566 2179 2768 2249 pendet.

2112 2265 2212 2323 Vl.
2262 2258 2384 2322 Παῖς
2445 2280 2564 2324 sunt
2628 2274 2891 2341 pra’cipua
2946 2276 3221 2349 Mauguini
3274 2290 3616 2352 argumenta:

2038 2350 2091 2412 1⁵
2121 2359 2414 2415 Gennadius
2445 2363 2573 2432 ipse,
2608 2363 3075 2437 Semipelagianus,
3109 2388 3197 2424 nec
3229 2371 3426 2439 Avitus,
3457 2374 3621 2428 errori

2033 2442 2284 2523 infensus,
2313 2462 2402 2508 nec
2427 2454 2584 2521 ullus,
2613 2468 2794 2526 prtetcr
2822 2456 3103 2524 Faustum,
3138 2464 3199 2516 de
3226 2468 3483 2531 personati
3511 2463 3619 2520 Lu~
3714 2474 3721 2481 '
3792 2468 3797 2489 ’

2034 2544 2138 2597 cidi
2182 2546 2467 2617 ejuratione
2528 2548 2757 2617 binisque
2820 2550 3046 2606 conciliis
3105 2554 3407 2609 mentionem
3472 2557 3617 2626 fecit.

2033 2624 2089 2687 Ξ*
2123 2632 2412 2690 Verisimile
2453 2654 2553 2692 non
2579 2651 2649 2692 est
2680 2650 2752 2693 tot
2784 2638 3026 2696 Ecclesia:
3056 2643 3336 2700 Gallicana:
3372 2624 3617 2715 pressules

2032 2725 2380 2780 celeberrimos
2410 2727 2680 2797 Augustini
2713 2732 2953 2802 dogmata
2986 2734 3279 2801 damnasse,
3318 2736 3611 2808 Semipela-

2032 2814 2436 2885 glunistnumqne
2471 2819 2668 2873 calculo
2697 2838 2787 2874 suo
2819 2824 3079 2891 probasse.
3108 2825 3164 2878 5°
3197 2825 3275 2879 Ex
3306 2829 3478 2882 codice
3517 2846 3617 2886 ms.

2031 2924 2179 2977 quem
2222 2910 2559 2977 descripserat
2604 2910 2840 2967 Canisius
2883 2924 3025 2984 patet
3063 2916 3181 2970 illas
3224 2918 3618 2989 subscriptiones

2030 3000 2234 3054 additas
2264 3002 2490 3072 epistola
2513 3003 2697 3058 Fausti
2721 3007 2788 3058 ad
2820 3006 3069 3061 Lucidum
3090 3053 3102 3073 ,
3131 3018 3177 3063 et
3203 3012 3403 3066 variant
3430 3015 3619 3083 stepius

2031 3093 2237 3145 nomina
2279 3094 2557 3161 prwsulum
2588 3097 3029 3152 subscribentium.
3058 3102 3115 3155 4⁸
3149 3084 3389 3168 Quinimo
3418 3104 3618 3161 Leontii

2031 3200 2233 3245 nomen.
2279 3187 2365 3252 qui
2406 3203 2621 3255 praeesse
2664 3190 2837 3243 debuit
2870 3190 3154 3248 Arelatensi
3199 3198 3435 3261 concilia,
3479 3198 3620 3254 abest

339 3292 474 3362 quod
524 3288 782 3346 Maximus
828 3290 1053 3362 adfuerit
1096 3286 1381 3345 Arelatensi
1426 3291 1670 3354 concilio,
1718 3291 1769 3345 in
1824 3294 1921 3359 quo

2030 3274 2081 3327 in
2109 3277 2283 3329 codice
2319 3276 2621 3346 Hincmari,
2650 3281 2788 3350 apud
2815 3298 2962 3351 quem
3002 3284 3292 3340 Leucadius
3326 3288 3616 3359 subjicitur.

339 3380 565 3437 maxima
604 3385 944 3438 controversia
988 3384 1121 3436 inter
1169 3370 1455 3451 Faustum,
1502 3380 1731 3437 abbatem
1780 3376 1923 3436 Liri-

340 3482 576 3537 nensem,
620 3484 667 3528 et
723 3472 1080 3541 Theodorum,
1132 3476 1421 3546 episcopum
1482 3472 1923 3545 Forajulienserh,

343 3567 440 3635 fuit
486 3564 793 3635 dijudicata.
846 3558 1128 3619 O'raverunt
1184 3562 1370 3617 Patres
1435 3568 1703 3633 prtesutem
1755 3570 1809 3620 ut
1856 3566 1925 3620 ad

342 3655 632 3724 recipienda
665 3658 1080 3726 satisfactionum
1125 3656 1347 3709 remedia
1373 3657 1662 3725 festinaret,
1691 3668 1738 3709 et
1778 3656 1923 3710 Fau-

342 3755 473 3800 stum
512 3745 772 3813 abbatem,
814 3746 1019 3799 indulta
1038 3747 1205 3815 eutpce
1230 3746 1374 3799 venia
1392 3782 1410 3813 ,
1444 3746 1498 3799 in
1526 3747 1744 3815 pristina
1772 3760 1921 3817 pace,

342 3849 447 3895 toto
482 3841 710 3895 caritatis
737 3840 926 3908 affectu
956 3841 1234 3911 reciperet,
1268 3847 1317 3894 et
1355 3840 1423 3894 ad
1467 3840 1687 3894 insulam
1717 3857 1776 3893 ac
1805 3856 1926 3894 con-

341 3932 685 4004 gregationem
728 3924 861 4001 ipsi,
896 3924 1003 3985 Dea
1033 3931 1387 4000 dispensante,
1426 3932 1778 3998 commissam,
1809 3948 1926 3984 cum

342 4041 438 4078 sua
462 4023 626 4094 gratia
650 4032 696 4077 et
721 4025 935 4077 caritate
962 4025 1255 4079 remitteret.
1296 4023 1582 4093 Adfuerunt
1617 4025 1776 4094 igitur
1800 4037 1927 4077 con—'-

342 4115 461 4170 cilio
492 4115 774 4169 Arelatensi
804 4131 889 4181 Ill,
938 4125 1043 4168 tum
1087 4114 1368 4184 Maximus,
1402 4123 1506 4168 tum
1545 4110 1791 4179 Faustus,
1838 4113 1928 4184 qui

343 4213 461 4281 jura
490 4206 862 4279 Forojutiensis
890 4209 1116 4280 episcOpi
1144 4224 1392 4279 usurpare
1416 4208 1716 4276 conabatur,
1739 4217 1789 4261 et
1810 4208 1925 4260 ideo

343 4318 374 4355 a
398 4301 634 4355 societate
668 4301 764 4370 ipsi
799 4299 1067 4353 commissa
1104 4306 1417 4369 segregatus.
1451 4298 1696 4354 Dubitattt
1737 4297 1925 4353 eruditi

343 4409 441 4462 quo
486 4402 704 4462 tempore
731 4402 1088 4463 congregatum
1134 4392 1286 4460 fuerit
1335 4391 1465 4446 illud
1494 4392 1795 4460 concilium;
1832 4392 1923 4447 sed

345 4483 547 4537 biennio
594 4492 793 4537 tantum
837 4484 1026 4536 distant
1076 4482 1278 4552 Bittius,
1310 4485 1397 4553 qui
1431 4502 1518 4539 an.
1543 4484 1669 4550 455,
1692 4494 1736 4540 et
1766 4484 1922 4556 Pagi,

2028 3365 2259 3439 Miqne
2286 3382 2458 3424 verum
2486 3378 2585 3424 non
2611 3381 2684 3426 est
2734 3370 2982 3427 Lucidum
3020 3378 3307 3444 epistolam,
3346 3396 3461 3448 qua:
3494 3398 3616 3450 pro-

2028 3460 2275 3526 truditur,
2298 3470 2554 3517 exarasse.
2582 3464 2891 3534 Argumenta
2916 3467 3132 3537 plurimi
3158 3470 3325 3524 minus
3348 3471 3615 3540 probantia

2027 3552 2224 3607 silentio
2277 3558 2583 3623 premimus,
2636 3572 2699 3609 ne
2752 3558 2936 3611 librum
2987 3561 3446 3616 animadversionis
3504 3563 3617 3617 loco

2029 3644 2377 3710 conﬁciamus.

2106 3734 2239 3789 γιι.
2273 3736 2383 3792 Nos
2410 3738 2663 3795 Faustum
2686 3753 2743 3793 ut
2779 3751 2931 3795 tanta:
2966 3745 3166 3811 fraudis
3202 3761 3345 3798 reum
3369 3745 3615 3801 damnare

2029 3844 2131 3882 non
2161 3844 2449 3894 possumus.
2494 3830 2580 3885 Vir
2605 3834 2877 3902 profunda:
2916 3836 3249 3899 calliditatis,
3278 3838 3338 3890 ab
3382 3835 3612 3903 Isidoro,

2028 3924 2076 3975 et
2112 3920 2379 3989 vulpecula
2407 3940 2437 3977 a
2468 3918 2691 3980 Baronio
2730 3929 2985 3998 appe'lari
3020 3930 3217 3997 patuit,
3247 3941 3293 3984 et
3330 3931 3615 4002 Semipela-

2029 4014 2334 4082 gianismum
2375 4030 2573 4071 summa
2623 4034 2737 4072 cum
2784 4018 3069 4074 calliditate
3113 4038 3459 4095 propugnare.
3508 4025 3615 4081 Sed

2029 4107 2151 4173 quid
2179 4112 2309 4173 opus
2349 4118 2455 4161 erat
2490 4107 2572 4162 illi
2613 4107 2898 4174 Lucidum,
2930 4113 3186 4175 privatum
3232 4112 3515 4178 hominem.
3551 4117 3614 4170 ab

2028 4216 2200 4254 errore
2221 4212 2530 4266 revocatum,
2550 4203 2602 4255 in
2620 4219 2823 4256 scenam
2842 4203 3104 4273 inducere,
3128 4215 3218 4258 aut
3240 4222 3365 4260 nova
3394 4210 3613 4263 concilia

2028 4284 2258 4363 ﬁngere?
2288 4290 2342 4349 l"
2366 4294 2601 4351 [labatur
2630 4290 2844 4366 epistola
2878 4296 3093 4365 Fausti,
3125 4310 3171 4354 et
3201 4302 3470 4374 abnegatio
3503 4302 3613 4357 Lu-

2028 4385 2132 4437 cidi
2151 4426 2166 4450 ,
2199 4402 2288 4438 nec
2316 4385 2425 4439 ullo
2452 4398 2663 4458 possunt
2692 4400 2991 4461 argumento
3026 4392 3191 4461 rejici.
3240 4391 3614 4449 Prababiturne

2030 4475 2148 4530 talis
2189 4481 2484 4550 conjectura
2523 4479 2743 4548 simplici
2792 4480 3081 4549 suspicione
3120 4481 3460 4536 calliditatis?
3484 4484 3612 4549 Quis

344 4576 432 4645 qui
473 4592 609 4629 anno
650 4574 756 4630 435
800 4574 1027 4628 habitum
1065 4575 1220 4645 fuisse
1264 4577 1565 4648 conjiciunt.
1609 4577 1713 4633 Sed
1757 4580 1923 4647 potuit
2026 4574 2162 4625 enim
2188 4574 2360 4626 credat
2398 4574 2689 4641 episcOpum
2730 4573 3137 4639 celeberrimum,
3158 4576 3272 4643 jam
3314 4577 3456 4628 senio
3490 4591 3613 4643 pro-

344 4684 482 4722 anna
525 4668 748 4737 sequenti
793 4667 925 4720 diem
970 4682 1118 4720 suum
1165 4668 1370 4736 abiisse,
1402 4678 1448 4723 et
1490 4670 1692 4734 deinde,
1736 4671 1924 4736 elapsis
1950 4650 2005 4711 Ῐ)
2030 4673 2259 4728 vectum,
2302 4667 2431 4716 hanc
2470 4665 2706 4731 fraudem
2744 4664 3004 4716 incassum
3042 4665 3287 4732 ﬁnxisse?
3316 4666 3374 4718 2‘
3401 4666 3617 4734 Episco«

344 4760 537 4830 aliquat
576 4759 850 4824 mensibus,
881 4754 1107 4812 Faustus
1133 4762 1240 4830 ejus
1284 4759 1422 4813 obire
1460 4760 1611 4813 vices.
1658 4758 1925 4828 Quidquid
2028 4768 2214 4821 parum
2240 4751 2413 4821 sigilla
2441 4768 2539 4805 non
2571 4754 2777 4819 fuerunt
2802 4754 3023 4822 primum
3059 4756 3284 4824 epistola:
3311 4756 3495 4812 Fausti
3512 4778 3618 4829 ap-

346 4854 439 4918 sit,
474 4861 699 4923 pugnant
749 4868 920 4905 omnes
953 4854 1198 4905 adversus
1229 4850 1543 4916 Baranium,
1573 4854 1661 4922 qui
1700 4870 1790 4906 nec
1833 4871 1929 4907 au-

345 4947 563 5000 diendus
591 4942 677 5001 ubi
706 4940 1015 5014 Prosperae:
1044 4944 1352 5015 Aquilonum
1372 4986 1385 5011 ,
1417 4946 1504 5015 qui
1543 4960 1803 5016 nunquam
1829 4948 1929 5016 fuit

345 5042 635 5109 episcopus,
672 5038 920 5105 Maximi,
958 5034 1007 5089 F
1011 5042 1211 5091 austum
1241 5053 1355 5091 vero
1388 5028 1633 5107 Prosperi
1671 5055 1929 5093 successo-

346 5148 453 5184 rem
490 5131 633 5201 facit.
667 5128 769 5183 Per
809 5128 1017 5201 triginta
1052 5128 1268 5198 quinque
1298 5144 1460 5182 annos
1498 5138 1545 5183 et
1590 5131 1724 5183 ultra
1758 5130 1930 5185 sedem

346 5225 683 5293 episcapalem
715 5225 933 5277 tenuisse
966 5222 1153 5294 conjici
1190 5224 1388 5295 potem,
1424 5239 1523 5277 non
1558 5222 1707 5277 modo
1741 5240 1802 5279 ea
1843 5232 1930 5276 ra-

348 5317 484 5370 tione
516 5316 651 5385 quod
684 5316 991 5369 mirarentur
1019 5329 1188 5367 omnes
1226 5312 1363 5382 quod
1392 5310 1618 5370 Faustus
1660 5330 1751 5368 nec
1789 5331 1929 5369 sene-

348 5418 505 5463 sceret
530 5425 622 5461 nec
650 5400 831 5473 obiret,
864 5405 948 5459 sed
976 5405 1095 5474 quia
1124 5404 1434 5471 Gennadius,
1458 5408 1543 5476 qui
1566 5408 1769 5477 scripsit
1794 5424 1927 5462 anno

349 5503 453 5557 490
492 5502 729 5554 viventem
773 5500 937 5554 adhuc
968 5490 1225 5553 Faustum
1266 5500 1543 5569 referebat,
1578 5519 1595 5551 ι
1631 5500 1757 5555 Viva
1785 5518 1923 5569 voce,

350 5594 513 5663 inquit
541 5595 648 5657 ille,
680 5594 852 5646 doctor
890 5595 1119 5663 egregius
1151 5589 1375 5645 Faustus
1406 5593 1626 5647 creditur
1654 5603 1700 5646 et
1737 5597 1924 5664 proba-

351 5694 453 5737 tur.
487 5703 503 5735 ι
540 5681 605 5737 Et
634 5700 802 5737 revera
831 5684 897 5735 ad
924 5684 1056 5735 hunc
1084 5698 1237 5751 usque
1267 5684 1399 5736 diem
1431 5685 1583 5736 vitam
1614 5688 1927 5753 protrarisse

355 5787 516 5845 patet,
555 5779 671 5844 quia
704 5777 927 5829 conciliis
958 5774 1236 5829 Arelatensi
1267 5784 1309 5827 et
1352 5773 1680 5847 Lugdunensi
1722 5779 1922 5846 adfuit,

355 5880 443 5921 aut
487 5871 661 5919 Stillt’lll
710 5884 877 5921 (Ol’lllll
926 5870 1098 5926 fllSSll.
1152 5883 1325 5921 eorum
1369 5883 1580 5921 canones
1628 5879 1672 5921 (‘l
1727 5870 1927 5924 decre'tt

2033 4845 2228 4913 posita,
2278 4843 2418 4897 salus
2465 4843 2598 4896 enim
2637 4844 2967 4913 subscripsit;
3008 4846 3096 4899 sed
3140 4855 3416 4916 potuerunt
3456 4851 3518 4904 ab
3558 4869 3616 4905 eo

2034 4948 2257 5004 tempore
2292 4938 2531 5007 pra'sules
2572 4936 2738 5007 ragati
2773 4952 2881 4989 eam
2913 4938 3229 5008 subsignare,
3260 4950 3313 4993 ut
3342 4949 3462 4994 tunc
3491 4952 3617 4995 tem-

2036 5034 2173 5100 poris
2196 5032 2380 5101 swpius
2408 5033 2599 5099 factum
2623 5038 2716 5083 est.
2750 5028 2866 5083 Hoc
2894 5046 3068 5085 verum
3082 5042 3168 5093 ,est
3186 5073 3200 5097 ,
3229 5049 3403 5087 omnes
3428 5036 3617 5103 episco-

2036 5143 2127 5195 pos
2161 5126 2247 5195 qui
2275 5125 2357 5178 hic
2385 5135 2733 5178 memorantur
2758 5141 2815 5179 ea
2855 5136 3002 5180 (etate
3025 5127 3225 5191 vixisse,
3262 5138 3307 5181 et
3333 5128 3492 5197 fuisse
3528 5148 3617 5184 no-

2034 5223 2276 5279 tissimos.
2313 5222 2527 5276 Variare
2561 5233 2774 5292 possunt
2812 5224 3018 5276 nomina
3050 5223 3102 5276 in
3127 5224 3283 5277 variis
3323 5225 3616 5291 codicibus;

2032 5318 2119 5371 sed
2159 5329 2204 5371 et
2252 5319 2346 5371 hoc
2388 5316 2511 5369 alibi
2550 5320 2740 5388 saepius
2780 5318 2939 5370 evenit
2985 5316 3184 5370 incuria
3224 5319 3302 5373 vel
3349 5319 3618 5375 ascitantia

2030 5410 2463 5482 apagrapharum.
2496 5408 2553 5463 5⁸
2583 5408 2755 5480 Major
2782 5408 2997 5461 accurrit
3026 5406 3297 5476 difficultas
3330 5410 3467 5462 circa
3499 5408 3617 5465 bina

2032 5504 2244 5559 concilia
2278 5517 2395 5574 qua:
2433 5501 2756 5565 indicantur;
2793 5499 2852 5553 ob
2892 5500 3147 5553 silentium
3188 5510 3291 5554 tum
3332 5500 3611 5564 (.‘ennadii,

2034 5606 2140 5649 tum
2181 5594 2334 5647 Aviti.
2386 5590 2490 5645 Sed
2534 5606 2620 5644 nec
2665 5590 2834 5644 omnia
2875 5598 3117 5642 notantur
3147 5592 3210 5642 ab
3254 5591 3528 5655 historicis,
3568 5602 3614 5644 ct

2032 5697 2326 5759 argumenta
2372 5683 2691 5738 adversantia
2736 5698 2901 5735 causte
2950 5698 3101 5747 quam
3141 5680 3373 5735 turbatur
3414 5681 3608 5747 Avitus,

2033 5782 2188 5849 ρυιιιὶι
2242 5780 2387 5830 silere
2440 5776 2628 5846 prtesul
2684 5774 3001 5840 Viennensis,
3034 5774 3172 5824 binas
3220 5773 3408 5825 scilicet
3454 5785 3608 5826 cmtus

2035 5890 2309 5930 vaucornm
2346 5872 2730 5929 episcoporum.
2762 5886 2790 5920 a
2821 5868 3002 5925 auibus
3050 5868 3307 5921 vulnerata
3344 5868 3444 5923 fuit
3484 5869 3609 5920 veri-
