4060 6332
392 758 425 791 νδ

493 326 601 382 785

1558 272 1630 383 ίίίρ
1727 320 1784 375 s.
1823 317 2070 375 FAUSTI
2109 318 2509 379 RIIEGIENSIS

3664 330 3769 387 784

489 452 591 496 tas.
626 438 891 507 Quidquid
929 438 1024 503 sit,
1066 435 1278 491 habetur
1316 432 1532 504 epistola
1557 432 1767 488 .Fausti
1802 436 1869 488 ad
1909 433 2080 489 Lean-
2107 441 2162 501 Α
2186 436 2388 503 bantur,
2420 437 2473 490 in
2505 435 3074 506 Semipelagianismum
3106 441 3460 511 prapendere.‘
3488 441 3637 498 Unde
3666 460 3765 501 non

490 538 640 601 tium,
668 532 975 588 Arelatensis
999 528 1202 584 concilii
1228 528 1520 598 prtesidem.
1550 527 1674 594 Quis
1701 527 1875 581 credat
1895 544 2080 582 ausum

489 628 649 697 fuisse
687 626 809 679 talia
838 623 1081 685 scribere,
1126 622 1317 675 vivente
1357 619 1606 674 Leontio?
1642 619 1919 674 viventibus
1963 621 2081 676 aliis

488 720 761 793 episcapis,
785 735 817 772 a
838 716 1020 788 quibus
1047 714 1224 785 fraudi
1256 724 1303 769 et
1331 712 1585 767 mendacii
1626 721 1747 765 nota
1788 723 1890 767 tam
1932 713 2085 782 facile

488 814 589 884 ipsi
628 813 873 886 potuisset
911 810 1087 865 inuri?
1116 808 1243 864 Haec
1280 819 1455 863 autem
1500 809 1739 880 leguntur
1766 809 1819 863 in
1864 810 2083 881 epistola

412 972 430 989 γ’
490 908 677 963 Fausti
695 908 761 961 ad
791 904 1060 960 Leontium
1083 903 1429 959 Arelatensem
1454 920 1473 960 :

568 1020 586 1053 ι
601 999 753 1065 Quod
776 1014 868 1071 pro
884 996 1227 1053 sollicitudine
1242 996 1514 1068 pastorali,
1540 993 1681 1048 beate
1700 993 1856 1047 Pater
1873 992 2080 1059 Leonti,

489 1102 542 1153 in
588 1092 979 1151 condenmanda
1032 1090 1499 1163 pra'destinationis
1546 1105 1760 1153 errore,
1811 1090 2084 1142 concilium

489 1198 808 1245 summorum
828 1186 1115 1240 antistitum
1135 1184 1502 1258 congregastis,
1525 1183 1774 1236 universis
1795 1173 2112 1237 Galliarum.

489 1281 740 1352 episc0pis
785 1278 1148 1342 consuluistis;
1196 1276 1335 1345 quod
1372 1291 1486 1330 vero
1529 1275 1598 1328 ad
1648 1275 1937 1329 ordinanda
1972 1292 2084 1344 qua:

491 1377 767 1432 collatione
797 1374 1003 1446 publica
1031 1372 1325 1426 doctissime
1362 1371 1665 1442 pratulistis,
1700 1387 1904 1441 aperant
1936 1370 2084 1439 infir-

491 1474 587 1525 mis
610 1470 833 1524 humeris
855 1484 1134 1539 curamque
1154 1465 1454 1532 mandastis,
1482 1481 1664 1535 parum
1690 1474 1880 1519 sancta:
1905 1464 2085 1518 existi-

494 1563 706 1619 mationi
734 1561 1093 1626 consuluistis,
1136 1568 1182 1613 et
1223 1559 1429 1628 judicio
1477 1557 1704 1612 caritatis
1731 1574 1817 1611 vos
1860 1555 2086 1628 pericula

492 1658 754 1714 electionis
782 1655 1055 1711 onerastis.
1087 1673 1107 1706 ι
1147 1651 1213 1707 Et
1244 1653 1323 1706 his
1352 1652 1515 1706 verbis
1543 1651 1764 1721 epistola
1790 1650 2049 1704 clauditur
2068 1664 2089 1705 .'

503 1770 521 1802 ι
556 1750 621 1804 1η
657 1767 761 1821 quo
799 1748 1003 1819 quidem
1049 1743 1300 1814 opusculo
1323 1786 1338 1810 ,
1384 1754 1496 1815 post
1524 1743 1836 1798 Arelatensis
1881 1742 2088 1797 concilii

2186 533 2372 584 mirum
2413 529 2613 584 videtur
2641 531 2860 584 concilia
2898 548 3000 586 non
3041 534 3273 604 equidem
3298 536 3637 605 mcumenica,
3680 540 3769 593 sed

2188 623 2523 693 provincialia
2542 622 2783 677 Ecclesia:
2800 622 3083 679 Gallicanae
3102 625 3220 679 huic
3235 627 3395 681 errori
3415 630 3772 686 auctoritatem

2187 718 2505 784 conciliasse,
2538 714 2902 786 Faustumque,
2933 720 3022 788 qui
3060 728 3132 772 tot
3172 735 3333 775 annos
3373 722 3528 790 vixit,
3571 740 3631 778 ea
3669 742 3773 793 qua

2189 810 2411 881 pollebat
2438 810 2734 878 subtilitate,
2761 808 3096 865 conciliorum
3122 812 3326 867 decreta
3355 830 3459 868 non
3486 818 3640 870 modo
3662 818 3776 886 suf-

2190 904 2374 975 fragio,
2416 904 2505 956 sed
2541 911 2588 955 et
2629 904 2949 974 argumentis
2986 905 3093 959 suis
3122 907 3392 975 probasse,
3437 918 3491 961 ut
3534 917 3670 980 patet
3713 926 3778 963 ea:

2187 996 2400 1067 epistola
2424 994 2491 1049 ad
2515 994 2803 1061 Leontium,
2831 1011 2947 1067 qua:
2973 997 3151 1068 negari
3181 1014 3283 1052 non
3312 1008 3498 1067 potest.
3531 1001 3779 1071 Quisquis

2186 1089 2499 1160 synodorum
2528 1090 2679 1158 genia
2715 1088 3014 1156 indulserit,
3059 1091 3195 1144 hanc
3235 1092 3501 1145 veritatem
3527 1094 3779 1162 exemplis

2189 1182 2427 1251 plurimis
2475 1182 2778 1252 probaturus
2827 1191 2927 1237 est.
2976 1182 3035 1236 ε’
3077 1181 3307 1237 Lucidus
3356 1187 3641 1256 presbyter,
3688 1189 3782 1256 qui

2189 1285 2359 1347 partes
2395 1276 2669 1347 Augustini
2696 1275 2955 1341 tuebatur,
2993 1277 3221 1331 maxima
3249 1278 3541 1348 suspicione
3570 1278 3779 1333 labora-

2190 1371 2295 1435 bat,
2325 1381 2430 1425 tum
2455 1368 2596 1439 apud
2624 1366 2876 1422 Faustum
2906 1369 3243 1439 versipellem,
3270 1380 3379 1423 tum
3405 1369 3546 1439 apud
3572 1379 3784 1424 cteteros

2190 1461 2269 1515 his
2298 1460 2527 1531 partibus
2556 1459 2809 1524 addictos,
2842 1467 2896 1512 ut
2921 1457 3037 1527 ﬁeri
3065 1459 3214 1513 solet.
3261 1457 3393 1514 Ideo
3434 1460 3619 1514 timore
3655 1476 3781 1530 per-

2190 1553 2383 1619 culsus,
2412 1560 2461 1608 et
2498 1550 2714 1623 epistola
2742 1547 2928 1605 Fausti
2971 1552 3249 1619 impulsus,
3278 1552 3402 1606 dum
3431 1567 3573 1607 mens
3601 1553 3784 1606 territa

2190 1655 2468 1701 remaneret
2500 1644 2679 1709 dubia,
2723 1659 2881 1714 quam
2910 1652 3107 1714 partem
3133 1644 3551 1714 amplecteretur,
3584 1640 3786 1698 Fausto

2193 1741 2398 1809 obsequi
2428 1748 2473 1792 et
2503 1737 2940 1792 anathematismis
2979 1736 3078 1807 ipsi
3106 1736 3289 1792 ablatis
3317 1736 3633 1791 subscribere
3662 1752 3788 1791 coa-

492 1842 944 1913 subscriptionem,
996 1839 1138 1892 navis
1186 1837 1444 1891 erroribus
1498 1835 1853 1907 deprehensis,
1910 1836 2087 1906 aliqua
2119 1833 2164 1893 Β
2191 1847 2300 1889 ctus
2317 1843 2409 1891 est.
2432 1832 2510 1888 De
2531 1834 2761 1887 libertate
2780 1831 2856 1887 vel
2876 1832 3138 1887 coactione
3155 1830 3252 1886 sibi
3271 1830 3512 1901 imposita
3522 1830 3789 1903 judicium

493 1936 675 2008 subjici
723 1932 949 2004 synodus
999 1929 1357 2000 Lugdunensis
1403 1928 1591 1999 exegit.
1643 1947 1659 1979 ι
1723 1926 1814 1982 Sic
1862 1925 2089 1981 Faustus

495 2026 733 2089 Leontio,
769 2026 884 2080 testi
913 2024 1137 2089 oculata,
1172 2022 1482 2076 Arelatensis
1524 2019 1729 2074 concilii
1760 2020 1999 2089 prtesidi,
2042 2026 2089 2075 et

492 2118 853 2190 Lugdunensis
881 2116 1104 2170 conscia.
1153 2112 1362 2168 Nollem
1390 2129 1482 2184 ego
1510 2113 1603 2166 tali
1630 2113 1819 2181 scripta
1840 2111 2094 2181 denegare

494 2211 672 2279 ﬁdem,
704 2224 794 2261 nec
834 2205 1103 2261 verisimile
1143 2205 1201 2273 ﬁt
1241 2203 1383 2257 hunc
1425 2204 1744 2275 episcapum,
1776 2218 1836 2256 eo
1866 2212 2093 2273 tempore

495 2298 866 2372 philasaphfcis
914 2296 1126 2361 studiis,
1172 2304 1323 2350 aetate
1366 2305 1413 2349 et
1454 2295 1721 2359 doctrina,
1771 2293 2093 2362 quantumvis

496 2407 731 2454 erronca,
763 2389 1166 2454 celeberrimum,
1198 2387 1463 2454 scripsisse
1490 2396 1632 2440 tanta
1659 2403 1773 2440 cum
1799 2386 2016 2455 ﬁducia,
2045 2393 2093 2440 et

498 2494 762 2536 coa'taneo
792 2482 888 2535 sibi
917 2480 1127 2533 Leontio
1157 2480 1378 2546 dixisse,
1418 2497 1436 2530 ι
1468 2478 1618 2532 illum
1648 2478 1918 2532 concilium
1954 2493 2095 2531 sum-

498 2590 703 2628 morum
751 2572 1038 2627 antistitum
1085 2588 1417 2644 congregasse
1471 2580 1524 2625 ut
1576 2573 1910 2625 damnaretur
1953 2586 2096 2625 error

498 2663 985 2736 prtedestinatianis.
1018 2682 1035 2714 ι
1084 2662 1216 2717 Haec
1252 2665 1384 2717 enim
1421 2663 1519 2733 fuit
1550 2664 1694 2733 origo
1721 2664 2091 2718 controversia-

499 2774 635 2825 rum,
668 2758 853 2826 quippe
889 2757 978 2826 qui
1014 2755 1541 2827 prwdcstinationem,
1573 2772 1865 2826 quanquam
1895 2756 2092 2828 gratui-

502 2855 629 2914 tam,
658 2848 1003 2901 necessitatem
1040 2846 1331 2900 actionibus
1361 2858 1408 2901 et
1439 2849 1682 2902 humana:
1712 2848 1962 2901 voluntati
1990 2848 2092 2901 im-

500 2959 690 3012 panere
736 2942 1096 2995 contenderent
1145 2941 1571 3012 Semipelagiani.
1626 2941 1739 2996 Nec
1785 2944 1972 2996 mirum
2018 2951 2093 2997 est

498 3036 763 3105 episcopos
782 3032 1025 3089 Ecclesia:
1041 3032 1329 3088 Gallicana:
1350 3050 1461 3089 eam
1483 3036 1744 3104 amplexos
1766 3036 2089 3106 sententiam,

498 3145 653 3200 quam
683 3129 907 3198 plerique
935 3137 1143 3182 tuentur
1166 3128 1416 3182 hodierno
1442 3128 1543 3182 die.

2192 1928 2334 1982 nobis
2361 1928 2493 1995 ferre
2525 1942 2624 1980 non
2653 1926 2794 1980 licet.
2825 1924 2941 1978 Hoc
2967 1940 3127 1978 unum
3152 1923 3481 1995 canjicimus,
3503 1922 3787 1994 dejeratio-

2193 2037 2307 2076 nem
2349 2021 2430 2075 cui
2475 2019 2777 2089 subscripsit
2820 2016 3072 2084 Lucidus,
3117 2016 3311 2071 Fausti
3347 2033 3505 2071 manu
3540 2016 3789 2087 scriptam

2195 2115 2375 2186 fuisse,
2404 2124 2458 2167 ut
2486 2114 2598 2182 ﬁeri
2638 2113 2765 2166 solet
2806 2111 2868 2165 ab
2908 2111 2972 2165 iis
2999 2110 3087 2180 qui
3116 2109 3401 2178 triumphos
3426 2124 3580 2180 agere
3606 2107 3790 2164 volunt

2194 2205 2438 2260 adversus
2474 2205 2593 2274 fidei
2635 2205 2865 2273 pristinae
2899 2203 3209 2275 defensores.
3260 2202 3317 2258 5°
3349 2200 3670 2256 Hincmarus
3701 2217 3787 2256 er-

2195 2300 2345 2367 ravit,
2377 2300 2464 2371 qui
2490 2299 2596 2353 lucc
2626 2298 2844 2352 concilia
2871 2313 3008 2350 anno
3033 2297 3132 2352 451
3166 2294 3438 2364 ascripsit;
3482 2295 3574 2349 sed
3600 2293 3789 2364 debent

2195 2392 2249 2445 in
2281 2391 2589 2460 posteriores
2617 2407 2777 2444 annos
2802 2389 2971 2462 rejici.
3002 2388 3138 2444 Sunt
3162 2388 3251 2458 qui
3274 2388 3343 2440 ad
3369 2403 3460 2441 an.
3482 2385 3621 2451 475;
3654 2384 3788 2458 Pagi

2196 2501 2311 2539 vero
2332 2485 2400 2538 ad
2424 2483 2532 2541 490
2553 2500 2746 2537 annum
2773 2482 3071 2555 assignavit.

2269 2576 2399 2631 Haec
2424 2586 2545 2630 sunt
2582 2577 2784 2629 nomina
2820 2580 3102 2646 prtesulum
3137 2573 3227 2645 qui
3256 2572 3575 2628 subscribere
3600 2572 3789 2627 debue-

2196 2680 2350 2725 runt:
2379 2672 2620 2725 Leontius
2650 2669 2986 2733 Arelatensis,
3025 2670 3115 2722 sed
3151 2666 3245 2721 alii
3280 2666 3453 2737 legunt
3486 2664 3785 2727 Auxanius;

2197 2763 2449 2828 Faustus,
2498 2761 2729 2827 Paulus,
2778 2759 3095 2832 Eutropius,
3144 2757 3504 2831 Pragmatius,
3550 2754 3786 2821 Patiens,

2198 2857 2469 2929 Megetius,
2498 2856 2773 2923 Claudius,
2802 2854 3114 2919 Leucadius,
3135 2852 3402 2918 Julianus,
3425 2851 3515 2921 qui
3538 2866 3712 2904 omnes
3738 2864 3787 2902 ss

2196 2950 2453 3021 relegisse
2483 2950 2685 3014 dicunt,
2714 2957 2923 3017 excepto
2952 2945 3233 3016 Eufranio,
3261 2945 3348 3015 qui
3371 2944 3561 2999 addit:
3598 2941 3671 2997 Et
3692 2940 3787 2995 ad-

2196 3042 2423 3098 miratus
2467 3054 2585 3094 sum
2638 3028 3022 3109 pletiitudinem
3070 3046 3331 3093 sanetam.
3390 3034 3623 3089 Lucidus
3676 3048 3786 3087 vero

2196 3143 2442 3205 tanquam
2464 3130 2739 3204 abnegator
2758 3131 3087 3202 subsignavit.
3120 3128 3409 3200 Subjicitur
3428 3144 3551 3182 mox
3570 3126 3783 3199 epistola

579 3221 749 3276 VIII.
792 3222 1059 3278 Hactenus
1086 3225 1148 3277 de
1172 3224 1402 3278 conciliis
1427 3223 1614 3278 habitis
1643 3224 1763 3277 dum
1794 3241 2090 3296 nanagena-
2115 3218 2163 3282 C
2198 3225 2386 3281 Fausti
2432 3226 2501 3279 ad
2543 3223 2838 3291 Lucidum,
2882 3238 3036 3293 quant
3076 3223 3317 3277 amiserat
3360 3218 3597 3275 Canisius
3637 3229 3687 3272 et
3721 3234 3784 3273 ea

500 3318 813 3387 riumageret
830 3334 1023 3369 annum
1040 3315 1285 3372 Faustus.
1301 3316 1454 3371 Nunc
1467 3318 1530 3370 de
1542 3316 1762 3384 Lucida,
1778 3334 1924 3388 quem
1937 3319 2093 3387 ﬁdem

502 3407 779 3475 pristinam
806 3406 1080 3475 abnegasse
1104 3408 1413 3461 contendunt
1440 3406 1667 3476 plurimi,
1695 3418 1876 3480 negant
1905 3410 2015 3465 alii.

578 3495 707 3550 llrec
737 3496 881 3552 nobis
910 3496 1205 3552 verisimilia
1241 3501 1420 3553 saltem
1449 3500 1683 3553 videntur
1710 3516 1727 3553 :
1768 3499 1820 3553 1⁸⁵
1852 3502 1997 3558 Tunc
2038 3503 2092 3559 in

500 3588 781 3660 Aquitania
805 3591 1049 3659 prta-sules
1084 3592 1170 3662 qui
1202 3608 1229 3645 e
1266 3593 1572 3648 monasterio
1615 3594 1871 3651 Lirinensi
1909 3598 2079 3652 elicie-

2202 3317 2487 3388 Sirmundo
2523 3318 2786 3388 reponitur
2826 3314 2969 3386 (Vid.
2995 3368 3003 3375 ,
3026 3314 3160 3369 inira
3186 3313 3292 3369 col.
3343 3312 3492 3383 837),
3524 3321 3576 3364 ut
3620 3318 3779 3364 totam

2154 3410 2161 3415 ’
2198 3412 2274 3467 rei
2320 3411 2497 3465 seriem
2534 3409 2817 3482 percipiant
2858 3409 3088 3464 lectores.
3140 3406 3247 3463 Sed
3293 3403 3564 3459 admonitio
3588 3400 3770 3455 Fausti

2201 3505 2286 3560 hic
2307 3504 2663 3576 promittenda
2698 3502 2869 3575 (Illam
2902 3518 3000 3558 nos
3030 3504 3173 3559 inter
3201 3513 3484 3558 sermones
3521 3496 3781 3554 edidimus

2190 3597 2326 3656 inira
2356 3598 2463 3652 col.
2488 3596 2637 3667 887).

571 3709 794 3781 (Confer
819 3714 863 3768 si
891 3714 1094 3784 placet,
1111 3723 1270 3785 caput
1297 3715 1332 3770 8
1363 3713 1611 3770 Historia:
1639 3717 2126 3787 prwdestinatiante,
2155 3717 2473 3789 Patrologiat
2500 3726 2696 3772 nostra:
2724 3725 2854 3771 tom.
2879 3715 3010 3782 LIII,
3037 3713 3143 3770 col.
3168 3711 3323 3781 685.)

498 3846 3767 3885 ψ

1006 4026 1077 4078 fil

1432 4002 2099 4120 εΔΝατι
2144 4005 2853 4141 ΕΔΠΒΤῙ

508 4209 756 4338 DE
820 4208 1494 4339 GBATIA
1542 4216 1848 4339 DEI
1915 4216 2139 4344 ET
2185 4160 2876 4346 'LIBERO
2928 4215 3782 4347 ARBITRIO

1960 4419 2141 4477 LIBRI
2184 4422 2343 4477 DUO.

1796 4566 2504 4599 -ἦ

1526 4686 2009 4795 LIBER
2088 4690 2749 4802 PRIMUS.

1019 4866 1247 4923 CAPUT
1287 4866 1574 4923 PRIMUM.

503 4962 653 5028 Quod
680 4961 881 5033 Pelagii
908 4977 1086 5017 sensus
1106 4961 1194 5028 qui
1214 4961 1434 5033 gratiam
1465 4962 1663 5033 negarit
1686 4962 1849 5032 prima
1875 4963 1986 5017 loco
2007 4980 2091 5018 ne-

1058 5047 1192 5086 cesse
1212 5032 1279 5085 sit
1308 5032 1518 5084 destrui.

573 5147 649 5202 De
678 5148 847 5218 gratia
900 5145 995 5201 Dei
1035 5154 1092 5201 et.
1133 5144 1391 5200 tenuitate
1419 5145 1572 5201 liberi
1614 5147 1842 5214 arbitrii,
1894 5149 2090 5207 illumi-

498 5250 664 5295 nante
693 5250 880 5295 sancto
908 5238 1134 5310 Spiritu,
1186 5239 1335 5309 juxta
1382 5241 1720 5311 evangelicas
1750 5242 2081 5312 disciplinas,

499 5342 553 5388 et
580 5333 901 5403 apostolicas
928 5331 1143 5402 regulas
1165 5333 1463 5398 tractaturi,
1517 5334 1690 5402 primo
1737 5333 1856 5389 loco
1886 5334 2087 5406 Pelagii

501 5426 885 5495 blaspltemias,
929 5424 1133 5479 scilicet
1167 5423 1481 5493 jamdudum
1514 5423 1769 5480 Ecclesia:
1808 5426 2087 5483 catholicae

498 5517 608 5573 lide
639 5517 897 5586 proditas,
930 5515 1233 5572 eruditione
1262 5518 1533 5582 confusas,
1567 5519 1885 5575 auctoritate
1912 5519 2084 5576 calca-

502 5620 604 5674 tas,
637 5608 781 5662 brevi
804 5618 856 5663 et
882 5612 1185 5665 necessario
1208 5625 1458 5664 sermone
1488 5612 1941 5681 praestringendas
1964 5626 2083 5669 esse

502 5704 850 5761 credidimus.
882 5706 986 5761 Pro
1016 5722 1080 5761 eo
1108 5705 1247 5776 quod
1278 5707 1417 5762 inter
1447 5707 1680 5775 reliquas
1712 5708 1974 5778 dogmatis
2002 5709 2081 5762 sui

501 5796 946 5864 abominationes,
992 5798 1150 5851 etiam
1188 5798 1423 5855 laborem
1453 5799 1684 5853 hominis
1715 5801 1889 5856 valere
1924 5816 2079 5865 posse

2116 4876 2172 4937 D
2196 4874 2313 4931 sine
2340 4878 2531 4947 gratia,
2556 4879 2787 4936 elatione
2807 4879 3101 4939 damnabili
3127 4882 3398 4940 afﬁrmare
3423 4893 3649 4941 conatus
3684 4899 3802 4945 est.

2200 4966 2270 5022 Et
2297 4967 2416 5023 ideo
2439 4968 2693 5025 nefarios.
2716 4985 2910 5027 sensus
2934 4987 3063 5029 suos
3108 4974 3193 5029 vel
3237 4990 3304 5030 ex
3351 4984 3503 5045 parte
3526 4977 3711 5045 aliqua
3746 4979 3805 5037 in

2197 5060 2432 5114 medium
2481 5062 2723 5131 proferre
2769 5064 3099 5134 curabimus,
3148 5075 3206 5120 ut
3250 5066 3512 5124 sollicitus
3559 5069 3808 5139 quisque

2196 5163 2509 5223 cognoscat,
2539 5155 2706 5209 multo
2733 5155 2875 5211 aliud
2905 5170 3026 5212 esse
3069 5157 3290 5213 salutari
3328 5158 3516 5229 gratia:
3547 5158 3805 5218 ofﬁcium

2196 5244 2396 5300 laboris
2441 5246 2753 5316 adjungere,
2800 5246 2942 5303 aliud
2974 5262 3101 5304 vero
3132 5248 3333 5306 nudum
3362 5250 3565 5321 absque
3602 5262 3807 5321 patro-

2195 5337 2339 5393 cinio
2354 5340 2536 5409 gratiae
2549 5338 2787 5396 laborem
2812 5342 3116 5398 temeritate
3128 5356 3231 5399 una
3253 5357 3517 5400 asserere.
3534 5344 3630 5398 llic
3656 5360 3805 5416 ergo

2194 5429 2319 5484 dum
2347 5431 2507 5488 altius
2534 5430 2821 5488 humanam
2871 5433 3233 5503 fragilitatem,
3284 5435 3568 5492 immemor
3613 5437 3804 5495 divini

2197 5523 2423 5589 timoris,
2472 5523 2702 5594 extollit,
2748 5524 2932 5595 iudicii
2983 5528 3063 5581 sui
3109 5527 3344 5598 perdidit
3366 5529 3680 5584 sanitatem.
3716 5530 3803 5585 Ita

2195 5634 2259 5672 ex
2290 5626 2439 5687 parte
2474 5618 2575 5673 alia
2603 5619 2819 5686 cecidit,
2870 5621 2995 5676 dum
3038 5622 3246 5677 arbitrii
3295 5624 3599 5678 libertatem
3647 5624 3805 5679 iule-

2191 5726 2339 5779 gratn
2373 5712 2623 5779 praedicat
2653 5720 2705 5766 et
2736 5713 2978 5777 ill-usam,
3032 5714 3169 5769 sicut
3199 5714 3272 5768 illi
3304 5716 3391 5784 qui
3422 5730 3539 5769 eam
3568 5729 3631 5768 ex
3667 5724 3803 5771 toto

2194 5812 2439 5857 asserunt
2474 5805 2636 5862 fuisse
2665 5814 2997 5863 evacuatam.
3045 5806 3155 5863 ΙΙοο
3203 5808 3381 5876 itaque
3420 5806 3538 5865 loco
3576 5808 3806 5876 gemini
