4060 6332
338 375 441 430 785

1464 370 1546 426 DE
1585 371 1841 427 οιιΑΤιΑ
1885 371 2023 438 DEI,
2071 373 2242 440 ETC.,
2287 374 2410 428 LIB.
2456 375 2492 430 1.

3510 380 3617 439 786

336 486 475 537 inter
519 495 576 536 se
607 479 958 534 colluctantur
1003 494 1239 546 errores,
1293 496 1517 550 quorum
1564 498 1700 537 unus
1743 484 1909 536 solam
1943 483 1999 546 Λ
2029 484 2158 550 Quia
2189 489 2296 539 sine
2323 504 2398 540 me
2427 489 2551 542 nihil
2579 494 2787 559 potestis
2811 491 2977 561 facere
3007 495 3184 564 (Juau.
3205 499 3331 562 xv)?
3363 493 3442 547 Ad
3460 495 3614 564 cujus

335 575 584 646 gratiam,
633 576 768 627 alter
798 574 969 628 solum
1001 575 1262 641 laborem,
1294 575 1481 630 relicto
1509 577 1722 630 tramite
1764 587 1922 646 atque

339 684 590 725 mensura
623 669 889 733 veritatis,
917 669 1179 723 insinuat.
1209 668 1487 724 Sectarum
1521 685 1715 737 genere
1745 669 1924 739 dispa-

335 777 446 829 res,
499 762 595 817 sed
627 761 902 830 impietate
931 762 1263 817 consimiles.
1306 763 1528 818 Diverso
1559 764 1773 833 quidem
1803 771 1922 818 stu-

335 854 447 923 dio,
492 852 588 908 sed
623 851 812 923 spiritu
842 853 998 909 unius
1027 853 1294 924 serpentis
1339 854 1638 910 insibilant.
1684 856 1923 923 Quorum

336 961 498 1012 unus,
528 945 583 1001 id
612 955 714 1015 est,
746 945 910 1002 solius
938 947 1125 1016 gratia:
1153 947 1491 1018 praedicator,
1517 950 1688 1018 prima
1708 949 1924 1018 quidem

335 1041 512 1098 fronte
536 1057 802 1099 venenum
843 1057 998 1098 suum
1031 1044 1133 1100 sub
1176 1046 1356 1114 specie
1404 1046 1615 1116 pietatis
1658 1045 1920 1112 occultat;

334 1136 497 1203 alter,
547 1135 601 1191 id
648 1144 734 1192 est
780 1136 978 1192 laboris
1018 1147 1278 1204 assertor,
1327 1138 1573 1208 protinus
1617 1148 1923 1194 exstantem

336 1237 609 1285 tumorem
638 1229 879 1300 improba
909 1230 1142 1285 elatione
1170 1230 1496 1286 manifestat.
1549 1232 1672 1287 Hinc
1719 1232 1927 1302 profes-

334 1323 440 1386 sio,
475 1321 796 1377 insinuando
825 1322 998 1377 solum
1032 1323 1269 1378 laborem
1310 1325 1426 1394 ipso
1470 1325 1550 1379 sui
1591 1325 1745 1380 titulo
1774 1326 1925 1382 dete-

334 1413 530 1468 standa
554 1431 567 1467 :
592 1413 681 1468 illa
710 1413 878 1483 magis
904 1415 1004 1469 sub
1032 1415 1283 1485 religioso
1301 1416 1484 1471 colore
1513 1418 1797 1472 metuenda
1819 1426 1920 1472 est.

336 1505 463 1561 Haec
487 1505 829 1576 sacrilegium
859 1522 1015 1561 suum
1045 1507 1174 1577 ipsis
1204 1507 1315 1563 suis
1343 1509 1562 1563 auribus
1594 1508 1793 1578 prodit,
1837 1509 1924 1563 illa

338 1597 487 1651 virus
521 1612 679 1652 suum
710 1597 832 1652 imis
862 1597 1178 1665 visceribus,
1230 1613 1366 1668 pene
1403 1607 1688 1670 antequam
1719 1600 1923 1656 sentia-

337 1697 443 1754 tur,
476 1687 723 1743 infundit.
753 1688 897 1743 Duos
920 1699 1205 1759 angustum
1227 1690 1480 1746 obsidere
1508 1692 1700 1746 fretum
1731 1707 1927 1760 scopu-

345 1778 428 1833 los
454 1788 629 1848 putes,
654 1796 880 1849 quorum
902 1797 1036 1837 unus
1053 1782 1470 1853 subdeprimitur
1495 1785 1548 1840 in
1579 1785 1920 1855 profundum,

337 1875 475 1930 alter
503 1877 737 1931 minatur
766 1877 817 1931 in
845 1878 1062 1933 caelum.
1119 1877 1261 1932 Unus
1299 1877 1524 1933 infestus
1555 1879 1924 1948 navigantibus
1956 1860 2004 1920 Β

335 1969 597 2035 cernitur,
635 1969 774 2024 alter
801 1985 942 2024 czeca
975 1969 1244 2040 naufragia
1287 1971 1607 2040 improvisus
1649 1982 1922 2040 operatur.

334 2059 430 2114 Ille
457 2062 682 2131 gratiam
709 2062 962 2132 loquitur,
993 2061 1079 2116 hic
1107 2061 1370 2117 laborem.
1392 2061 1689 2130 Utrumque
1711 2062 1923 2132 eloquia

337 2154 517 2208 divina
543 2155 886 2210 confirmant.
919 2154 978 2210 Si
1007 2155 1330 2210 dissidentes
1361 2171 1658 2223 removeas,
1691 2165 1746 2210 et
1784 2155 1924 2210 dicta

334 2248 629 2319 coniungas
662 2249 817 2318 plena
864 2248 987 2305 ﬁdei
1019 2249 1298 2304 sinceritas
1327 2248 1630 2318 apparebit.
1671 2247 1776 2302 Sed
1799 2252 1925 2317 quia

334 2341 478 2397 velut
527 2343 800 2398 temerarii
844 2344 1074 2412 remiges
1120 2342 1234 2397 sine
1293 2341 1549 2411 magistro
1590 2342 1924 2411 inexplorato

336 2435 472 2489 mari
521 2435 642 2491 vela
684 2434 1057 2502 committunt,
1103 2451 1165 2490 ac
1207 2445 1510 2505 temperare
1557 2435 1924 2490 moderamina

336 2529 605 2598 nesciunt,
653 2538 709 2586 et
749 2530 1112 2600 gubernacula
1156 2537 1386 2586 tractare
1433 2543 1537 2582 non
1571 2538 1787 2592 norunt,
1839 2529 1924 2584 hic

338 2628 592 2691 tanquam
634 2621 687 2676 in
718 2621 911 2693 Scylla:
938 2623 1077 2677 male
1122 2622 1370 2677 dextrum
1404 2621 1574 2677 fertur
1601 2621 1921 2691 periculum,

337 2713 430 2770 ille
457 2715 508 2770 in
541 2715 732 2771 larvum
767 2716 1070 2788 Charybdis
1117 2716 1289 2772 tendit
1330 2716 1637 2784 abruptum.
1686 2715 1752 2769 Et
1796 2714 1924 2784 quid

335 2824 432 2864 eos
461 2811 603 2866 inter
630 2811 743 2866 haec
772 2809 951 2866 facere
1001 2818 1263 2880 oporteat,
1313 2809 1358 2863 si
1401 2808 1673 2877 requiras;
1707 2807 1926 2876 proviso

337 2904 694 2973 gubernatore
720 2903 898 2958 navim
917 2902 1168 2958 ﬂuctibus
1184 2900 1426 2965 credant,
1447 2899 1680 2954 medium
1709 2908 1926 2953 teneant

337 3008 578 3063 cursum,
602 3003 656 3050 et
677 2994 837 3050 ambo
858 2994 986 3049 ﬂatu
1002 2994 1194 3049 dextro
1219 2993 1579 3062 perducentur
1599 2991 1666 3046 ad
1690 3002 1921 3062 portum.

343 3087 630 3142 Videamus
654 3088 741 3142 cui
764 3086 1022 3157 impietati
1048 3086 1321 3156 geminum
1349 3086 1491 3138 hunc
1519 3098 1759 3138 errorem
1787 3084 1924 3137 assi-

339 3179 528 3236 milare
555 3180 636 3236 vel
663 3179 910 3236 conferre
934 3179 1221 3248 possimus.
1270 3178 1388 3232 Pari
1434 3176 1594 3231 modo
1640 3177 1692 3231 in
1721 3186 1923 3245 petrarrr

339 3271 574 3326 scandali
599 3270 903 3339 oliendunt,
934 3243 1034 3326 ivel
1080 3270 1156 3324 illi
1207 3270 1295 3339 qui
1340 3267 1610 3323 Christum
1643 3243 1925 3321 Dominum
1952 3243 2002 3308 (ἶ

338 3368 512 3421 soluor
548 3366 735 3432 Deum,
787 3367 869 3420 vel
921 3365 995 3421 illi
1038 3365 1128 3436 qui
1179 3363 1354 3419 solum
1392 3362 1684 3426 lromirrenr,
1731 3360 1926 3416 amissa

338 3458 681 3513 discretionis
703 3460 840 3526 luce,
861 3473 1104 3514 asserere
1127 3464 1603 3528 praesumpserant.
1623 3454 1764 3510 Perre
1789 3464 1929 3510 utra-

339 3566 446 3616 que
493 3550 772 3614 nimietas,
825 3550 952 3603 dum
1003 3549 1382 3604 discretionem
1433 3558 1593 3618 atque
1638 3545 1926 3599 discrimen

344 3648 532 3694 tenere
561 3641 752 3705 nescit,
803 3641 1006 3710 :equale
1043 3641 1244 3693 crimen
1293 3639 1533 3692 incurrit.
1582 3636 1808 3691 Proinde
1836 3637 1927 3706 qui

343 3729 615 3784 Christum
643 3731 813 3786 solum
848 3731 1119 3785 hominem
1171 3730 1387 3795 dixerit,
1437 3727 1649 3796 negavit
1697 3727 1928 3780 auctoris

343 3824 668 3892 potentiam;
702 3823 792 3892 qui
825 3823 995 3876 solum
1030 3822 1216 3886 Deum,
1250 3819 1479 3890 perdidit
1508 3815 1926 3872 misericordiam

341 3914 736 3984 Redemptoris.
770 3918 846 3968 Ac
879 3914 976 3974 sic.
1010 3915 1100 3983 qui
1132 3927 1288 3967 unam
1320 3911 1372 3965 in
1408 3910 1633 3964 Domino
1659 3908 1928 3962 salvatore

339 4006 693 4062 substantiam
719 4007 1059 4070 confitentur,
1109 4005 1162 4060 in
1201 4003 1339 4058 hanc
1365 4001 1798 4070 constringentur
1830 4016 1924 4054 nec

342 4099 668 4163 cessitatem,
702 4109 759 4153 ut
787 4109 878 4152 aut
903 4099 1076 4152 solum
1105 4095 1379 4150 hominem
1409 4094 1546 4148 caelo
1573 4093 1800 4161 lapsum,
1837 4100 1928 4145 aut

339 4191 514 4246 solum
563 4192 726 4246 Deum
755 4199 1012 4260 cogantur
1057 4188 1240 4246 dicere
1288 4185 1622 4240 crucifixum.
1674 4183 1778 4238 Sed
1817 4199 1923 4237 non

340 4287 411 4341 ita
438 4296 535 4340 cst.
590 4285 812 4340 Mortem
863 4283 1005 4339 enim
1046 4297 1144 4337 nec
1193 4281 1342 4335 solus
1379 4280 1519 4334 Deus
1558 4277 1778 4341 sentire,
1827 4291 1927 4330 nec

340 4380 487 4434 sofus
521 4379 680 4432 homo
705 4391 963 4447 superare
996 4375 1276 4445 potuisset.
1309 4373 1376 4426 Et
1402 4372 1520 4426 ideo
1551 4386 1668 4425 eam
1707 4385 1802 4438 pro
1828 4384 1925 4438 ge-

341 4473 484 4528 mina
514 4474 719 4525 ratione
745 4469 1080 4532 substantia,
1104 4467 1262 4521 homo
1284 4466 1518 4534 suscepit
1542 4472 1596 4517 et
1615 4464 1752 4516 Deus
1775 4462 1923 4514 vicit.

339 4564 396 4619 Si
425 4580 551 4632 ergo
595 4562 833 4633 partibus
870 4561 1225 4631 proprietates
1267 4573 1390 4612 suas
1433 4555 1645 4623 reddas,
1693 4565 1747 4608 et
1773 4552 1926 4608 Chri-

340 4668 481 4710 stum
512 4657 678 4710 Deum
708 4654 864 4710 simul
891 4662 1052 4722 atque
1093 4651 1364 4706 hominem
1392 4649 1584 4704 credas
1610 4659 1664 4702 et
1693 4661 1923 4710 asseras,
1950 4621 2005 4682 Ῐ)

340 4747 563 4816 perinde
593 4757 674 4802 est
698 4761 760 4801 ac
798 4745 842 4799 si
871 4746 1094 4815 gratiam
1134 4760 1256 4798 cum
1293 4741 1474 4796 labore
1513 4740 1825 4808 coniungas,
1873 4748 1925 4791 et

342 4841 410 4894 ab
435 4841 704 4909 adjutorio
733 4839 825 4893 Dei
856 4850 1104 4893 conatum
1147 4835 1379 4892 hominis
1418 4849 1523 4888 non
1561 4832 1809 4901 repellas.
1850 4830 1924 4883 Ita

344 4945 546 5000 tamen,
576 4941 633 4988 ut
662 4930 951 4987 adnitentis
983 4930 1277 4994 devotioni,
1316 4925 1562 4980 elationis
1589 4924 1799 4992 culpam
1832 4937 1922 4991 pe-

345 5028 486 5080 nitus
515 5041 620 5080 non
664 5023 982 5078 admisceas.
1035 5020 1170 5088 Quia
1198 5029 1454 5089 quantum
1498 5015 1802 5069 detrimenti
1847 5025 1928 5067 est

346 5134 451 5172 non
479 5118 747 5181 laborare,
783 5124 988 5170 tantum
1022 5111 1238 5183 periculi
1269 5113 1334 5165 de
1367 5109 1547 5165 labore
1580 5127 1924 5180 prmsumere.

348 5211 485 5265 Dicit
527 5225 654 5279 ergo
685 5209 951 5278 Pelagius,
999 5205 1141 5275 quod
1189 5204 1255 5259 ad
1304 5202 1650 5259 obtinendam
1699 5203 1926 5257 salutem

348 5314 538 5360 natura
573 5304 803 5358 hominis
847 5302 945 5357 sibi
993 5301 1108 5356 sola
1159 5299 1405 5354 sufficiat.
1455 5297 1527 5352 Ita
1579 5297 1661 5352 hic
1713 5298 1930 5367 pestifer

347 5398 537 5451 doctor
562 5395 815 5459 affirmat,
847 5393 1001 5464 quasi
1037 5392 1210 5447 adhuc
1248 5393 1447 5446 Iactura
1473 5391 1796 5446 conditionis
1827 5407 1921 5445 no-

348 5501 474 5545 stra:
523 5491 573 5542 in
613 5499 752 5542 statu
791 5503 889 5540 suo
935 5487 1130 5540 illibata
1177 5491 1506 5554 permaneat.
1560 5481 1671 5551 Ego
1700 5483 1931 5537 arbitror

349 5584 492 5651 quod
526 5583 743 5637 libertas
765 5580 969 5635 arbitrii
1001 5580 1098 5634 sibi
1131 5579 1243 5632 sola
1265 5577 1515 5632 sufficere
1535 5578 1650 5629 sine
1678 5575 1931 5645 praesidio

349 5677 537 5743 gratia:
566 5691 670 5728 nort
703 5673 948 5744 potuerit,
996 5673 1156 5725 etiam
1186 5680 1470 5738 antequam
1511 5667 1844 5737 privilegium
1869 5670 1931 5722 il-

345 5772 456 5825 'lius
485 5773 836 5842 transgressio
868 5771 1109 5826 violaret.
1134 5769 1414 5836 Quomodo
1442 5784 1569 5822 vero
1597 5784 1734 5825 nunc
1758 5776 1932 5837 potest

350 5862 454 5923 sibi
501 5868 612 5922 sola
662 5866 937 5935 sullicere,
986 5864 1054 5920 ad
1096 5863 1249 5933 cujus
1292 5863 1650 5930 arrogantiam
1690 5862 1923 5917 dicitur:

2029 579 2500 646 praesumptionem
2526 581 2736 637 divinus
2767 599 2944 639 sermo
2970 586 3217 656 dirigitur
3247 605 3258 638 :
3287 585 3405 639 Nisi
3431 585 3609 641 Domi.

2028 687 2120 724 nus
2160 671 2485 739 ludiﬁcaverit
2528 676 2754 742 domum,
2804 680 2858 732 in
2898 695 3081 733 vanum
3129 680 3487 734 laboraverunt
3526 680 3614 746 qui

2027 767 2280 835 azdiﬁcant
2311 783 2421 821 eam
2445 766 2619 839 (Psal.
2648 771 2863 840 cxxvr)?
2889 772 3041 840 Quod
3061 774 3241 844 utique
3256 774 3474 830 elationi
3499 773 3616 828 sine

2025 860 2198 928 gratia
2225 861 2486 928 perlicere
2511 861 2824 932 denegatur,
2851 865 3135 921 humilitati
3162 883 3290 922 vero
3305 883 3426 921 cum
3445 868 3614 936 gratia

2028 949 2253 1020 implere
2313 952 2646 1009 conceditur.
2724 954 3071 1026 Prosequitur
3139 959 3315 1014 adhuc
3370 959 3613 1029 Pelagius

2027 1040 2194 1096 Adam
2220 1044 2498 1099 mortalem
2528 1044 2748 1111 factum,
2779 1048 2868 1117 qui
2891 1047 3004 1104 sive
3035 1060 3325 1119 peccasset.
3363 1051 3474 1107 sive
3505 1067 3612 1105 non

2028 1143 2324 1200 peccasset,
2357 1145 2502 1190 esset
2532 1137 2846 1192 moriturus.
2878 1137 2984 1193 Sed
3006 1153 3129 1194 cum
3153 1140 3610 1211 dicitApostolus,

2029 1225 2332 1298 Propterea,
2367 1229 2555 1300 inquit,
2607 1233 2735 1286 sicut
2779 1247 2866 1300 per
2902 1249 3061 1286 unum
3105 1234 3356 1288 hominem
3385 1237 3437 1288 in
3477 1235 3615 1288 hunc

2028 1322 2278 1374 mundum
2300 1334 2560 1391 peccatum
2583 1325 2812 1391 intrauit,
2828 1334 2874 1380 et
2898 1343 2985 1397 per
3006 1336 3266 1396 peccatum
3289 1327 3613 1397 mors(Rom.

2030 1414 2104 1483 v),
2127 1415 2378 1484 intelligis
2405 1416 2524 1486 quia
2555 1417 2597 1470 si
2618 1429 2894 1486 peccatum
2920 1434 3025 1472 non
3057 1419 3440 1489 prarcessisset,
3466 1433 3614 1473 mors

2030 1516 2215 1560 secuta
2244 1523 2348 1561 non
2371 1516 2535 1571 esset,
2555 1518 2608 1563 et
2633 1501 2825 1566 donata
2853 1510 3231 1564 immortalitas
3253 1509 3612 1580 perdurasset,

2029 1615 2189 1668 quam
2223 1600 2407 1670 utique
2436 1601 2778 1656 manifestum
2802 1612 2884 1656 est
2913 1603 3012 1658 sub
3039 1603 3312 1673 proposita
3342 1603 3456 1671 lege
3483 1617 3615 1670 praes

2030 1691 2234 1757 stitam,
2269 1700 2322 1746 ct
2349 1708 2469 1746 cum
2501 1693 2809 1749 conditione
2847 1694 3118 1760 collatam,
3145 1705 3202 1749 ut
3227 1693 3270 1748 si
3299 1711 3404 1749 non
3441 1707 3616 1750 reces-

2032 1782 2193 1837 sisset
2217 1783 2481 1851 superbus
2523 1785 2590 1837 ab
2619 1782 2942 1851 obedientia,
2995 1794 3338 1855 permaneret
3381 1797 3618 1840 aeternus

2033 1875 2085 1928 in
2122 1874 2312 1943 gloria.
2361 1876 2490 1929 Nam
2527 1891 2647 1930 cum
2694 1875 3037 1932 interdictum
3087 1878 3306 1932 sceleste
3352 1878 3619 1931 sanxisset

2032 1969 2217 2024 dicens
2242 1987 2253 2020 :
2285 1967 2350 2023 In
2376 1986 2676 2040 quacunque
2704 1972 2786 2024 die
2800 1971 3117 2025 comederitis
3144 1972 3206 2025 de
3234 1972 3373 2040 ligno
3394 1972 3618 2025 scientiae

2032 2062 2150 2114 boni
2174 2071 2220 2115 et
2249 2062 2394 2129 mali,
2419 2073 2576 2116 morte
2605 2064 2894 2116 moriemini
2921 2061 3072 2134 (Gen.
3100 2064 3185 2133 ιι),
3216 2063 3400 2133 inclyti
3430 2071 3617 2130 gustus

2033 2156 2171 2208 male
2201 2169 2356 2210 suasa
2388 2157 2734 2226 prmsumptio
2764 2156 2900 2211 facta
2930 2167 3015 2212 est
3042 2173 3106 2212 ex
3137 2157 3398 2213 accidenti
3429 2157 3617 2211 mortis

2031 2249 2262 2304 occasio.
2302 2249 2490 2314 Morte,
2523 2251 2711 2320 inquit,
2761 2251 3013 2305 morieris.
3059 2252 3116 2307 Si
3163 2250 3295 2304 nihil
3346 2251 3618 2320 largientis

2031 2341 2256 2395 contulit
2282 2343 2472 2409 gratia,
2505 2341 2632 2410 quid
2675 2351 2758 2397 est
2780 2342 2921 2412 quod
2951 2343 3172 2398 abstulit
3201 2343 3505 2397 damnantis
3533 2342 3616 2395 of-

2031 2432 2222 2488 fensa?
2268 2432 2409 2489 Mors
2440 2436 2638 2504 itaque,
2688 2434 2738 2488 id
2771 2443 2874 2496 est,
2920 2435 3258 2504 peregrinum
3292 2444 3347 2489 et
3375 2435 3619 2489 adventi-

2033 2527 2164 2582 tium
2197 2528 2416 2593 malum,
2466 2543 2570 2581 non
2600 2538 2683 2582 est
2722 2526 2855 2582 ordo
2884 2537 3108 2594 naturae,
3160 2527 3256 2582 sed
3304 2541 3460 2596 paena
3489 2541 3619 2580 sen-

2035 2619 2233 2673 tentirn.
2272 2620 2549 2684 Quoniam,
2589 2619 2780 2688 inquit,
2822 2617 3075 2672 Dominus
3105 2632 3315 2674 mortem
3356 2635 3458 2671 non
3499 2618 3618 2686 fecit

2032 2711 2188 2782 (Sap.
2225 2709 2286 2780 r).
2320 2709 2695 2764 [Eternitatem
2725 2708 2986 2764 creditam
3014 2708 3179 2763 fuisse
3213 2709 3436 2772 homini,
3486 2709 3619 2762 livor

2034 2808 2148 2875 ipse
2179 2815 2404 2860 testatur
2429 2805 2650 2859 inimici.
2700 2804 2765 2858 Et
2791 2803 2911 2873 quia
2943 2805 2992 2857 ei
3037 2803 3492 2857 immortalitatem
3524 2802 3619 2856 de-

2032 2901 2200 2970 iectus
2234 2898 2442 2961 invidit,
2477 2899 2597 2953 ideo
2624 2911 2839 2952 causam
2866 2897 3053 2951 mortis
3078 2896 3322 2966 ingessit,
3355 2893 3616 2949 dicendo:

2034 2994 2100 3048 In
2129 3009 2428 3063 quacunque
2461 2992 2542 3045 die
2567 2992 2888 3045 comederitie
2926 2992 2989 3044 de
3017 2991 3155 3060 ligno
3186 2989 3304 3052 hoc,
3325 2989 3618 3059 aperientur

2033 3088 2170 3141 oculi
2197 3088 2366 3153 vestri,
2396 3100 2442 3142 et
2469 3085 2608 3141 eritis
2638 3087 2764 3138 sicut
2797 3083 2869 3136 dii
2893 3081 3042 3152 (Gen.
3069 3081 3168 3150 ιιι).
3211 3080 3265 3136 Si
3289 3079 3390 3134 hoc
3415 3089 3618 3133 tanturn

2033 3181 2258 3237 dixisset
2302 3200 2313 3234 :
2355 3184 2487 3236 Cum
2535 3177 3006 3239 marrducaveritis,
3051 3174 3352 3229 satietatem
3397 3171 3466 3226 de
3513 3171 3618 3226 cibi

2035 3277 2298 3332 suavitate
2325 3277 2567 3346 capietis,
2615 3288 2782 3344 usque
2813 3271 2879 3326 ad
2911 3268 3358 3339 concupiscentiae
3387 3265 3618 3319 carnalis

2035 3369 2344 3425 illecebram
2376 3368 2729 3438 transgressio
2758 3364 3111 3435 pervenisset.
3155 3360 3288 3416 Cum
3319 3374 3451 3414 vero
3482 3358 3619 3411 hanc

2035 3461 2487 3531 praevaricationis
2512 3457 2848 3529 proposuerit
2877 3456 3035 3511 linem
3058 3452 3307 3517 dicendo,
3327 3451 3466 3505 (γίιὶε
3489 3450 3618 3502 sicut

2035 3557 2131 3619 dii,
2156 3554 2436 3610 edacitatis
2470 3553 2624 3621 culpa
2657 3566 2825 3619 usque
2847 3549 2913 3603 ad
2945 3547 3237 3602 divinitatis
3259 3543 3540 3604 ambitum,
3564 3551 3617 3594 et

2036 3662 2202 3716 usque
2232 3646 2297 3699 ad
2322 3646 2525 3699 crimen
2552 3643 2849 3711 majestatis
2875 3639 3121 3694 accessit.
3166 3635 3311 3689 Facti
3341 3640 3468 3686 sunt
3491 3646 3619 3698 ergo

2035 3740 2176 3792 sicut
2205 3735 2300 3799 dii,
2333 3737 2474 3789 dono
2499 3736 2682 3804 gratia:
2711 3731 2946 3786 caelestis
2975 3728 3118 3783 exuti
3149 3735 3202 3780 et
3226 3725 3295 3779 de
3323 3724 3490 3777 beata:
3511 3730 3618 3774 sta-

2037 3830 2198 3883 tionis
2227 3828 2460 3882 culmine
2505 3823 2823 3894 proturbati.
2875 3823 2951 3876 Ac
2988 3820 3069 3873 sic
3118 3815 3344 3871 callidus
3396 3826 3618 3879 serpens

2035 3935 2134 3988 pro
2165 3917 2428 3988 superbia:
2457 3916 2598 3970 malo
2622 3915 2824 3983 cjectus
2848 3930 2878 3966 e
2909 3911 3071 3976 cmlo,
3101 3906 3377 3962 machinas
3406 3904 3507 3959 sibi
3550 3903 3616 3956 ad

2037 4013 2312 4067 hominem
2364 4009 2726 4065 subruendum
2777 4007 2843 4061 de
2890 4021 3016 4060 casu
3071 4002 3308 4072 prOprio,
3361 4000 3619 4068 lapsuqrre

2034 4107 2315 4174 disposuit,
2347 4112 2400 4158 et
2427 4101 2697 4172 qrrornodn
2725 4099 2940 4162 cecidit,
2965 4099 3042 4150 sic
3070 4094 3298 4162 decepit.
3323 4092 3457 4160 Qtrid
3491 4106 3620 4144 vero

2033 4196 2179 4250 aliud
2213 4193 2614 4263 intelligendum
2645 4198 2747 4255 est,
2774 4190 2933 4244 etiam
2958 4190 3008 4242 in
3032 4187 3148 4256 ipsa
3176 4200 3279 4254 qua
3304 4183 3464 4236 horno
3487 4195 3618 4234 corr-

2032 4288 2176 4344 ditus
2227 4295 2345 4351 est,
2412 4285 2504 4338 Dei
2557 4280 2786 4350 imagine
2836 4279 2937 4334 nisi
2987 4273 3336 4348 perennitatis
3375 4272 3620 4341 insigne?

2033 4395 2191 4451 quam
2241 4377 2628 4449 perennitatem
2679 4390 2784 4428 non
2831 4373 3003 4427 solrrm
3044 4373 3238 4424 anima:
3282 4380 3387 4421 non
3436 4365 3619 4418 adern-

2032 4483 2200 4542 ptam,
2231 4471 2325 4525 sed
2359 4471 2516 4524 etianr
2556 4469 2764 4536 corpori
2798 4465 3040 4534 agnoscis
3074 4458 3483 4517 resurrectionis
3512 4456 3620 4509 vir-

2033 4573 2148 4619 tute
2179 4571 2505 4633 reparatam.
2553 4561 2887 4626 Quapropter
2926 4553 3383 4608 immortalitatem
3413 4546 3619 4600 homini

2033 4655 2376 4710 commissam
2411 4667 2516 4705 non
2546 4649 2760 4704 dubites
2805 4655 2930 4700 ante
2974 4645 3210 4713 culpam,
3259 4655 3417 4710 quam
3467 4637 3620 4691 reddi

2034 4744 2294 4814 perspicis
2332 4742 2494 4808 etiam
2537 4750 2655 4810 post
2686 4739 2918 4794 ruinam.
2969 4734 3176 4790 Asserit
3211 4746 3340 4802 ergo
3376 4728 3619 4798 Pelagius

2034 4839 2148 4893 sive
2180 4844 2472 4905 peccasset,
2506 4833 2618 4888 sive
2654 4846 2758 4886 non
2804 4836 3099 4899 peccasset,
3148 4824 3397 4881 erunibus
3445 4821 3620 4876 modis

2036 4930 2200 4985 fuisse
2233 4928 2570 4983 moriturum.
2605 4925 2670 4980 Et
2713 4924 2813 4980 hoc
2843 4938 2910 4976 ex
2946 4921 3059 4992 ipsa
3103 4920 3368 4990 pravitate
3395 4916 3619 4971 descen-

2035 5025 2135 5090 dit,
2189 5023 2311 5093 quia
2344 5030 2501 5092 rregat
2550 5020 2809 5091 originale
2839 5017 3115 5073 delictum.
3147 5015 3280 5069 Dum
3305 5013 3447 5070 enim
3476 5011 3620 5066 affir-

2039 5134 2188 5173 mare
2235 5115 2512 5172 contendit
2554 5113 2833 5169 mortalem
2871 5111 3242 5166 necessitatem
3291 5105 3617 5161 conditionis

2041 5213 2227 5280 fuisse,
2250 5226 2355 5266 non
2380 5208 2840 5278 transgressionis.
2857 5204 2970 5259 vult
2989 5202 3157 5258 videri
3178 5201 3438 5270 originem
3461 5197 3620 5266 hujus

2037 5305 2232 5365 debiti;
2262 5318 2368 5358 non
2398 5318 2426 5356 a
2451 5318 2630 5367 servo,
2681 5299 2776 5354 sed
2815 5314 2845 5352 a
2875 5297 3132 5361 Domino;
3176 5310 3280 5349 non
3321 5308 3350 5346 a
3380 5301 3619 5346 contem-

2041 5407 2218 5468 ptore,
2249 5395 2342 5450 sed
2373 5395 2441 5448 ab
2469 5407 2686 5449 auctore
2709 5391 2955 5458 coepisse,
2987 5397 3044 5442 ut
3071 5385 3258 5442 mortis
3287 5384 3373 5439 lex
3400 5382 3616 5437 ordina-

2044 5490 2204 5544 tionis
2224 5488 2472 5543 credatur
2495 5501 2633 5547 essc,
2662 5499 2766 5537 non
2794 5479 3050 5536 criminis.
3085 5478 3154 5533 Et
3177 5476 3316 5531 hanc
3339 5473 3621 5545 lugendam

2041 5581 2416 5637 contritionem
2456 5592 2617 5646 super
2648 5575 2936 5629 humanum
2984 5586 3174 5642 genus,
3228 5585 3334 5624 non
3372 5567 3623 5638 praevari-

2040 5685 2190 5728 cator
2220 5681 2435 5741 putetur
2468 5667 2849 5729 transmisisse,
2898 5664 2990 5718 sed
3014 5663 3279 5718 conditor.
3334 5661 3396 5714 Et
3427 5658 3515 5713 ubi
3542 5667 3622 5710 est

2041 5767 2171 5821 illud
2211 5781 2225 5819 :
2257 5763 2460 5817 Invidia
2503 5769 2672 5814 autem
2700 5759 2890 5811 diaboli
2921 5772 3058 5809 mors
3101 5754 3326 5808 introivit
3371 5752 3424 5804 in
3455 5749 3624 5803 orbem

2043 5870 2291 5915 terrarum
2335 5855 2490 5926 (Sap.
2539 5853 2620 5919 ιι).
2690 5852 2819 5907 Dum
2861 5862 3038 5906 autem
3085 5855 3363 5920 peccatum
3402 5839 3624 5911 originis
