4060 6332
497 292 600 347 787

1753 286 1808 342 S.
1849 284 2109 343 FAUSTI‘
2136 284 2543 343 RHEGIENSIS

3676 288 3768 343 788

498 404 743 473 denegat,
780 403 913 458 tollit
941 402 1158 458 omnino
1187 380 1400 477 causam
1429 412 1532 468 qua
1561 397 1887 467 Redemptor
1916 398 2078 452 adve-
2106 396 2162 458 Α
2186 414 2331 462 num,
2366 398 2566 468 inquit,
2613 397 2811 451 tollitur
2841 398 3098 466 originale
3127 406 3430 469 peccatum,
3474 398 3541 452 de
3568 399 3768 455 duobus

495 497 655 550 nerit.
688 494 974 551 Videamus
1006 503 1181 550 utrum
1228 509 1323 563 per
1361 493 1688 548 voluntatem
1739 492 1833 548 Dei
1867 507 1935 547 an
1983 508 2078 563 per

494 590 726 645 hominis
766 589 1086 658 pravitatem
1116 585 1301 643 infelix
1329 596 1384 643 et
1413 586 1665 643 deflenda
1709 585 1948 641 conditio
1980 586 2079 640 ini-

492 682 624 737 tium
654 681 964 751 sumpserit.
990 679 1129 736 Audi
1170 679 1298 751 quid
1345 680 1469 736 tuba
1511 689 1767 751 personet
1809 679 2073 735 veritatis.

492 773 793 843 Propterea,
839 774 1030 846 inquit,
1081 776 1212 828 sicut
1255 790 1345 844 per
1370 791 1530 829 unum
1575 776 1831 829 hominem
1861 776 1915 827 in
1939 773 2078 828 hunc

490 867 737 921 mundam
775 876 1039 937 peccatum
1074 868 1300 932 intravit,
1333 875 1379 920 et
1408 884 1501 938 per
1530 876 1793 937 peccatum
1819 882 1973 932 mors,
2007 867 2080 918 ita

489 961 540 1013 in
568 976 745 1015 omnes
768 962 997 1017 homines
1017 977 1153 1043 mors
1179 963 1493 1033 pertransiit,
1531 963 1584 1015 in
1611 979 1711 1034 quo
1741 978 1913 1016 omnes
1956 977 2075 1032 pec-

392 1094 401 1133 ,
489 1061 730 1106 caverunt
754 1052 933 1124 (Rom.
957 1054 1037 1125 ν).
1063 1052 1299 1108 Dicendo
1327 1053 1569 1123 Pelagius
1592 1053 1758 1109 Adam
1798 1052 2076 1109 mortalem

488 1145 711 1213 factum,
747 1147 798 1201 in
828 1147 1005 1217 primo
1029 1146 1249 1201 facturae
1279 1145 1465 1200 ordine
1502 1145 1777 1201 constituit
1823 1155 2075 1212 mortem,

463 1232 649 1304 'quam
679 1252 776 1307 pro
799 1252 935 1292 noxa
967 1238 1425 1307 praevaricationis
1467 1239 1623 1293 tertio
1666 1239 1834 1308 gradu
1863 1244 2077 1292 constat

488 1327 815 1400 impositam.
861 1331 1035 1387 Homo
1077 1332 1222 1387 enim
1268 1346 1401 1402 opus
1452 1332 1565 1395 Dei.
1621 1340 1895 1401 peccatum
1944 1346 2078 1401 opus

489 1421 920 1489 diaboli:mors,
970 1438 1128 1493 poena
1172 1426 1395 1495 peccati.
1447 1424 1578 1478 Nam
1636 1425 1924 1494 Apostolus
1968 1440 2074 1479 non

487 1512 659 1568 dixit:
685 1513 931 1569 voluntas
951 1515 1047 1571 Dei
1070 1530 1238 1580 mors,
1268 1515 1361 1570 sed
1382 1516 1690 1584 stipendium
1720 1515 1914 1583 peccati
1936 1530 2077 1568 mors

490 1603 669 1675 (Rom.
695 1605 793 1675 vt).
818 1606 982 1663 Dolos
1003 1622 1130 1677 ergo
1171 1608 1288 1677 ejus
1317 1609 1370 1662 in
1394 1607 1656 1677 profundo
1685 1610 1937 1673 latentes,
1970 1606 2075 1661 sol-

486 1696 688 1752 licitius
716 1699 1083 1766 inspiciamus.
1123 1699 1246 1755 ideo
1272 1708 1499 1755 mortem
1531 1699 1761 1770 applicat
1784 1698 2070 1764 conditori,

2187 491 2468 561 haptizatis
2498 492 2626 556 nati,
2651 490 2848 545 debent
2877 489 2975 545 hoc
2998 505 3183 557 carere
3211 499 3450 562 peccato.
3474 490 3769 561 Quomodo,

2188 584 2379 655 inquit,
2411 578 2721 640 mittunt'ad
2755 593 2997 654 posteros
3019 626 3032 649 ,
3065 586 3206 655 quod
3249 586 3348 656 ipsi
3381 586 3433 639 in
3464 601 3525 642 se
3561 587 3775 646 minime

2183 677 2525 733 habuerunt?
2561 676 2767 745 Quibus
2795 676 2948 732 facile
2983 678 3342 748 respondetur
3368 678 3502 735 duas
3529 693 3652 735 esse
3682 698 3771 735 nae

2188 772 2442 839 tivitates,
2462 771 2529 828 de
2559 787 2783 843 quarum
2815 787 2917 826 una
2950 780 3227 843 peccatum
3256 788 3325 828 ex
3352 774 3657 849 generantis
3687 791 3777 832 vo-

2185 863 2386 932 luptate
2413 864 2819 930 transmittitur;
2861 879 2927 918 ex
2965 862 3067 918 alia
3099 871 3300 934 autem,
3324 864 3677 937 sanctiﬁcatio
3703 866 3769 922 de

2186 957 2554 1028 regenerantis
2605 956 2891 1027 adoptione
2938 956 3188 1030 donatur.
3222 956 3525 1025 Quomodo,
3579 958 3775 1039 inquit,

2186 1054 2404 1108 mittunt
2434 1052 2499 1106 ad
2541 1062 2807 1123 posteros,
2840 1051 2980 1123 quod
3024 1051 3126 1120 ipsi
3155 1051 3209 1106 in
3241 1066 3302 1107 se
3331 1049 3552 1115 minime
3577 1050 3776 1106 habue-

2184 1144 2349 1198 runt?
2387 1144 2555 1211 Quam
2600 1144 2980 1200 irrationabilis
3023 1151 3076 1197 et
3121 1143 3276 1213 plena
3304 1143 3598 1212 iniquitatis
3628 1142 3778 1213 obje-

2184 1236 2333 1292 ctio!
2395 1235 2509 1289 Non
2559 1235 2639 1289 vis
2690 1243 2745 1289 ut
2790 1234 3164 1291 transfundam
3212 1237 3263 1289 in
3331 1245 3582 1305 posteros
3637 1236 3779 1307 quod

2185 1337 2390 1382 natura:
2436 1337 2553 1393 est,
2584 1336 2638 1382 et
2664 1328 2743 1381 vis
2788 1337 2845 1381 ut
2897 1328 2976 1382 eis
3007 1327 3216 1405 possint
3244 1328 3388 1382 velut
3426 1326 3493 1382 de
3526 1342 3623 1383 suo
3653 1342 3780 1382 con~

2181 1419 2324 1474 ferre
2364 1419 2505 1489 quod
2554 1418 2741 1489 gratia:
2769 1419 2885 1473 est?
2923 1418 2997 1473 De
3025 1433 3126 1487 qua
3158 1430 3347 1474 natura
3383 1419 3671 1488 Apostolus
3701 1418 3779 1473 di-

2182 1512 2255 1567 cit
2290 1530 2303 1566 :
2338 1511 2534 1579 Eratis,
2576 1513 2767 1582 inquit,
2811 1521 2996 1565 natura
3030 1512 3127 1581 ﬁlii
3158 1514 3249 1581 ira:
3281 1508 3442 1582 (Eph.
3473 1511 3556 1581 tt).
3591 1510 3779 1567 Merito

2181 1607 2330 1678 quasi
2362 1606 2431 1662 de
2462 1607 2679 1676 proprio
2719 1606 2849 1661 dare
2880 1615 3169 1675 nequeunt,
3203 1605 3345 1675 quod
3375 1605 3441 1660 de
3471 1619 3683 1671 sursum
3731 1614 3779 1659 et

2180 1700 2508 1757 extrinsecus
2536 1709 2880 1770 acceperunt.
2927 1698 3424 1769 lmprudemissime
3457 1715 3552 1771 per
3588 1714 3779 1773 paren-

487 1801 567 1855 ut,
599 1790 665 1847 de
690 1807 794 1861 quo
819 1792 1157 1862 potissimum
1186 1793 1328 1848 maio
1356 1793 1566 1849 initium
1592 1794 1774 1859 ducat,
1812 1807 1917 1849 non
1946 1807 2071 1864 pos-
2105 1784 2157 1861 Β⁴
2182 1801 2261 1850 tes
2312 1792 2403 1847 lilii
2453 1791 2774 1847 innocentiae
2823 1790 3109 1861 puritatem
3141 1791 3388 1861 Pelagius
3432 1789 3550 1845 dari
3577 1790 3774 1845 credit.

485 1883 554 1954 sit
580 1885 825 1954 agnosci;
871 1899 934 1939 ac
979 1887 1059 1940 sic
1105 1885 1325 1941 liberius
1371 1884 1605 1941 affirmat
1655 1885 1888 1942 infantes
1929 1902 2071 1941 nexu

484 1952 709 2045 originis
750 1991 858 2032 non
892 1977 1082 2032 teneri.
1114 1976 1267 2044 Quod
1298 1991 1421 2032 cum
1458 1977 1607 2045 dicit,
1652 1976 1851 2047 duplici
1878 1976 2071 2047 impie-

484 2077 598 2123 tate
626 2067 980 2138 blasphemat,
1019 2068 1145 2124 dum
1177 2079 1232 2125 et
1272 2079 1499 2125 mortem
1549 2070 1613 2125 ad
1658 2071 1893 2126 auctoris
1932 2070 2074 2126 invi-

481 2158 625 2213 diam
648 2169 884 2229 revocat,
907 2169 961 2215 et
987 2162 1231 2233 negando
1254 2163 1512 2232 originale
1534 2163 1823 2228 vinculum,
1845 2164 2070 2234 gratiam

480 2250 811 2317 reparatoris
835 2261 1077 2306 evacuat.
1108 2252 1290 2321 itaque
1316 2261 1374 2307 ut
1405 2254 1572 2323 possit
1609 2268 1853 2309 asserere
1878 2269 2066 2324 parvu-

482 2341 563 2393 los
587 2340 854 2410 baptismo
880 2356 988 2395 non
1016 2357 1197 2412 egere,
1240 2343 1493 2412 generale
1527 2354 1802 2414 peccatum
1833 2347 2067 2415 negavit.

483 2430 600 2496 Quo
630 2441 843 2501 negato,
877 2433 965 2489 hic
986 2434 1121 2488 ordo
1151 2435 1352 2489 erroris
1380 2435 1462 2489 sui
1509 2438 1623 2504 fuit,
1661 2445 1721 2490 ut
1757 2435 1898 2491 unde
1925 2451 2070 2492 mors

482 2535 628 2579 esset
672 2534 927 2595 generata
969 2529 1222 2585 nesciret.
1267 2530 1404 2596 Quid
1433 2532 1627 2586 mirum
1658 2533 1702 2586 si
1733 2532 1976 2587 arborem
2007 2532 2071 2586 il-

480 2614 588 2669 lam
622 2617 673 2670 in
698 2617 961 2674 fructibus
987 2636 1091 2675 non
1121 2632 1397 2692 agnoscat,
1417 2639 1576 2685 quam
1605 2625 1775 2679 noluit
1805 2626 1856 2679 in
1888 2626 2068 2682 radice

480 2715 847 2778 cognoscere?
873 2716 1315 2787 Quandoquidem
1352 2733 1567 2773 causam
1593 2719 1834 2775 vulneris
1860 2720 2068 2790 suppri-

478 2802 599 2868 mit,
630 2815 686 2859 et
710 2805 992 2862 abscondit
1032 2809 1267 2879 gladium
1307 2825 1414 2880 quo
1441 2810 1635 2865 vulnus
1678 2810 1932 2866 indictum
1963 2821 2061 2867 est.

480 2894 832 2966 Stipendium,
885 2900 1079 2970 inquit,
1123 2906 1317 2971 peccati
1366 2922 1520 2961 mors.
1581 2906 1715 2972 Quia
1766 2906 2066 2977 intelligere

478 2988 777 3057 neglexerit
802 2992 935 3046 tanti
961 2994 1259 3065 principem
1280 2996 1428 3062 mali,
1460 2998 1581 3052 ideo
1611 2998 1875 3068 ignoravit
1895 2999 2064 3067 impo-

478 3080 635 3133 sitam
670 3082 862 3138 mortis
885 3085 1271 3154 conditionem,
1291 3089 1669 3161 pedissequam
1692 3107 1811 3147 esse
1833 3092 2057 3161 peccati.

2180 1884 2263 1940 Ad
2287 1893 2566 1955 parentum
2599 1884 2952 1940 ministerium
2984 1885 3233 1938 nativitas
3256 1883 3488 1951 secunda
3518 1899 3623 1939 non
3654 1899 3777 1955 per-

2181 1977 2339 2031 tinet.
2370 1973 2618 2031 Oftieium
2662 1976 2773 2031 vult
2821 1991 2942 2031 esse
2982 1975 3214 2032 hominis
3262 1975 3403 2047 quod
3452 1975 3547 2030 Del
3579 1991 3775 2032 munus

2176 2070 2511 2140 est,utveiut
2538 2071 2767 2141 quodam
2793 2069 3130 2141 hzercditario
3150 2071 3337 2126 ordine
3367 2085 3461 2141 per
3492 2070 3774 2127 hominum

2176 2175 2357 2223 currat
2398 2166 2765 2237 posteritatem
2825 2164 2965 2234 quod
3014 2175 3162 2220 extra
3213 2164 3503 2220 humanam
3556 2174 3773 2225 constat

2176 2275 2297 2317 esse
2347 2260 2721 2315 substantiam.
2772 2259 3044 2329 Originale
3092 2267 3271 2315 autem
3334 2269 3657 2330 peccatum,
3710 2276 3770 2323 ex

2174 2352 2488 2421 parentibus
2536 2350 2698 2405 etiam
2751 2350 3030 2419 baptizatis
3069 2365 3164 2419 per
3190 2350 3368 2417 carnis
3407 2352 3674 2421 originem
3708 2352 3768 2408 ad

2181 2442 2320 2496 filios
2354 2441 2584 2496 transire
2614 2456 2717 2495 non
2746 2441 2966 2495 dubium
2999 2450 3102 2505 est,
3126 2441 3426 2497 dicentibus
3455 2443 3609 2498 nobis
3641 2459 3767 2513 quo-

2175 2534 2303 2590 tidie
2327 2550 2447 2589 cum
2478 2534 2783 2603 Propheta:
2813 2533 2943 2589 Ecce
2983 2536 3116 2588 enim
3163 2535 3216 2589 in
3258 2535 3612 2605 iniquitatibus
3646 2551 3765 2588 con-

2173 2635 2346 2695 ceptus
2366 2641 2498 2693 sum,
2523 2636 2568 2678 et
2595 2626 2645 2679 in
2666 2626 2862 2680 delictis
2884 2627 3075 2697 peperit
3105 2643 3182 2680 me
3220 2637 3381 2680 mater
3401 2643 3514 2680 mea
3544 2625 3664 2696 (Ps.
3691 2629 3763 2698 ι).

2172 2716 2324 2771 Sicut
2365 2726 2419 2771 et
2448 2716 2736 2785 Apostolus
2765 2717 2907 2772 istud
2937 2718 3235 2774 insanabile
3264 2718 3532 2788 piaculum
3560 2734 3625 2773 ex
3660 2735 3762 2775 uno

2172 2809 2226 2863 in
2270 2825 2460 2864 omnes
2491 2809 2736 2863 homines
2785 2812 3142 2879 pertransisse
3167 2814 3469 2868 confirmat.
3503 2813 3609 2869 Sed
3638 2814 3761 2869 dicit

2171 2902 2421 2973 Pelagius
2480 2902 2601 2959 ideo
2646 2918 2752 2958 non
2800 2918 2920 2959 esse
2965 2904 3226 2974 originale
3272 2913 3591 2974 peccatum,
3640 2906 3759 2975 quia

2169 2996 2284 3065 ipsa
2327 2996 2763 3065 concupiscentia
2811 2997 3171 3067 generationis
3220 3013 3285 3051 ex
3327 2996 3439 3052 Deo
3486 2998 3577 3052 sit.
3611 2997 3759 3052 Unde

2168 3095 2344 3143 autem
2378 3087 2557 3143 veniat
2600 3103 2767 3144 nexus
2808 3089 2928 3156 iste,
2963 3089 3053 3159 qui
3088 3104 3186 3158 per
3212 3097 3459 3159 posteros
3510 3089 3753 3157 trahitur,

480 3168 555 3222 De
581 3186 683 3239 qua
715 3173 921 3240 praefati
950 3190 1140 3233 sumus
1188 3180 1502 3249 stipendium
1545 3185 1736 3250 peccati
1786 3201 1941 3239 mors.
1975 3184 2065 3238 Di-
2089 3167 2151 3241 Cv
2169 3181 2214 3237 si
2262 3180 2543 3250 requiras?
2600 3180 2715 3235 sine
2758 3178 2919 3236 dubio
2960 3195 3057 3250 per
3104 3180 3433 3235 incentivum
3464 3181 3753 3236 maledicus

478 3273 639 3327 gnam
667 3263 963 3319 secundum
1014 3267 1119 3329 tale
1157 3283 1294 3338 opus
1332 3271 1637 3326 mercedem
1683 3274 1902 3341 recepit,
1958 3274 2064 3330 tale

478 3349 809 3417 stipendium
852 3356 1048 3411 meruit
1091 3358 1180 3427 qui
1221 3359 1435 3414 diabolo
1478 3361 1744 3416 militavit.
1791 3362 1943 3418 Unde
1968 3380 2064 3421 vas

477 3438 1173 3503 eiectionisevidentissime
1193 3449 1455 3504 rationem
1479 3453 1864 3521 redemptionis
1884 3464 2063 3510 osten-

416 3534 431 3553 ⁴
475 3531 557 3585 dit
578 3541 635 3587 et
661 3535 917 3602 praedicat
943 3538 1126 3593 dicens
1151 3558 1164 3596 :
1189 3541 1325 3606 Quid
1356 3545 1490 3597 enim
1526 3559 1641 3599 cum
1674 3544 1844 3598 adhuc
1868 3548 2063 3616 inﬁrmi

476 3638 714 3691 essemus,
744 3627 973 3684 Christus
993 3648 1084 3700 pro
1111 3634 1283 3701 impiis
1301 3644 1531 3691 mortuus
1551 3647 1625 3690 est
1639 3637 1665 3689 ?
1692 3636 1792 3691 Via:
1812 3639 1947 3692 enim
1967 3656 2061 3707 pro

472 3712 609 3778 iusto
657 3718 772 3786 quis
832 3720 1052 3775 moritur
1100 3723 1275 3791 (Rom.
1321 3726 1397 3793 v).
1447 3726 1560 3782 Hoc
1605 3735 1691 3785 est
1728 3727 1963 3785 dicere:
2000 3730 2059 3786 Si

473 3804 799 3864 abundasset
830 3810 885 3865 in
910 3815 1300 3883 terrisjustitia,
1320 3833 1425 3872 non
1448 3818 1639 3876 fuisset
1659 3835 1690 3876 e
1709 3823 1861 3876 caelis
1883 3831 2059 3878 trans-

472 3897 635 3952 missa
668 3901 954 3958 medicina.
989 3905 1094 3961 Sed
1125 3915 1180 3961 ut
1208 3908 1487 3967 adveniret
1524 3914 1678 3967 unica
1720 3915 1940 3983 sanitas,
1964 3929 2057 3985 ge-

472 3989 671 4045 neralis
719 3994 896 4063 exegit
944 3996 1249 4054 infirmitas.
1298 4001 1439 4058 Inter
1485 4006 1599 4060 hmc
1643 4021 1764 4061 cum
1809 4008 2069 4078 Pelagius.

472 4083 636 4135 tantis
662 4085 1066 4155 sacrilegiorum
1097 4091 1327 4147 vinculis
1358 4094 1611 4165 illigatur,
1654 4113 1759 4153 non
1792 4101 1984 4154 mirum
2007 4103 2053 4156 si

472 4182 567 4239 per
596 4177 886 4243 reprobum
918 4194 1134 4236 sensum
1163 4184 1446 4254 multiplici
1477 4189 1716 4243 tradatur
1742 4192 1934 4253 errori,
1962 4194 2055 4261 qui

471 4277 571 4330 per
594 4265 768 4320 solum
792 4267 1030 4323 laborem
1056 4281 1205 4341 putat
1226 4288 1389 4343 posse
1408 4278 1624 4333 salvari.
1649 4281 1838 4337 Merito
1860 4292 2050 4337 contra

470 4351 630 4421 hujus
682 4359 1002 4427 arrogantiae
1058 4367 1536 4434 praesumptionem
1602 4385 1781 4425 sermo
1836 4373 2050 4429 divinus

468 4448 574 4501 vim
599 4463 710 4503 sure
732 4452 1066 4509 auctoritatis
1086 4457 1169 4511 vel
1193 4457 1570 4529 inerepationis
1600 4466 1828 4520 exeruit.
1861 4466 2043 4530 Nemo,

2170 3274 2535 3344 generationis
2562 3273 2833 3341 ardorem,
2880 3282 2932 3329 et
2959 3288 3054 3342 per
3083 3273 3459 3329 iilecebrosum
3486 3276 3747 3342 utriusque

2169 3364 2407 3434 parentis
2435 3363 2757 3434 amplexum.
2793 3364 2925 3418 Nam
2955 3379 3079 3419 cum
3108 3365 3251 3419 illum
3281 3365 3453 3419 solum
3485 3366 3649 3419 videas
3673 3363 3737 3418 ab

2168 3456 2417 3527 originali
2466 3457 2756 3511 immunem
2803 3472 2921 3511 esse
2949 3458 3290 3529 contagione,
3338 3458 3431 3528 qui
3462 3474 3558 3512 non
3585 3471 3736 3512 carne

2168 3547 2265 3603 sed
2309 3548 2649 3617 spiritu,‘ncc
2675 3549 3039 3604 erubescenda
3071 3550 3340 3619 passione,
3371 3550 3467 3605 sed
3494 3548 3743 3618 stupenda

2167 3638 2541 3695 benedictione
2584 3649 2876 3711 conceptus
2923 3650 3046 3709 est,
3097 3656 3327 3712 agnosce
3373 3656 3592 3695 causam
3630 3640 3748 3695 mali

2166 3729 2441 3797 originalis
2464 3731 2531 3785 de
2559 3731 2953 3787 oblectamento
2978 3741 3159 3787 natum
3190 3733 3581 3802 conceptionis,
3612 3741 3665 3787 et
3686 3732 3749 3784 de

2164 3822 2298 3876 vitio
2329 3821 2637 3891 voluptatis.
2675 3824 2962 3892 Prooterea
3010 3827 3171 3879 etiam
3205 3820 3371 3879 Adam
3415 3835 3469 3880 et
3501 3826 3671 3880 Evam
3701 3827 3750 3878 in

2164 3910 2373 3983 origine
2402 3928 2496 3968 sua
2522 3914 2785 3969 obnoxios
2813 3915 3050 3970 conditio
3077 3917 3177 3970 ista
3209 3931 3312 3970 non
3346 3918 3537 3981 tenuit,
3570 3919 3691 3987 quia
3721 3932 3749 3969 a

2163 4006 2391 4062 duorum
2422 4006 2720 4062 ministerio
2744 4024 2929 4063 eorum
2957 4024 3169 4078 quoque
3201 4018 3349 4063 ortus
3378 4010 3608 4074 alienus,
3639 4010 3750 4064 ille.

2162 4099 2381 4155 cebram
2413 4101 2466 4154 in
2505 4101 2586 4154 sui
2632 4100 2909 4156 nativitate
2936 4112 2987 4156 et
3032 4103 3303 4156 creatione
3349 4101 3595 4156 nescitit.
3643 4101 3748 4157 Sed

2160 4190 2385 4247 forsitan
2440 4192 2717 4261 requiras,
2764 4208 2929 4263 quare
2978 4194 3030 4248 in
3080 4204 3340 4263 conceptu
3392 4195 3461 4248 sit
3512 4195 3745 4265 positum

2158 4284 2419 4353 originale
2464 4283 2738 4339 delictum.
2772 4286 2982 4340 initium
3028 4288 3190 4341 totius
3220 4287 3408 4349 ruinae,
3438 4286 3744 4341 ebcdietttia

2158 4372 2279 4427 fuit.
2316 4374 2549 4428 Primum
2582 4375 2724 4429 enim
2774 4376 3044 4431 excitatus
3076 4378 3257 4441 homo,
3288 4386 3469 4447 postea
3508 4378 3745 4431 humilia‘

2158 4480 2242 4524 tus
2274 4479 2358 4525 est
2394 4480 2447 4525 et
2486 4469 2761 4526 confusus.
2795 4472 2859 4525 Et
2886 4473 3007 4541 quia
3037 4487 3150 4525 cum
3170 4473 3221 4525 in
3254 4474 3444 4525 honore
3463 4483 3616 4533 esset,
3645 4489 3744 4526 non

466 4537 661 4637 inquit:
692 4543 824 4637 venit
849 4544 918 4597 ad
947 4560 1047 4613 me,
1084 4548 1184 4601 nisi
1216 4548 1374 4604 Pater
1395 4555 1664 4611 attraxerit
1704 4572 1818 4609 eunt
1860 4557 2044 4626 (Joan.
2074 4537 2133 4603 Β
2156 4563 2425 4629 intellexit,
2458 4565 2575 4619 ideo
2603 4537 2929 4635 comparatus
2967 4575 3043 4619 est
3079 4566 3330 4637 jumentis
3361 4565 3742 4635 insipientibus,

464 4628 566 4701 vt).
618 4631 688 4688 Et
724 4634 916 4693 iterum
951 4655 963 4690 :
996 4638 1117 4693 Non
1161 4641 1395 4711 volemis,
1445 4661 1603 4716 neque
1641 4652 1912 4715 currentis,
1958 4655 2049 4705 sed

464 4727 743 4785 miserantis
761 4739 834 4782 est
850 4729 944 4784 Dei
965 4731 1141 4801 (Rom.
1168 4735 1268 4805 ts).
1283 4736 1436 4804 Quod
1462 4739 1660 4797 merito
1675 4742 1741 4794 ad
1763 4757 1821 4796 se
1842 4742 2047 4799 dictum

461 4828 582 4871 esse
610 4822 894 4888 reputavit,
936 4825 1030 4893 qui
1079 4826 1305 4882 salutem
1330 4844 1482 4884 suam
1507 4845 1632 4885 cum
1656 4832 1873 4904 Pelagio
1912 4852 2040 4905 pro-

460 4906 579 4998 prio
608 4907 663 4963 in
691 4910 967 4970 voluntate
990 4929 1054 4972 ac
1081 4918 1280 4972 virtute
1307 4921 1604 4975 constituit.
1653 4924 1805 4990 Quod
1855 4929 2041 4998 utique

459 4995 539 5051 illi
582 4998 742 5069 objici
791 5018 897 5061 non
945 5020 1167 5063 necesse
1207 5017 1310 5075 est,
1352 5012 1441 5079 qui
1485 5028 1591 5075 non
1619 5016 1688 5068 de
1713 5020 1831 5071 solo
1858 4995 2047 5076 labore

458 5092 760 5159 praesumit,
788 5095 882 5150 sed
912 5099 1193 5155 conatibus
1223 5102 1335 5157 suis
1359 5105 1725 5172 quotidianam
1756 5110 1849 5163 Dei
1878 5113 2043 5166 mise-

458 5181 747 5241 ricordiam
783 5195 839 5245 et
860 5188 1043 5258 iugem
1087 5192 1312 5261 gratiam
1346 5193 1735 5263 implet-endam
1770 5214 1889 5256 esse
1912 5217 2037 5273 ceg-

457 5278 663 5343 noscit,
708 5287 764 5335 et
803 5282 1065 5341 auxilium
1111 5284 1324 5342 Domini
1372 5288 2039 5358 pervigiliobsecratione

457 5361 719 5434 deposcit.

1081 5468 1306 5527 CAPUT
1342 5471 1406 5527 il.

457 5547 649 5609 Contra
685 5558 1076 5621 observationem
1106 5563 1334 5637 Pelagii,
1369 5585 1473 5638 qua
1501 5571 1645 5640 dicit,
1675 5575 1917 5641 parvulos
1944 5581 2035 5628 ba-

992 5641 1179 5702 ptismo
1203 5653 1302 5693 non
1337 5655 1503 5711 egere.

523 5738 781 5798 Attendat
809 5741 971 5799 etiam
1003 5744 1103 5802 hoc
1130 5748 1374 5820 Pelagius
1398 5769 1411 5804 :
1434 5752 1501 5808 Si.
1533 5768 1629 5824 per
1653 5754 1901 5827 baptismi
1931 5759 2031 5813 do-

2153 4663 2203 4708 ct
2231 4655 2413 4709 similis
2454 4657 2619 4726 factus
2650 4666 2723 4710 est
2752 4658 2854 4710 illis
2882 4656 3061 4727 (Psal.
3091 4656 3305 4727 XLVIII).
3340 4656 3587 4725 Quandiu
3614 4673 3743 4727 ergo

2153 4746 2294 4799 circa
2338 4748 2570 4800 auctoris
2600 4747 2914 4817 obsequium
2945 4747 3215 4804 humilitas
3256 4750 3613 4804 reverentiam
3664 4760 3740 4804 tc-

2154 4836 2290 4902 nuit,
2320 4837 2612 4892 nuditatem
2656 4839 2984 4902 conscientia
3018 4839 3358 4894 immaculata
3389 4856 3493 4894 non
3538 4840 3738 4903 sensit;

2150 4945 2271 4985 cum
2315 4944 2443 4983 vero
2472 4930 2564 4983 illo
2594 4929 2775 4984 animo
2817 4939 2875 4984 ut
2902 4930 3041 4986 Deus
3083 4941 3246 4994 esset,
3279 4942 3494 5002 gustum
3522 4932 3624 4987 cibi
3650 4932 3734 4987 le-

2154 5026 2311 5079 tltalis
2343 5025 2592 5095 appetiit,
2634 5035 2689 5080 et
2715 5025 3071 5082 damnandam
3098 5029 3445 5098 cupiditatem
3473 5030 3526 5084 in
3555 5030 3734 5084 ambi-

2151 5125 2263 5169 tum
2295 5116 2590 5185 niajestatis
2620 5116 2857 5171 extendit
2884 5158 2898 5184 ,
2946 5118 3230 5174 immernor
3260 5120 3391 5189 legis
3431 5129 3484 5176 et
3515 5122 3737 5175 manda-

2150 5215 2325 5261 torum
2373 5207 2502 5276 legis
2537 5248 2552 5274 ,
2618 5208 2834 5264 rebellis
2896 5210 3184 5266 mulctatur
3229 5212 3282 5266 in
3334 5211 3739 5282 impugnatione

2147 5298 2535 5353 membrorum.
2584 5298 2651 5352 Et
2690 5299 2817 5353 dum
2846 5300 3206 5369 aequalitatem
3239 5301 3453 5358 Domini
3479 5302 3561 5356 sui
3595 5316 3732 5371 pra:-

2146 5390 2331 5458 sumit,
2361 5390 2605 5461 corporis
2632 5392 2712 5445 sui
2742 5391 2972 5461 perdidit
2998 5399 3336 5461 potestatem.
3377 5394 3451 5449 De
3479 5394 3735 5464 superbia

2144 5498 2377 5553 namque
2400 5494 2520 5538 nata
2551 5494 2634 5540 est
2664 5485 3067 5540 tncontinentia.
3097 5485 3226 5540 Nam
3258 5485 3382 5556 quid
3425 5485 3477 5539 in
3514 5500 3580 5541 eo
3612 5501 3714 5555 per

2144 5590 2367 5641 cusanus
2409 5585 2555 5631 esset
2599 5576 2854 5641 ostendit,
2886 5578 3101 5646 quando
3136 5577 3438 5633 verecunda
3468 5580 3734 5634 contexit.

2146 5666 2429 5722 Prmeessit
2456 5667 2638 5732 elatio,
2671 5678 2853 5722 secuta
2880 5668 3124 5723 confusio
3152 5678 3251 5725 est.
3282 5670 3585 5725 Divinitatis
3614 5685 3728 5725 am-

2144 5760 2373 5818 bitiosus
2398 5804 2413 5831 ,
2459 5759 2696 5817 libidinis
2724 5761 2891 5833 erepit
2933 5775 3054 5818 esse
3083 5764 3339 5833 captivus.
3371 5762 3475 5819 Sed
3503 5762 3733 5820 forsitan
