  <div class='ocr_page' id='page_1' title='image "/cluster/home/n/w/nwhite01/storage/ocr_20150623/58/hvd.32044015706401/400.png"; bbox 0 0 4060 6332; ppageno 0'>
   <div class='ocr_carea' id='block_1_1' title="bbox 248 412 345 468">
    <p class='ocr_par' dir='ltr' id='par_1_1' title="bbox 248 412 345 468">
     <span class='ocr_line' id='line_1_1' title="bbox 248 412 345 468; baseline 0.01 -1"><span class='ocrx_word' id='word_1_1' title='bbox 248 412 345 468; x_wconf 78' lang='grc'><strong>789</strong></span> 
     </span>
    </p>
   </div>
   <div class='ocr_carea' id='block_1_2' title="bbox 1306 419 2333 491">
    <p class='ocr_par' dir='ltr' id='par_1_2' title="bbox 1306 419 2333 491">
     <span class='ocr_line' id='line_1_2' title="bbox 1306 419 2333 491; baseline 0.007 -15"><span class='ocrx_word' id='word_1_2' title='bbox 1306 420 1393 476; x_wconf 85' lang='lat' dir='ltr'><strong>DE</strong></span> <span class='ocrx_word' id='word_1_3' title='bbox 1433 420 1682 476; x_wconf 79' lang='lat' dir='ltr'><strong>GRATIA</strong></span> <span class='ocrx_word' id='word_1_4' title='bbox 1726 419 1865 489; x_wconf 81' lang='lat' dir='ltr'><strong>DEI,</strong></span> <span class='ocrx_word' id='word_1_5' title='bbox 1909 421 2081 491; x_wconf 85' lang='lat' dir='ltr'><strong>ETC.,</strong></span> <span class='ocrx_word' id='word_1_6' title='bbox 2125 420 2251 481; x_wconf 72' lang='lat' dir='ltr'><strong>LIB.</strong></span> <span class='ocrx_word' id='word_1_7' title='bbox 2297 429 2333 483; x_wconf 92' lang='grc' dir='ltr'><strong>Ι.</strong></span> 
     </span>
    </p>
   </div>
   <div class='ocr_carea' id='block_1_3' title="bbox 2674 384 2725 427">
    <p class='ocr_par' dir='ltr' id='par_1_3' title="bbox 2674 384 2725 427">
     <span class='ocr_line' id='line_1_3' title="bbox 2674 384 2725 427; baseline 0 0"><span class='ocrx_word' id='word_1_8' title='bbox 2674 384 2699 410; x_wconf 66' lang='grc'><strong>.</strong></span> <span class='ocrx_word' id='word_1_9' title='bbox 2720 420 2725 427; x_wconf 82' lang='grc' dir='ltr'>ι</span> 
     </span>
    </p>
   </div>
   <div class='ocr_carea' id='block_1_4' title="bbox 3392 434 3493 494">
    <p class='ocr_par' dir='ltr' id='par_1_4' title="bbox 3392 434 3493 494">
     <span class='ocr_line' id='line_1_4' title="bbox 3392 434 3493 494; baseline 0.05 -5"><span class='ocrx_word' id='word_1_10' title='bbox 3392 434 3493 494; x_wconf 74' lang='lat'><strong>700</strong></span> 
     </span>
    </p>
   </div>
   <div class='ocr_carea' id='block_1_5' title="bbox 245 526 3491 614">
    <p class='ocr_par' dir='ltr' id='par_1_5' title="bbox 245 526 3491 614">
     <span class='ocr_line' id='line_1_5' title="bbox 245 526 3491 614; baseline 0.006 -31"><span class='ocrx_word' id='word_1_11' title='bbox 245 528 386 584; x_wconf 84' lang='lat' dir='ltr'><strong>dicas</strong></span> <span class='ocrx_word' id='word_1_12' title='bbox 412 545 423 580; x_wconf 89' lang='lat'>:</span> <span class='ocrx_word' id='word_1_13' title='bbox 447 526 573 582; x_wconf 90' lang='lat' dir='ltr'><strong>dum</strong></span> <span class='ocrx_word' id='word_1_14' title='bbox 604 528 717 585; x_wconf 66' lang='lat' dir='ltr'><strong>haec</strong></span> <span class='ocrx_word' id='word_1_15' title='bbox 745 532 939 588; x_wconf 88' lang='lat' dir='ltr'><strong>asseris</strong></span> <span class='ocrx_word' id='word_1_16' title='bbox 968 534 1180 603; x_wconf 99' lang='lat' dir='ltr'><strong>nuptias</strong></span> <span class='ocrx_word' id='word_1_17' title='bbox 1210 534 1462 591; x_wconf 88' lang='lat' dir='ltr'><strong>damnare</strong></span> <span class='ocrx_word' id='word_1_18' title='bbox 1505 534 1806 606; x_wconf 88' lang='lat' dir='ltr'><strong>deprehen-</strong></span> <span class='ocrx_word' id='word_1_19' title='bbox 1831 534 1884 594; x_wconf 74' lang='grc' dir='ltr'>Α</span> <span class='ocrx_word' id='word_1_20' title='bbox 1911 545 2116 604; x_wconf 87' lang='lat' dir='ltr'><strong>partem</strong></span> <span class='ocrx_word' id='word_1_21' title='bbox 2142 539 2377 593; x_wconf 89' lang='lat' dir='ltr'><strong>subsidia</strong></span> <span class='ocrx_word' id='word_1_22' title='bbox 2408 542 2664 597; x_wconf 84' lang='lat' dir='ltr'><strong>orationis</strong></span> <span class='ocrx_word' id='word_1_23' title='bbox 2693 543 3000 600; x_wconf 83' lang='lat' dir='ltr'><strong>excludunt.</strong></span> <span class='ocrx_word' id='word_1_24' title='bbox 3027 544 3162 614; x_wconf 82' lang='lat' dir='ltr'><strong>Quid</strong></span> <span class='ocrx_word' id='word_1_25' title='bbox 3192 548 3331 601; x_wconf 90' lang='lat' dir='ltr'><strong>enim</strong></span> <span class='ocrx_word' id='word_1_26' title='bbox 3355 548 3491 603; x_wconf 90' lang='lat' dir='ltr'><strong>ultra</strong></span> 
     </span>
    </p>
   </div>
   <div class='ocr_carea' id='block_1_6' title="bbox 244 620 1813 697">
    <p class='ocr_par' dir='ltr' id='par_1_6' title="bbox 244 620 1813 697">
     <span class='ocr_line' id='line_1_6' title="bbox 244 620 1813 697; baseline 0.004 -20"><span class='ocrx_word' id='word_1_27' title='bbox 244 621 399 677; x_wconf 89' lang='lat' dir='ltr'><strong>deris.</strong></span> <span class='ocrx_word' id='word_1_28' title='bbox 424 620 539 677; x_wconf 87' lang='lat' dir='ltr'><strong>Non</strong></span> <span class='ocrx_word' id='word_1_29' title='bbox 565 623 634 677; x_wconf 89' lang='lat' dir='ltr'><strong>ita</strong></span> <span class='ocrx_word' id='word_1_30' title='bbox 655 632 755 680; x_wconf 78' lang='lat' dir='ltr'><strong>est.</strong></span> <span class='ocrx_word' id='word_1_31' title='bbox 780 624 1057 682; x_wconf 75' lang='lat' dir='ltr'><strong>Ordinatio</strong></span> <span class='ocrx_word' id='word_1_32' title='bbox 1079 628 1327 697; x_wconf 73' lang='lat' dir='ltr'><strong>nuptialis</strong></span> <span class='ocrx_word' id='word_1_33' title='bbox 1349 644 1414 683; x_wconf 81' lang='lat' dir='ltr'><strong>ex</strong></span> <span class='ocrx_word' id='word_1_34' title='bbox 1440 629 1813 684; x_wconf 83' lang='lat' dir='ltr'><strong>benedictione</strong></span> 
     </span>
    </p>
   </div>
   <div class='ocr_carea' id='block_1_7' title="bbox 243 714 1815 792">
    <p class='ocr_par' dir='ltr' id='par_1_7' title="bbox 243 714 1815 792">
     <span class='ocr_line' id='line_1_7' title="bbox 243 714 1815 792; baseline 0.004 -22"><span class='ocrx_word' id='word_1_35' title='bbox 243 714 443 783; x_wconf 63' lang='lat' dir='ltr'><strong>coepit;</strong></span> <span class='ocrx_word' id='word_1_36' title='bbox 502 718 778 785; x_wconf 80' lang='lat' dir='ltr'><strong>generatio</strong></span> <span class='ocrx_word' id='word_1_37' title='bbox 839 720 1198 790; x_wconf 71' lang='lat' dir='ltr'><strong>corruptiOuis</strong></span> <span class='ocrx_word' id='word_1_38' title='bbox 1254 736 1318 774; x_wconf 84' lang='lat' dir='ltr'><strong>ex</strong></span> <span class='ocrx_word' id='word_1_39' title='bbox 1389 722 1815 792; x_wconf 75' lang='lat' dir='ltr'><strong>transgressione</strong></span> 
     </span>
    </p>
   </div>
   <div class='ocr_carea' id='block_1_8' title="bbox 242 805 1812 885">
    <p class='ocr_par' dir='ltr' id='par_1_8' title="bbox 242 805 1812 885">
     <span class='ocr_line' id='line_1_8' title="bbox 242 805 1812 885; baseline 0.006 -25"><span class='ocrx_word' id='word_1_40' title='bbox 242 808 419 875; x_wconf 87' lang='lat' dir='ltr'><strong>coepit.</strong></span> <span class='ocrx_word' id='word_1_41' title='bbox 452 805 666 863; x_wconf 87' lang='lat' dir='ltr'><strong>interim</strong></span> <span class='ocrx_word' id='word_1_42' title='bbox 715 812 1016 879; x_wconf 87' lang='lat' dir='ltr'><strong>nuptiarum</strong></span> <span class='ocrx_word' id='word_1_43' title='bbox 1049 827 1241 868; x_wconf 91' lang='lat' dir='ltr'><strong>munus</strong></span> <span class='ocrx_word' id='word_1_44' title='bbox 1279 814 1451 869; x_wconf 89' lang='lat' dir='ltr'><strong>adhuc</strong></span> <span class='ocrx_word' id='word_1_45' title='bbox 1483 813 1534 868; x_wconf 92' lang='lat' dir='ltr'><strong>in</strong></span> <span class='ocrx_word' id='word_1_46' title='bbox 1565 816 1812 885; x_wconf 82' lang='lat' dir='ltr'><strong>paradiso</strong></span> 
     </span>
    </p>
   </div>
   <div class='ocr_carea' id='block_1_9' title="bbox 240 894 1811 977">
    <p class='ocr_par' dir='ltr' id='par_1_9' title="bbox 240 894 1811 977">
     <span class='ocr_line' id='line_1_9' title="bbox 240 894 1811 977; baseline 0.007 -27"><span class='ocrx_word' id='word_1_47' title='bbox 240 910 269 950; x_wconf 73' lang='grc' dir='ltr'><strong><em>ι</em></strong></span> <span class='ocrx_word' id='word_1_48' title='bbox 292 894 545 953; x_wconf 86' lang='lat' dir='ltr'><strong>Creatore</strong></span> <span class='ocrx_word' id='word_1_49' title='bbox 585 913 921 968; x_wconf 87' lang='lat' dir='ltr'><strong>concessum,</strong></span> <span class='ocrx_word' id='word_1_50' title='bbox 955 914 1009 959; x_wconf 92' lang='lat' dir='ltr'><strong>et</strong></span> <span class='ocrx_word' id='word_1_51' title='bbox 1045 920 1230 960; x_wconf 87' lang='lat' dir='ltr'><strong>earum</strong></span> <span class='ocrx_word' id='word_1_52' title='bbox 1263 920 1388 962; x_wconf 89' lang='lat' dir='ltr'><strong>usus</strong></span> <span class='ocrx_word' id='word_1_53' title='bbox 1420 916 1566 961; x_wconf 81' lang='lat' dir='ltr'><strong>extra</strong></span> <span class='ocrx_word' id='word_1_54' title='bbox 1600 907 1811 977; x_wconf 86' lang='lat' dir='ltr'><strong>paradi-</strong></span> 
     </span>
    </p>
   </div>
   <div class='ocr_carea' id='block_1_10' title="bbox 238 990 1813 1062">
    <p class='ocr_par' dir='ltr' id='par_1_10' title="bbox 238 990 1813 1062">
     <span class='ocr_line' id='line_1_10' title="bbox 238 990 1813 1062; baseline 0.007 -19"><span class='ocrx_word' id='word_1_55' title='bbox 238 1003 351 1043; x_wconf 92' lang='lat' dir='ltr'><strong>sum</strong></span> <span class='ocrx_word' id='word_1_56' title='bbox 379 990 488 1059; x_wconf 81' lang='lat' dir='ltr'><strong>jam</strong></span> <span class='ocrx_word' id='word_1_57' title='bbox 526 994 756 1062; x_wconf 85' lang='lat' dir='ltr'><strong>sumpsit</strong></span> <span class='ocrx_word' id='word_1_58' title='bbox 781 997 1077 1052; x_wconf 81' lang='lat' dir='ltr'><strong>exordium.</strong></span> <span class='ocrx_word' id='word_1_59' title='bbox 1111 999 1393 1054; x_wconf 84' lang='lat' dir='ltr'><strong>Peccatum</strong></span> <span class='ocrx_word' id='word_1_60' title='bbox 1423 1000 1475 1055; x_wconf 92' lang='lat' dir='ltr'><strong>in</strong></span> <span class='ocrx_word' id='word_1_61' title='bbox 1507 1000 1682 1054; x_wconf 88' lang='lat' dir='ltr'><strong>medio</strong></span> <span class='ocrx_word' id='word_1_62' title='bbox 1714 999 1813 1054; x_wconf 89' lang='lat' dir='ltr'><strong>fuit</strong></span> 
     </span>
    </p>
   </div>
   <div class='ocr_carea' id='block_1_11' title="bbox 238 1083 1810 1163">
    <p class='ocr_par' dir='ltr' id='par_1_11' title="bbox 238 1083 1810 1163">
     <span class='ocr_line' id='line_1_11' title="bbox 238 1083 1810 1163; baseline 0.007 -25"><span class='ocrx_word' id='word_1_63' title='bbox 238 1083 375 1138; x_wconf 86' lang='lat' dir='ltr'><strong>inter</strong></span> <span class='ocrx_word' id='word_1_64' title='bbox 417 1088 813 1154; x_wconf 80' lang='lat' dir='ltr'><strong>generationem</strong></span> <span class='ocrx_word' id='word_1_65' title='bbox 870 1100 921 1145; x_wconf 90' lang='lat' dir='ltr'><strong>et</strong></span> <span class='ocrx_word' id='word_1_66' title='bbox 982 1093 1487 1161; x_wconf 76' lang='lat' dir='ltr'><strong>concupiscentiam.</strong></span> <span class='ocrx_word' id='word_1_67' title='bbox 1545 1094 1810 1163; x_wconf 83' lang='lat' dir='ltr'><strong>Quidquid</strong></span> 
     </span>
    </p>
   </div>
   <div class='ocr_carea' id='block_1_12' title="bbox 237 1178 1811 1255">
    <p class='ocr_par' dir='ltr' id='par_1_12' title="bbox 237 1178 1811 1255">
     <span class='ocr_line' id='line_1_12' title="bbox 237 1178 1811 1255; baseline 0.007 -24"><span class='ocrx_word' id='word_1_68' title='bbox 237 1179 526 1247; x_wconf 71' lang='lat' dir='ltr'><strong>prmceptio</strong></span> <span class='ocrx_word' id='word_1_69' title='bbox 557 1178 733 1234; x_wconf 88' lang='lat' dir='ltr'><strong>divina</strong></span> <span class='ocrx_word' id='word_1_70' title='bbox 766 1185 1059 1251; x_wconf 86' lang='lat' dir='ltr'><strong>constituit,</strong></span> <span class='ocrx_word' id='word_1_71' title='bbox 1092 1185 1191 1240; x_wconf 87' lang='lat' dir='ltr'><strong>hoc</strong></span> <span class='ocrx_word' id='word_1_72' title='bbox 1221 1186 1397 1251; x_wconf 89' lang='lat' dir='ltr'><strong>laudo,</strong></span> <span class='ocrx_word' id='word_1_73' title='bbox 1426 1186 1681 1255; x_wconf 83' lang='lat' dir='ltr'><strong>quidquid</strong></span> <span class='ocrx_word' id='word_1_74' title='bbox 1715 1188 1811 1242; x_wconf 73' lang='lat' dir='ltr'><strong>hu»</strong></span> 
     </span>
    </p>
   </div>
   <div class='ocr_carea' id='block_1_13' title="bbox 236 1272 1809 1346">
    <p class='ocr_par' dir='ltr' id='par_1_13' title="bbox 236 1272 1809 1346">
     <span class='ocr_line' id='line_1_13' title="bbox 236 1272 1809 1346; baseline 0.007 -24"><span class='ocrx_word' id='word_1_75' title='bbox 236 1281 393 1323; x_wconf 85' lang='lat' dir='ltr'><strong>mana</strong></span> <span class='ocrx_word' id='word_1_76' title='bbox 425 1272 790 1338; x_wconf 67' lang='lat' dir='ltr'><strong>praevaricatio</strong></span> <span class='ocrx_word' id='word_1_77' title='bbox 818 1275 1013 1344; x_wconf 85' lang='lat' dir='ltr'><strong>adjecit</strong></span> <span class='ocrx_word' id='word_1_78' title='bbox 1041 1275 1142 1330; x_wconf 88' lang='lat' dir='ltr'><strong>hoc</strong></span> <span class='ocrx_word' id='word_1_79' title='bbox 1185 1278 1433 1346; x_wconf 84' lang='lat' dir='ltr'><strong>reprobo.</strong></span> <span class='ocrx_word' id='word_1_80' title='bbox 1460 1276 1737 1344; x_wconf 83' lang='lat' dir='ltr'><strong>Quomodo</strong></span> <span class='ocrx_word' id='word_1_81' title='bbox 1766 1279 1809 1333; x_wconf 90' lang='lat' dir='ltr'><strong>si</strong></span> 
     </span>
    </p>
   </div>
   <div class='ocr_carea' id='block_1_14' title="bbox 232 1358 1810 1433">
    <p class='ocr_par' dir='ltr' id='par_1_14' title="bbox 232 1358 1810 1433">
     <span class='ocr_line' id='line_1_14' title="bbox 232 1358 1810 1433; baseline 0.006 -21"><span class='ocrx_word' id='word_1_82' title='bbox 232 1358 426 1428; x_wconf 80' lang='lat' dir='ltr'><strong>aliquis</strong></span> <span class='ocrx_word' id='word_1_83' title='bbox 471 1373 588 1415; x_wconf 88' lang='lat' dir='ltr'><strong>atro</strong></span> <span class='ocrx_word' id='word_1_84' title='bbox 636 1362 1039 1433; x_wconf 90' lang='lat' dir='ltr'><strong>inquinamento</strong></span> <span class='ocrx_word' id='word_1_85' title='bbox 1088 1367 1375 1423; x_wconf 84' lang='lat' dir='ltr'><strong>candorem</strong></span> <span class='ocrx_word' id='word_1_86' title='bbox 1434 1370 1600 1427; x_wconf 72' lang='lat' dir='ltr'><strong>nivea:</strong></span> <span class='ocrx_word' id='word_1_87' title='bbox 1648 1371 1810 1429; x_wconf 87' lang='lat' dir='ltr'><strong>vestis</strong></span> 
     </span>
    </p>
   </div>
   <div class='ocr_carea' id='block_1_15' title="bbox 232 1456 1810 1527">
    <p class='ocr_par' dir='ltr' id='par_1_15' title="bbox 232 1456 1810 1527">
     <span class='ocr_line' id='line_1_15' title="bbox 232 1456 1810 1527; baseline 0.004 -20"><span class='ocrx_word' id='word_1_88' title='bbox 232 1463 515 1524; x_wconf 88' lang='lat' dir='ltr'><strong>aspergat,</strong></span> <span class='ocrx_word' id='word_1_89' title='bbox 566 1471 673 1510; x_wconf 90' lang='lat' dir='ltr'><strong>non</strong></span> <span class='ocrx_word' id='word_1_90' title='bbox 702 1456 948 1527; x_wconf 85' lang='lat' dir='ltr'><strong>displicet</strong></span> <span class='ocrx_word' id='word_1_91' title='bbox 984 1457 1204 1521; x_wconf 82' lang='lat' dir='ltr'><strong>factura.</strong></span> <span class='ocrx_word' id='word_1_92' title='bbox 1249 1461 1341 1515; x_wconf 85' lang='lat' dir='ltr'><strong>sed</strong></span> <span class='ocrx_word' id='word_1_93' title='bbox 1377 1460 1600 1516; x_wconf 78' lang='lat' dir='ltr'><strong>macula.</strong></span> <span class='ocrx_word' id='word_1_94' title='bbox 1631 1461 1810 1515; x_wconf 79' lang='lat' dir='ltr'><strong>Vesti-</strong></span> 
     </span>
    </p>
   </div>
   <div class='ocr_carea' id='block_1_16' title="bbox 231 1546 1807 1622">
    <p class='ocr_par' dir='ltr' id='par_1_16' title="bbox 231 1546 1807 1622">
     <span class='ocr_line' id='line_1_16' title="bbox 231 1546 1807 1622; baseline 0.004 -22"><span class='ocrx_word' id='word_1_95' title='bbox 231 1546 404 1601; x_wconf 89' lang='lat' dir='ltr'><strong>menti</strong></span> <span class='ocrx_word' id='word_1_96' title='bbox 439 1559 542 1602; x_wconf 94' lang='lat' dir='ltr'><strong>non</strong></span> <span class='ocrx_word' id='word_1_97' title='bbox 571 1548 750 1602; x_wconf 88' lang='lat' dir='ltr'><strong>amisit</strong></span> <span class='ocrx_word' id='word_1_98' title='bbox 800 1563 953 1604; x_wconf 89' lang='lat' dir='ltr'><strong>usum</strong></span> <span class='ocrx_word' id='word_1_99' title='bbox 983 1590 999 1616; x_wconf 95' lang='lat'><strong>,</strong></span> <span class='ocrx_word' id='word_1_100' title='bbox 1048 1551 1147 1605; x_wconf 89' lang='lat' dir='ltr'><strong>etsi</strong></span> <span class='ocrx_word' id='word_1_101' title='bbox 1202 1551 1437 1620; x_wconf 84' lang='lat' dir='ltr'><strong>perdidit</strong></span> <span class='ocrx_word' id='word_1_102' title='bbox 1481 1552 1807 1622; x_wconf 91' lang='lat' dir='ltr'><strong>dignitatem.</strong></span> 
     </span>
    </p>
   </div>
   <div class='ocr_carea' id='block_1_17' title="bbox 231 1635 1805 1713">
    <p class='ocr_par' dir='ltr' id='par_1_17' title="bbox 231 1635 1805 1713">
     <span class='ocr_line' id='line_1_17' title="bbox 231 1635 1805 1713; baseline 0.004 -22"><span class='ocrx_word' id='word_1_103' title='bbox 231 1635 430 1692; x_wconf 79' lang='lat' dir='ltr'><strong>Futura</strong></span> <span class='ocrx_word' id='word_1_104' title='bbox 457 1648 574 1695; x_wconf 91' lang='lat' dir='ltr'><strong>erat</strong></span> <span class='ocrx_word' id='word_1_105' title='bbox 602 1640 968 1696; x_wconf 84' lang='lat' dir='ltr'><strong>indubitanter</strong></span> <span class='ocrx_word' id='word_1_106' title='bbox 994 1652 1140 1696; x_wconf 90' lang='lat' dir='ltr'><strong>casta</strong></span> <span class='ocrx_word' id='word_1_107' title='bbox 1179 1654 1231 1696; x_wconf 91' lang='lat' dir='ltr'><strong>et</strong></span> <span class='ocrx_word' id='word_1_108' title='bbox 1260 1644 1466 1697; x_wconf 87' lang='lat' dir='ltr'><strong>sincera</strong></span> <span class='ocrx_word' id='word_1_109' title='bbox 1513 1646 1805 1713; x_wconf 83' lang='lat' dir='ltr'><strong>generatio,</strong></span> 
     </span>
    </p>
   </div>
   <div class='ocr_carea' id='block_1_18' title="bbox 228 1728 1813 1803">
    <p class='ocr_par' dir='ltr' id='par_1_18' title="bbox 228 1728 1813 1803">
     <span class='ocr_line' id='line_1_18' title="bbox 228 1728 1813 1803; baseline 0.003 -20"><span class='ocrx_word' id='word_1_110' title='bbox 228 1728 273 1783; x_wconf 89' lang='lat' dir='ltr'><strong>si</strong></span> <span class='ocrx_word' id='word_1_111' title='bbox 317 1744 428 1784; x_wconf 89' lang='lat' dir='ltr'><strong>non</strong></span> <span class='ocrx_word' id='word_1_112' title='bbox 481 1730 873 1788; x_wconf 88' lang='lat' dir='ltr'><strong>intercessisset</strong></span> <span class='ocrx_word' id='word_1_113' title='bbox 924 1732 1135 1787; x_wconf 88' lang='lat' dir='ltr'><strong>inimica</strong></span> <span class='ocrx_word' id='word_1_114' title='bbox 1166 1733 1536 1803; x_wconf 83' lang='lat' dir='ltr'><strong>transgressio.</strong></span> <span class='ocrx_word' id='word_1_115' title='bbox 1569 1733 1673 1789; x_wconf 91' lang='lat' dir='ltr'><strong>Sed</strong></span> <span class='ocrx_word' id='word_1_116' title='bbox 1715 1735 1813 1787; x_wconf 88' lang='lat' dir='ltr'><strong>im-</strong></span> 
     </span>
    </p>
   </div>
   <div class='ocr_carea' id='block_1_19' title="bbox 228 1822 1808 1881">
    <p class='ocr_par' dir='ltr' id='par_1_19' title="bbox 228 1822 1808 1881">
     <span class='ocr_line' id='line_1_19' title="bbox 228 1822 1808 1881; baseline 0.003 -5"><span class='ocrx_word' id='word_1_117' title='bbox 228 1822 526 1879; x_wconf 85' lang='lat' dir='ltr'><strong>maculatos</strong></span> <span class='ocrx_word' id='word_1_118' title='bbox 554 1823 738 1880; x_wconf 87' lang='lat' dir='ltr'><strong>thoros</strong></span> <span class='ocrx_word' id='word_1_119' title='bbox 764 1839 886 1880; x_wconf 89' lang='lat' dir='ltr'><strong>caro</strong></span> <span class='ocrx_word' id='word_1_120' title='bbox 927 1825 1288 1881; x_wconf 88' lang='lat' dir='ltr'><strong>maledictioni</strong></span> <span class='ocrx_word' id='word_1_121' title='bbox 1330 1825 1539 1880; x_wconf 89' lang='lat' dir='ltr'><strong>addicta</strong></span> <span class='ocrx_word' id='word_1_122' title='bbox 1572 1828 1808 1880; x_wconf 82' lang='lat' dir='ltr'><strong>macula-</strong></span> 
     </span>
    </p>
   </div>
   <div class='ocr_carea' id='block_1_20' title="bbox 1915 631 3491 709">
    <p class='ocr_par' dir='ltr' id='par_1_20' title="bbox 1915 631 3491 709">
     <span class='ocr_line' id='line_1_20' title="bbox 1915 631 3491 709; baseline 0.008 -29"><span class='ocrx_word' id='word_1_123' title='bbox 1915 639 2116 697; x_wconf 90' lang='lat' dir='ltr'><strong>speret,</strong></span> <span class='ocrx_word' id='word_1_124' title='bbox 2161 645 2316 699; x_wconf 87' lang='lat' dir='ltr'><strong>quem</strong></span> <span class='ocrx_word' id='word_1_125' title='bbox 2346 631 2454 700; x_wconf 86' lang='lat' dir='ltr'><strong>jam</strong></span> <span class='ocrx_word' id='word_1_126' title='bbox 2485 635 2649 704; x_wconf 85' lang='lat' dir='ltr'><strong>gratia</strong></span> <span class='ocrx_word' id='word_1_127' title='bbox 2682 650 2835 691; x_wconf 86' lang='lat' dir='ltr'><strong>suum</strong></span> <span class='ocrx_word' id='word_1_128' title='bbox 2878 635 3037 691; x_wconf 86' lang='lat' dir='ltr'><strong>fecit?</strong></span> <span class='ocrx_word' id='word_1_129' title='bbox 3078 640 3131 693; x_wconf 92' lang='lat' dir='ltr'><strong>lu</strong></span> <span class='ocrx_word' id='word_1_130' title='bbox 3175 654 3278 709; x_wconf 91' lang='lat' dir='ltr'><strong>quo</strong></span> <span class='ocrx_word' id='word_1_131' title='bbox 3307 653 3336 693; x_wconf 90' lang='lat' dir='ltr'><strong>e</strong></span> <span class='ocrx_word' id='word_1_132' title='bbox 3359 654 3491 693; x_wconf 86' lang='lat' dir='ltr'><strong>cun-</strong></span> 
     </span>
    </p>
   </div>
   <div class='ocr_carea' id='block_1_21' title="bbox 1917 720 3495 799">
    <p class='ocr_par' dir='ltr' id='par_1_21' title="bbox 1917 720 3495 799">
     <span class='ocr_line' id='line_1_21' title="bbox 1917 720 3495 799; baseline 0.008 -27"><span class='ocrx_word' id='word_1_133' title='bbox 1917 720 2081 774; x_wconf 90' lang='lat' dir='ltr'><strong>trario</strong></span> <span class='ocrx_word' id='word_1_134' title='bbox 2125 737 2230 774; x_wconf 91' lang='lat' dir='ltr'><strong>non</strong></span> <span class='ocrx_word' id='word_1_135' title='bbox 2281 720 2566 792; x_wconf 88' lang='lat' dir='ltr'><strong>desperet,</strong></span> <span class='ocrx_word' id='word_1_136' title='bbox 2618 741 2778 796; x_wconf 90' lang='lat' dir='ltr'><strong>quem</strong></span> <span class='ocrx_word' id='word_1_137' title='bbox 2810 728 3091 799; x_wconf 71' lang='lat' dir='ltr'><strong>prmdnitio</strong></span> <span class='ocrx_word' id='word_1_138' title='bbox 3125 730 3356 787; x_wconf 83' lang='lat' dir='ltr'><strong>violenta</strong></span> <span class='ocrx_word' id='word_1_139' title='bbox 3398 733 3495 784; x_wconf 86' lang='lat' dir='ltr'><strong>da-</strong></span> 
     </span>
    </p>
   </div>
   <div class='ocr_carea' id='block_1_22' title="bbox 1915 812 3491 889">
    <p class='ocr_par' dir='ltr' id='par_1_22' title="bbox 1915 812 3491 889">
     <span class='ocr_line' id='line_1_22' title="bbox 1915 812 3491 889; baseline 0.007 -23"><span class='ocrx_word' id='word_1_140' title='bbox 1915 812 2142 867; x_wconf 88' lang='lat' dir='ltr'><strong>mnavit.</strong></span> <span class='ocrx_word' id='word_1_141' title='bbox 2169 814 2225 869; x_wconf 89' lang='lat' dir='ltr'><strong>In</strong></span> <span class='ocrx_word' id='word_1_142' title='bbox 2257 813 2359 871; x_wconf 87' lang='lat' dir='ltr'><strong>hoc</strong></span> <span class='ocrx_word' id='word_1_143' title='bbox 2384 816 2561 885; x_wconf 90' lang='lat' dir='ltr'><strong>culpa,</strong></span> <span class='ocrx_word' id='word_1_144' title='bbox 2587 818 2637 870; x_wconf 92' lang='lat' dir='ltr'><strong>in</strong></span> <span class='ocrx_word' id='word_1_145' title='bbox 2665 818 2756 871; x_wconf 87' lang='lat' dir='ltr'><strong>illo</strong></span> <span class='ocrx_word' id='word_1_146' title='bbox 2784 820 2952 889; x_wconf 85' lang='lat' dir='ltr'><strong>gratia</strong></span> <span class='ocrx_word' id='word_1_147' title='bbox 2977 820 3150 874; x_wconf 91' lang='lat' dir='ltr'><strong>locum</strong></span> <span class='ocrx_word' id='word_1_148' title='bbox 3180 836 3283 876; x_wconf 94' lang='lat' dir='ltr'><strong>non</strong></span> <span class='ocrx_word' id='word_1_149' title='bbox 3312 821 3491 878; x_wconf 83' lang='lat' dir='ltr'><strong>habet.</strong></span> 
     </span>
    </p>
   </div>
   <div class='ocr_carea' id='block_1_23' title="bbox 1916 903 3495 980">
    <p class='ocr_par' dir='ltr' id='par_1_23' title="bbox 1916 903 3495 980">
     <span class='ocr_line' id='line_1_23' title="bbox 1916 903 3495 980; baseline 0.009 -24"><span class='ocrx_word' id='word_1_150' title='bbox 1916 903 2306 963; x_wconf 86' lang='lat' dir='ltr'><strong>Periclitabitur</strong></span> <span class='ocrx_word' id='word_1_151' title='bbox 2334 909 2385 963; x_wconf 91' lang='lat' dir='ltr'><strong>in</strong></span> <span class='ocrx_word' id='word_1_152' title='bbox 2420 916 2643 977; x_wconf 88' lang='lat' dir='ltr'><strong>utroque</strong></span> <span class='ocrx_word' id='word_1_153' title='bbox 2660 910 2886 980; x_wconf 73' lang='lat' dir='ltr'><strong>iustitia.</strong></span> <span class='ocrx_word' id='word_1_154' title='bbox 2911 912 3357 971; x_wconf 84' lang='lat' dir='ltr'><strong>Remunerabitur</strong></span> <span class='ocrx_word' id='word_1_155' title='bbox 3377 916 3495 971; x_wconf 87' lang='lat' dir='ltr'><strong>sine</strong></span> 
     </span>
    </p>
   </div>
   <div class='ocr_carea' id='block_1_24' title="bbox 1916 995 3495 1077">
    <p class='ocr_par' dir='ltr' id='par_1_24' title="bbox 1916 995 3495 1077">
     <span class='ocr_line' id='line_1_24' title="bbox 1916 995 3495 1077; baseline 0.008 -26"><span class='ocrx_word' id='word_1_156' title='bbox 1916 995 2037 1053; x_wconf 88' lang='lat' dir='ltr'><strong>fidei</strong></span> <span class='ocrx_word' id='word_1_157' title='bbox 2085 1000 2317 1064; x_wconf 90' lang='lat' dir='ltr'><strong>merito,</strong></span> <span class='ocrx_word' id='word_1_158' title='bbox 2368 1011 2673 1069; x_wconf 83' lang='lat' dir='ltr'><strong>assumptus</strong></span> <span class='ocrx_word' id='word_1_159' title='bbox 2720 1002 3059 1060; x_wconf 89' lang='lat' dir='ltr'><strong>damnabitur</strong></span> <span class='ocrx_word' id='word_1_160' title='bbox 3105 1007 3223 1063; x_wconf 77' lang='lat' dir='ltr'><strong>sine</strong></span> <span class='ocrx_word' id='word_1_161' title='bbox 3278 1009 3495 1077; x_wconf 90' lang='lat' dir='ltr'><strong>proprio</strong></span> 
     </span>
    </p>
   </div>
   <div class='ocr_carea' id='block_1_25' title="bbox 1913 1091 3496 1169">
    <p class='ocr_par' dir='ltr' id='par_1_25' title="bbox 1913 1091 3496 1169">
     <span class='ocr_line' id='line_1_25' title="bbox 1913 1091 3496 1169; baseline 0.006 -24"><span class='ocrx_word' id='word_1_162' title='bbox 1913 1091 2136 1145; x_wconf 88' lang='lat' dir='ltr'><strong>crimine</strong></span> <span class='ocrx_word' id='word_1_163' title='bbox 2162 1091 2473 1150; x_wconf 89' lang='lat' dir='ltr'><strong>derelictus.</strong></span> <span class='ocrx_word' id='word_1_164' title='bbox 2502 1093 2658 1149; x_wconf 88' lang='lat' dir='ltr'><strong>Salus</strong></span> <span class='ocrx_word' id='word_1_165' title='bbox 2686 1094 2758 1148; x_wconf 88' lang='lat' dir='ltr'><strong>illi</strong></span> <span class='ocrx_word' id='word_1_166' title='bbox 2793 1095 3078 1165; x_wconf 88' lang='lat' dir='ltr'><strong>ingerenda</strong></span> <span class='ocrx_word' id='word_1_167' title='bbox 3111 1108 3192 1153; x_wconf 90' lang='lat' dir='ltr'><strong>est</strong></span> <span class='ocrx_word' id='word_1_168' title='bbox 3218 1114 3320 1154; x_wconf 92' lang='lat' dir='ltr'><strong>non</strong></span> <span class='ocrx_word' id='word_1_169' title='bbox 3353 1114 3496 1169; x_wconf 75' lang='lat' dir='ltr'><strong>qua:-</strong></span> 
     </span>
    </p>
   </div>
   <div class='ocr_carea' id='block_1_26' title="bbox 1913 1182 3496 1248">
    <p class='ocr_par' dir='ltr' id='par_1_26' title="bbox 1913 1182 3496 1248">
     <span class='ocr_line' id='line_1_26' title="bbox 1913 1182 3496 1248; baseline 0.008 -13"><span class='ocrx_word' id='word_1_170' title='bbox 1913 1183 2073 1248; x_wconf 92' lang='lat' dir='ltr'><strong>renti,</strong></span> <span class='ocrx_word' id='word_1_171' title='bbox 2104 1182 2227 1239; x_wconf 89' lang='lat' dir='ltr'><strong>huic</strong></span> <span class='ocrx_word' id='word_1_172' title='bbox 2247 1184 2528 1240; x_wconf 88' lang='lat' dir='ltr'><strong>auferenda</strong></span> <span class='ocrx_word' id='word_1_173' title='bbox 2558 1186 2839 1241; x_wconf 90' lang='lat' dir='ltr'><strong>laboranti.</strong></span> <span class='ocrx_word' id='word_1_174' title='bbox 2866 1187 2970 1242; x_wconf 89' lang='lat' dir='ltr'><strong>Sed</strong></span> <span class='ocrx_word' id='word_1_175' title='bbox 2998 1188 3129 1245; x_wconf 90' lang='lat' dir='ltr'><strong>dicis</strong></span> <span class='ocrx_word' id='word_1_176' title='bbox 3155 1209 3166 1243; x_wconf 86' lang='lat'><strong>:</strong></span> <span class='ocrx_word' id='word_1_177' title='bbox 3192 1191 3314 1247; x_wconf 86' lang='lat' dir='ltr'><strong>Ideo</strong></span> <span class='ocrx_word' id='word_1_178' title='bbox 3341 1208 3496 1248; x_wconf 90' lang='lat' dir='ltr'><strong>orare</strong></span> 
     </span>
    </p>
   </div>
   <div class='ocr_carea' id='block_1_27' title="bbox 1914 1274 3499 1351">
    <p class='ocr_par' dir='ltr' id='par_1_27' title="bbox 1914 1274 3499 1351">
     <span class='ocr_line' id='line_1_27' title="bbox 1914 1274 3499 1351; baseline 0.006 -24"><span class='ocrx_word' id='word_1_179' title='bbox 1914 1274 2110 1340; x_wconf 89' lang='lat' dir='ltr'><strong>debet,</strong></span> <span class='ocrx_word' id='word_1_180' title='bbox 2154 1276 2273 1344; x_wconf 86' lang='lat' dir='ltr'><strong>quia</strong></span> <span class='ocrx_word' id='word_1_181' title='bbox 2309 1292 2374 1333; x_wconf 89' lang='lat' dir='ltr'><strong>ex</strong></span> <span class='ocrx_word' id='word_1_182' title='bbox 2412 1293 2512 1346; x_wconf 92' lang='lat' dir='ltr'><strong>qua</strong></span> <span class='ocrx_word' id='word_1_183' title='bbox 2546 1288 2696 1349; x_wconf 89' lang='lat' dir='ltr'><strong>parte</strong></span> <span class='ocrx_word' id='word_1_184' title='bbox 2726 1280 2796 1333; x_wconf 92' lang='lat' dir='ltr'><strong>sit</strong></span> <span class='ocrx_word' id='word_1_185' title='bbox 2830 1280 3019 1335; x_wconf 91' lang='lat' dir='ltr'><strong>nescit.</strong></span> <span class='ocrx_word' id='word_1_186' title='bbox 3051 1279 3179 1346; x_wconf 87' lang='lat' dir='ltr'><strong>Quis</strong></span> <span class='ocrx_word' id='word_1_187' title='bbox 3214 1297 3318 1337; x_wconf 92' lang='lat' dir='ltr'><strong>non</strong></span> <span class='ocrx_word' id='word_1_188' title='bbox 3353 1292 3499 1351; x_wconf 89' lang='lat' dir='ltr'><strong>putet</strong></span> 
     </span>
    </p>
   </div>
   <div class='ocr_carea' id='block_1_28' title="bbox 1880 1368 3497 1442">
    <p class='ocr_par' dir='ltr' id='par_1_28' title="bbox 1880 1368 3497 1442">
     <span class='ocr_line' id='line_1_28' title="bbox 1880 1368 3497 1442; baseline 0.004 -21"><span class='ocrx_word' id='word_1_189' title='bbox 1880 1368 2301 1425; x_wconf 84' lang='lat' dir='ltr'><strong>.rationabiliter</strong></span> <span class='ocrx_word' id='word_1_190' title='bbox 2350 1387 2413 1426; x_wconf 92' lang='lat' dir='ltr'><strong>ac</strong></span> <span class='ocrx_word' id='word_1_191' title='bbox 2465 1373 2738 1441; x_wconf 87' lang='lat' dir='ltr'><strong>sapienter</strong></span> <span class='ocrx_word' id='word_1_192' title='bbox 2784 1372 2947 1427; x_wconf 79' lang='lat' dir='ltr'><strong>fuisse</strong></span> <span class='ocrx_word' id='word_1_193' title='bbox 2998 1374 3351 1442; x_wconf 87' lang='lat' dir='ltr'><strong>responsum?</strong></span> <span class='ocrx_word' id='word_1_194' title='bbox 3392 1374 3497 1429; x_wconf 87' lang='lat' dir='ltr'><strong>Sed</strong></span> 
     </span>
    </p>
   </div>
   <div class='ocr_carea' id='block_1_29' title="bbox 1913 1462 3497 1534">
    <p class='ocr_par' dir='ltr' id='par_1_29' title="bbox 1913 1462 3497 1534">
     <span class='ocr_line' id='line_1_29' title="bbox 1913 1462 3497 1534; baseline 0.003 -20"><span class='ocrx_word' id='word_1_195' title='bbox 1913 1462 2037 1530; x_wconf 91' lang='lat' dir='ltr'><strong>quid</strong></span> <span class='ocrx_word' id='word_1_196' title='bbox 2070 1478 2225 1519; x_wconf 89' lang='lat' dir='ltr'><strong>orare</strong></span> <span class='ocrx_word' id='word_1_197' title='bbox 2269 1465 2470 1519; x_wconf 91' lang='lat' dir='ltr'><strong>homini</strong></span> <span class='ocrx_word' id='word_1_198' title='bbox 2520 1466 2757 1534; x_wconf 90' lang='lat' dir='ltr'><strong>proderit</strong></span> <span class='ocrx_word' id='word_1_199' title='bbox 2811 1467 2862 1520; x_wconf 94' lang='lat' dir='ltr'><strong>in</strong></span> <span class='ocrx_word' id='word_1_200' title='bbox 2911 1482 3015 1521; x_wconf 88' lang='lat' dir='ltr'><strong>una</strong></span> <span class='ocrx_word' id='word_1_201' title='bbox 3056 1467 3240 1522; x_wconf 86' lang='lat' dir='ltr'><strong>harum</strong></span> <span class='ocrx_word' id='word_1_202' title='bbox 3270 1467 3497 1521; x_wconf 90' lang='lat' dir='ltr'><strong>duarum</strong></span> 
     </span>
    </p>
   </div>
   <div class='ocr_carea' id='block_1_30' title="bbox 1912 1551 3497 1629">
    <p class='ocr_par' dir='ltr' id='par_1_30' title="bbox 1912 1551 3497 1629">
     <span class='ocr_line' id='line_1_30' title="bbox 1912 1551 3497 1629; baseline 0.004 -24"><span class='ocrx_word' id='word_1_203' title='bbox 1912 1551 2219 1609; x_wconf 89' lang='lat' dir='ltr'><strong>conditione</strong></span> <span class='ocrx_word' id='word_1_204' title='bbox 2244 1556 2570 1611; x_wconf 91' lang='lat' dir='ltr'><strong>omnimodis</strong></span> <span class='ocrx_word' id='word_1_205' title='bbox 2596 1557 2920 1612; x_wconf 84' lang='lat' dir='ltr'><strong>constituto?</strong></span> <span class='ocrx_word' id='word_1_206' title='bbox 2962 1559 3090 1619; x_wconf 78' lang='lat' dir='ltr'><strong>Nam</strong></span> <span class='ocrx_word' id='word_1_207' title='bbox 3118 1559 3218 1614; x_wconf 90' lang='lat' dir='ltr'><strong>etsi</strong></span> <span class='ocrx_word' id='word_1_208' title='bbox 3242 1559 3307 1613; x_wconf 91' lang='lat' dir='ltr'><strong>ad</strong></span> <span class='ocrx_word' id='word_1_209' title='bbox 3336 1572 3497 1629; x_wconf 92' lang='lat' dir='ltr'><strong>quam</strong></span> 
     </span>
    </p>
   </div>
   <div class='ocr_carea' id='block_1_31' title="bbox 1917 1643 3496 1719">
    <p class='ocr_par' dir='ltr' id='par_1_31' title="bbox 1917 1643 3496 1719">
     <span class='ocr_line' id='line_1_31' title="bbox 1917 1643 3496 1719; baseline 0.006 -24"><span class='ocrx_word' id='word_1_210' title='bbox 1917 1650 2120 1709; x_wconf 90' lang='lat' dir='ltr'><strong>partem</strong></span> <span class='ocrx_word' id='word_1_211' title='bbox 2167 1643 2324 1699; x_wconf 91' lang='lat' dir='ltr'><strong>fuerit</strong></span> <span class='ocrx_word' id='word_1_212' title='bbox 2373 1645 2657 1714; x_wconf 84' lang='lat' dir='ltr'><strong>deputatus</strong></span> <span class='ocrx_word' id='word_1_213' title='bbox 2708 1648 2945 1717; x_wconf 76' lang='lat' dir='ltr'><strong>ignorat,</strong></span> <span class='ocrx_word' id='word_1_214' title='bbox 2993 1657 3272 1719; x_wconf 88' lang='lat' dir='ltr'><strong>utramque</strong></span> <span class='ocrx_word' id='word_1_215' title='bbox 3318 1659 3496 1706; x_wconf 89' lang='lat' dir='ltr'><strong>tamen</strong></span> 
     </span>
    </p>
   </div>
   <div class='ocr_carea' id='block_1_32' title="bbox 1917 1735 3494 1811">
    <p class='ocr_par' dir='ltr' id='par_1_32' title="bbox 1917 1735 3494 1811">
     <span class='ocr_line' id='line_1_32' title="bbox 1917 1735 3494 1811; baseline 0.008 -26"><span class='ocrx_word' id='word_1_216' title='bbox 1917 1740 2120 1799; x_wconf 88' lang='lat' dir='ltr'><strong>partem</strong></span> <span class='ocrx_word' id='word_1_217' title='bbox 2169 1735 2402 1791; x_wconf 80' lang='lat' dir='ltr'><strong>deﬁxam</strong></span> <span class='ocrx_word' id='word_1_218' title='bbox 2447 1752 2566 1793; x_wconf 90' lang='lat' dir='ltr'><strong>esse</strong></span> <span class='ocrx_word' id='word_1_219' title='bbox 2612 1746 2667 1793; x_wconf 88' lang='lat' dir='ltr'><strong>et</strong></span> <span class='ocrx_word' id='word_1_220' title='bbox 2696 1740 3086 1796; x_wconf 82' lang='lat' dir='ltr'><strong>immutabilem</strong></span> <span class='ocrx_word' id='word_1_221' title='bbox 3128 1757 3233 1796; x_wconf 91' lang='lat' dir='ltr'><strong>non</strong></span> <span class='ocrx_word' id='word_1_222' title='bbox 3266 1741 3494 1811; x_wconf 85' lang='lat' dir='ltr'><strong>ignorat.</strong></span> 
     </span>
    </p>
   </div>
   <div class='ocr_carea' id='block_1_33' title="bbox 1917 1822 3498 1903">
    <p class='ocr_par' dir='ltr' id='par_1_33' title="bbox 1917 1822 3498 1903">
     <span class='ocr_line' id='line_1_33' title="bbox 1917 1822 3498 1903; baseline 0.008 -27"><span class='ocrx_word' id='word_1_223' title='bbox 1917 1822 2054 1889; x_wconf 84' lang='lat' dir='ltr'><strong>Quid</strong></span> <span class='ocrx_word' id='word_1_224' title='bbox 2101 1826 2265 1881; x_wconf 81' lang='lat' dir='ltr'><strong>refert</strong></span> <span class='ocrx_word' id='word_1_225' title='bbox 2292 1828 2334 1882; x_wconf 89' lang='lat' dir='ltr'><strong>si</strong></span> <span class='ocrx_word' id='word_1_226' title='bbox 2366 1830 2601 1883; x_wconf 87' lang='lat' dir='ltr'><strong>nondum</strong></span> <span class='ocrx_word' id='word_1_227' title='bbox 2632 1832 2839 1887; x_wconf 87' lang='lat' dir='ltr'><strong>noverit</strong></span> <span class='ocrx_word' id='word_1_228' title='bbox 2870 1831 3046 1887; x_wconf 91' lang='lat' dir='ltr'><strong>locum</strong></span> <span class='ocrx_word' id='word_1_229' title='bbox 3074 1848 3251 1898; x_wconf 86' lang='lat' dir='ltr'><strong>suum,</strong></span> <span class='ocrx_word' id='word_1_230' title='bbox 3288 1834 3375 1903; x_wconf 90' lang='lat' dir='ltr'><strong>qui</strong></span> <span class='ocrx_word' id='word_1_231' title='bbox 3405 1834 3498 1888; x_wconf 82' lang='lat' dir='ltr'><strong>de-</strong></span> 
     </span>
    </p>
   </div>
   <div class='ocr_carea' id='block_1_34' title="bbox 224 1899 3497 1996">
    <p class='ocr_par' dir='ltr' id='par_1_34' title="bbox 224 1899 3497 1996">
     <span class='ocr_line' id='line_1_34' title="bbox 224 1899 3497 1996; baseline 0.005 -31"><span class='ocrx_word' id='word_1_232' title='bbox 224 1911 321 1978; x_wconf 89' lang='lat' dir='ltr'><strong>vit,</strong></span> <span class='ocrx_word' id='word_1_233' title='bbox 355 1920 415 1967; x_wconf 90' lang='lat' dir='ltr'><strong>et</strong></span> <span class='ocrx_word' id='word_1_234' title='bbox 451 1914 715 1983; x_wconf 73' lang='lat' dir='ltr'><strong>superbiae</strong></span> <span class='ocrx_word' id='word_1_235' title='bbox 762 1915 1002 1985; x_wconf 88' lang='lat' dir='ltr'><strong>spiritus,</strong></span> <span class='ocrx_word' id='word_1_236' title='bbox 1056 1918 1350 1987; x_wconf 86' lang='lat' dir='ltr'><strong>simplicem</strong></span> <span class='ocrx_word' id='word_1_237' title='bbox 1397 1918 1632 1985; x_wconf 86' lang='lat' dir='ltr'><strong>corrupit</strong></span> <span class='ocrx_word' id='word_1_238' title='bbox 1682 1917 1808 1971; x_wconf 79' lang='lat' dir='ltr'><strong>affe-</strong></span> <span class='ocrx_word' id='word_1_239' title='bbox 1840 1899 1890 1960; x_wconf 71' lang='grc' dir='ltr'><strong>Β</strong></span> <span class='ocrx_word' id='word_1_240' title='bbox 1921 1915 2225 1974; x_wconf 90' lang='lat' dir='ltr'><strong>finitissime</strong></span> <span class='ocrx_word' id='word_1_241' title='bbox 2263 1922 2414 1976; x_wconf 87' lang='lat' dir='ltr'><strong>novit</strong></span> <span class='ocrx_word' id='word_1_242' title='bbox 2434 1924 2555 1992; x_wconf 88' lang='lat' dir='ltr'><strong>quia</strong></span> <span class='ocrx_word' id='word_1_243' title='bbox 2580 1924 2782 1980; x_wconf 87' lang='lat' dir='ltr'><strong>nullum</strong></span> <span class='ocrx_word' id='word_1_244' title='bbox 2803 1926 2915 1995; x_wconf 87' lang='lat' dir='ltr'><strong>jam</strong></span> <span class='ocrx_word' id='word_1_245' title='bbox 2937 1926 3259 1996; x_wconf 81' lang='lat' dir='ltr'><strong>recipiatvel</strong></span> <span class='ocrx_word' id='word_1_246' title='bbox 3283 1899 3497 1983; x_wconf 86' lang='lat' dir='ltr'><strong>dextera</strong></span> 
     </span>
    </p>
   </div>
   <div class='ocr_carea' id='block_1_35' title="bbox 224 2005 1810 2079">
    <p class='ocr_par' dir='ltr' id='par_1_35' title="bbox 224 2005 1810 2079">
     <span class='ocr_line' id='line_1_35' title="bbox 224 2005 1810 2079; baseline 0.003 -20"><span class='ocrx_word' id='word_1_247' title='bbox 224 2013 394 2059; x_wconf 86' lang='lat' dir='ltr'><strong>etum.</strong></span> <span class='ocrx_word' id='word_1_248' title='bbox 418 2005 483 2059; x_wconf 83' lang='lat' dir='ltr'><strong>Et</strong></span> <span class='ocrx_word' id='word_1_249' title='bbox 509 2006 645 2060; x_wconf 87' lang='lat' dir='ltr'><strong>sicut</strong></span> <span class='ocrx_word' id='word_1_250' title='bbox 676 2005 1091 2063; x_wconf 85' lang='lat' dir='ltr'><strong>immortalitatis</strong></span> <span class='ocrx_word' id='word_1_251' title='bbox 1121 2008 1477 2079; x_wconf 86' lang='lat' dir='ltr'><strong>privilegium,</strong></span> <span class='ocrx_word' id='word_1_252' title='bbox 1504 2009 1576 2063; x_wconf 87' lang='lat' dir='ltr'><strong>ita</strong></span> <span class='ocrx_word' id='word_1_253' title='bbox 1608 2009 1810 2063; x_wconf 89' lang='lat' dir='ltr'><strong>donum</strong></span> 
     </span>
    </p>
   </div>
   <div class='ocr_carea' id='block_1_36' title="bbox 223 2098 1809 2172">
    <p class='ocr_par' dir='ltr' id='par_1_36' title="bbox 223 2098 1809 2172">
     <span class='ocr_line' id='line_1_36' title="bbox 223 2098 1809 2172; baseline 0.003 -21"><span class='ocrx_word' id='word_1_254' title='bbox 223 2098 460 2167; x_wconf 88' lang='lat' dir='ltr'><strong>perdidit</strong></span> <span class='ocrx_word' id='word_1_255' title='bbox 484 2100 748 2170; x_wconf 88' lang='lat' dir='ltr'><strong>puritatis.</strong></span> <span class='ocrx_word' id='word_1_256' title='bbox 783 2100 897 2155; x_wconf 84' lang='lat' dir='ltr'><strong>Non</strong></span> <span class='ocrx_word' id='word_1_257' title='bbox 929 2103 978 2156; x_wconf 92' lang='lat' dir='ltr'><strong>in</strong></span> <span class='ocrx_word' id='word_1_258' title='bbox 1010 2102 1281 2172; x_wconf 88' lang='lat' dir='ltr'><strong>querelam</strong></span> <span class='ocrx_word' id='word_1_259' title='bbox 1308 2112 1529 2157; x_wconf 76' lang='lat' dir='ltr'><strong>Vocatur</strong></span> <span class='ocrx_word' id='word_1_260' title='bbox 1558 2103 1809 2171; x_wconf 83' lang='lat' dir='ltr'><strong>nuptialis</strong></span> 
     </span>
    </p>
   </div>
   <div class='ocr_carea' id='block_1_37' title="bbox 221 2192 1807 2266">
    <p class='ocr_par' dir='ltr' id='par_1_37' title="bbox 221 2192 1807 2266">
     <span class='ocr_line' id='line_1_37' title="bbox 221 2192 1807 2266; baseline 0.003 -20"><span class='ocrx_word' id='word_1_261' title='bbox 221 2192 419 2262; x_wconf 87' lang='lat' dir='ltr'><strong>gratia,</strong></span> <span class='ocrx_word' id='word_1_262' title='bbox 449 2194 543 2248; x_wconf 88' lang='lat' dir='ltr'><strong>sed</strong></span> <span class='ocrx_word' id='word_1_263' title='bbox 580 2194 827 2250; x_wconf 70' lang='lat' dir='ltr'><strong>obscena:</strong></span> <span class='ocrx_word' id='word_1_264' title='bbox 856 2198 1115 2266; x_wconf 87' lang='lat' dir='ltr'><strong>passionis</strong></span> <span class='ocrx_word' id='word_1_265' title='bbox 1153 2198 1366 2266; x_wconf 86' lang='lat' dir='ltr'><strong>injuria.</strong></span> <span class='ocrx_word' id='word_1_266' title='bbox 1396 2197 1509 2252; x_wconf 88' lang='lat' dir='ltr'><strong>Non</strong></span> <span class='ocrx_word' id='word_1_267' title='bbox 1539 2213 1723 2253; x_wconf 90' lang='lat' dir='ltr'><strong>aurum</strong></span> <span class='ocrx_word' id='word_1_268' title='bbox 1757 2198 1807 2251; x_wconf 91' lang='lat' dir='ltr'><strong>in</strong></span> 
     </span>
    </p>
   </div>
   <div class='ocr_carea' id='block_1_38' title="bbox 219 2285 1806 2361">
    <p class='ocr_par' dir='ltr' id='par_1_38' title="bbox 219 2285 1806 2361">
     <span class='ocr_line' id='line_1_38' title="bbox 219 2285 1806 2361; baseline 0.003 -22"><span class='ocrx_word' id='word_1_269' title='bbox 219 2285 437 2356; x_wconf 87' lang='lat' dir='ltr'><strong>culpam</strong></span> <span class='ocrx_word' id='word_1_270' title='bbox 466 2285 632 2351; x_wconf 87' lang='lat' dir='ltr'><strong>venit,</strong></span> <span class='ocrx_word' id='word_1_271' title='bbox 661 2288 753 2343; x_wconf 91' lang='lat' dir='ltr'><strong>sed</strong></span> <span class='ocrx_word' id='word_1_272' title='bbox 783 2289 1038 2361; x_wconf 87' lang='lat' dir='ltr'><strong>quidquid</strong></span> <span class='ocrx_word' id='word_1_273' title='bbox 1068 2306 1200 2344; x_wconf 90' lang='lat' dir='ltr'><strong>auro</strong></span> <span class='ocrx_word' id='word_1_274' title='bbox 1224 2290 1422 2361; x_wconf 85' lang='lat' dir='ltr'><strong>obryzo</strong></span> <span class='ocrx_word' id='word_1_275' title='bbox 1450 2290 1806 2345; x_wconf 88' lang='lat' dir='ltr'><strong>adulterinum</strong></span> 
     </span>
    </p>
   </div>
   <div class='ocr_carea' id='block_1_39' title="bbox 219 2375 1806 2452">
    <p class='ocr_par' dir='ltr' id='par_1_39' title="bbox 219 2375 1806 2452">
     <span class='ocr_line' id='line_1_39' title="bbox 219 2375 1806 2452; baseline 0.003 -22"><span class='ocrx_word' id='word_1_276' title='bbox 219 2375 370 2433; x_wconf 85' lang='lat' dir='ltr'><strong>fraus</strong></span> <span class='ocrx_word' id='word_1_277' title='bbox 402 2378 697 2448; x_wconf 82' lang='lat' dir='ltr'><strong>iniquitatis</strong></span> <span class='ocrx_word' id='word_1_278' title='bbox 722 2381 1028 2448; x_wconf 87' lang='lat' dir='ltr'><strong>admiscuit,</strong></span> <span class='ocrx_word' id='word_1_279' title='bbox 1059 2383 1197 2436; x_wconf 84' lang='lat' dir='ltr'><strong>sicut</strong></span> <span class='ocrx_word' id='word_1_280' title='bbox 1240 2382 1435 2452; x_wconf 85' lang='lat' dir='ltr'><strong>Pelagii</strong></span> <span class='ocrx_word' id='word_1_281' title='bbox 1465 2383 1709 2451; x_wconf 83' lang='lat' dir='ltr'><strong>Spiritum</strong></span> <span class='ocrx_word' id='word_1_282' title='bbox 1742 2383 1806 2435; x_wconf 90' lang='lat' dir='ltr'><strong>ad</strong></span> 
     </span>
    </p>
   </div>
   <div class='ocr_carea' id='block_1_40' title="bbox 218 2468 1809 2545">
    <p class='ocr_par' dir='ltr' id='par_1_40' title="bbox 218 2468 1809 2545">
     <span class='ocr_line' id='line_1_40' title="bbox 218 2468 1809 2545; baseline 0.003 -23"><span class='ocrx_word' id='word_1_283' title='bbox 218 2468 452 2523; x_wconf 86' lang='lat' dir='ltr'><strong>meliora</strong></span> <span class='ocrx_word' id='word_1_284' title='bbox 482 2469 657 2524; x_wconf 88' lang='lat' dir='ltr'><strong>studia</strong></span> <span class='ocrx_word' id='word_1_285' title='bbox 685 2487 713 2524; x_wconf 92' lang='lat' dir='ltr'><strong>a</strong></span> <span class='ocrx_word' id='word_1_286' title='bbox 759 2470 868 2526; x_wconf 91' lang='lat' dir='ltr'><strong>Deo</strong></span> <span class='ocrx_word' id='word_1_287' title='bbox 911 2473 1212 2539; x_wconf 83' lang='lat' dir='ltr'><strong>conditum,</strong></span> <span class='ocrx_word' id='word_1_288' title='bbox 1272 2476 1614 2545; x_wconf 80' lang='lat' dir='ltr'><strong>corruptione</strong></span> <span class='ocrx_word' id='word_1_289' title='bbox 1646 2475 1809 2544; x_wconf 84' lang='lat' dir='ltr'><strong>pesti-</strong></span> 
     </span>
    </p>
   </div>
   <div class='ocr_carea' id='block_1_41' title="bbox 218 2560 1059 2631">
    <p class='ocr_par' dir='ltr' id='par_1_41' title="bbox 218 2560 1059 2631">
     <span class='ocr_line' id='line_1_41' title="bbox 218 2560 1059 2631; baseline 0.006 -17"><span class='ocrx_word' id='word_1_290' title='bbox 218 2560 333 2617; x_wconf 89' lang='lat' dir='ltr'><strong>fera</strong></span> <span class='ocrx_word' id='word_1_291' title='bbox 366 2561 619 2631; x_wconf 73' lang='lat' dir='ltr'><strong>nequitia:</strong></span> <span class='ocrx_word' id='word_1_292' title='bbox 645 2572 830 2619; x_wconf 87' lang='lat' dir='ltr'><strong>auctor</strong></span> <span class='ocrx_word' id='word_1_293' title='bbox 856 2564 1059 2620; x_wconf 85' lang='lat' dir='ltr'><strong>infecit.</strong></span> 
     </span>
    </p>
   </div>
   <div class='ocr_carea' id='block_1_42' title="bbox 843 2655 1191 2712">
    <p class='ocr_par' dir='ltr' id='par_1_42' title="bbox 843 2655 1191 2712">
     <span class='ocr_line' id='line_1_42' title="bbox 843 2655 1191 2712; baseline -0.006 0"><span class='ocrx_word' id='word_1_294' title='bbox 843 2655 1068 2712; x_wconf 82' lang='lat' dir='ltr'><strong>CAPUT</strong></span> <span class='ocrx_word' id='word_1_295' title='bbox 1107 2656 1191 2712; x_wconf 88' lang='grc'><strong>111.</strong></span> 
     </span>
    </p>
   </div>
   <div class='ocr_carea' id='block_1_43' title="bbox 216 2746 1808 2819">
    <p class='ocr_par' dir='ltr' id='par_1_43' title="bbox 216 2746 1808 2819">
     <span class='ocr_line' id='line_1_43' title="bbox 216 2746 1808 2819; baseline 0.001 -15"><span class='ocrx_word' id='word_1_296' title='bbox 216 2746 420 2804; x_wconf 79' lang='lat' dir='ltr'><strong>Contra</strong></span> <span class='ocrx_word' id='word_1_297' title='bbox 441 2749 537 2802; x_wconf 77' lang='lat' dir='ltr'><strong>hoc</strong></span> <span class='ocrx_word' id='word_1_298' title='bbox 557 2749 695 2818; x_wconf 81' lang='lat' dir='ltr'><strong>quod</strong></span> <span class='ocrx_word' id='word_1_299' title='bbox 722 2748 918 2813; x_wconf 81' lang='lat' dir='ltr'><strong>dicunt,</strong></span> <span class='ocrx_word' id='word_1_300' title='bbox 945 2750 1066 2819; x_wconf 83' lang='lat' dir='ltr'><strong>quia</strong></span> <span class='ocrx_word' id='word_1_301' title='bbox 1095 2765 1183 2813; x_wconf 84' lang='lat' dir='ltr'><strong>per</strong></span> <span class='ocrx_word' id='word_1_302' title='bbox 1206 2748 1370 2803; x_wconf 84' lang='lat' dir='ltr'><strong>solam</strong></span> <span class='ocrx_word' id='word_1_303' title='bbox 1398 2752 1616 2819; x_wconf 85' lang='lat' dir='ltr'><strong>gratiam</strong></span> <span class='ocrx_word' id='word_1_304' title='bbox 1642 2754 1808 2806; x_wconf 80' lang='lat' dir='ltr'><strong>omnis</strong></span> 
     </span>
    </p>
   </div>
   <div class='ocr_carea' id='block_1_44' title="bbox 578 2820 1463 2875">
    <p class='ocr_par' dir='ltr' id='par_1_44' title="bbox 578 2820 1463 2875">
     <span class='ocr_line' id='line_1_44' title="bbox 578 2820 1463 2875; baseline 0.002 -3"><span class='ocrx_word' id='word_1_305' title='bbox 578 2824 733 2874; x_wconf 72' lang='lat' dir='ltr'><strong>homo</strong></span> <span class='ocrx_word' id='word_1_306' title='bbox 759 2820 866 2874; x_wconf 79' lang='lat' dir='ltr'><strong>sine</strong></span> <span class='ocrx_word' id='word_1_307' title='bbox 892 2820 999 2874; x_wconf 80' lang='lat' dir='ltr'><strong>ulla</strong></span> <span class='ocrx_word' id='word_1_308' title='bbox 1028 2820 1200 2875; x_wconf 80' lang='lat' dir='ltr'><strong>labore</strong></span> <span class='ocrx_word' id='word_1_309' title='bbox 1224 2823 1463 2875; x_wconf 81' lang='lat' dir='ltr'><strong>salvetur.</strong></span> 
     </span>
    </p>
   </div>
   <div class='ocr_carea' id='block_1_45' title="bbox 290 2918 1807 3006">
    <p class='ocr_par' dir='ltr' id='par_1_45' title="bbox 290 2918 1807 3006">
     <span class='ocr_line' id='line_1_45' title="bbox 290 2918 1807 3006; baseline 0.001 -17"><span class='ocrx_word' id='word_1_310' title='bbox 290 2933 451 2989; x_wconf 78' lang='lat' dir='ltr'><strong>Nunc</strong></span> <span class='ocrx_word' id='word_1_311' title='bbox 496 2918 831 2990; x_wconf 67' lang='lat' dir='ltr'><strong>venienduni</strong></span> <span class='ocrx_word' id='word_1_312' title='bbox 866 2941 950 2988; x_wconf 90' lang='lat' dir='ltr'><strong>est</strong></span> <span class='ocrx_word' id='word_1_313' title='bbox 996 2934 1061 2987; x_wconf 91' lang='lat' dir='ltr'><strong>ad</strong></span> <span class='ocrx_word' id='word_1_314' title='bbox 1112 2935 1231 2989; x_wconf 87' lang='lat' dir='ltr'><strong>illos</strong></span> <span class='ocrx_word' id='word_1_315' title='bbox 1274 2935 1397 3005; x_wconf 91' lang='lat' dir='ltr'><strong>qui,</strong></span> <span class='ocrx_word' id='word_1_316' title='bbox 1428 2935 1552 2990; x_wconf 91' lang='lat' dir='ltr'><strong>dum</strong></span> <span class='ocrx_word' id='word_1_317' title='bbox 1584 2938 1807 3006; x_wconf 89' lang='lat' dir='ltr'><strong>gratiam</strong></span> 
     </span>
    </p>
   </div>
   <div class='ocr_carea' id='block_1_46' title="bbox 216 3024 1810 3097">
    <p class='ocr_par' dir='ltr' id='par_1_46' title="bbox 216 3024 1810 3097">
     <span class='ocr_line' id='line_1_46' title="bbox 216 3024 1810 3097; baseline 0 -16"><span class='ocrx_word' id='word_1_318' title='bbox 216 3026 345 3081; x_wconf 81' lang='lat' dir='ltr'><strong>aliis</strong></span> <span class='ocrx_word' id='word_1_319' title='bbox 386 3024 504 3080; x_wconf 88' lang='lat' dir='ltr'><strong>dari</strong></span> <span class='ocrx_word' id='word_1_320' title='bbox 532 3066 546 3089; x_wconf 96' lang='lat'><strong>,</strong></span> <span class='ocrx_word' id='word_1_321' title='bbox 594 3024 712 3079; x_wconf 89' lang='lat' dir='ltr'><strong>aliis</strong></span> <span class='ocrx_word' id='word_1_322' title='bbox 745 3026 923 3095; x_wconf 87' lang='lat' dir='ltr'><strong>negari</strong></span> <span class='ocrx_word' id='word_1_323' title='bbox 954 3033 1221 3091; x_wconf 88' lang='lat' dir='ltr'><strong>asserunt,</strong></span> <span class='ocrx_word' id='word_1_324' title='bbox 1255 3040 1449 3081; x_wconf 92' lang='lat' dir='ltr'><strong>munus</strong></span> <span class='ocrx_word' id='word_1_325' title='bbox 1472 3026 1658 3097; x_wconf 82' lang='lat' dir='ltr'><strong>gratiae</strong></span> <span class='ocrx_word' id='word_1_326' title='bbox 1689 3043 1810 3081; x_wconf 87' lang='lat' dir='ltr'><strong>cum</strong></span> 
     </span>
    </p>
   </div>
   <div class='ocr_carea' id='block_1_47' title="bbox 215 3119 1812 3192">
    <p class='ocr_par' dir='ltr' id='par_1_47' title="bbox 215 3119 1812 3192">
     <span class='ocr_line' id='line_1_47' title="bbox 215 3119 1812 3192; baseline 0.005 -19"><span class='ocrx_word' id='word_1_327' title='bbox 215 3119 448 3190; x_wconf 85' lang='lat' dir='ltr'><strong>Pelagio</strong></span> <span class='ocrx_word' id='word_1_328' title='bbox 512 3120 878 3185; x_wconf 82' lang='lat' dir='ltr'><strong>perdiderunt.</strong></span> <span class='ocrx_word' id='word_1_329' title='bbox 928 3120 1119 3175; x_wconf 89' lang='lat' dir='ltr'><strong>Dicunt</strong></span> <span class='ocrx_word' id='word_1_330' title='bbox 1167 3137 1296 3192; x_wconf 87' lang='lat' dir='ltr'><strong>ergo</strong></span> <span class='ocrx_word' id='word_1_331' title='bbox 1350 3124 1417 3178; x_wconf 90' lang='lat' dir='ltr'><strong>ad</strong></span> <span class='ocrx_word' id='word_1_332' title='bbox 1465 3124 1665 3179; x_wconf 91' lang='lat' dir='ltr'><strong>cultum</strong></span> <span class='ocrx_word' id='word_1_333' title='bbox 1718 3125 1812 3181; x_wconf 90' lang='lat' dir='ltr'><strong>Dei</strong></span> 
     </span>
    </p>
   </div>
   <div class='ocr_carea' id='block_1_48' title="bbox 214 3209 1814 3282">
    <p class='ocr_par' dir='ltr' id='par_1_48' title="bbox 214 3209 1814 3282">
     <span class='ocr_line' id='line_1_48' title="bbox 214 3209 1814 3282; baseline 0.006 -20"><span class='ocrx_word' id='word_1_334' title='bbox 214 3218 390 3281; x_wconf 89' lang='lat' dir='ltr'><strong>atque</strong></span> <span class='ocrx_word' id='word_1_335' title='bbox 417 3209 752 3275; x_wconf 81' lang='lat' dir='ltr'><strong>famulatum,</strong></span> <span class='ocrx_word' id='word_1_336' title='bbox 785 3210 945 3265; x_wconf 91' lang='lat' dir='ltr'><strong>etiam</strong></span> <span class='ocrx_word' id='word_1_337' title='bbox 990 3219 1110 3282; x_wconf 92' lang='lat' dir='ltr'><strong>post</strong></span> <span class='ocrx_word' id='word_1_338' title='bbox 1152 3213 1403 3281; x_wconf 88' lang='lat' dir='ltr'><strong>baptismi</strong></span> <span class='ocrx_word' id='word_1_339' title='bbox 1453 3216 1687 3272; x_wconf 87' lang='lat' dir='ltr'><strong>salutare</strong></span> <span class='ocrx_word' id='word_1_340' title='bbox 1717 3217 1814 3272; x_wconf 89' lang='lat' dir='ltr'><strong>do-</strong></span> 
     </span>
    </p>
   </div>
   <div class='ocr_carea' id='block_1_49' title="bbox 1918 2010 3499 2084">
    <p class='ocr_par' dir='ltr' id='par_1_49' title="bbox 1918 2010 3499 2084">
     <span class='ocr_line' id='line_1_49' title="bbox 1918 2010 3499 2084; baseline 0.006 -22"><span class='ocrx_word' id='word_1_341' title='bbox 1918 2010 2210 2079; x_wconf 90' lang='lat' dir='ltr'><strong>periculum</strong></span> <span class='ocrx_word' id='word_1_342' title='bbox 2256 2012 2341 2068; x_wconf 91' lang='lat' dir='ltr'><strong>vel</strong></span> <span class='ocrx_word' id='word_1_343' title='bbox 2387 2014 2607 2070; x_wconf 87' lang='lat' dir='ltr'><strong>sinistra</strong></span> <span class='ocrx_word' id='word_1_344' title='bbox 2658 2015 2991 2084; x_wconf 87' lang='lat' dir='ltr'><strong>profectum?</strong></span> <span class='ocrx_word' id='word_1_345' title='bbox 3038 2017 3190 2084; x_wconf 92' lang='lat' dir='ltr'><strong>Quod</strong></span> <span class='ocrx_word' id='word_1_346' title='bbox 3229 2017 3274 2071; x_wconf 91' lang='lat' dir='ltr'><strong>si</strong></span> <span class='ocrx_word' id='word_1_347' title='bbox 3324 2018 3499 2073; x_wconf 83' lang='lat' dir='ltr'><strong>adhuc</strong></span> 
     </span>
    </p>
   </div>
   <div class='ocr_carea' id='block_1_50' title="bbox 1916 2102 3499 2177">
    <p class='ocr_par' dir='ltr' id='par_1_50' title="bbox 1916 2102 3499 2177">
     <span class='ocr_line' id='line_1_50' title="bbox 1916 2102 3499 2177; baseline 0.004 -23"><span class='ocrx_word' id='word_1_348' title='bbox 1916 2107 2023 2154; x_wconf 90' lang='lat' dir='ltr'><strong>tam</strong></span> <span class='ocrx_word' id='word_1_349' title='bbox 2051 2102 2270 2157; x_wconf 87' lang='lat' dir='ltr'><strong>confusa</strong></span> <span class='ocrx_word' id='word_1_350' title='bbox 2301 2106 2578 2173; x_wconf 89' lang='lat' dir='ltr'><strong>persuasio</strong></span> <span class='ocrx_word' id='word_1_351' title='bbox 2608 2109 2906 2162; x_wconf 89' lang='lat' dir='ltr'><strong>orationem</strong></span> <span class='ocrx_word' id='word_1_352' title='bbox 2940 2108 3297 2162; x_wconf 87' lang='lat' dir='ltr'><strong>necessariam</strong></span> <span class='ocrx_word' id='word_1_353' title='bbox 3330 2116 3499 2177; x_wconf 87' lang='lat' dir='ltr'><strong>putat,</strong></span> 
     </span>
    </p>
   </div>
   <div class='ocr_carea' id='block_1_51' title="bbox 1917 2192 3489 2267">
    <p class='ocr_par' dir='ltr' id='par_1_51' title="bbox 1917 2192 3489 2267">
     <span class='ocr_line' id='line_1_51' title="bbox 1917 2192 3489 2267; baseline 0.006 -22"><span class='ocrx_word' id='word_1_354' title='bbox 1917 2192 2279 2249; x_wconf 90' lang='lat' dir='ltr'><strong>indubitanter</strong></span> <span class='ocrx_word' id='word_1_355' title='bbox 2305 2207 2558 2266; x_wconf 87' lang='lat' dir='ltr'><strong>agnoscat</strong></span> <span class='ocrx_word' id='word_1_356' title='bbox 2584 2199 2702 2267; x_wconf 90' lang='lat' dir='ltr'><strong>quia</strong></span> <span class='ocrx_word' id='word_1_357' title='bbox 2728 2209 2914 2254; x_wconf 91' lang='lat' dir='ltr'><strong>contra</strong></span> <span class='ocrx_word' id='word_1_358' title='bbox 2947 2200 3309 2255; x_wconf 87' lang='lat' dir='ltr'><strong>definitionem</strong></span> <span class='ocrx_word' id='word_1_359' title='bbox 3335 2214 3489 2254; x_wconf 90' lang='lat' dir='ltr'><strong>suam</strong></span> 
     </span>
    </p>
   </div>
   <div class='ocr_carea' id='block_1_52' title="bbox 1916 2285 3499 2361">
    <p class='ocr_par' dir='ltr' id='par_1_52' title="bbox 1916 2285 3499 2361">
     <span class='ocr_line' id='line_1_52' title="bbox 1916 2285 3499 2361; baseline 0.004 -23"><span class='ocrx_word' id='word_1_360' title='bbox 1916 2294 1969 2339; x_wconf 92' lang='lat' dir='ltr'><strong>et</strong></span> <span class='ocrx_word' id='word_1_361' title='bbox 1996 2285 2061 2340; x_wconf 93' lang='lat' dir='ltr'><strong>de</strong></span> <span class='ocrx_word' id='word_1_362' title='bbox 2089 2287 2259 2342; x_wconf 81' lang='lat' dir='ltr'><strong>salute</strong></span> <span class='ocrx_word' id='word_1_363' title='bbox 2288 2288 2359 2342; x_wconf 88' lang='lat' dir='ltr'><strong>ad</strong></span> <span class='ocrx_word' id='word_1_364' title='bbox 2386 2289 2761 2357; x_wconf 86' lang='lat' dir='ltr'><strong>perditionem,</strong></span> <span class='ocrx_word' id='word_1_365' title='bbox 2811 2300 2864 2345; x_wconf 90' lang='lat' dir='ltr'><strong>et</strong></span> <span class='ocrx_word' id='word_1_366' title='bbox 2891 2290 2959 2345; x_wconf 91' lang='lat' dir='ltr'><strong>de</strong></span> <span class='ocrx_word' id='word_1_367' title='bbox 3001 2291 3298 2361; x_wconf 90' lang='lat' dir='ltr'><strong>perditione</strong></span> <span class='ocrx_word' id='word_1_368' title='bbox 3328 2300 3499 2345; x_wconf 83' lang='lat' dir='ltr'><strong>trans-</strong></span> 
     </span>
    </p>
   </div>
   <div class='ocr_carea' id='block_1_53' title="bbox 1916 2376 3500 2449">
    <p class='ocr_par' dir='ltr' id='par_1_53' title="bbox 1916 2376 3500 2449">
     <span class='ocr_line' id='line_1_53' title="bbox 1916 2376 3500 2449; baseline 0.003 -20"><span class='ocrx_word' id='word_1_369' title='bbox 1916 2376 1994 2430; x_wconf 89' lang='lat' dir='ltr'><strong>ire</strong></span> <span class='ocrx_word' id='word_1_370' title='bbox 2039 2380 2234 2447; x_wconf 87' lang='lat' dir='ltr'><strong>poterit</strong></span> <span class='ocrx_word' id='word_1_371' title='bbox 2265 2379 2330 2433; x_wconf 88' lang='lat' dir='ltr'><strong>ad</strong></span> <span class='ocrx_word' id='word_1_372' title='bbox 2371 2380 2620 2435; x_wconf 88' lang='lat' dir='ltr'><strong>salutem.</strong></span> <span class='ocrx_word' id='word_1_373' title='bbox 2676 2381 2732 2435; x_wconf 90' lang='lat' dir='ltr'><strong>Si</strong></span> <span class='ocrx_word' id='word_1_374' title='bbox 2764 2396 2893 2449; x_wconf 87' lang='lat' dir='ltr'><strong>ergo</strong></span> <span class='ocrx_word' id='word_1_375' title='bbox 2936 2381 3126 2437; x_wconf 86' lang='lat' dir='ltr'><strong>orandi</strong></span> <span class='ocrx_word' id='word_1_376' title='bbox 3166 2396 3316 2441; x_wconf 84' lang='lat' dir='ltr'><strong>usum</strong></span> <span class='ocrx_word' id='word_1_377' title='bbox 3367 2396 3500 2449; x_wconf 62' lang='lat' dir='ltr'><strong>prat~</strong></span> 
     </span>
    </p>
   </div>
   <div class='ocr_carea' id='block_1_54' title="bbox 1916 2470 3499 2537">
    <p class='ocr_par' dir='ltr' id='par_1_54' title="bbox 1916 2470 3499 2537">
     <span class='ocr_line' id='line_1_54' title="bbox 1916 2470 3499 2537; baseline 0.003 -17"><span class='ocrx_word' id='word_1_378' title='bbox 1916 2470 2317 2523; x_wconf 86' lang='lat' dir='ltr'><strong>termittendum</strong></span> <span class='ocrx_word' id='word_1_379' title='bbox 2352 2487 2471 2526; x_wconf 88' lang='lat' dir='ltr'><strong>esse</strong></span> <span class='ocrx_word' id='word_1_380' title='bbox 2504 2488 2607 2527; x_wconf 89' lang='lat' dir='ltr'><strong>non</strong></span> <span class='ocrx_word' id='word_1_381' title='bbox 2638 2472 2886 2537; x_wconf 67' lang='lat' dir='ltr'><strong>mstitnat,</strong></span> <span class='ocrx_word' id='word_1_382' title='bbox 2919 2474 3153 2529; x_wconf 85' lang='lat' dir='ltr'><strong>studium</strong></span> <span class='ocrx_word' id='word_1_383' title='bbox 3187 2488 3291 2526; x_wconf 85' lang='lat' dir='ltr'><strong>non</strong></span> <span class='ocrx_word' id='word_1_384' title='bbox 3322 2473 3499 2526; x_wconf 77' lang='lat' dir='ltr'><strong>exclu-</strong></span> 
     </span>
    </p>
   </div>
   <div class='ocr_carea' id='block_1_55' title="bbox 1924 2561 3498 2633">
    <p class='ocr_par' dir='ltr' id='par_1_55' title="bbox 1924 2561 3498 2633">
     <span class='ocr_line' id='line_1_55' title="bbox 1924 2561 3498 2633; baseline 0.001 -19"><span class='ocrx_word' id='word_1_385' title='bbox 1924 2561 2013 2614; x_wconf 90' lang='lat' dir='ltr'><strong>dat</strong></span> <span class='ocrx_word' id='word_1_386' title='bbox 2045 2562 2321 2632; x_wconf 89' lang='lat' dir='ltr'><strong>operandi.</strong></span> <span class='ocrx_word' id='word_1_387' title='bbox 2354 2563 2492 2628; x_wconf 88' lang='lat' dir='ltr'><strong>Quid</strong></span> <span class='ocrx_word' id='word_1_388' title='bbox 2522 2573 2605 2619; x_wconf 90' lang='lat' dir='ltr'><strong>est</strong></span> <span class='ocrx_word' id='word_1_389' title='bbox 2649 2564 2792 2618; x_wconf 84' lang='lat' dir='ltr'><strong>hoc?</strong></span> <span class='ocrx_word' id='word_1_390' title='bbox 2836 2564 3053 2633; x_wconf 90' lang='lat' dir='ltr'><strong>pulsare</strong></span> <span class='ocrx_word' id='word_1_391' title='bbox 3080 2563 3275 2618; x_wconf 87' lang='lat' dir='ltr'><strong>debere</strong></span> <span class='ocrx_word' id='word_1_392' title='bbox 3303 2578 3389 2617; x_wconf 89' lang='lat' dir='ltr'><strong>me</strong></span> <span class='ocrx_word' id='word_1_393' title='bbox 3416 2562 3498 2630; x_wconf 73' lang='lat' dir='ltr'><strong>ju~</strong></span> 
     </span>
    </p>
   </div>
   <div class='ocr_carea' id='block_1_56' title="bbox 1915 2651 3499 2725">
    <p class='ocr_par' dir='ltr' id='par_1_56' title="bbox 1915 2651 3499 2725">
     <span class='ocr_line' id='line_1_56' title="bbox 1915 2651 3499 2725; baseline 0.002 -19"><span class='ocrx_word' id='word_1_394' title='bbox 1915 2651 2081 2716; x_wconf 85' lang='lat' dir='ltr'><strong>dicas,</strong></span> <span class='ocrx_word' id='word_1_395' title='bbox 2106 2663 2157 2706; x_wconf 91' lang='lat' dir='ltr'><strong>et</strong></span> <span class='ocrx_word' id='word_1_396' title='bbox 2187 2655 2535 2722; x_wconf 87' lang='lat' dir='ltr'><strong>aperiendum</strong></span> <span class='ocrx_word' id='word_1_397' title='bbox 2567 2656 2694 2709; x_wconf 89' lang='lat' dir='ltr'><strong>mihi</strong></span> <span class='ocrx_word' id='word_1_398' title='bbox 2724 2671 2843 2711; x_wconf 90' lang='lat' dir='ltr'><strong>esse</strong></span> <span class='ocrx_word' id='word_1_399' title='bbox 2866 2656 3141 2725; x_wconf 88' lang='lat' dir='ltr'><strong>desperas.</strong></span> <span class='ocrx_word' id='word_1_400' title='bbox 3173 2656 3499 2709; x_wconf 81' lang='lat' dir='ltr'><strong>Alterutrum</strong></span> 
     </span>
    </p>
   </div>
   <div class='ocr_carea' id='block_1_57' title="bbox 1916 2744 3499 2821">
    <p class='ocr_par' dir='ltr' id='par_1_57' title="bbox 1916 2744 3499 2821">
     <span class='ocr_line' id='line_1_57' title="bbox 1916 2744 3499 2821; baseline 0.003 -24"><span class='ocrx_word' id='word_1_401' title='bbox 1916 2757 2044 2809; x_wconf 81' lang='lat' dir='ltr'><strong>ergo</strong></span> <span class='ocrx_word' id='word_1_402' title='bbox 2078 2744 2235 2797; x_wconf 89' lang='lat' dir='ltr'><strong>faciat</strong></span> <span class='ocrx_word' id='word_1_403' title='bbox 2262 2785 2276 2808; x_wconf 93' lang='lat'><strong>,</strong></span> <span class='ocrx_word' id='word_1_404' title='bbox 2325 2755 2416 2798; x_wconf 90' lang='lat' dir='ltr'><strong>aut</strong></span> <span class='ocrx_word' id='word_1_405' title='bbox 2447 2744 2674 2801; x_wconf 84' lang='lat' dir='ltr'><strong>fructum</strong></span> <span class='ocrx_word' id='word_1_406' title='bbox 2704 2749 2963 2802; x_wconf 88' lang='lat' dir='ltr'><strong>orationis</strong></span> <span class='ocrx_word' id='word_1_407' title='bbox 2992 2756 3173 2821; x_wconf 88' lang='lat' dir='ltr'><strong>neget,</strong></span> <span class='ocrx_word' id='word_1_408' title='bbox 3206 2758 3298 2802; x_wconf 88' lang='lat' dir='ltr'><strong>aut</strong></span> <span class='ocrx_word' id='word_1_409' title='bbox 3324 2748 3499 2817; x_wconf 76' lang='lat' dir='ltr'><strong>legem</strong></span> 
     </span>
    </p>
   </div>
   <div class='ocr_carea' id='block_1_58' title="bbox 1916 2836 3499 2910">
    <p class='ocr_par' dir='ltr' id='par_1_58' title="bbox 1916 2836 3499 2910">
     <span class='ocr_line' id='line_1_58' title="bbox 1916 2836 3499 2910; baseline 0.006 -24"><span class='ocrx_word' id='word_1_410' title='bbox 1916 2843 2127 2889; x_wconf 76' lang='lat' dir='ltr'><strong>statuue</strong></span> <span class='ocrx_word' id='word_1_411' title='bbox 2174 2836 2487 2905; x_wconf 85' lang='lat' dir='ltr'><strong>perditionis</strong></span> <span class='ocrx_word' id='word_1_412' title='bbox 2536 2839 2805 2894; x_wconf 86' lang='lat' dir='ltr'><strong>excludat.</strong></span> <span class='ocrx_word' id='word_1_413' title='bbox 2855 2840 3105 2893; x_wconf 83' lang='lat' dir='ltr'><strong>Videmus</strong></span> <span class='ocrx_word' id='word_1_414' title='bbox 3154 2840 3331 2910; x_wconf 89' lang='lat' dir='ltr'><strong>itaque</strong></span> <span class='ocrx_word' id='word_1_415' title='bbox 3377 2841 3499 2910; x_wconf 87' lang='lat' dir='ltr'><strong>quia</strong></span> 
     </span>
    </p>
   </div>
   <div class='ocr_carea' id='block_1_59' title="bbox 1918 2925 3502 2999">
    <p class='ocr_par' dir='ltr' id='par_1_59' title="bbox 1918 2925 3502 2999">
     <span class='ocr_line' id='line_1_59' title="bbox 1918 2925 3502 2999; baseline 0.004 -20"><span class='ocrx_word' id='word_1_416' title='bbox 1918 2925 2033 2980; x_wconf 75' lang='lat' dir='ltr'><strong>inec</strong></span> <span class='ocrx_word' id='word_1_417' title='bbox 2064 2927 2216 2995; x_wconf 89' lang='lat' dir='ltr'><strong>plena</strong></span> <span class='ocrx_word' id='word_1_418' title='bbox 2244 2930 2444 2983; x_wconf 84' lang='lat' dir='ltr'><strong>erroris</strong></span> <span class='ocrx_word' id='word_1_419' title='bbox 2488 2932 2743 2999; x_wconf 88' lang='lat' dir='ltr'><strong>assertio,</strong></span> <span class='ocrx_word' id='word_1_420' title='bbox 2776 2932 2901 2985; x_wconf 91' lang='lat' dir='ltr'><strong>dum</strong></span> <span class='ocrx_word' id='word_1_421' title='bbox 2930 2946 3146 2986; x_wconf 89' lang='lat' dir='ltr'><strong>causam</strong></span> <span class='ocrx_word' id='word_1_422' title='bbox 3193 2930 3502 2986; x_wconf 87' lang='lat' dir='ltr'><strong>intercludit</strong></span> 
     </span>
    </p>
   </div>
   <div class='ocr_carea' id='block_1_60' title="bbox 1917 3018 3502 3092">
    <p class='ocr_par' dir='ltr' id='par_1_60' title="bbox 1917 3018 3502 3092">
     <span class='ocr_line' id='line_1_60' title="bbox 1917 3018 3502 3092; baseline 0.003 -21"><span class='ocrx_word' id='word_1_423' title='bbox 1917 3018 2103 3072; x_wconf 86' lang='lat' dir='ltr'><strong>orandi</strong></span> <span class='ocrx_word' id='word_1_424' title='bbox 2133 3020 2201 3074; x_wconf 91' lang='lat' dir='ltr'><strong>de</strong></span> <span class='ocrx_word' id='word_1_425' title='bbox 2246 3020 2363 3076; x_wconf 89' lang='lat' dir='ltr'><strong>luce</strong></span> <span class='ocrx_word' id='word_1_426' title='bbox 2406 3022 2592 3090; x_wconf 65' lang='lat' dir='ltr'><strong>gratiae</strong></span> <span class='ocrx_word' id='word_1_427' title='bbox 2631 3024 2835 3091; x_wconf 87' lang='lat' dir='ltr'><strong>incipit,</strong></span> <span class='ocrx_word' id='word_1_428' title='bbox 2868 3034 2922 3078; x_wconf 90' lang='lat' dir='ltr'><strong>et</strong></span> <span class='ocrx_word' id='word_1_429' title='bbox 2967 3023 3087 3077; x_wconf 84' lang='lat' dir='ltr'><strong>linis</strong></span> <span class='ocrx_word' id='word_1_430' title='bbox 3115 3023 3232 3092; x_wconf 87' lang='lat' dir='ltr'><strong>ejus</strong></span> <span class='ocrx_word' id='word_1_431' title='bbox 3262 3023 3314 3076; x_wconf 94' lang='lat' dir='ltr'><strong>iu</strong></span> <span class='ocrx_word' id='word_1_432' title='bbox 3348 3031 3502 3076; x_wconf 89' lang='lat' dir='ltr'><strong>tene-</strong></span> 
     </span>
    </p>
   </div>
   <div class='ocr_carea' id='block_1_61' title="bbox 1918 3110 3500 3183">
    <p class='ocr_par' dir='ltr' id='par_1_61' title="bbox 1918 3110 3500 3183">
     <span class='ocr_line' id='line_1_61' title="bbox 1918 3110 3500 3183; baseline 0.003 -19"><span class='ocrx_word' id='word_1_433' title='bbox 1918 3110 2043 3165; x_wconf 90' lang='lat' dir='ltr'><strong>bras</strong></span> <span class='ocrx_word' id='word_1_434' title='bbox 2078 3112 2341 3183; x_wconf 86' lang='lat' dir='ltr'><strong>sacrilegii</strong></span> <span class='ocrx_word' id='word_1_435' title='bbox 2384 3115 2605 3171; x_wconf 88' lang='lat' dir='ltr'><strong>incurrit</strong></span> <span class='ocrx_word' id='word_1_436' title='bbox 2640 3130 2702 3171; x_wconf 89' lang='lat' dir='ltr'><strong>ac</strong></span> <span class='ocrx_word' id='word_1_437' title='bbox 2730 3116 2928 3171; x_wconf 87' lang='lat' dir='ltr'><strong>deficit.</strong></span> <span class='ocrx_word' id='word_1_438' title='bbox 2959 3117 3049 3173; x_wconf 81' lang='lat' dir='ltr'><strong>Sic</strong></span> <span class='ocrx_word' id='word_1_439' title='bbox 3073 3117 3316 3171; x_wconf 89' lang='lat' dir='ltr'><strong>diabolus</strong></span> <span class='ocrx_word' id='word_1_440' title='bbox 3345 3115 3500 3172; x_wconf 89' lang='lat' dir='ltr'><strong>calli-</strong></span> 
     </span>
    </p>
   </div>
   <div class='ocr_carea' id='block_1_62' title="bbox 1919 3201 3503 3278">
    <p class='ocr_par' dir='ltr' id='par_1_62' title="bbox 1919 3201 3503 3278">
     <span class='ocr_line' id='line_1_62' title="bbox 1919 3201 3503 3278; baseline 0.003 -21"><span class='ocrx_word' id='word_1_441' title='bbox 1919 3201 2088 3258; x_wconf 88' lang='lat' dir='ltr'><strong>ditate</strong></span> <span class='ocrx_word' id='word_1_442' title='bbox 2116 3206 2316 3259; x_wconf 81' lang='lat' dir='ltr'><strong>veteris</strong></span> <span class='ocrx_word' id='word_1_443' title='bbox 2359 3206 2570 3263; x_wconf 72' lang='lat' dir='ltr'><strong>artificii</strong></span> <span class='ocrx_word' id='word_1_444' title='bbox 2601 3222 2663 3262; x_wconf 91' lang='lat' dir='ltr'><strong>ac</strong></span> <span class='ocrx_word' id='word_1_445' title='bbox 2693 3207 3034 3263; x_wconf 88' lang='lat' dir='ltr'><strong>multiformis</strong></span> <span class='ocrx_word' id='word_1_446' title='bbox 3067 3207 3285 3278; x_wconf 86' lang='lat' dir='ltr'><strong>ingenii,</strong></span> <span class='ocrx_word' id='word_1_447' title='bbox 3315 3207 3503 3261; x_wconf 80' lang='lat' dir='ltr'><strong>condit</strong></span> 
     </span>
    </p>
   </div>
   <div class='ocr_carea' id='block_1_63' title="bbox 213 3263 1809 3378">
    <p class='ocr_par' dir='ltr' id='par_1_63' title="bbox 213 3302 1809 3378">
     <span class='ocr_line' id='line_1_63' title="bbox 213 3302 1809 3378; baseline 0.007 -23"><span class='ocrx_word' id='word_1_448' title='bbox 213 3317 354 3356; x_wconf 88' lang='lat' dir='ltr'><strong>num</strong></span> <span class='ocrx_word' id='word_1_449' title='bbox 383 3302 589 3358; x_wconf 70' lang='lat' dir='ltr'><strong>devota:</strong></span> <span class='ocrx_word' id='word_1_450' title='bbox 621 3304 891 3359; x_wconf 85' lang='lat' dir='ltr'><strong>servitutis</strong></span> <span class='ocrx_word' id='word_1_451' title='bbox 923 3305 1282 3361; x_wconf 86' lang='lat' dir='ltr'><strong>obedientiam</strong></span> <span class='ocrx_word' id='word_1_452' title='bbox 1328 3322 1435 3363; x_wconf 92' lang='lat' dir='ltr'><strong>non</strong></span> <span class='ocrx_word' id='word_1_453' title='bbox 1462 3308 1684 3378; x_wconf 87' lang='lat' dir='ltr'><strong>requiri,</strong></span> <span class='ocrx_word' id='word_1_454' title='bbox 1715 3311 1809 3366; x_wconf 88' lang='lat' dir='ltr'><strong>sed</strong></span> 
     </span>
    </p>
   </div>
   <div class='ocr_carea' id='block_1_64' title="bbox 1915 3263 3498 3378">
    <p class='ocr_par' dir='ltr' id='par_1_64' title="bbox 1920 3282 3498 3369">
     <span class='ocr_line' id='line_1_64' title="bbox 1920 3282 3498 3369; baseline 0.003 -18"><span class='ocrx_word' id='word_1_455' title='bbox 1920 3282 2280 3354; x_wconf 52' lang='lat' dir='ltr'><strong>biandimen‘ta</strong></span> <span class='ocrx_word' id='word_1_456' title='bbox 2314 3302 2588 3369; x_wconf 87' lang='lat' dir='ltr'><strong>peccandi.</strong></span> <span class='ocrx_word' id='word_1_457' title='bbox 2630 3301 2719 3356; x_wconf 90' lang='lat' dir='ltr'><strong>Sic</strong></span> <span class='ocrx_word' id='word_1_458' title='bbox 2747 3302 2909 3357; x_wconf 90' lang='lat' dir='ltr'><strong>etiam</strong></span> <span class='ocrx_word' id='word_1_459' title='bbox 2944 3302 3170 3357; x_wconf 82' lang='lat' dir='ltr'><strong>malefici</strong></span> <span class='ocrx_word' id='word_1_460' title='bbox 3211 3300 3385 3356; x_wconf 89' lang='lat' dir='ltr'><strong>facere</strong></span> <span class='ocrx_word' id='word_1_461' title='bbox 3414 3316 3498 3355; x_wconf 56' lang='grc' dir='ltr'><strong>ευρ</strong></span> 
     </span>
    </p>
   </div>
   <div class='ocr_carea' id='block_1_65' title="bbox 211 3388 1811 3469">
    <p class='ocr_par' dir='ltr' id='par_1_65' title="bbox 211 3388 1811 3469">
     <span class='ocr_line' id='line_1_65' title="bbox 211 3388 1811 3469; baseline 0.008 -24"><span class='ocrx_word' id='word_1_462' title='bbox 211 3393 400 3447; x_wconf 87' lang='lat' dir='ltr'><strong>solam</strong></span> <span class='ocrx_word' id='word_1_463' title='bbox 431 3409 524 3462; x_wconf 88' lang='lat' dir='ltr'><strong>per</strong></span> <span class='ocrx_word' id='word_1_464' title='bbox 551 3409 608 3448; x_wconf 84' lang='lat' dir='ltr'><strong>se.</strong></span> <span class='ocrx_word' id='word_1_465' title='bbox 633 3396 857 3465; x_wconf 84' lang='lat' dir='ltr'><strong>gratiam</strong></span> <span class='ocrx_word' id='word_1_466' title='bbox 890 3396 1131 3451; x_wconf 76' lang='lat' dir='ltr'><strong>eﬂectum</strong></span> <span class='ocrx_word' id='word_1_467' title='bbox 1162 3388 1408 3454; x_wconf 64' lang='lat' dir='ltr'><strong>humanae</strong></span> <span class='ocrx_word' id='word_1_468' title='bbox 1453 3400 1637 3456; x_wconf 89' lang='lat' dir='ltr'><strong>salutis</strong></span> <span class='ocrx_word' id='word_1_469' title='bbox 1683 3417 1811 3469; x_wconf 80' lang='lat' dir='ltr'><strong>cpe-</strong></span> 
     </span>
    </p>
   </div>
   <div class='ocr_carea' id='block_1_66' title="bbox 209 3484 1811 3558">
    <p class='ocr_par' dir='ltr' id='par_1_66' title="bbox 209 3484 1811 3558">
     <span class='ocr_line' id='line_1_66' title="bbox 209 3484 1811 3558; baseline 0.008 -21"><span class='ocrx_word' id='word_1_470' title='bbox 209 3485 358 3538; x_wconf 85' lang='lat' dir='ltr'><strong>rari.</strong></span> <span class='ocrx_word' id='word_1_471' title='bbox 391 3484 605 3546; x_wconf 84' lang='lat' dir='ltr'><strong>Totum,</strong></span> <span class='ocrx_word' id='word_1_472' title='bbox 634 3488 896 3554; x_wconf 88' lang='lat' dir='ltr'><strong>inquiunt,</strong></span> <span class='ocrx_word' id='word_1_473' title='bbox 920 3489 1085 3543; x_wconf 88' lang='lat' dir='ltr'><strong>solius</strong></span> <span class='ocrx_word' id='word_1_474' title='bbox 1114 3499 1193 3544; x_wconf 90' lang='lat' dir='ltr'><strong>est</strong></span> <span class='ocrx_word' id='word_1_475' title='bbox 1221 3492 1421 3558; x_wconf 65' lang='lat' dir='ltr'><strong>gratiae.</strong></span> <span class='ocrx_word' id='word_1_476' title='bbox 1447 3492 1593 3547; x_wconf 88' lang='lat' dir='ltr'><strong>Istud</strong></span> <span class='ocrx_word' id='word_1_477' title='bbox 1622 3495 1811 3550; x_wconf 91' lang='lat' dir='ltr'><strong>melius</strong></span> 
     </span>
    </p>
   </div>
   <div class='ocr_carea' id='block_1_67' title="bbox 207 3573 1809 3649">
    <p class='ocr_par' dir='ltr' id='par_1_67' title="bbox 207 3573 1809 3649">
     <span class='ocr_line' id='line_1_67' title="bbox 207 3573 1809 3649; baseline 0.007 -22"><span class='ocrx_word' id='word_1_478' title='bbox 207 3589 241 3627; x_wconf 87' lang='lat' dir='ltr'><strong>a</strong></span> <span class='ocrx_word' id='word_1_479' title='bbox 280 3573 447 3626; x_wconf 89' lang='lat' dir='ltr'><strong>nobis</strong></span> <span class='ocrx_word' id='word_1_480' title='bbox 480 3577 671 3640; x_wconf 79' lang='lat' dir='ltr'><strong>poterit</strong></span> <span class='ocrx_word' id='word_1_481' title='bbox 698 3576 820 3641; x_wconf 90' lang='lat' dir='ltr'><strong>dici,</strong></span> <span class='ocrx_word' id='word_1_482' title='bbox 856 3576 955 3630; x_wconf 89' lang='lat' dir='ltr'><strong>hoc</strong></span> <span class='ocrx_word' id='word_1_483' title='bbox 984 3578 1153 3645; x_wconf 84' lang='lat' dir='ltr'><strong>magis</strong></span> <span class='ocrx_word' id='word_1_484' title='bbox 1182 3580 1379 3633; x_wconf 87' lang='lat' dir='ltr'><strong>nostris</strong></span> <span class='ocrx_word' id='word_1_485' title='bbox 1407 3582 1648 3649; x_wconf 88' lang='lat' dir='ltr'><strong>partibus</strong></span> <span class='ocrx_word' id='word_1_486' title='bbox 1676 3598 1809 3638; x_wconf 90' lang='lat' dir='ltr'><strong>con-</strong></span> 
     </span>
    </p>
   </div>
   <div class='ocr_carea' id='block_1_68' title="bbox 208 3662 1812 3738">
    <p class='ocr_par' dir='ltr' id='par_1_68' title="bbox 208 3662 1812 3738">
     <span class='ocr_line' id='line_1_68' title="bbox 208 3662 1812 3738; baseline 0.009 -22"><span class='ocrx_word' id='word_1_487' title='bbox 208 3662 384 3717; x_wconf 80' lang='lat' dir='ltr'><strong>venit</strong></span> <span class='ocrx_word' id='word_1_488' title='bbox 424 3662 677 3732; x_wconf 89' lang='lat' dir='ltr'><strong>applicari</strong></span> <span class='ocrx_word' id='word_1_489' title='bbox 722 3682 733 3716; x_wconf 86' lang='lat'><strong>:</strong></span> <span class='ocrx_word' id='word_1_490' title='bbox 775 3666 863 3733; x_wconf 91' lang='lat' dir='ltr'><strong>qui</strong></span> <span class='ocrx_word' id='word_1_491' title='bbox 894 3682 999 3721; x_wconf 91' lang='lat' dir='ltr'><strong>non</strong></span> <span class='ocrx_word' id='word_1_492' title='bbox 1047 3668 1098 3720; x_wconf 93' lang='lat' dir='ltr'><strong>in</strong></span> <span class='ocrx_word' id='word_1_493' title='bbox 1149 3677 1387 3738; x_wconf 90' lang='lat' dir='ltr'><strong>partem,</strong></span> <span class='ocrx_word' id='word_1_494' title='bbox 1420 3671 1514 3726; x_wconf 90' lang='lat' dir='ltr'><strong>sed</strong></span> <span class='ocrx_word' id='word_1_495' title='bbox 1558 3672 1609 3726; x_wconf 90' lang='lat' dir='ltr'><strong>in</strong></span> <span class='ocrx_word' id='word_1_496' title='bbox 1640 3682 1812 3731; x_wconf 89' lang='lat' dir='ltr'><strong>totum</strong></span> 
     </span>
    </p>
   </div>
   <div class='ocr_carea' id='block_1_69' title="bbox 202 3757 1807 3827">
    <p class='ocr_par' dir='ltr' id='par_1_69' title="bbox 202 3757 1807 3827">
     <span class='ocr_line' id='line_1_69' title="bbox 202 3757 1807 3827; baseline 0.006 -17"><span class='ocrx_word' id='word_1_497' title='bbox 202 3768 400 3826; x_wconf 89' lang='lat' dir='ltr'><strong>genus</strong></span> <span class='ocrx_word' id='word_1_498' title='bbox 448 3757 736 3811; x_wconf 86' lang='lat' dir='ltr'><strong>humanum</strong></span> <span class='ocrx_word' id='word_1_499' title='bbox 781 3758 967 3827; x_wconf 78' lang='lat' dir='ltr'><strong>gratiae</strong></span> <span class='ocrx_word' id='word_1_500' title='bbox 998 3758 1254 3814; x_wconf 86' lang='lat' dir='ltr'><strong>beneficia</strong></span> <span class='ocrx_word' id='word_1_501' title='bbox 1282 3760 1509 3816; x_wconf 89' lang='lat' dir='ltr'><strong>fatemur</strong></span> <span class='ocrx_word' id='word_1_502' title='bbox 1555 3764 1807 3819; x_wconf 81' lang='lat' dir='ltr'><strong>extendi:</strong></span> 
     </span>
    </p>
   </div>
   <div class='ocr_carea' id='block_1_70' title="bbox 202 3851 1814 3926">
    <p class='ocr_par' dir='ltr' id='par_1_70' title="bbox 202 3851 1814 3926">
     <span class='ocr_line' id='line_1_70' title="bbox 202 3851 1814 3926; baseline 0.002 -19"><span class='ocrx_word' id='word_1_503' title='bbox 202 3851 294 3907; x_wconf 86' lang='lat' dir='ltr'><strong>sic</strong></span> <span class='ocrx_word' id='word_1_504' title='bbox 359 3857 539 3904; x_wconf 90' lang='lat' dir='ltr'><strong>tamen</strong></span> <span class='ocrx_word' id='word_1_505' title='bbox 597 3859 652 3903; x_wconf 91' lang='lat' dir='ltr'><strong>ut</strong></span> <span class='ocrx_word' id='word_1_506' title='bbox 697 3851 747 3904; x_wconf 93' lang='lat' dir='ltr'><strong>ei</strong></span> <span class='ocrx_word' id='word_1_507' title='bbox 806 3851 1091 3921; x_wconf 85' lang='lat' dir='ltr'><strong>vigilantiae</strong></span> <span class='ocrx_word' id='word_1_508' title='bbox 1136 3852 1388 3908; x_wconf 73' lang='lat' dir='ltr'><strong>humana:</strong></span> <span class='ocrx_word' id='word_1_509' title='bbox 1430 3854 1665 3909; x_wconf 89' lang='lat' dir='ltr'><strong>studium</strong></span> <span class='ocrx_word' id='word_1_510' title='bbox 1718 3871 1814 3926; x_wconf 89' lang='lat' dir='ltr'><strong>per</strong></span> 
     </span>
    </p>
   </div>
   <div class='ocr_carea' id='block_1_71' title="bbox 204 3942 1813 4018">
    <p class='ocr_par' dir='ltr' id='par_1_71' title="bbox 204 3942 1813 4018">
     <span class='ocr_line' id='line_1_71' title="bbox 204 3942 1813 4018; baseline 0.004 -19"><span class='ocrx_word' id='word_1_511' title='bbox 204 3942 410 3999; x_wconf 85' lang='lat' dir='ltr'><strong>omnia</strong></span> <span class='ocrx_word' id='word_1_512' title='bbox 447 3942 752 4011; x_wconf 73' lang='lat' dir='ltr'><strong>iudicemus</strong></span> <span class='ocrx_word' id='word_1_513' title='bbox 777 3942 1014 4013; x_wconf 90' lang='lat' dir='ltr'><strong>adjungi.</strong></span> <span class='ocrx_word' id='word_1_514' title='bbox 1042 3943 1172 3999; x_wconf 83' lang='lat' dir='ltr'><strong>Nam</strong></span> <span class='ocrx_word' id='word_1_515' title='bbox 1204 3947 1291 4015; x_wconf 90' lang='lat' dir='ltr'><strong>qui</strong></span> <span class='ocrx_word' id='word_1_516' title='bbox 1320 3955 1480 4017; x_wconf 87' lang='lat' dir='ltr'><strong>negat</strong></span> <span class='ocrx_word' id='word_1_517' title='bbox 1507 3947 1692 4018; x_wconf 72' lang='lat' dir='ltr'><strong>gratia:</strong></span> <span class='ocrx_word' id='word_1_518' title='bbox 1726 3964 1813 4005; x_wconf 86' lang='lat' dir='ltr'><strong>as-</strong></span> 
     </span>
    </p>
   </div>
   <div class='ocr_carea' id='block_1_72' title="bbox 180 4022 1811 4107">
    <p class='ocr_par' dir='ltr' id='par_1_72' title="bbox 180 4022 1811 4107">
     <span class='ocr_line' id='line_1_72' title="bbox 180 4022 1811 4107; baseline 0.002 -16"><span class='ocrx_word' id='word_1_519' title='bbox 180 4022 541 4091; x_wconf 65' lang='lat' dir='ltr'><strong>sociandum</strong></span> <span class='ocrx_word' id='word_1_520' title='bbox 592 4034 832 4091; x_wconf 87' lang='lat' dir='ltr'><strong>famulati</strong></span> <span class='ocrx_word' id='word_1_521' title='bbox 886 4036 1083 4093; x_wconf 85' lang='lat' dir='ltr'><strong>laboris</strong></span> <span class='ocrx_word' id='word_1_522' title='bbox 1113 4046 1385 4107; x_wconf 90' lang='lat' dir='ltr'><strong>conatum,</strong></span> <span class='ocrx_word' id='word_1_523' title='bbox 1418 4041 1684 4096; x_wconf 87' lang='lat' dir='ltr'><strong>subtrahit</strong></span> <span class='ocrx_word' id='word_1_524' title='bbox 1718 4044 1811 4095; x_wconf 78' lang='lat' dir='ltr'><strong>llO-</strong></span> 
     </span>
    </p>
   </div>
   <div class='ocr_carea' id='block_1_73' title="bbox 203 4127 1810 4202">
    <p class='ocr_par' dir='ltr' id='par_1_73' title="bbox 203 4127 1810 4202">
     <span class='ocr_line' id='line_1_73' title="bbox 203 4127 1810 4202; baseline 0.004 -19"><span class='ocrx_word' id='word_1_525' title='bbox 203 4128 353 4183; x_wconf 85' lang='lat' dir='ltr'><strong>mini</strong></span> <span class='ocrx_word' id='word_1_526' title='bbox 405 4127 678 4182; x_wconf 86' lang='lat' dir='ltr'><strong>servitutis</strong></span> <span class='ocrx_word' id='word_1_527' title='bbox 721 4127 974 4182; x_wconf 76' lang='lat' dir='ltr'><strong>officium.</strong></span> <span class='ocrx_word' id='word_1_528' title='bbox 1008 4128 1200 4185; x_wconf 85' lang='lat' dir='ltr'><strong>Nescio</strong></span> <span class='ocrx_word' id='word_1_529' title='bbox 1242 4128 1331 4185; x_wconf 90' lang='lat' dir='ltr'><strong>ubi</strong></span> <span class='ocrx_word' id='word_1_530' title='bbox 1375 4140 1469 4185; x_wconf 89' lang='lat' dir='ltr'><strong>aut</strong></span> <span class='ocrx_word' id='word_1_531' title='bbox 1496 4133 1712 4202; x_wconf 92' lang='lat' dir='ltr'><strong>quando</strong></span> <span class='ocrx_word' id='word_1_532' title='bbox 1742 4136 1810 4190; x_wconf 92' lang='lat' dir='ltr'><strong>ab</strong></span> 
     </span>
    </p>
   </div>
   <div class='ocr_carea' id='block_1_74' title="bbox 200 4219 1808 4297">
    <p class='ocr_par' dir='ltr' id='par_1_74' title="bbox 200 4219 1808 4297">
     <span class='ocr_line' id='line_1_74' title="bbox 200 4219 1808 4297; baseline 0.002 -20"><span class='ocrx_word' id='word_1_533' title='bbox 200 4234 391 4292; x_wconf 84' lang='lat' dir='ltr'><strong>opere</strong></span> <span class='ocrx_word' id='word_1_534' title='bbox 441 4219 658 4286; x_wconf 89' lang='lat' dir='ltr'><strong>feriari,</strong></span> <span class='ocrx_word' id='word_1_535' title='bbox 704 4220 917 4286; x_wconf 87' lang='lat' dir='ltr'><strong>quando</strong></span> <span class='ocrx_word' id='word_1_536' title='bbox 959 4222 1071 4277; x_wconf 91' lang='lat' dir='ltr'><strong>otio</strong></span> <span class='ocrx_word' id='word_1_537' title='bbox 1118 4223 1308 4280; x_wconf 85' lang='lat' dir='ltr'><strong>debeat</strong></span> <span class='ocrx_word' id='word_1_538' title='bbox 1356 4225 1685 4296; x_wconf 89' lang='lat' dir='ltr'><strong>derelinqui,</strong></span> <span class='ocrx_word' id='word_1_539' title='bbox 1719 4228 1808 4297; x_wconf 92' lang='lat' dir='ltr'><strong>qui</strong></span> 
     </span>
    </p>
   </div>
   <div class='ocr_carea' id='block_1_75' title="bbox 201 4312 1809 4390">
    <p class='ocr_par' dir='ltr' id='par_1_75' title="bbox 201 4312 1809 4390">
     <span class='ocr_line' id='line_1_75' title="bbox 201 4312 1809 4390; baseline 0.002 -20"><span class='ocrx_word' id='word_1_540' title='bbox 201 4315 388 4370; x_wconf 86' lang='lat' dir='ltr'><strong>etiam</strong></span> <span class='ocrx_word' id='word_1_541' title='bbox 440 4312 493 4367; x_wconf 92' lang='lat' dir='ltr'><strong>in</strong></span> <span class='ocrx_word' id='word_1_542' title='bbox 543 4313 799 4382; x_wconf 86' lang='lat' dir='ltr'><strong>paradiso</strong></span> <span class='ocrx_word' id='word_1_543' title='bbox 830 4315 1043 4383; x_wconf 83' lang='lat' dir='ltr'><strong>jubctur</strong></span> <span class='ocrx_word' id='word_1_544' title='bbox 1090 4319 1320 4385; x_wconf 84' lang='lat' dir='ltr'><strong>operari.</strong></span> <span class='ocrx_word' id='word_1_545' title='bbox 1375 4318 1429 4373; x_wconf 90' lang='lat' dir='ltr'><strong>in</strong></span> <span class='ocrx_word' id='word_1_546' title='bbox 1479 4334 1585 4389; x_wconf 91' lang='lat' dir='ltr'><strong>quo</strong></span> <span class='ocrx_word' id='word_1_547' title='bbox 1634 4320 1809 4390; x_wconf 88' lang='lat' dir='ltr'><strong>(sicut</strong></span> 
     </span>
    </p>
   </div>
   <div class='ocr_carea' id='block_1_76' title="bbox 148 4402 1808 4479">
    <p class='ocr_par' dir='ltr' id='par_1_76' title="bbox 148 4402 1808 4479">
     <span class='ocr_line' id='line_1_76' title="bbox 148 4402 1808 4479; baseline 0.004 -23"><span class='ocrx_word' id='word_1_548' title='bbox 148 4466 151 4471; x_wconf 32' lang='grc' dir='ltr'>ι</span> <span class='ocrx_word' id='word_1_549' title='bbox 201 4402 479 4474; x_wconf 87' lang='lat' dir='ltr'><strong>legimus)</strong></span> <span class='ocrx_word' id='word_1_550' title='bbox 510 4404 579 4456; x_wconf 91' lang='lat' dir='ltr'><strong>ita</strong></span> <span class='ocrx_word' id='word_1_551' title='bbox 604 4411 688 4458; x_wconf 87' lang='lat' dir='ltr'><strong>est</strong></span> <span class='ocrx_word' id='word_1_552' title='bbox 710 4404 1060 4472; x_wconf 89' lang='lat' dir='ltr'><strong>constitutus,</strong></span> <span class='ocrx_word' id='word_1_553' title='bbox 1107 4416 1163 4460; x_wconf 85' lang='lat' dir='ltr'><strong>ut</strong></span> <span class='ocrx_word' id='word_1_554' title='bbox 1191 4422 1486 4479; x_wconf 80' lang='lat' dir='ltr'><strong>operaretur</strong></span> <span class='ocrx_word' id='word_1_555' title='bbox 1510 4420 1556 4464; x_wconf 82' lang='lat' dir='ltr'><strong>et</strong></span> <span class='ocrx_word' id='word_1_556' title='bbox 1584 4413 1808 4467; x_wconf 69' lang='lat' dir='ltr'><strong>custodi-</strong></span> 
     </span>
    </p>
   </div>
   <div class='ocr_carea' id='block_1_77' title="bbox 199 4492 783 4563">
    <p class='ocr_par' dir='ltr' id='par_1_77' title="bbox 199 4492 783 4563">
     <span class='ocr_line' id='line_1_77' title="bbox 199 4492 783 4563; baseline -0.007 -13"><span class='ocrx_word' id='word_1_557' title='bbox 199 4504 283 4550; x_wconf 85' lang='lat' dir='ltr'><strong>ret</strong></span> <span class='ocrx_word' id='word_1_558' title='bbox 328 4492 492 4548; x_wconf 79' lang='lat' dir='ltr'><strong>illum</strong></span> <span class='ocrx_word' id='word_1_559' title='bbox 511 4492 667 4563; x_wconf 75' lang='lat' dir='ltr'><strong>(Gen.</strong></span> <span class='ocrx_word' id='word_1_560' title='bbox 698 4493 783 4563; x_wconf 85' lang='lat' dir='ltr'><strong>tt).</strong></span> 
     </span>
    </p>
   </div>
   <div class='ocr_carea' id='block_1_78' title="bbox 838 4585 1193 4644">
    <p class='ocr_par' dir='ltr' id='par_1_78' title="bbox 838 4585 1193 4644">
     <span class='ocr_line' id='line_1_78' title="bbox 838 4585 1193 4644; baseline 0.006 -3"><span class='ocrx_word' id='word_1_561' title='bbox 838 4585 1067 4644; x_wconf 79' lang='lat' dir='ltr'><strong>CAPUT</strong></span> <span class='ocrx_word' id='word_1_562' title='bbox 1105 4588 1193 4643; x_wconf 84' lang='lat' dir='ltr'><strong>IV.</strong></span> 
     </span>
    </p>
   </div>
   <div class='ocr_carea' id='block_1_79' title="bbox 199 4681 1805 4749">
    <p class='ocr_par' dir='ltr' id='par_1_79' title="bbox 199 4681 1805 4749">
     <span class='ocr_line' id='line_1_79' title="bbox 199 4681 1805 4749; baseline 0.002 -12"><span class='ocrx_word' id='word_1_563' title='bbox 199 4681 419 4737; x_wconf 73' lang='lat' dir='ltr'><strong>Contra</strong></span> <span class='ocrx_word' id='word_1_564' title='bbox 461 4694 575 4732; x_wconf 85' lang='lat' dir='ltr'><strong>eum</strong></span> <span class='ocrx_word' id='word_1_565' title='bbox 617 4693 844 4743; x_wconf 78' lang='lat' dir='ltr'><strong>sensum,</strong></span> <span class='ocrx_word' id='word_1_566' title='bbox 871 4681 960 4749; x_wconf 82' lang='lat' dir='ltr'><strong>qui</strong></span> <span class='ocrx_word' id='word_1_567' title='bbox 992 4682 1207 4735; x_wconf 84' lang='lat' dir='ltr'><strong>dicendo</strong></span> <span class='ocrx_word' id='word_1_568' title='bbox 1244 4699 1263 4732; x_wconf 73' lang='grc' dir='ltr'>ι</span> <span class='ocrx_word' id='word_1_569' title='bbox 1300 4681 1440 4735; x_wconf 77' lang='lat' dir='ltr'><strong>Unus</strong></span> <span class='ocrx_word' id='word_1_570' title='bbox 1470 4684 1539 4735; x_wconf 84' lang='lat' dir='ltr'><strong>ad</strong></span> <span class='ocrx_word' id='word_1_571' title='bbox 1589 4695 1805 4741; x_wconf 86' lang='lat' dir='ltr'><strong>mortem</strong></span> 
     </span>
    </p>
   </div>
   <div class='ocr_carea' id='block_1_80' title="bbox 276 4750 1805 4823">
    <p class='ocr_par' dir='ltr' id='par_1_80' title="bbox 276 4750 1805 4823">
     <span class='ocr_line' id='line_1_80' title="bbox 276 4750 1805 4823; baseline 0.003 -18"><span class='ocrx_word' id='word_1_572' title='bbox 276 4751 692 4823; x_wconf 73' lang='lat' dir='ltr'><strong>praeordinatus,</strong></span> <span class='ocrx_word' id='word_1_573' title='bbox 723 4750 854 4823; x_wconf 79' lang='lat' dir='ltr'><strong>alter</strong></span> <span class='ocrx_word' id='word_1_574' title='bbox 874 4752 940 4823; x_wconf 77' lang='lat' dir='ltr'><strong>ad</strong></span> <span class='ocrx_word' id='word_1_575' title='bbox 964 4753 1118 4823; x_wconf 67' lang='lat' dir='ltr'><strong>vitam</strong></span> <span class='ocrx_word' id='word_1_576' title='bbox 1142 4753 1532 4823; x_wconf 71' lang='lat' dir='ltr'><strong>prardwinatus</strong></span> <span class='ocrx_word' id='word_1_577' title='bbox 1553 4766 1645 4822; x_wconf 75' lang='lat' dir='ltr'><strong>est,</strong></span> <span class='ocrx_word' id='word_1_578' title='bbox 1672 4776 1690 4807; x_wconf 72' lang='grc' dir='ltr'><strong><em>ι</em></strong></span> <span class='ocrx_word' id='word_1_579' title='bbox 1720 4773 1805 4812; x_wconf 83' lang='lat' dir='ltr'><strong>re-</strong></span> 
     </span>
    </p>
   </div>
   <div class='ocr_carea' id='block_1_81' title="bbox 276 4821 1262 4892">
    <p class='ocr_par' dir='ltr' id='par_1_81' title="bbox 276 4821 1262 4892">
     <span class='ocr_line' id='line_1_81' title="bbox 276 4821 1262 4892; baseline -0.001 -15"><span class='ocrx_word' id='word_1_580' title='bbox 276 4821 384 4877; x_wconf 78' lang='lat' dir='ltr'><strong>bus</strong></span> <span class='ocrx_word' id='word_1_581' title='bbox 412 4822 540 4891; x_wconf 77' lang='lat' dir='ltr'><strong>ipsis</strong></span> <span class='ocrx_word' id='word_1_582' title='bbox 561 4837 699 4892; x_wconf 80' lang='lat' dir='ltr'><strong>spem</strong></span> <span class='ocrx_word' id='word_1_583' title='bbox 726 4821 1020 4877; x_wconf 78' lang='lat' dir='ltr'><strong>intercludit</strong></span> <span class='ocrx_word' id='word_1_584' title='bbox 1046 4821 1262 4878; x_wconf 78' lang='lat' dir='ltr'><strong>orando.</strong></span> 
     </span>
    </p>
   </div>
   <div class='ocr_carea' id='block_1_82' title="bbox 278 4959 1806 5029">
    <p class='ocr_par' dir='ltr' id='par_1_82' title="bbox 278 4959 1806 5029">
     <span class='ocr_line' id='line_1_82' title="bbox 278 4959 1806 5029; baseline 0.001 -13"><span class='ocrx_word' id='word_1_585' title='bbox 278 4964 431 5017; x_wconf 80' lang='lat' dir='ltr'><strong>Cum</strong></span> <span class='ocrx_word' id='word_1_586' title='bbox 464 4959 737 5015; x_wconf 90' lang='lat' dir='ltr'><strong>dixerint:</strong></span> <span class='ocrx_word' id='word_1_587' title='bbox 762 4967 928 5013; x_wconf 85' lang='lat' dir='ltr'><strong>totum</strong></span> <span class='ocrx_word' id='word_1_588' title='bbox 959 4961 1144 5029; x_wconf 68' lang='lat' dir='ltr'><strong>gratim</strong></span> <span class='ocrx_word' id='word_1_589' title='bbox 1178 4960 1268 5015; x_wconf 88' lang='lat' dir='ltr'><strong>Dei</strong></span> <span class='ocrx_word' id='word_1_590' title='bbox 1311 4969 1391 5015; x_wconf 87' lang='lat' dir='ltr'><strong>est</strong></span> <span class='ocrx_word' id='word_1_591' title='bbox 1417 4977 1429 5013; x_wconf 88' lang='lat'><strong>:</strong></span> <span class='ocrx_word' id='word_1_592' title='bbox 1455 4963 1573 5029; x_wconf 87' lang='lat' dir='ltr'><strong>quis</strong></span> <span class='ocrx_word' id='word_1_593' title='bbox 1601 4977 1704 5016; x_wconf 90' lang='lat' dir='ltr'><strong>non</strong></span> <span class='ocrx_word' id='word_1_594' title='bbox 1738 4965 1806 5017; x_wconf 87' lang='lat' dir='ltr'><strong>ad</strong></span> 
     </span>
    </p>
   </div>
   <div class='ocr_carea' id='block_1_83' title="bbox 197 5050 1805 5108">
    <p class='ocr_par' dir='ltr' id='par_1_83' title="bbox 197 5050 1805 5108">
     <span class='ocr_line' id='line_1_83' title="bbox 197 5050 1805 5108; baseline 0.001 -2"><span class='ocrx_word' id='word_1_595' title='bbox 197 5063 318 5107; x_wconf 89' lang='lat' dir='ltr'><strong>tam</strong></span> <span class='ocrx_word' id='word_1_596' title='bbox 357 5050 719 5106; x_wconf 85' lang='lat' dir='ltr'><strong>reverendum</strong></span> <span class='ocrx_word' id='word_1_597' title='bbox 749 5064 942 5105; x_wconf 89' lang='lat' dir='ltr'><strong>nomen</strong></span> <span class='ocrx_word' id='word_1_598' title='bbox 987 5051 1131 5105; x_wconf 92' lang='lat' dir='ltr'><strong>omni</strong></span> <span class='ocrx_word' id='word_1_599' title='bbox 1159 5050 1337 5105; x_wconf 88' lang='lat' dir='ltr'><strong>cordis</strong></span> <span class='ocrx_word' id='word_1_600' title='bbox 1366 5051 1652 5107; x_wconf 90' lang='lat' dir='ltr'><strong>inclinetur</strong></span> <span class='ocrx_word' id='word_1_601' title='bbox 1678 5052 1805 5108; x_wconf 75' lang='lat' dir='ltr'><strong>affe-</strong></span> 
     </span>
    </p>
   </div>
   <div class='ocr_carea' id='block_1_84' title="bbox 197 5143 1805 5214">
    <p class='ocr_par' dir='ltr' id='par_1_84' title="bbox 197 5143 1805 5214">
     <span class='ocr_line' id='line_1_84' title="bbox 197 5143 1805 5214; baseline 0.001 -15"><span class='ocrx_word' id='word_1_602' title='bbox 197 5145 341 5200; x_wconf 85' lang='lat' dir='ltr'><strong>ctu?</strong></span> <span class='ocrx_word' id='word_1_603' title='bbox 385 5143 497 5199; x_wconf 89' lang='lat' dir='ltr'><strong>Sed</strong></span> <span class='ocrx_word' id='word_1_604' title='bbox 537 5157 658 5196; x_wconf 90' lang='lat' dir='ltr'><strong>eum</strong></span> <span class='ocrx_word' id='word_1_605' title='bbox 706 5143 1135 5211; x_wconf 75' lang='lat' dir='ltr'><strong>responderimus</strong></span> <span class='ocrx_word' id='word_1_606' title='bbox 1169 5160 1181 5196; x_wconf 93' lang='lat'><strong>:</strong></span> <span class='ocrx_word' id='word_1_607' title='bbox 1213 5150 1378 5198; x_wconf 89' lang='lat' dir='ltr'><strong>totum</strong></span> <span class='ocrx_word' id='word_1_608' title='bbox 1422 5145 1576 5214; x_wconf 89' lang='lat' dir='ltr'><strong>plane</strong></span> <span class='ocrx_word' id='word_1_609' title='bbox 1622 5146 1805 5213; x_wconf 66' lang='lat' dir='ltr'><strong>gratia:</strong></span> 
     </span>
    </p>
   </div>
   <div class='ocr_carea' id='block_1_85' title="bbox 196 5234 1803 5304">
    <p class='ocr_par' dir='ltr' id='par_1_85' title="bbox 196 5234 1803 5304">
     <span class='ocr_line' id='line_1_85' title="bbox 196 5234 1803 5304; baseline -0.001 -13"><span class='ocrx_word' id='word_1_610' title='bbox 196 5247 326 5299; x_wconf 86' lang='lat' dir='ltr'><strong>est,</strong></span> <span class='ocrx_word' id='word_1_611' title='bbox 374 5236 477 5289; x_wconf 88' lang='lat' dir='ltr'><strong>sed</strong></span> <span class='ocrx_word' id='word_1_612' title='bbox 508 5234 755 5288; x_wconf 89' lang='lat' dir='ltr'><strong>omnibus</strong></span> <span class='ocrx_word' id='word_1_613' title='bbox 802 5248 864 5288; x_wconf 84' lang='lat' dir='ltr'><strong>ea</strong></span> <span class='ocrx_word' id='word_1_614' title='bbox 904 5234 1059 5289; x_wconf 78' lang='lat' dir='ltr'><strong>offert</strong></span> <span class='ocrx_word' id='word_1_615' title='bbox 1084 5245 1240 5304; x_wconf 88' lang='lat' dir='ltr'><strong>atque</strong></span> <span class='ocrx_word' id='word_1_616' title='bbox 1264 5237 1455 5304; x_wconf 88' lang='lat' dir='ltr'><strong>ingerit</strong></span> <span class='ocrx_word' id='word_1_617' title='bbox 1482 5236 1548 5290; x_wconf 89' lang='lat' dir='ltr'><strong>ad</strong></span> <span class='ocrx_word' id='word_1_618' title='bbox 1577 5237 1803 5291; x_wconf 67' lang='lat' dir='ltr'><strong>salutem</strong></span> 
     </span>
    </p>
   </div>
   <div class='ocr_carea' id='block_1_86' title="bbox 96 5324 1806 5397">
    <p class='ocr_par' dir='ltr' id='par_1_86' title="bbox 96 5324 1806 5397">
     <span class='ocr_line' id='line_1_86' title="bbox 96 5324 1806 5397; baseline -0.001 -14"><span class='ocrx_word' id='word_1_619' title='bbox 96 5390 103 5395; x_wconf 33' lang='grc' dir='ltr'><strong><em>ο</em></strong></span> <span class='ocrx_word' id='word_1_620' title='bbox 199 5329 472 5383; x_wconf 88' lang='lat' dir='ltr'><strong>omnium</strong></span> <span class='ocrx_word' id='word_1_621' title='bbox 519 5324 768 5379; x_wconf 87' lang='lat' dir='ltr'><strong>conditor</strong></span> <span class='ocrx_word' id='word_1_622' title='bbox 812 5339 874 5379; x_wconf 89' lang='lat' dir='ltr'><strong>ac</strong></span> <span class='ocrx_word' id='word_1_623' title='bbox 903 5324 1227 5392; x_wconf 89' lang='lat' dir='ltr'><strong>redemptor.</strong></span> <span class='ocrx_word' id='word_1_624' title='bbox 1262 5326 1345 5379; x_wconf 77' lang='lat' dir='ltr'><strong>Ad</strong></span> <span class='ocrx_word' id='word_1_625' title='bbox 1373 5326 1486 5381; x_wconf 68' lang='lat' dir='ltr'><strong>hare</strong></span> <span class='ocrx_word' id='word_1_626' title='bbox 1530 5326 1606 5381; x_wconf 86' lang='lat' dir='ltr'><strong>iiii</strong></span> <span class='ocrx_word' id='word_1_627' title='bbox 1650 5327 1806 5397; x_wconf 87' lang='lat' dir='ltr'><strong>longe</strong></span> 
     </span>
    </p>
   </div>
   <div class='ocr_carea' id='block_1_87' title="bbox 199 5414 1807 5488">
    <p class='ocr_par' dir='ltr' id='par_1_87' title="bbox 199 5414 1807 5488">
     <span class='ocr_line' id='line_1_87' title="bbox 199 5414 1807 5488; baseline -0.001 -14"><span class='ocrx_word' id='word_1_628' title='bbox 199 5433 235 5473; x_wconf 86' lang='lat' dir='ltr'><strong>a</strong></span> <span class='ocrx_word' id='word_1_629' title='bbox 286 5416 522 5488; x_wconf 83' lang='lat' dir='ltr'><strong>pietatis</strong></span> <span class='ocrx_word' id='word_1_630' title='bbox 569 5416 781 5470; x_wconf 90' lang='lat' dir='ltr'><strong>tramite</strong></span> <span class='ocrx_word' id='word_1_631' title='bbox 836 5414 1147 5470; x_wconf 86' lang='lat' dir='ltr'><strong>recedentes</strong></span> <span class='ocrx_word' id='word_1_632' title='bbox 1174 5457 1186 5480; x_wconf 88' lang='lat'><strong>,</strong></span> <span class='ocrx_word' id='word_1_633' title='bbox 1234 5417 1559 5486; x_wconf 83' lang='lat' dir='ltr'><strong>respondere</strong></span> <span class='ocrx_word' id='word_1_634' title='bbox 1605 5434 1807 5488; x_wconf 65' lang='lat' dir='ltr'><strong>priesu-</strong></span> 
     </span>
    </p>
   </div>
   <div class='ocr_carea' id='block_1_88' title="bbox 201 5506 1808 5579">
    <p class='ocr_par' dir='ltr' id='par_1_88' title="bbox 201 5506 1808 5579">
     <span class='ocr_line' id='line_1_88' title="bbox 201 5506 1808 5579; baseline -0.001 -12"><span class='ocrx_word' id='word_1_635' title='bbox 201 5506 553 5567; x_wconf 80' lang='lat' dir='ltr'><strong>muntzNon</strong></span> <span class='ocrx_word' id='word_1_636' title='bbox 578 5522 696 5562; x_wconf 91' lang='lat' dir='ltr'><strong>eam</strong></span> <span class='ocrx_word' id='word_1_637' title='bbox 730 5507 974 5562; x_wconf 87' lang='lat' dir='ltr'><strong>Salvator</strong></span> <span class='ocrx_word' id='word_1_638' title='bbox 1017 5507 1261 5561; x_wconf 89' lang='lat' dir='ltr'><strong>omnibus</strong></span> <span class='ocrx_word' id='word_1_639' title='bbox 1309 5508 1489 5575; x_wconf 89' lang='lat' dir='ltr'><strong>dedit,</strong></span> <span class='ocrx_word' id='word_1_640' title='bbox 1543 5511 1663 5579; x_wconf 90' lang='lat' dir='ltr'><strong>quia</strong></span> <span class='ocrx_word' id='word_1_641' title='bbox 1708 5524 1808 5565; x_wconf 90' lang='lat' dir='ltr'><strong>nec</strong></span> 
     </span>
    </p>
   </div>
   <div class='ocr_carea' id='block_1_89' title="bbox 199 5598 1809 5675">
    <p class='ocr_par' dir='ltr' id='par_1_89' title="bbox 199 5598 1809 5675">
     <span class='ocr_line' id='line_1_89' title="bbox 199 5598 1809 5675; baseline -0.002 -16"><span class='ocrx_word' id='word_1_642' title='bbox 199 5618 312 5675; x_wconf 89' lang='lat' dir='ltr'><strong>pro</strong></span> <span class='ocrx_word' id='word_1_643' title='bbox 341 5601 604 5657; x_wconf 88' lang='lat' dir='ltr'><strong>omnibus</strong></span> <span class='ocrx_word' id='word_1_644' title='bbox 632 5606 871 5654; x_wconf 88' lang='lat' dir='ltr'><strong>mortuus</strong></span> <span class='ocrx_word' id='word_1_645' title='bbox 908 5607 1010 5652; x_wconf 91' lang='lat' dir='ltr'><strong>est.</strong></span> <span class='ocrx_word' id='word_1_646' title='bbox 1060 5598 1199 5653; x_wconf 86' lang='lat' dir='ltr'><strong>Ecce</strong></span> <span class='ocrx_word' id='word_1_647' title='bbox 1236 5600 1414 5653; x_wconf 88' lang='lat' dir='ltr'><strong>statim</strong></span> <span class='ocrx_word' id='word_1_648' title='bbox 1462 5601 1519 5654; x_wconf 91' lang='lat' dir='ltr'><strong>in</strong></span> <span class='ocrx_word' id='word_1_649' title='bbox 1560 5601 1809 5656; x_wconf 87' lang='lat' dir='ltr'><strong>secundis</strong></span> 
     </span>
    </p>
   </div>
   <div class='ocr_carea' id='block_1_90' title="bbox 198 5692 1810 5767">
    <p class='ocr_par' dir='ltr' id='par_1_90' title="bbox 198 5692 1810 5767">
     <span class='ocr_line' id='line_1_90' title="bbox 198 5692 1810 5767; baseline -0.002 -16"><span class='ocrx_word' id='word_1_650' title='bbox 198 5701 453 5767; x_wconf 84' lang='lat' dir='ltr'><strong>apparet</strong></span> <span class='ocrx_word' id='word_1_651' title='bbox 481 5692 1047 5763; x_wconf 61' lang='lat' dir='ltr'><strong>gratiaimpugnator,</strong></span> <span class='ocrx_word' id='word_1_652' title='bbox 1087 5692 1173 5761; x_wconf 92' lang='lat' dir='ltr'><strong>qui</strong></span> <span class='ocrx_word' id='word_1_653' title='bbox 1216 5692 1477 5760; x_wconf 88' lang='lat' dir='ltr'><strong>imprimis</strong></span> <span class='ocrx_word' id='word_1_654' title='bbox 1522 5693 1810 5763; x_wconf 87' lang='lat' dir='ltr'><strong>putabatur</strong></span> 
     </span>
    </p>
   </div>
   <div class='ocr_carea' id='block_1_91' title="bbox 195 5782 1805 5861">
    <p class='ocr_par' dir='ltr' id='par_1_91' title="bbox 195 5782 1805 5861">
     <span class='ocr_line' id='line_1_91' title="bbox 195 5782 1805 5861; baseline -0.002 -19"><span class='ocrx_word' id='word_1_655' title='bbox 195 5794 484 5842; x_wconf 84' lang='lat' dir='ltr'><strong>assertor.</strong></span> <span class='ocrx_word' id='word_1_656' title='bbox 513 5782 787 5853; x_wconf 78' lang='lat' dir='ltr'><strong>Objiciunt</strong></span> <span class='ocrx_word' id='word_1_657' title='bbox 818 5798 1011 5839; x_wconf 89' lang='lat' dir='ltr'><strong>nomen</strong></span> <span class='ocrx_word' id='word_1_658' title='bbox 1041 5784 1248 5852; x_wconf 68' lang='lat' dir='ltr'><strong>gratiae,</strong></span> <span class='ocrx_word' id='word_1_659' title='bbox 1292 5793 1349 5836; x_wconf 92' lang='lat' dir='ltr'><strong>ut</strong></span> <span class='ocrx_word' id='word_1_660' title='bbox 1390 5782 1805 5861; x_wconf 80' lang='lat' dir='ltr'><strong>abominandum</strong></span> 
     </span>
    </p>
   </div>
   <div class='ocr_carea' id='block_1_92' title="bbox 191 5873 1805 5947">
    <p class='ocr_par' dir='ltr' id='par_1_92' title="bbox 191 5873 1805 5947">
     <span class='ocr_line' id='line_1_92' title="bbox 191 5873 1805 5947; baseline 0.002 -15"><span class='ocrx_word' id='word_1_661' title='bbox 191 5890 448 5940; x_wconf 74' lang='lat' dir='ltr'><strong>sensum</strong></span> <span class='ocrx_word' id='word_1_662' title='bbox 487 5877 735 5944; x_wconf 79' lang='lat' dir='ltr'><strong>operiant</strong></span> <span class='ocrx_word' id='word_1_663' title='bbox 780 5875 1145 5946; x_wconf 67' lang='lat' dir='ltr'><strong>blnspltemim.</strong></span> <span class='ocrx_word' id='word_1_664' title='bbox 1184 5873 1237 5928; x_wconf 89' lang='lat' dir='ltr'><strong>lu</strong></span> <span class='ocrx_word' id='word_1_665' title='bbox 1270 5875 1581 5932; x_wconf 88' lang='lat' dir='ltr'><strong>alterutram</strong></span> <span class='ocrx_word' id='word_1_666' title='bbox 1629 5875 1805 5947; x_wconf 84' lang='lat' dir='ltr'><strong>itaque</strong></span> 
     </span>
    </p>
   </div>
   <div class='ocr_carea' id='block_1_93' title="bbox 658 6026 751 6038">
    <p class='ocr_par' dir='ltr' id='par_1_93' title="bbox 658 6026 751 6038">
     <span class='ocr_line' id='line_1_93' title="bbox 658 6026 751 6038; baseline -0.011 0"><span class='ocrx_word' id='word_1_667' title='bbox 658 6026 727 6038; x_wconf 71' lang='lat' dir='ltr'><strong>_-v</strong></span> <span class='ocrx_word' id='word_1_668' title='bbox 750 6034 751 6037; x_wconf 57' lang='grc' dir='ltr'><strong>η</strong></span> 
     </span>
    </p>
   </div>
   <div class='ocr_carea' id='block_1_94' title="bbox 1837 4632 1895 4694">
    <p class='ocr_par' dir='ltr' id='par_1_94' title="bbox 1837 4632 1895 4694">
     <span class='ocr_line' id='line_1_94' title="bbox 1837 4632 1895 4694; baseline 0 0"><span class='ocrx_word' id='word_1_669' title='bbox 1837 4632 1895 4694; x_wconf 85' lang='grc' dir='ltr'><strong>Ι)</strong></span> 
     </span>
    </p>
   </div>
   <div class='ocr_carea' id='block_1_95' title="bbox 1920 3390 3499 3465">
    <p class='ocr_par' dir='ltr' id='par_1_95' title="bbox 1920 3390 3499 3465">
     <span class='ocr_line' id='line_1_95' title="bbox 1920 3390 3499 3465; baseline 0.001 -21"><span class='ocrx_word' id='word_1_670' title='bbox 1920 3390 2031 3445; x_wconf 90' lang='lat' dir='ltr'><strong>lent</strong></span> <span class='ocrx_word' id='word_1_671' title='bbox 2073 3391 2163 3461; x_wconf 91' lang='lat' dir='ltr'><strong>qui</strong></span> <span class='ocrx_word' id='word_1_672' title='bbox 2208 3391 2517 3447; x_wconf 88' lang='lat' dir='ltr'><strong>mortiferos</strong></span> <span class='ocrx_word' id='word_1_673' title='bbox 2558 3394 2842 3448; x_wconf 86' lang='lat' dir='ltr'><strong>herbarum</strong></span> <span class='ocrx_word' id='word_1_674' title='bbox 2890 3404 3191 3465; x_wconf 84' lang='lat' dir='ltr'><strong>temperant</strong></span> <span class='ocrx_word' id='word_1_675' title='bbox 3220 3407 3409 3449; x_wconf 90' lang='lat' dir='ltr'><strong>succos</strong></span> <span class='ocrx_word' id='word_1_676' title='bbox 3445 3392 3499 3446; x_wconf 93' lang='lat' dir='ltr'><strong>in</strong></span> 
     </span>
    </p>
   </div>
   <div class='ocr_carea' id='block_1_96' title="bbox 1916 3484 3498 3555">
    <p class='ocr_par' dir='ltr' id='par_1_96' title="bbox 1916 3484 3498 3555">
     <span class='ocr_line' id='line_1_96' title="bbox 1916 3484 3498 3555; baseline -0.003 -15"><span class='ocrx_word' id='word_1_677' title='bbox 1916 3484 2165 3549; x_wconf 90' lang='lat' dir='ltr'><strong>condito,</strong></span> <span class='ocrx_word' id='word_1_678' title='bbox 2196 3495 2287 3539; x_wconf 92' lang='lat' dir='ltr'><strong>aut</strong></span> <span class='ocrx_word' id='word_1_679' title='bbox 2334 3485 2509 3554; x_wconf 88' lang='lat' dir='ltr'><strong>aliquo</strong></span> <span class='ocrx_word' id='word_1_680' title='bbox 2550 3486 2691 3540; x_wconf 91' lang='lat' dir='ltr'><strong>dulci</strong></span> <span class='ocrx_word' id='word_1_681' title='bbox 2736 3487 2924 3555; x_wconf 91' lang='lat' dir='ltr'><strong>poculo</strong></span> <span class='ocrx_word' id='word_1_682' title='bbox 2967 3485 3327 3539; x_wconf 88' lang='lat' dir='ltr'><strong>nescientibus</strong></span> <span class='ocrx_word' id='word_1_683' title='bbox 3372 3498 3498 3551; x_wconf 90' lang='lat' dir='ltr'><strong>pro-</strong></span> 
     </span>
    </p>
   </div>
   <div class='ocr_carea' id='block_1_97' title="bbox 1918 3574 3499 3644">
    <p class='ocr_par' dir='ltr' id='par_1_97' title="bbox 1918 3574 3499 3644">
     <span class='ocr_line' id='line_1_97' title="bbox 1918 3574 3499 3644; baseline 0 -17"><span class='ocrx_word' id='word_1_684' title='bbox 1918 3574 2152 3643; x_wconf 90' lang='lat' dir='ltr'><strong>pinaturi</strong></span> <span class='ocrx_word' id='word_1_685' title='bbox 2183 3585 2393 3644; x_wconf 89' lang='lat' dir='ltr'><strong>gustum</strong></span> <span class='ocrx_word' id='word_1_686' title='bbox 2427 3577 2645 3629; x_wconf 84' lang='lat' dir='ltr'><strong>mentita</strong></span> <span class='ocrx_word' id='word_1_687' title='bbox 2680 3576 2941 3629; x_wconf 89' lang='lat' dir='ltr'><strong>suavitate</strong></span> <span class='ocrx_word' id='word_1_688' title='bbox 2971 3582 3319 3643; x_wconf 87' lang='lat' dir='ltr'><strong>componunt,</strong></span> <span class='ocrx_word' id='word_1_689' title='bbox 3354 3574 3499 3627; x_wconf 87' lang='lat' dir='ltr'><strong>virus</strong></span> 
     </span>
    </p>
   </div>
   <div class='ocr_carea' id='block_1_98' title="bbox 1918 3664 3501 3720">
    <p class='ocr_par' dir='ltr' id='par_1_98' title="bbox 1918 3664 3501 3720">
     <span class='ocr_line' id='line_1_98' title="bbox 1918 3664 3501 3720; baseline 0.001 -2"><span class='ocrx_word' id='word_1_690' title='bbox 1918 3666 2293 3719; x_wconf 89' lang='lat' dir='ltr'><strong>amaritudinis</strong></span> <span class='ocrx_word' id='word_1_691' title='bbox 2322 3666 2614 3720; x_wconf 83' lang='lat' dir='ltr'><strong>obscurant</strong></span> <span class='ocrx_word' id='word_1_692' title='bbox 2656 3665 2843 3719; x_wconf 90' lang='lat' dir='ltr'><strong>fraude</strong></span> <span class='ocrx_word' id='word_1_693' title='bbox 2873 3666 3192 3719; x_wconf 83' lang='lat' dir='ltr'><strong>dulcedinis.</strong></span> <span class='ocrx_word' id='word_1_694' title='bbox 3239 3664 3501 3719; x_wconf 83' lang='lat' dir='ltr'><strong>Provocat</strong></span> 
     </span>
    </p>
   </div>
   <div class='ocr_carea' id='block_1_99' title="bbox 1919 3757 3501 3826">
    <p class='ocr_par' dir='ltr' id='par_1_99' title="bbox 1919 3757 3501 3826">
     <span class='ocr_line' id='line_1_99' title="bbox 1919 3757 3501 3826; baseline 0.001 -15"><span class='ocrx_word' id='word_1_695' title='bbox 1919 3759 2125 3824; x_wconf 86' lang='lat' dir='ltr'><strong>primus</strong></span> <span class='ocrx_word' id='word_1_696' title='bbox 2165 3757 2299 3811; x_wconf 90' lang='lat' dir='ltr'><strong>odor</strong></span> <span class='ocrx_word' id='word_1_697' title='bbox 2325 3758 2517 3825; x_wconf 88' lang='lat' dir='ltr'><strong>poculi,</strong></span> <span class='ocrx_word' id='word_1_698' title='bbox 2552 3757 2645 3811; x_wconf 88' lang='lat' dir='ltr'><strong>sed</strong></span> <span class='ocrx_word' id='word_1_699' title='bbox 2678 3758 2931 3826; x_wconf 73' lang='lat' dir='ltr'><strong>prmfocat</strong></span> <span class='ocrx_word' id='word_1_700' title='bbox 2960 3759 3197 3812; x_wconf 89' lang='lat' dir='ltr'><strong>inclusus</strong></span> <span class='ocrx_word' id='word_1_701' title='bbox 3222 3773 3381 3826; x_wconf 89' lang='lat' dir='ltr'><strong>sapor</strong></span> <span class='ocrx_word' id='word_1_702' title='bbox 3411 3773 3501 3813; x_wconf 87' lang='lat' dir='ltr'><strong>ve-</strong></span> 
     </span>
    </p>
   </div>
   <div class='ocr_carea' id='block_1_100' title="bbox 1919 3834 3498 3920">
    <p class='ocr_par' dir='ltr' id='par_1_100' title="bbox 1919 3834 3498 3920">
     <span class='ocr_line' id='line_1_100' title="bbox 1919 3834 3498 3920; baseline 0.001 -18"><span class='ocrx_word' id='word_1_703' title='bbox 1919 3848 2065 3902; x_wconf 91' lang='lat' dir='ltr'><strong>neni.</strong></span> <span class='ocrx_word' id='word_1_704' title='bbox 2096 3847 2198 3902; x_wconf 80' lang='lat' dir='ltr'><strong>Mel</strong></span> <span class='ocrx_word' id='word_1_705' title='bbox 2228 3834 2312 3902; x_wconf 75' lang='lat' dir='ltr'><strong>esi</strong></span> <span class='ocrx_word' id='word_1_706' title='bbox 2340 3848 2482 3918; x_wconf 90' lang='lat' dir='ltr'><strong>quod</strong></span> <span class='ocrx_word' id='word_1_707' title='bbox 2514 3848 2758 3903; x_wconf 88' lang='lat' dir='ltr'><strong>ascendit</strong></span> <span class='ocrx_word' id='word_1_708' title='bbox 2798 3850 2847 3903; x_wconf 92' lang='lat' dir='ltr'><strong>in</strong></span> <span class='ocrx_word' id='word_1_709' title='bbox 2883 3849 3018 3903; x_wconf 87' lang='lat' dir='ltr'><strong>labia</strong></span> <span class='ocrx_word' id='word_1_710' title='bbox 3047 3891 3062 3917; x_wconf 92' lang='lat'><strong>,</strong></span> <span class='ocrx_word' id='word_1_711' title='bbox 3109 3849 3176 3903; x_wconf 89' lang='lat' dir='ltr'><strong>fel</strong></span> <span class='ocrx_word' id='word_1_712' title='bbox 3228 3857 3311 3903; x_wconf 89' lang='lat' dir='ltr'><strong>est</strong></span> <span class='ocrx_word' id='word_1_713' title='bbox 3355 3851 3498 3920; x_wconf 83' lang='lat' dir='ltr'><strong>quod</strong></span> 
     </span>
    </p>
   </div>
   <div class='ocr_carea' id='block_1_101' title="bbox 1916 3924 3498 4011">
    <p class='ocr_par' dir='ltr' id='par_1_101' title="bbox 1916 3924 3498 4011">
     <span class='ocr_line' id='line_1_101' title="bbox 1916 3924 3498 4011; baseline 0.001 -17"><span class='ocrx_word' id='word_1_714' title='bbox 1916 3940 2196 3996; x_wconf 89' lang='lat' dir='ltr'><strong>descendit</strong></span> <span class='ocrx_word' id='word_1_715' title='bbox 2220 3942 2274 3995; x_wconf 92' lang='lat' dir='ltr'><strong>in</strong></span> <span class='ocrx_word' id='word_1_716' title='bbox 2304 3943 2534 3996; x_wconf 83' lang='lat' dir='ltr'><strong>viscera.</strong></span> <span class='ocrx_word' id='word_1_717' title='bbox 2566 3941 2756 3998; x_wconf 92' lang='lat' dir='ltr'><strong>Dicunt</strong></span> <span class='ocrx_word' id='word_1_718' title='bbox 2785 3943 2922 4011; x_wconf 89' lang='lat' dir='ltr'><strong>quod</strong></span> <span class='ocrx_word' id='word_1_719' title='bbox 2957 3944 3007 3996; x_wconf 92' lang='lat' dir='ltr'><strong>in</strong></span> <span class='ocrx_word' id='word_1_720' title='bbox 3034 3943 3290 3997; x_wconf 88' lang='lat' dir='ltr'><strong>alterutro</strong></span> <span class='ocrx_word' id='word_1_721' title='bbox 3321 3924 3498 3996; x_wconf 53' lang='lat' dir='ltr'><strong>r&#39;erum</strong></span> 
     </span>
    </p>
   </div>
   <div class='ocr_carea' id='block_1_102' title="bbox 1916 4031 3498 4103">
    <p class='ocr_par' dir='ltr' id='par_1_102' title="bbox 1916 4031 3498 4103">
     <span class='ocr_line' id='line_1_102' title="bbox 1916 4031 3498 4103; baseline 0.001 -18"><span class='ocrx_word' id='word_1_722' title='bbox 1916 4041 2057 4085; x_wconf 85' lang='lat' dir='ltr'><strong>statu</strong></span> <span class='ocrx_word' id='word_1_723' title='bbox 2100 4032 2219 4089; x_wconf 89' lang='lat' dir='ltr'><strong>illos</strong></span> <span class='ocrx_word' id='word_1_724' title='bbox 2265 4032 2365 4087; x_wconf 91' lang='lat' dir='ltr'><strong>sibi</strong></span> <span class='ocrx_word' id='word_1_725' title='bbox 2411 4047 2557 4088; x_wconf 89' lang='lat' dir='ltr'><strong>mors</strong></span> <span class='ocrx_word' id='word_1_726' title='bbox 2606 4031 2882 4103; x_wconf 87' lang='lat' dir='ltr'><strong>vindicet,</strong></span> <span class='ocrx_word' id='word_1_727' title='bbox 2930 4034 3063 4089; x_wconf 89' lang='lat' dir='ltr'><strong>istos</strong></span> <span class='ocrx_word' id='word_1_728' title='bbox 3091 4035 3197 4088; x_wconf 81' lang='lat' dir='ltr'><strong>vita</strong></span> <span class='ocrx_word' id='word_1_729' title='bbox 3226 4032 3498 4095; x_wconf 84' lang='lat' dir='ltr'><strong>defendat,</strong></span> 
     </span>
    </p>
   </div>
   <div class='ocr_carea' id='block_1_103' title="bbox 1914 4124 3500 4195">
    <p class='ocr_par' dir='ltr' id='par_1_103' title="bbox 1914 4124 3500 4195">
     <span class='ocr_line' id='line_1_103' title="bbox 1914 4124 3500 4195; baseline -0.001 -17"><span class='ocrx_word' id='word_1_730' title='bbox 1914 4140 2036 4195; x_wconf 77' lang='lat' dir='ltr'><strong>qua:</strong></span> <span class='ocrx_word' id='word_1_731' title='bbox 2060 4139 2179 4179; x_wconf 92' lang='lat' dir='ltr'><strong>cum</strong></span> <span class='ocrx_word' id='word_1_732' title='bbox 2210 4124 2412 4189; x_wconf 90' lang='lat' dir='ltr'><strong>dicunt,</strong></span> <span class='ocrx_word' id='word_1_733' title='bbox 2445 4125 2535 4194; x_wconf 91' lang='lat' dir='ltr'><strong>qui</strong></span> <span class='ocrx_word' id='word_1_734' title='bbox 2579 4142 2741 4181; x_wconf 91' lang='lat' dir='ltr'><strong>unum</strong></span> <span class='ocrx_word' id='word_1_735' title='bbox 2772 4126 2826 4181; x_wconf 92' lang='lat' dir='ltr'><strong>in</strong></span> <span class='ocrx_word' id='word_1_736' title='bbox 2857 4127 3063 4195; x_wconf 80' lang='lat' dir='ltr'><strong>origine</strong></span> <span class='ocrx_word' id='word_1_737' title='bbox 3104 4125 3389 4195; x_wconf 87' lang='lat' dir='ltr'><strong>perditum,</strong></span> <span class='ocrx_word' id='word_1_738' title='bbox 3422 4124 3500 4177; x_wconf 87' lang='lat' dir='ltr'><strong>al-</strong></span> 
     </span>
    </p>
   </div>
   <div class='ocr_carea' id='block_1_104' title="bbox 1916 4216 3497 4289">
    <p class='ocr_par' dir='ltr' id='par_1_104' title="bbox 1916 4216 3497 4289">
     <span class='ocr_line' id='line_1_104' title="bbox 1916 4216 3497 4289; baseline -0.001 -16"><span class='ocrx_word' id='word_1_739' title='bbox 1916 4228 2088 4274; x_wconf 92' lang='lat' dir='ltr'><strong>terum</strong></span> <span class='ocrx_word' id='word_1_740' title='bbox 2117 4220 2169 4274; x_wconf 90' lang='lat' dir='ltr'><strong>in</strong></span> <span class='ocrx_word' id='word_1_741' title='bbox 2204 4220 2673 4289; x_wconf 75' lang='lat' dir='ltr'><strong>przedestinatione</strong></span> <span class='ocrx_word' id='word_1_742' title='bbox 2701 4219 2935 4273; x_wconf 83' lang='lat' dir='ltr'><strong>affirmat</strong></span> <span class='ocrx_word' id='word_1_743' title='bbox 2961 4221 3211 4283; x_wconf 88' lang='lat' dir='ltr'><strong>electum,</strong></span> <span class='ocrx_word' id='word_1_744' title='bbox 3244 4216 3361 4271; x_wconf 84' lang='lat' dir='ltr'><strong>vide</strong></span> <span class='ocrx_word' id='word_1_745' title='bbox 3391 4233 3497 4287; x_wconf 91' lang='lat' dir='ltr'><strong>quo</strong></span> 
     </span>
    </p>
   </div>
   <div class='ocr_carea' id='block_1_105' title="bbox 1914 4310 3497 4383">
    <p class='ocr_par' dir='ltr' id='par_1_105' title="bbox 1914 4310 3497 4383">
     <span class='ocr_line' id='line_1_105' title="bbox 1914 4310 3497 4383; baseline -0.001 -16"><span class='ocrx_word' id='word_1_746' title='bbox 1914 4313 2157 4382; x_wconf 90' lang='lat' dir='ltr'><strong>improba</strong></span> <span class='ocrx_word' id='word_1_747' title='bbox 2190 4316 2539 4383; x_wconf 89' lang='lat' dir='ltr'><strong>persuasione</strong></span> <span class='ocrx_word' id='word_1_748' title='bbox 2566 4314 2816 4369; x_wconf 88' lang='lat' dir='ltr'><strong>declinet.</strong></span> <span class='ocrx_word' id='word_1_749' title='bbox 2842 4313 2975 4380; x_wconf 87' lang='lat' dir='ltr'><strong>Quid</strong></span> <span class='ocrx_word' id='word_1_750' title='bbox 3007 4314 3149 4367; x_wconf 89' lang='lat' dir='ltr'><strong>enim</strong></span> <span class='ocrx_word' id='word_1_751' title='bbox 3179 4311 3319 4367; x_wconf 90' lang='lat' dir='ltr'><strong>aliud</strong></span> <span class='ocrx_word' id='word_1_752' title='bbox 3348 4310 3497 4375; x_wconf 90' lang='lat' dir='ltr'><strong>dicit,</strong></span> 
     </span>
    </p>
   </div>
   <div class='ocr_carea' id='block_1_106' title="bbox 1914 4402 3497 4474">
    <p class='ocr_par' dir='ltr' id='par_1_106' title="bbox 1914 4402 3497 4474">
     <span class='ocr_line' id='line_1_106' title="bbox 1914 4402 3497 4474; baseline 0.001 -18"><span class='ocrx_word' id='word_1_753' title='bbox 1914 4403 2014 4457; x_wconf 90' lang='lat' dir='ltr'><strong>nisi</strong></span> <span class='ocrx_word' id='word_1_754' title='bbox 2059 4404 2209 4471; x_wconf 87' lang='lat' dir='ltr'><strong>quod</strong></span> <span class='ocrx_word' id='word_1_755' title='bbox 2245 4406 2510 4474; x_wconf 88' lang='lat' dir='ltr'><strong>adjutorio</strong></span> <span class='ocrx_word' id='word_1_756' title='bbox 2544 4405 2801 4462; x_wconf 90' lang='lat' dir='ltr'><strong>orationis</strong></span> <span class='ocrx_word' id='word_1_757' title='bbox 2829 4413 3016 4460; x_wconf 89' lang='lat' dir='ltr'><strong>neuter</strong></span> <span class='ocrx_word' id='word_1_758' title='bbox 3060 4403 3337 4473; x_wconf 87' lang='lat' dir='ltr'><strong>indigeat?</strong></span> <span class='ocrx_word' id='word_1_759' title='bbox 3364 4402 3497 4458; x_wconf 86' lang='lat' dir='ltr'><strong>Nam</strong></span> 
     </span>
    </p>
   </div>
   <div class='ocr_carea' id='block_1_107' title="bbox 1908 4493 3499 4565">
    <p class='ocr_par' dir='ltr' id='par_1_107' title="bbox 1908 4493 3499 4565">
     <span class='ocr_line' id='line_1_107' title="bbox 1908 4493 3499 4565; baseline 0 -17"><span class='ocrx_word' id='word_1_760' title='bbox 1908 4493 2020 4563; x_wconf 84' lang='lat' dir='ltr'><strong>jam</strong></span> <span class='ocrx_word' id='word_1_761' title='bbox 2052 4497 2425 4565; x_wconf 67' lang='lat' dir='ltr'><strong>praeordinatis</strong></span> <span class='ocrx_word' id='word_1_762' title='bbox 2473 4497 2539 4551; x_wconf 92' lang='lat' dir='ltr'><strong>ad</strong></span> <span class='ocrx_word' id='word_1_763' title='bbox 2571 4498 2733 4551; x_wconf 78' lang='lat' dir='ltr'><strong>vitam</strong></span> <span class='ocrx_word' id='word_1_764' title='bbox 2765 4498 3065 4551; x_wconf 85' lang='lat' dir='ltr'><strong>necessaria</strong></span> <span class='ocrx_word' id='word_1_765' title='bbox 3099 4512 3203 4550; x_wconf 90' lang='lat' dir='ltr'><strong>non</strong></span> <span class='ocrx_word' id='word_1_766' title='bbox 3248 4496 3372 4562; x_wconf 92' lang='lat' dir='ltr'><strong>erit,</strong></span> <span class='ocrx_word' id='word_1_767' title='bbox 3408 4496 3499 4549; x_wconf 89' lang='lat' dir='ltr'><strong>de-</strong></span> 
     </span>
    </p>
   </div>
   <div class='ocr_carea' id='block_1_108' title="bbox 1917 4583 3498 4656">
    <p class='ocr_par' dir='ltr' id='par_1_108' title="bbox 1917 4583 3498 4656">
     <span class='ocr_line' id='line_1_108' title="bbox 1917 4583 3498 4656; baseline -0.003 -15"><span class='ocrx_word' id='word_1_768' title='bbox 1917 4587 2116 4656; x_wconf 89' lang='lat' dir='ltr'><strong>putatis</strong></span> <span class='ocrx_word' id='word_1_769' title='bbox 2144 4588 2210 4641; x_wconf 88' lang='lat' dir='ltr'><strong>ad</strong></span> <span class='ocrx_word' id='word_1_770' title='bbox 2241 4597 2467 4642; x_wconf 91' lang='lat' dir='ltr'><strong>mortem</strong></span> <span class='ocrx_word' id='word_1_771' title='bbox 2508 4586 2764 4656; x_wconf 90' lang='lat' dir='ltr'><strong>prodesse</strong></span> <span class='ocrx_word' id='word_1_772' title='bbox 2804 4601 2908 4639; x_wconf 90' lang='lat' dir='ltr'><strong>non</strong></span> <span class='ocrx_word' id='word_1_773' title='bbox 2943 4583 3157 4654; x_wconf 88' lang='lat' dir='ltr'><strong>poterit.</strong></span> <span class='ocrx_word' id='word_1_774' title='bbox 3186 4584 3241 4637; x_wconf 88' lang='lat' dir='ltr'><strong>In</strong></span> <span class='ocrx_word' id='word_1_775' title='bbox 3274 4585 3380 4637; x_wconf 90' lang='lat' dir='ltr'><strong>isto</strong></span> <span class='ocrx_word' id='word_1_776' title='bbox 3409 4598 3498 4638; x_wconf 88' lang='lat' dir='ltr'><strong>su-</strong></span> 
     </span>
    </p>
   </div>
   <div class='ocr_carea' id='block_1_109' title="bbox 1919 4674 3500 4747">
    <p class='ocr_par' dir='ltr' id='par_1_109' title="bbox 1919 4674 3500 4747">
     <span class='ocr_line' id='line_1_109' title="bbox 1919 4674 3500 4747; baseline -0.002 -16"><span class='ocrx_word' id='word_1_777' title='bbox 1919 4692 2203 4747; x_wconf 87' lang='lat' dir='ltr'><strong>pervacua,</strong></span> <span class='ocrx_word' id='word_1_778' title='bbox 2255 4680 2306 4732; x_wconf 89' lang='lat' dir='ltr'><strong>in</strong></span> <span class='ocrx_word' id='word_1_779' title='bbox 2353 4679 2445 4732; x_wconf 90' lang='lat' dir='ltr'><strong>illo</strong></span> <span class='ocrx_word' id='word_1_780' title='bbox 2476 4678 2681 4730; x_wconf 89' lang='lat' dir='ltr'><strong>infirma</strong></span> <span class='ocrx_word' id='word_1_781' title='bbox 2706 4675 3051 4745; x_wconf 85' lang='lat' dir='ltr'><strong>judicabitur.</strong></span> <span class='ocrx_word' id='word_1_782' title='bbox 3087 4674 3349 4729; x_wconf 86' lang='lat' dir='ltr'><strong>Beneficia</strong></span> <span class='ocrx_word' id='word_1_783' title='bbox 3375 4689 3500 4743; x_wconf 88' lang='lat' dir='ltr'><strong>sup-</strong></span> 
     </span>
    </p>
   </div>
   <div class='ocr_carea' id='block_1_110' title="bbox 1918 4762 3501 4837">
    <p class='ocr_par' dir='ltr' id='par_1_110' title="bbox 1918 4762 3501 4837">
     <span class='ocr_line' id='line_1_110' title="bbox 1918 4762 3501 4837; baseline -0.003 -15"><span class='ocrx_word' id='word_1_784' title='bbox 1918 4767 2221 4837; x_wconf 88' lang='lat' dir='ltr'><strong>plicationis</strong></span> <span class='ocrx_word' id='word_1_785' title='bbox 2258 4768 2347 4837; x_wconf 91' lang='lat' dir='ltr'><strong>qui</strong></span> <span class='ocrx_word' id='word_1_786' title='bbox 2394 4769 2446 4821; x_wconf 91' lang='lat' dir='ltr'><strong>in</strong></span> <span class='ocrx_word' id='word_1_787' title='bbox 2489 4766 2840 4836; x_wconf 84' lang='lat' dir='ltr'><strong>acquisitione</strong></span> <span class='ocrx_word' id='word_1_788' title='bbox 2888 4762 3370 4834; x_wconf 78' lang='lat' dir='ltr'><strong>praedestinationis</strong></span> <span class='ocrx_word' id='word_1_789' title='bbox 3415 4770 3501 4817; x_wconf 88' lang='lat' dir='ltr'><strong>est</strong></span> 
     </span>
    </p>
   </div>
   <div class='ocr_carea' id='block_1_111' title="bbox 1920 4856 3499 4930">
    <p class='ocr_par' dir='ltr' id='par_1_111' title="bbox 1920 4856 3499 4930">
     <span class='ocr_line' id='line_1_111' title="bbox 1920 4856 3499 4930; baseline -0.003 -15"><span class='ocrx_word' id='word_1_790' title='bbox 1920 4876 2029 4916; x_wconf 90' lang='lat' dir='ltr'><strong>non</strong></span> <span class='ocrx_word' id='word_1_791' title='bbox 2060 4859 2318 4930; x_wconf 91' lang='lat' dir='ltr'><strong>requirit;</strong></span> <span class='ocrx_word' id='word_1_792' title='bbox 2360 4860 2449 4929; x_wconf 90' lang='lat' dir='ltr'><strong>qui</strong></span> <span class='ocrx_word' id='word_1_793' title='bbox 2478 4872 2605 4912; x_wconf 91' lang='lat' dir='ltr'><strong>vero</strong></span> <span class='ocrx_word' id='word_1_794' title='bbox 2650 4857 2703 4911; x_wconf 91' lang='lat' dir='ltr'><strong>in</strong></span> <span class='ocrx_word' id='word_1_795' title='bbox 2734 4856 3049 4926; x_wconf 91' lang='lat' dir='ltr'><strong>perditionis</strong></span> <span class='ocrx_word' id='word_1_796' title='bbox 3077 4865 3247 4924; x_wconf 90' lang='lat' dir='ltr'><strong>parte,</strong></span> <span class='ocrx_word' id='word_1_797' title='bbox 3281 4871 3385 4910; x_wconf 92' lang='lat' dir='ltr'><strong>non</strong></span> <span class='ocrx_word' id='word_1_798' title='bbox 3411 4869 3499 4911; x_wconf 85' lang='lat' dir='ltr'><strong>re-</strong></span> 
     </span>
    </p>
   </div>
   <div class='ocr_carea' id='block_1_112' title="bbox 1920 4948 3497 5021">
    <p class='ocr_par' dir='ltr' id='par_1_112' title="bbox 1920 4948 3497 5021">
     <span class='ocr_line' id='line_1_112' title="bbox 1920 4948 3497 5021; baseline -0.004 -13"><span class='ocrx_word' id='word_1_799' title='bbox 1920 4954 2068 5021; x_wconf 86' lang='lat' dir='ltr'><strong>cipit.</strong></span> <span class='ocrx_word' id='word_1_800' title='bbox 2098 4951 2250 5020; x_wconf 89' lang='lat' dir='ltr'><strong>Quod</strong></span> <span class='ocrx_word' id='word_1_801' title='bbox 2294 4952 2337 5007; x_wconf 94' lang='lat' dir='ltr'><strong>si</strong></span> <span class='ocrx_word' id='word_1_802' title='bbox 2369 4965 2550 5007; x_wconf 88' lang='lat' dir='ltr'><strong>curam</strong></span> <span class='ocrx_word' id='word_1_803' title='bbox 2582 4949 2991 5020; x_wconf 88' lang='lat' dir='ltr'><strong>impendendam</strong></span> <span class='ocrx_word' id='word_1_804' title='bbox 3023 4950 3251 5003; x_wconf 72' lang='lat' dir='ltr'><strong>mstimat</strong></span> <span class='ocrx_word' id='word_1_805' title='bbox 3280 4948 3497 5015; x_wconf 89' lang='lat' dir='ltr'><strong>rationi,</strong></span> 
     </span>
    </p>
   </div>
   <div class='ocr_carea' id='block_1_113' title="bbox 1921 5043 3499 5115">
    <p class='ocr_par' dir='ltr' id='par_1_113' title="bbox 1921 5043 3499 5115">
     <span class='ocr_line' id='line_1_113' title="bbox 1921 5043 3499 5115; baseline -0.004 -14"><span class='ocrx_word' id='word_1_806' title='bbox 1921 5047 2283 5101; x_wconf 89' lang='lat' dir='ltr'><strong>indubitanter</strong></span> <span class='ocrx_word' id='word_1_807' title='bbox 2315 5044 2571 5115; x_wconf 89' lang='lat' dir='ltr'><strong>intelligat</strong></span> <span class='ocrx_word' id='word_1_808' title='bbox 2608 5060 2671 5100; x_wconf 87' lang='lat' dir='ltr'><strong>ea</strong></span> <span class='ocrx_word' id='word_1_809' title='bbox 2715 5059 2833 5113; x_wconf 73' lang='lat' dir='ltr'><strong>qua:</strong></span> <span class='ocrx_word' id='word_1_810' title='bbox 2882 5043 3164 5098; x_wconf 91' lang='lat' dir='ltr'><strong>imminent</strong></span> <span class='ocrx_word' id='word_1_811' title='bbox 3197 5055 3355 5110; x_wconf 88' lang='lat' dir='ltr'><strong>posse</strong></span> <span class='ocrx_word' id='word_1_812' title='bbox 3385 5056 3499 5095; x_wconf 39' lang='lat' dir='ltr'><strong>mus</strong></span> 
     </span>
    </p>
   </div>
   <div class='ocr_carea' id='block_1_114' title="bbox 1921 5132 3497 5205">
    <p class='ocr_par' dir='ltr' id='par_1_114' title="bbox 1921 5132 3497 5205">
     <span class='ocr_line' id='line_1_114' title="bbox 1921 5132 3497 5205; baseline -0.004 -14"><span class='ocrx_word' id='word_1_813' title='bbox 1921 5138 2043 5204; x_wconf 91' lang='lat' dir='ltr'><strong>tari,</strong></span> <span class='ocrx_word' id='word_1_814' title='bbox 2078 5136 2371 5191; x_wconf 88' lang='lat' dir='ltr'><strong>secundum</strong></span> <span class='ocrx_word' id='word_1_815' title='bbox 2401 5135 2527 5190; x_wconf 89' lang='lat' dir='ltr'><strong>illud</strong></span> <span class='ocrx_word' id='word_1_816' title='bbox 2561 5135 2933 5205; x_wconf 76' lang='lat' dir='ltr'><strong>Evangelicum</strong></span> <span class='ocrx_word' id='word_1_817' title='bbox 2965 5151 2975 5186; x_wconf 90' lang='lat'><strong>:</strong></span> <span class='ocrx_word' id='word_1_818' title='bbox 3008 5132 3231 5205; x_wconf 77' lang='lat' dir='ltr'><strong>Vigilate</strong></span> <span class='ocrx_word' id='word_1_819' title='bbox 3255 5142 3300 5185; x_wconf 84' lang='lat' dir='ltr'><strong>et</strong></span> <span class='ocrx_word' id='word_1_820' title='bbox 3337 5142 3497 5197; x_wconf 84' lang='lat' dir='ltr'><strong>orate,</strong></span> 
     </span>
    </p>
   </div>
   <div class='ocr_carea' id='block_1_115' title="bbox 1916 5221 3499 5297">
    <p class='ocr_par' dir='ltr' id='par_1_115' title="bbox 1916 5221 3499 5297">
     <span class='ocr_line' id='line_1_115' title="bbox 1916 5221 3499 5297; baseline -0.007 -14"><span class='ocrx_word' id='word_1_821' title='bbox 1916 5246 1985 5285; x_wconf 81' lang='lat' dir='ltr'><strong>ne</strong></span> <span class='ocrx_word' id='word_1_822' title='bbox 2023 5230 2224 5282; x_wconf 80' lang='lat' dir='ltr'><strong>intretis</strong></span> <span class='ocrx_word' id='word_1_823' title='bbox 2250 5230 2304 5282; x_wconf 89' lang='lat' dir='ltr'><strong>in</strong></span> <span class='ocrx_word' id='word_1_824' title='bbox 2344 5228 2665 5281; x_wconf 83' lang='lat' dir='ltr'><strong>teutalionem</strong></span> <span class='ocrx_word' id='word_1_825' title='bbox 2699 5224 2890 5297; x_wconf 77' lang='lat' dir='ltr'><strong>(Marc.</strong></span> <span class='ocrx_word' id='word_1_826' title='bbox 2925 5224 3035 5292; x_wconf 85' lang='lat' dir='ltr'><strong>xv).</strong></span> <span class='ocrx_word' id='word_1_827' title='bbox 3080 5223 3207 5277; x_wconf 82' lang='lat' dir='ltr'><strong>Item</strong></span> <span class='ocrx_word' id='word_1_828' title='bbox 3235 5239 3247 5275; x_wconf 91' lang='lat'><strong>:</strong></span> <span class='ocrx_word' id='word_1_829' title='bbox 3282 5221 3499 5291; x_wconf 82' lang='lat' dir='ltr'><strong>Vigilale</strong></span> 
     </span>
    </p>
   </div>
   <div class='ocr_carea' id='block_1_116' title="bbox 1913 5313 3497 5392">
    <p class='ocr_par' dir='ltr' id='par_1_116' title="bbox 1913 5313 3497 5392">
     <span class='ocr_line' id='line_1_116' title="bbox 1913 5313 3497 5392; baseline -0.008 -15"><span class='ocrx_word' id='word_1_830' title='bbox 1913 5324 2086 5392; x_wconf 82' lang='lat' dir='ltr'><strong>itaque</strong></span> <span class='ocrx_word' id='word_1_831' title='bbox 2108 5323 2245 5375; x_wconf 83' lang='lat' dir='ltr'><strong>omni</strong></span> <span class='ocrx_word' id='word_1_832' title='bbox 2278 5331 2519 5388; x_wconf 83' lang='lat' dir='ltr'><strong>tempore,</strong></span> <span class='ocrx_word' id='word_1_833' title='bbox 2546 5329 2746 5372; x_wconf 82' lang='lat' dir='ltr'><strong>orantes</strong></span> <span class='ocrx_word' id='word_1_834' title='bbox 2776 5325 2830 5369; x_wconf 84' lang='lat' dir='ltr'><strong>ut</strong></span> <span class='ocrx_word' id='word_1_835' title='bbox 2852 5316 2993 5387; x_wconf 84' lang='lat' dir='ltr'><strong>digni</strong></span> <span class='ocrx_word' id='word_1_836' title='bbox 3017 5314 3303 5367; x_wconf 84' lang='lat' dir='ltr'><strong>habeamini</strong></span> <span class='ocrx_word' id='word_1_837' title='bbox 3325 5313 3497 5385; x_wconf 75' lang='lat' dir='ltr'><strong>fugere</strong></span> 
     </span>
    </p>
   </div>
   <div class='ocr_carea' id='block_1_117' title="bbox 1916 5403 3501 5485">
    <p class='ocr_par' dir='ltr' id='par_1_117' title="bbox 1916 5403 3501 5485">
     <span class='ocr_line' id='line_1_117' title="bbox 1916 5403 3501 5485; baseline -0.009 -15"><span class='ocrx_word' id='word_1_838' title='bbox 1916 5418 2016 5470; x_wconf 83' lang='lat' dir='ltr'><strong>ista</strong></span> <span class='ocrx_word' id='word_1_839' title='bbox 2040 5416 2212 5470; x_wconf 85' lang='lat' dir='ltr'><strong>omnia</strong></span> <span class='ocrx_word' id='word_1_840' title='bbox 2232 5429 2346 5485; x_wconf 73' lang='lat' dir='ltr'><strong>qua:</strong></span> <span class='ocrx_word' id='word_1_841' title='bbox 2370 5416 2544 5482; x_wconf 80' lang='lat' dir='ltr'><strong>futura</strong></span> <span class='ocrx_word' id='word_1_842' title='bbox 2568 5419 2686 5465; x_wconf 80' lang='lat' dir='ltr'><strong>sunt</strong></span> <span class='ocrx_word' id='word_1_843' title='bbox 2704 5450 2717 5473; x_wconf 92' lang='lat'><strong>,</strong></span> <span class='ocrx_word' id='word_1_844' title='bbox 2742 5419 2791 5464; x_wconf 83' lang='lat' dir='ltr'><strong>et</strong></span> <span class='ocrx_word' id='word_1_845' title='bbox 2815 5420 2948 5464; x_wconf 81' lang='lat' dir='ltr'><strong>stare</strong></span> <span class='ocrx_word' id='word_1_846' title='bbox 2971 5417 3087 5461; x_wconf 83' lang='lat' dir='ltr'><strong>ante</strong></span> <span class='ocrx_word' id='word_1_847' title='bbox 3113 5403 3161 5456; x_wconf 86' lang='lat' dir='ltr'><em>F</em></span> <span class='ocrx_word' id='word_1_848' title='bbox 3165 5406 3309 5458; x_wconf 84' lang='lat' dir='ltr'><strong>ilium</strong></span> <span class='ocrx_word' id='word_1_849' title='bbox 3335 5404 3474 5458; x_wconf 81' lang='lat' dir='ltr'><strong>hami</strong></span> <span class='ocrx_word' id='word_1_850' title='bbox 3488 5434 3501 5443; x_wconf 93' lang='lat'><strong>-</strong></span> 
     </span>
    </p>
   </div>
   <div class='ocr_carea' id='block_1_118' title="bbox 1917 5497 3500 5580">
    <p class='ocr_par' dir='ltr' id='par_1_118' title="bbox 1917 5497 3500 5580">
     <span class='ocr_line' id='line_1_118' title="bbox 1917 5497 3500 5580; baseline -0.01 -16"><span class='ocrx_word' id='word_1_851' title='bbox 1917 5511 1997 5564; x_wconf 81' lang='lat' dir='ltr'><strong>nis</strong></span> <span class='ocrx_word' id='word_1_852' title='bbox 2024 5509 2176 5580; x_wconf 88' lang='lat' dir='ltr'><strong>(Luc.</strong></span> <span class='ocrx_word' id='word_1_853' title='bbox 2208 5508 2324 5577; x_wconf 85' lang='lat' dir='ltr'><strong>xu).</strong></span> <span class='ocrx_word' id='word_1_854' title='bbox 2349 5509 2412 5561; x_wconf 84' lang='lat' dir='ltr'><strong>Et</strong></span> <span class='ocrx_word' id='word_1_855' title='bbox 2432 5508 2623 5561; x_wconf 89' lang='lat' dir='ltr'><strong>iterum</strong></span> <span class='ocrx_word' id='word_1_856' title='bbox 2649 5519 2664 5558; x_wconf 89' lang='lat'><strong>:</strong></span> <span class='ocrx_word' id='word_1_857' title='bbox 2688 5501 2801 5557; x_wconf 85' lang='lat' dir='ltr'><strong>Hoc</strong></span> <span class='ocrx_word' id='word_1_858' title='bbox 2831 5516 2986 5571; x_wconf 81' lang='lat' dir='ltr'><strong>genus</strong></span> <span class='ocrx_word' id='word_1_859' title='bbox 3016 5498 3254 5553; x_wconf 75' lang='lat' dir='ltr'><strong>dmonii</strong></span> <span class='ocrx_word' id='word_1_860' title='bbox 3277 5514 3376 5551; x_wconf 85' lang='lat' dir='ltr'><strong>non</strong></span> <span class='ocrx_word' id='word_1_861' title='bbox 3406 5497 3500 5561; x_wconf 85' lang='lat' dir='ltr'><strong>eii-</strong></span> 
     </span>
    </p>
   </div>
   <div class='ocr_carea' id='block_1_119' title="bbox 1914 5588 3500 5671">
    <p class='ocr_par' dir='ltr' id='par_1_119' title="bbox 1914 5588 3500 5671">
     <span class='ocr_line' id='line_1_119' title="bbox 1914 5588 3500 5671; baseline -0.008 -14"><span class='ocrx_word' id='word_1_862' title='bbox 1914 5605 2048 5657; x_wconf 81' lang='lat' dir='ltr'><strong>citur</strong></span> <span class='ocrx_word' id='word_1_863' title='bbox 2066 5604 2164 5656; x_wconf 78' lang='grc' dir='ltr'><strong>ηἰδὶ</strong></span> <span class='ocrx_word' id='word_1_864' title='bbox 2186 5617 2273 5671; x_wconf 87' lang='lat' dir='ltr'><strong>per</strong></span> <span class='ocrx_word' id='word_1_865' title='bbox 2293 5600 2571 5654; x_wconf 82' lang='lat' dir='ltr'><strong>orationem</strong></span> <span class='ocrx_word' id='word_1_866' title='bbox 2593 5606 2639 5650; x_wconf 88' lang='lat' dir='ltr'><strong>et</strong></span> <span class='ocrx_word' id='word_1_867' title='bbox 2650 5596 2909 5666; x_wconf 84' lang='lat' dir='ltr'><strong>jejunium</strong></span> <span class='ocrx_word' id='word_1_868' title='bbox 2935 5591 3145 5664; x_wconf 81' lang='lat' dir='ltr'><strong>(Matth.</strong></span> <span class='ocrx_word' id='word_1_869' title='bbox 3169 5590 3324 5660; x_wconf 81' lang='lat' dir='ltr'><strong>xvii).</strong></span> <span class='ocrx_word' id='word_1_870' title='bbox 3348 5588 3500 5657; x_wconf 87' lang='lat' dir='ltr'><strong>Quod</strong></span> 
     </span>
    </p>
   </div>
   <div class='ocr_carea' id='block_1_120' title="bbox 1915 5682 3501 5756">
    <p class='ocr_par' dir='ltr' id='par_1_120' title="bbox 1915 5682 3501 5756">
     <span class='ocr_line' id='line_1_120' title="bbox 1915 5682 3501 5756; baseline -0.012 -3"><span class='ocrx_word' id='word_1_871' title='bbox 1915 5698 1962 5752; x_wconf 89' lang='lat' dir='ltr'><strong>si</strong></span> <span class='ocrx_word' id='word_1_872' title='bbox 1991 5697 2165 5752; x_wconf 90' lang='lat' dir='ltr'><strong>oratio</strong></span> <span class='ocrx_word' id='word_1_873' title='bbox 2194 5692 2496 5750; x_wconf 87' lang='lat' dir='ltr'><strong>necessaria</strong></span> <span class='ocrx_word' id='word_1_874' title='bbox 2525 5706 2629 5745; x_wconf 93' lang='lat' dir='ltr'><strong>non</strong></span> <span class='ocrx_word' id='word_1_875' title='bbox 2662 5698 2763 5755; x_wconf 91' lang='lat' dir='ltr'><strong>est,</strong></span> <span class='ocrx_word' id='word_1_876' title='bbox 2798 5703 2893 5743; x_wconf 90' lang='lat' dir='ltr'><strong>cur</strong></span> <span class='ocrx_word' id='word_1_877' title='bbox 2937 5685 3052 5756; x_wconf 91' lang='lat' dir='ltr'><strong>ipse</strong></span> <span class='ocrx_word' id='word_1_878' title='bbox 3079 5685 3168 5755; x_wconf 92' lang='lat' dir='ltr'><strong>qui</strong></span> <span class='ocrx_word' id='word_1_879' title='bbox 3200 5682 3501 5739; x_wconf 85' lang='lat' dir='ltr'><strong>exorandus</strong></span> 
     </span>
    </p>
   </div>
   <div class='ocr_carea' id='block_1_121' title="bbox 1916 5775 3501 5853">
    <p class='ocr_par' dir='ltr' id='par_1_121' title="bbox 1916 5775 3501 5853">
     <span class='ocr_line' id='line_1_121' title="bbox 1916 5775 3501 5853; baseline -0.012 -10"><span class='ocrx_word' id='word_1_880' title='bbox 1916 5797 2035 5853; x_wconf 91' lang='lat' dir='ltr'><strong>est,</strong></span> <span class='ocrx_word' id='word_1_881' title='bbox 2065 5787 2288 5842; x_wconf 86' lang='lat' dir='ltr'><strong>formam</strong></span> <span class='ocrx_word' id='word_1_882' title='bbox 2321 5782 2582 5840; x_wconf 91' lang='lat' dir='ltr'><strong>orationis</strong></span> <span class='ocrx_word' id='word_1_883' title='bbox 2610 5778 2837 5836; x_wconf 88' lang='lat' dir='ltr'><strong>instituit</strong></span> <span class='ocrx_word' id='word_1_884' title='bbox 2865 5787 2920 5833; x_wconf 91' lang='lat' dir='ltr'><strong>et</strong></span> <span class='ocrx_word' id='word_1_885' title='bbox 2947 5776 3161 5832; x_wconf 83' lang='lat' dir='ltr'><strong>oravit?</strong></span> <span class='ocrx_word' id='word_1_886' title='bbox 3201 5775 3255 5829; x_wconf 92' lang='lat' dir='ltr'><strong>In</strong></span> <span class='ocrx_word' id='word_1_887' title='bbox 3283 5790 3346 5829; x_wconf 58' lang='lat' dir='ltr'><strong>ea</strong></span> <span class='ocrx_word' id='word_1_888' title='bbox 3374 5787 3501 5841; x_wconf 84' lang='lat' dir='ltr'><strong>ergo</strong></span> 
     </span>
    </p>
   </div>
   <div class='ocr_carea' id='block_1_122' title="bbox 1920 5862 3498 5944">
    <p class='ocr_par' dir='ltr' id='par_1_122' title="bbox 1920 5862 3498 5944">
     <span class='ocr_line' id='line_1_122' title="bbox 1920 5862 3498 5944; baseline -0.011 -10"><span class='ocrx_word' id='word_1_889' title='bbox 1920 5880 2010 5944; x_wconf 84' lang='lat' dir='ltr'><strong>qui</strong></span> <span class='ocrx_word' id='word_1_890' title='bbox 2043 5878 2267 5937; x_wconf 86' lang='lat' dir='ltr'><strong>indoctis</strong></span> <span class='ocrx_word' id='word_1_891' title='bbox 2302 5876 2521 5934; x_wconf 88' lang='lat' dir='ltr'><strong>auribus</strong></span> <span class='ocrx_word' id='word_1_892' title='bbox 2550 5872 2717 5934; x_wconf 82' lang='lat' dir='ltr'><strong>solius</strong></span> <span class='ocrx_word' id='word_1_893' title='bbox 2742 5868 2928 5942; x_wconf 65' lang='lat' dir='ltr'><strong>gratia:</strong></span> <span class='ocrx_word' id='word_1_894' title='bbox 2958 5868 3253 5925; x_wconf 83' lang='lat' dir='ltr'><strong>assertione</strong></span> <span class='ocrx_word' id='word_1_895' title='bbox 3293 5862 3498 5919; x_wconf 23' lang='lat' dir='ltr'><strong>blandi.</strong></span> 
     </span>
    </p>
   </div>
  </div>
