4060 6332
562 406 660 461 791

1791 397 1846 448 S.
1879 393 2133 448 +‘Al'tS'l'l
2179 390 2582 446 HHEGIENSIS

3711 389 3810 445 751

560 528 644 572 tur
688 512 1059 585 prOplteticum
1091 508 1218 563 illttd
1250 505 1551 575 itnplcbilur
1578 524 1587 558 :
1621 505 1902 576 .ilttltgnus,
1939 504 2128 572 inquit,
2162 505 2212 562 Α
2240 502 2362 555 Jesu
2393 504 2672 565 credimus,
2713 509 2765 554 ut
2786 500 3129 568 justiﬁcemur
3157 514 3217 551 ex
3247 500 3347 566 ﬁde
3379 499 3604 563 Christi,
3636 509 3682 553 et
3713 517 3811 554 non

558 614 723 673 nocet,
747 621 858 658 cum
897 620 949 658 se
976 600 1340 656 commiscuerit
1363 600 1528 667 justo.
1566 598 1695 651 Auri
1724 596 1929 665 species
1960 596 2133 664 primo

556 699 737 752 colore
769 693 1068 766 ιιι-πίθηαι,
1123 692 1215 747 sed
1247 690 1447 760 plumbi
1479 690 1656 744 vilitas
1705 690 2024 743 intrinsecus
2051 687 2132 741 la-

469 815 479 837 -:
559 803 672 848 tere
700 787 1139 860 deprehenditur.
1165 784 1443 852 Quomodo
1474 785 1516 837 si
1546 784 1646 838 sub
1675 782 1897 851 pratlato
1927 780 2135 836 mentiti

555 882 689 936 civis
721 881 906 934 habitu
935 878 1111 934 subito
1134 876 1306 931 hostis
1333 883 1606 945 appareat,
1639 884 1730 928 aut
1770 873 1816 928 si
1846 887 1904 927 se
1935 871 2136 926 inimici

556 974 742 1028 dolosa
781 970 1048 1027 subtilitas
1093 969 1434 1038 transﬁguret
1481 967 1533 1021 in
1578 967 1823 1036 angelum
1870 964 2021 1032 lucis,
2065 964 2136 1017 ita

554 1066 655 1120 sub
679 1066 893 1136 pietatis
923 1063 1098 1119 fronte
1125 1060 1437 1131 gentilitatis
1460 1060 1682 1123 malum,
1707 1067 1762 1112 et
1790 1058 1925 1112 intra
1953 1055 2137 1125 gratia:

557 1157 911 1221 vocabulum,
962 1154 1334 1210 absconditum
1379 1153 1480 1207 erit
1525 1151 1682 1205 fatale
1731 1149 2028 1204 decretum.
2081 1148 2138 1204 Si

555 1268 685 1321 ergo
715 1265 857 1305 unus
882 1249 948 1304 ad
991 1250 1176 1312 vitam,
1209 1247 1345 1302 alter
1389 1246 1456 1301 ad
1491 1245 1841 1314 perditionem
1871 1243 1962 1313 (ut
1990 1257 2140 1298 asse-

556 1342 702 1411 runt)
734 1343 1021 1412 deputatus
1064 1350 1148 1395 est
1189 1340 1348 1411 (sicut
1380 1338 1596 1408 quidam
1622 1346 1930 1391 sanctorum
1958 1335 2138 1404 dixit),
2211 1400 2214 1402 τ

559 1452 664 1491 non
701 1433 975 1505 judicandi
1022 1433 1316 1499 nascimur,
1368 1430 1464 1486 sed
1506 1429 1748 1499 judicati.
1805 1429 1986 1498 Neque
2033 1428 2140 1482 ulla

557 1530 660 1584 sibi
689 1529 839 1597 juxta
871 1526 984 1580 haec
1011 1524 1208 1594 poterit
1236 1523 1459 1593 tequitas
1489 1531 1739 1578 constare
1766 1521 1974 1591 judicii.
2008 1519 2139 1574 Nam

556 1622 600 1674 si
651 1620 779 1673 nihil
809 1619 948 1674 Deus
975 1616 1173 1672 famulo
1202 1615 1372 1684 dedit,
1401 1629 1432 1669 a
1463 1613 1665 1668 famulo
1716 1612 1843 1683 quid
1872 1611 2140 1683 reposcit?

1184 1727 1410 1784 CAPUT
1451 1726 1517 1782 ν.

557 1824 702 1892 Legis
734 1838 886 1889 opera
917 1821 1270 1892 destruantur,
1304 1827 1350 1892 et
1375 1817 1554 1892 gratia:
1581 1818 2015 1892 commendantur,
2046 1815 2144 1892 “vel

2238 613 2301 650 ea;
2331 597 2570 664 operibus
2601 593 2746 664 legis.
2799 590 3012 662 Propter
3042 592 3174 661 quod
3217 606 3279 642 ex
3306 591 3536 660 operibus
3565 591 3690 661 legis
3716 607 3814 645 non

2229 686 2602 759 justiﬁcabitur
2643 686 2803 738 omnis
2843 699 2965 735 caro
3008 697 3181 735 coram
3221 681 3313 735 illo
3341 679 3485 752 (Gal.
3531 681 3612 749 ιι).
3639 683 3715 735 Ac
3739 683 3817 737 sic

2239 779 2483 834 evacuari
2528 792 2687 846 opera
2721 789 2875 830 error
2904 774 3099 845 impius
3127 773 3295 839 dixit,
3342 774 3436 828 sed
3467 787 3586 842 quae
3618 773 3705 827 illa
3735 788 3818 828 es-

2239 881 2358 925 sent
2385 869 2569 925 dolosa
2594 866 2881 922 calliditate
2908 865 3227 935 suppressit.
3257 862 3407 918 Nunc
3434 877 3563 932 ergo
3590 863 3811 930 patieris

2241 959 2566 1029 intelligendi
2597 941 2983 1023 difﬁcultatem,
3016 956 3059 1010 si
3094 968 3439 1024 personarum
3468 955 3550 1008 vel
3587 968 3811 1022 operum

2243 1053 2574 1107 intellexeris
2603 1051 3014 1106 distinctionem.
3049 1049 3130 1103 Ad
3169 1047 3383 1103 Judzeos
3410 1049 3554 1102 enim
3584 1047 3816 1102 dicitur:

2246 1141 2365 1197 Non
2399 1143 2768 1212 justi/imbitur
2819 1158 2880 1195 ea:
2923 1140 3158 1212 aperibus
3189 1141 3313 1212 legis
3352 1139 3514 1193 omnis
3559 1155 3700 1193 caro.
3742 1139 3824 1196 Ad

2243 1235 2574 1292 Christianos
2605 1249 2737 1290 vero
2760 1233 2870 1302 jam
2905 1233 2956 1287 in
3002 1233 3217 1288 Christo
3246 1243 3484 1296 renatos,
3518 1231 3592 1286 ita
3625 1233 3813 1286 instru-

2244 1329 2437 1383 ctionis
2464 1343 2642 1383 sermo
2673 1327 2916 1398 dirigitur
2950 1344 2962 1378 :
2991 1325 3290 1393 Operamini
3319 1324 3502 1378 bonum
3528 1324 3597 1376 ad
3627 1339 3822 1389 omnes,

2246 1419 2465 1472 maxime
2485 1428 2655 1472 autem
2674 1418 2741 1471 ad
2764 1417 3062 1470 domesticos
3089 1416 3211 1484 ﬁdei
3227 1413 3369 1486 (Gal.
3386 1413 3488 1485 ιιι).
3515 1413 3582 1468 Et
3607 1414 3828 1483 iterum,

2248 1513 2444 1582 Itaque,
2473 1513 2655 1580 fratres
2682 1511 2780 1563 mei
2803 1509 2994 1576 dilecti,
3021 1507 3223 1563 stabiles
3243 1518 3397 1563 estote
3432 1517 3480 1562 et
3516 1507 3824 1574 immobiles,

2246 1603 2558 1657 abundantes
2597 1603 2649 1654 in
2681 1616 2828 1670 apere
2857 1598 3066 1654 Domini
3099 1615 3314 1670 semper,
3341 1599 3552 1654 scientes
3576 1599 3721 1668 quod
3754 1599 3827 1651 la-

2249 1697 2340 1750 bor
2375 1704 2533 1749 vester
2558 1709 2657 1748 non
2675 1703 2749 1748 est
2779 1692 2947 1746 inanis
2976 1692 3030 1745 in
3059 1690 3282 1746 Domino
3313 1689 3399 1762 (II
3424 1689 3544 1745 Cor.
3588 1691 3717 1759 xv);
3763 1690 3828 1745 ad

2249 1789 2610 1857 Christianos,
2661 1787 2910 1858 inquam,
2957 1785 3298 1841 dicitur:8ic
3333 1786 3498 1840 luceat
3524 1788 3615 1839 tua:
3660 1794 3828 1840 vestra

626 1878 804 1946 contra
837 1894 930 1945 hoc
963 1892 1096 1960 quod
1139 1878 1485 1943 inddctissime
1523 1889 1811 1942 testimonia
1849 1904 1941 1959 pro
1977 1878 2139 1942 solius
2172 1881 2221 1942 B
2247 1899 2416 1938 coram
2445 1881 2754 1946 hominibus,
2779 1889 2831 1933 ut
2856 1879 3058 1932 videant
3086 1895 3240 1948 opera
3266 1887 3430 1933 vestra
3459 1878 3610 1943 bona,
3638 1887 3685 1931 et
3717 1878 3828 1948 glo-

629 1965 808 2032 gratice
830 1963 1106 2016 assertione
1131 1969 1444 2032 praponunt.

628 2075 891 2144 Legimus,
927 2071 1190 2143 inquiunt,
1221 2070 1285 2126 ad
1315 2070 1614 2127 Romanos:
1637 2070 1699 2126 Si
1728 2071 1860 2125 enim
1880 2070 2137 2125 Abraham

555 2183 618 2220 ea:
643 2167 873 2236 operibus
884 2166 1198 2236 justi/iectus
1219 2172 1312 2226 est,
1335 2163 1480 2216 habet
1499 2163 1735 2233 gloriam,
1757 2163 1845 2217 sed
1871 2178 1970 2216 non
1994 2161 2136 2232 apud

552 2257 718 2313 Deum
747 2256 921 2329 (Rom.
953 2255 1050 2326 tv).
1074 2255 1202 2310 ltem
1229 2270 1243 2308 :
1269 2253 1335 2308 Ei
1363 2264 1531 2308 autem
1557 2254 1641 2323 qui
1663 2261 1918 2322 operatur,
1949 2269 2137 2308 merces

555 2366 656 2403 non
685 2351 962 2419 imputatur
987 2347 1263 2402 secundant
1291 2345 1542 2416 gratiam,
1571 2344 1659 2399 sed
1685 2346 1960 2398 secundum
1997 2345 2135 2398 debi—

555 2453 658 2496 tum
686 2441 899 2513 (lbid.).
925 2441 986 2496 Ei
1016 2450 1192 2495 autem
1226 2440 1316 2509 qui
1335 2454 1440 2493 non
1467 2446 1742 2508 operatur,
1770 2437 2006 2493 credenti
2037 2452 2136 2491 au-

555 2547 664 2591 tem
706 2537 757 2589 in
795 2550 917 2590 eum
960 2533 1049 2604 qui
1089 2532 1346 2603 justilicat
1390 2530 1610 2601 impium
1636 2568 1653 2596 ,
1701 2537 1975 2598 reputatur
2003 2528 2136 2584 ﬁdes

554 2628 670 2695 ejus
699 2626 765 2681 ad
794 2625 1070 2696 justitiam.
1095 2623 1318 2678 Addunt
1345 2623 1503 2677 etiam
1529 2639 1543 2676 :
1569 2621 1630 2678 Si
1649 2631 1817 2675 autem
1843 2621 2007 2690 gratia
2030 2637 2133 2674 non

555 2734 616 2773 ea:
644 2718 912 2789 aperibus,
954 2715 1146 2786 alioqui
1186 2716 1351 2788 gratia
1366 2718 1480 2787 jam
1520 2730 1620 2768 non
1661 2721 1735 2767 est
1761 2713 1928 2782 gratia
1955 2711 2131 2782 (Rom.

555 2810 668 2879 xi).
710 2809 912 2875 Quibus
963 2806 1400 2877 respondendum
1451 2812 1564 2871 est,
1612 2803 1720 2859 duo
1767 2819 1885 2859 esse
1931 2817 2131 2872 genera

555 2916 776 2971 operum
802 2942 819 2970 ,
867 2915 1094 2972 quorum
1126 2913 1288 2953 unum
1337 2905 1459 2969 post
1494 2896 1778 2952 adventum
1812 2895 2020 2950 Domini
2051 2908 2135 2950 re-

556 3005 823 3060 movetur,
867 2993 1009 3048 aliud
1059 2991 1408 3062 improbatur.
1447 2992 1579 3046 Nam
1618 2989 1961 3047 dicendozci
2005 3004 2134 3044 vero

554 3089 644 3157 qui
677 3103 783 3142 non
812 3096 1084 3156 operatur,
1129 3085 1369 3142 credenti
1398 3094 1578 3141 autem
1617 3085 1671 3140 ιιι
1702 3101 1825 3142 eum
1856 3085 1946 3155 qui
1972 3084 2130 3154 justi-

554 3178 679 3231 ﬁeat
699 3178 940 3247 impium,
966 3186 1241 3246 reputatur
1268 3177 1399 3230 ﬁdes
1427 3175 1542 3244 ejus
1563 3175 1630 3230 ad
1650 3175 2132 3244 justitiam,aperte

2240 1978 2438 2046 riﬁcent
2486 1974 2693 2028 Patrem
2741 1983 2980 2042 vestrum,
3023 1973 3112 2041 qui
3141 1981 3213 2026 est
3256 1972 3308 2025 in
3334 1971 3472 2026 ctelis
3501 1969 3716 2042 (Matth.
3751 1971 3828 2040 v),

2239 2065 2292 2126 id
2318 2079 2424 2138 est,
2457 2077 2513 2124 ut
2543 2085 2648 2125 non
2677 2076 2783 2123 tam
2813 2067 2924 2123 otio
2958 2067 3309 2132 resolvamur,
3342 2079 3501 2136 quam
3527 2063 3594 2118 de
3624 2067 3812 2134 operi-

2241 2164 2338 2219 bus
2365 2161 2540 2228 bonis,
2575 2175 2679 2216 non
2708 2161 2757 2214 itt
2791 2160 2978 2222 nobis,
3013 2158 3105 2214 sed
3139 2158 3191 2213 in
3225 2156 3450 2213 Domino
3488 2156 3819 2226 gloriemur.

2240 2257 2320 2312 Ad
2348 2256 2682 2312 Christianos
2709 2253 2904 2308 dicitur
2942 2269 2955 2306 :
3005 2251 3066 2307 ln
3094 2252 3300 2306 veritate
3330 2252 3553 2320 comperi
3582 2252 3825 2319 quoniam

2239 2367 2342 2403 non
2373 2358 2443 2403 est
2476 2363 2810 2420 personarum
2834 2357 3067 2417 acceptor
3105 2343 3244 2400 Deus
3264 2385 3280 2408 ,
3321 2344 3372 2398 in
3400 2345 3541 2398 omni
3569 2351 3716 2416 gente
3740 2342 3825 2412 qui

2239 2445 2376 2495 timet
2398 2440 2542 2494 illaut
2563 2448 2607 2492 et
2627 2451 2866 2510 aperatur
2872 2437 3133 2510 justitiam
3150 2445 3384 2506 acceptus
3399 2443 3472 2489 est
3497 2434 3576 2488 illi
3591 2435 3730 2503 (Act.
3749 2431 3822 2502 ι).

2851 2529 3077 2585 CAPUT
3120 2527 3206 2583 Vl.

2361 2628 2439 2683 De
2464 2646 2522 2684 eo
2552 2631 2686 2700 quod
2715 2629 2808 2696 ait,
2836 2625 3015 2682 Gratia
3046 2625 3142 2680 Dei
3167 2641 3282 2679 sum
3307 2625 3360 2678 id
3387 2626 3524 2695 quod
3551 2641 3689 2679 sum.

2309 2722 2446 2777 Audi
2488 2721 2804 2792 Apostolum
2835 2721 3071 2776 laborem
3110 2734 3230 2774 eum
3262 2719 3432 2788 gratia
3466 2719 3659 2772 humili
3692 2733 3819 2774 eon-

2237 2815 2470 2870 lessione
2498 2815 2809 2869 miscentem
2854 2831 2868 2868 :
2911 2812 3093 2867 Gratia
3121 2822 3291 2867 autem
3319 2812 3414 2866 Dei
3445 2830 3560 2866 sum
3604 2813 3659 2865 id
3690 2815 3817 2882 quod

2235 2923 2370 2973 sum,
2397 2915 2444 2959 et
2476 2907 2639 2976 gratia
2660 2904 2801 2959 illius
2828 2906 2975 2958 inme
2995 2921 3151 2958 vacua
3179 2919 3279 2956 non
3299 2903 3418 2973 fuit,
3443 2904 3532 2956 sed
3552 2903 3816 2957 abundan-

2236 3000 2336 3052 tius
2370 2999 2475 3053 illis
2505 2997 2740 3051 omnibus
2765 2997 2986 3050 laboravi
3017 3013 3034 3050 :
3070 3012 3172 3048 non
3216 3011 3307 3064 ego
3335 3004 3526 3060 autem,
3550 2995 3639 3048 sed
3659 2995 3817 3062 gratia

2234 3089 2331 3144 Dei
2355 3106 2546 3143 mecum
2589 3085 2641 3159 (1
2672 3087 2788 3141 Cor.
2819 3087 2930 3157 xv).
2967 3086 3094 3141 Vide
3126 3086 3392 3155 quomodo
3413 3087 3479 3139 ad
3507 3086 3693 3155 gratia:
3720 3084 3811 3138 do-

2237 3199 2363 3238 num
2394 3196 2608 3251 semper
2640 3180 2911 3250 subjungit
2959 3179 3156 3233 laboris
3186 3178 3500 3247 obsequium
3529 3195 3540 3229 :
3570 3175 3690 3230 Non
3724 3193 3814 3248 ego

555 3270 715 3325 ﬁdem
747 3271 882 3340 legis
910 3271 1164 3340 operibus
1193 3272 1489 3338 anteponit.
1530 3268 1714 3338 Neque
1743 3267 1886 3324 enim
1916 3275 2132 3338 aposto-
2159 3257 2208 3322 C
2235 3283 2425 3328 autem.
2459 3271 2590 3339 Quia
2627 3273 2954 3326 mentionem
2986 3270 3152 3326 solius
3183 3269 3386 3324 laboris
3418 3267 3682 3333 intulerat,
3700 3267 3812 3320 cito

474 3381 480 3388 ·
555 3363 730 3416 lorum
801 3363 1106 3416 testimonia
1154 3362 1563 3430 compugnantia
1611 3370 1665 3417 et
1712 3359 1979 3416 contraria
2030 3360 2130 3416 sibi

555 3469 675 3509 esse
702 3453 972 3520 dicemus,
1005 3469 1126 3508 cum
1156 3455 1291 3509 alius
1321 3454 1598 3524 apostolus
1627 3455 1771 3510 dicat
1801 3473 1812 3508 :
1844 3452 2002 3509 Fides
2026 3455 2133 3508 sine

555 3546 789 3617 aperibus
810 3556 1009 3599 mortua
1035 3555 1108 3599 est
1135 3544 1272 3618 (Jac.
1306 3546 1386 3616 tt).
1417 3546 1482 3602 Et
1508 3546 1700 3602 iterum
1728 3564 1739 3600 :
1767 3545 1988 3600 Ostende
2011 3545 2133 3599 mihi

554 3639 706 3704 ﬁdem
735 3648 873 3690 tuam
901 3639 1009 3691 sine
1038 3637 1293 3704 operibus,
1321 3646 1366 3691 et
1390 3655 1482 3710 ego
1509 3639 1769 3693 ostendam
1792 3640 1880 3692 tibi
1901 3639 2131 3710 aperibus

554 3729 704 3796 ﬁdem
743 3746 926 3783 meam.
959 3728 1034 3782 Tu
1065 3729 1226 3783 credis
1271 3730 1516 3798 quoniam
1545 3746 1674 3783 unus
1709 3730 1844 3784 Deus
1870 3739 1973 3799 est,
2011 3730 2133 3784 bene

554 3823 712 3891 fucis;
750 3830 795 3874 et
836 3821 1090 3875 daemones
1134 3823 1343 3876 credunt
1404 3831 1453 3875 et
1497 3823 1908 3876 contremiscunt.
1961 3821 2126 3876 Item:

553 3915 701 3967 Sicut
730 3915 863 3968 enim
893 3930 1074 3982 corpus
1096 3914 1205 3967 sine
1225 3915 1407 3983 spiritu
1431 3923 1685 3967 mortuum
1711 3922 1806 3977 est,
1833 3913 1904 3966 ita
1932 3923 1978 3967 et
2005 3914 2132 3982 ﬁdes

555 4007 659 4059 sine
695 4007 930 4073 operibus
958 4015 1158 4059 mortua
1189 4014 1281 4061 est.
1329 4005 1434 4062 Sed
1480 4021 1580 4060 nec
1627 4007 1739 4075 ipse
1785 4007 1977 4060 doctor
2001 4020 2131 4074 gen-

554 4099 685 4151 tium
714 4099 909 4152 Paulus
941 4099 1186 4152 diversus
1215 4097 1315 4152 sibi
1347 4107 1400 4152 ct
1424 4099 1725 4152 contrarius
1751 4097 2030 4168 apparebit
2058 4099 2130 4152 ita

553 4193 769 4244 dicens:
796 4189 859 4243 In
883 4190 1112 4243 omnibus
1140 4189 1462 4244 exhibeamus
1494 4192 1846 4260 nosmetipsos,
1876 4191 2004 4243 sicut
2036 4189 2132 4244 Dei

555 4285 831 4350 ministros,
862 4285 914 4336 in
944 4285 1102 4337 multa
1132 4283 1400 4353 patientia,
1422 4284 1471 4335 in
1505 4283 1929 4348 tribulationibus,
1968 4284 2020 4336 in
2045 4300 2132 4338 ne-

555 4377 897 4441 cessitatibus,
930 4377 981 4428 in
1012 4375 1287 4445 angustiis,
1335 4376 1388 4427 in
1418 4375 1605 4445 plagis,
1647 4377 1695 4428 in
1739 4375 2051 4441 carreribus,
2077 4377 2129 4430 in

555 4468 906 4533 seditionibus,
948 4469 1002 4521 in
1045 4467 1303 4520 laboribus
1339 4464 1428 4537 (II
1469 4466 1587 4520 Cor.
1634 4467 1751 4536 νι).
1798 4467 1865 4521 Ει
1903 4468 2126 4523 iterum:

557 4558 910 4626 Unusquisque
951 4557 1210 4628 prapriam
1257 4557 1537 4610 mercedem
1586 4558 1797 4625 accipiet
1849 4560 2129 4613 secundum

2232 3366 2386 3438 quasi
2435 3365 2500 3419 ad
2532 3365 2837 3433 amplex’um
2881 3363 3067 3419 matris
3107 3364 3295 3432 gratia:
3335 3361 3554 3417 recurrit
3579 3358 3801 3413 dicens:

2233 3459 2323 3513 sed
2347 3458 2515 3530 gratia
2531 3456 2629 3511 Dei
2650 3472 2864 3510 mecum.
2884 3454 3090 3521 Gratia,
3116 3454 3309 3524 inquit,
3339 3454 3432 3507 Dei
3452 3469 3576 3508 sum.
3601 3450 3805 3505 Primas

2236 3557 2417 3620 partes
2461 3548 2562 3603 soli
2613 3548 2795 3617 gratiae
2846 3547 2932 3616 pie
2978 3545 3252 3614 subjectus
3294 3543 3585 3612 ascripsit,
3634 3539 3811 3595 media

2233 3657 2458 3714 qumque
2485 3641 2653 3697 labori
2683 3641 2936 3710 magister
2956 3638 3273 3694 obedientia:
3290 3636 3580 3705 deputavit.
3604 3633 3815 3688 L'trum-

2233 3752 2338 3807 que
2369 3737 2420 3791 in
2449 3734 2913 3790 consummatione
2945 3733 3274 3797 moderatus,
3303 3731 3525 3800 gratiam
3553 3729 3814 3784 laborem-

2233 3842 2339 3897 que
2368 3827 2663 3896 conjunxit.
2695 3825 2812 3880 Non
2842 3824 2977 3880 dixit
3019 3841 3118 3895 ego
3162 3824 3278 3880 sine
3306 3825 3479 3894 gratia
3511 3822 3596 3878 vel
3643 3822 3813 3890 gratia

2233 3921 2350 3976 sine
2379 3936 2484 3985 me,
2511 3923 2600 3974 sed
2623 3921 2790 3990 gratia
2815 3917 2911 3973 Dei
2937 3935 3153 3973 mecum.

2304 4013 2433 4081 Quae
2462 4013 2606 4084 prius
2646 4011 2952 4082 singillatim
2981 4012 3230 4067 distincta
3278 4011 3600 4080 protulerat,
3632 4025 3797 4080 quam

2233 4109 2368 4164 bene
2397 4108 2448 4162 in
2475 4107 2739 4163 sermonis
2785 4105 2889 4162 ﬁne
2930 4105 3239 4162 connexuit.
3273 4105 3351 4160 Ac
3384 4105 3464 4160 sic
3490 4102 3626 4174 apud
3662 4119 3815 4173 rege«

2233 4212 2471 4268 neratos,
2515 4200 2729 4271 quando
2771 4201 2941 4271 gratia
2984 4200 3099 4256 sine
3144 4199 3349 4266 labore,
3383 4199 3471 4254 vel
3515 4198 3667 4253 labor
3693 4197 3814 4251 sine

2237 4294 2407 4362 gratia
2435 4292 2487 4348 in
2506 4293 2794 4362 Scripturis
2820 4292 3053 4363 ponitur,
3085 4291 3433 4362 supprimitur
3464 4305 3569 4344 non
3594 4303 3816 4358 separa-

2234 4391 2340 4438 tur.
2382 4384 2512 4439 Cum
2553 4400 2714 4439 unum
2753 4385 2869 4440 sine
2907 4383 3012 4438 alio
3052 4383 3269 4448 dicitur,
3310 4391 3516 4436 tacetur
3543 4381 3814 4444 alterum,

2233 4490 2340 4530 non
2372 4485 2624 4546 negatur;
2656 4467 2946 4530 secimdum
2977 4474 3120 4528 illam
3151 4474 3418 4544 regulam,
3445 4473 3667 4527 antistes
3697 4473 3814 4525 Au-

2233 4569 2473 4640 gustinus
2510 4568 2742 4622 insinuat
2773 4584 2788 4623 :
2819 4565 2932 4621 Non
2969 4565 3149 4620 omnia
3190 4579 3309 4634 quae
3340 4571 3583 4617 tacentur
3610 4577 3817 4632 negan-

553 4665 702 4702 suum
726 4649 948 4703 laborem
974 4647 1025 4718 (l
1061 4648 1178 4703 Cor.
1214 4649 1316 4718 ιιι).
1351 4647 1480 4716 Qua:
1507 4648 1770 4718 imperitis
1802 4659 1856 4704 et
1879 4650 2127 4718 indoctis,
2157 4628 2211 4688 D
2234 4628 2340 4715 ῖιηι,
2376 4659 2482 4717 sed
2509 4669 2563 4714 et
2590 4659 2694 4713 alio
2727 4659 2845 4713 loco
2873 4656 3002 4712 dicit
3029 4628 3318 4726 Apostolus
3350 4673 3360 4706 :
3394 4653 3598 4722 Castigc
3624 4628 3818 4721 corpus

553 4749 606 4794 et
647 4741 728 4793 his
755 4740 844 4810 qui
877 4740 1085 4795 veritati
1117 4740 1386 4794 obstinato
1411 4739 1598 4810 spiritu
1628 4740 1978 4810 reluctantur,
2011 4742 2125 4797 dis-

551 4833 828 4887 cordantia
870 4831 1208 4886 videbuntur.
1245 4831 1440 4887 Verum
1481 4832 1630 4902 juxta
1681 4831 1998 4888 catholicam
2038 4849 2126 4890 re-

551 4925 752 4990 gulam,
782 4938 944 4992 opera
970 4923 1101 4992 legis
1131 4932 1475 4988 evacuantur,
1505 4939 1621 4994 quae
1649 4925 1943 4980 secundum
1988 4925 2130 4980 litte-

554 5031 666 5068 ram
710 5026 864 5082 sunt,
908 5026 962 5071 et
990 5031 1053 5071 ea
1083 5031 1201 5085 quae
1234 5025 1356 5086 post
1383 5018 1610 5085 gratiam
1638 5019 1931 5074 comitante
1955 5018 2127 5087 gratia

554 5108 784 5178 gerenda
812 5118 976 5174 sunt,
1017 5120 1350 5164 asseruntur.
1386 5107 1674 5164 Videamus
1700 5108 1746 5163 si
1774 5109 1876 5166 hoc
1905 5109 1976 5164 ita
2006 5125 2128 5166 esse

555 5205 715 5256 rebus
757 5204 884 5272 ipsis
910 5203 1208 5273 approbare
1238 5205 1526 5260 valeamus.
1553 5205 1728 5275 Opera
1765 5207 1897 5277 legis
1924 5208 2128 5264 destrui

555 5294 818 5363 legimus,
869 5310 992 5350 eum
1033 5295 1338 5350 Judreorum
1386 5297 1692 5366 comprimit
1730 5299 2018 5354 elationem
2048 5299 2124 5354 di-

555 5403 682 5441 cens
707 5405 720 5440 :
745 5387 841 5442 Ubi
871 5397 964 5452 est,
1000 5388 1192 5458 inquit,
1227 5388 1466 5458 gloriatio
1501 5389 1626 5442 tua?
1672 5389 1877 5443 exclusa
1905 5397 1998 5443 est.
2027 5387 2130 5442 Per

554 5497 704 5545 quam
733 5482 922 5550 legem?
960 5483 1250 5551 factorum?
1286 5498 1405 5549 non,
1445 5483 1532 5536 sed
1559 5499 1649 5553 per
1679 5483 1843 5554 legem
1867 5483 2006 5552 ﬁdei.
2033 5484 2130 5537 Ar-

555 5570 600 5620 bi
611 5587 798 5624 .ramur
827 5575 958 5627 enim
993 5574 1269 5642 justiﬁeari
1291 5573 1543 5628 hominem
1573 5590 1663 5643 per
1691 5575 1844 5642 ﬁdem
1871 5575 1979 5628 sine
2005 5591 2128 5645 ape-

554 5663 692 5714 ribus
725 5665 846 5732 legis
879 5666 1051 5735 (ltom.
1097 5665 1196 5735 ιιι).
1242 5666 1499 5721 Similiter
1529 5674 1583 5722 et
1611 5667 1678 5720 ad
1710 5666 1925 5721 Galatas
1958 5666 2086 5721 dicit
2113 5685 2123 5718 :

555 5754 811 5819 Scientes,
837 5757 1034 5823 inquit,
1065 5757 1202 5826 quod
1234 5773 1333 5811 non
1353 5759 1672 5828 justiﬁcatur
1693 5759 1844 5813 homo
1873 5774 1934 5812 ea:
1959 5760 2127 5827 operi-

556 5846 647 5902 bus
679 5847 799 5916 legis
824 5888 838 5916 ,
885 5847 982 5901 nisi
1021 5865 1108 5918 per
1137 5850 1289 5918 ﬁdem
1312 5849 1502 5904 Christi
1525 5850 1681 5918 Jesu,
1726 5868 1817 5906 nos
1848 5851 1898 5905 in
1927 5850 2125 5905 Christo

2234 4767 2400 4806 meum
2425 4760 2472 4805 et
2498 4751 2552 4804 in
2581 4749 2865 4804 servitutem
2891 4748 3100 4816 redigo,
3132 4763 3195 4800 ne
3223 4748 3354 4817 forte
3383 4760 3495 4798 cum
3527 4744 3642 4796 aliis
3678 4758 3816 4810 prmo

2233 4845 2536 4908 dicaverim,
2562 4843 2670 4911 ipse
2698 4840 2942 4909 reprobus
2966 4840 3151 4908 eﬁiciar
3177 4836 3229 4907 (1
3258 4836 3375 4892 Cor.
3411 4835 3546 4904 xix).
3577 4834 3713 4888 Ecce
3753 4832 3818 4885 Β.

2231 4933 2520 5004 Apostolus
2552 4933 2663 5001 jam
2685 4931 2900 4987 Christo
2927 4929 3249 5000 acquisitus;
3277 4928 3385 4997 jam
3415 4940 3507 4980 vas
3531 4924 3822 4980 electionis

2232 5025 2480 5088 eﬁectus,
2510 5037 2843 5093 nequaquam
2878 5021 2978 5076 sub
3007 5020 3222 5074 nomine
3249 5014 3739 5088 praedestinationis
3766 5025 3824 5070 et

2230 5119 2412 5190 gratia:
2444 5133 2457 5170 :
2489 5117 2599 5172 ctio
2635 5130 2824 5170 manus
2863 5113 3097 5178 relaxat,
3137 5111 3230 5168 sed
3262 5126 3382 5167 cum
3415 5109 3505 5164 Dei
3534 5108 3823 5164 beneﬁciis

2230 5219 2453 5266 conatus
2480 5223 2606 5266 suos
2630 5209 2827 5279 jungit,
2851 5217 2905 5264 et
2926 5207 3057 5263 dicit
3085 5223 3099 5260 :
3131 5206 3335 5276 Castigo
3360 5219 3542 5274 corpus
3573 5218 3745 5256 meum
3775 5211 3825 5254 et

2230 5304 2284 5356 in
2314 5302 2598 5356 servitutem
2625 5301 2820 5371 redigo.
2866 5300 3002 5355 Ecce
3039 5299 3149 5368 jam
3195 5297 3361 5368 partis
3405 5295 3609 5350 dextrae
3653 5293 3822 5346 miles

2231 5401 2335 5458 est,
2363 5401 2419 5448 et
2441 5391 2561 5447 vide
2587 5391 2856 5462 quomodo
2879 5389 3170 5461 periclitari
3191 5388 3384 5443 meruit
3400 5387 3509 5456 jam
3532 5384 3820 5455 probatus,

2235 5487 2503 5556 quomodo
2542 5488 2816 5558 reprobari
2865 5487 3192 5558 pertimescit
3231 5487 3454 5542 electus.
3495 5483 3611 5538 iam
3642 5479 3823 5536 victo-

2235 5581 2368 5634 riam
2397 5580 2448 5634 in
2475 5580 2717 5635 manibus
2742 5579 2922 5645 habet,
2946 5590 2997 5633 et
3020 5579 3245 5634 necdum
3268 5592 3411 5632 arma
3434 5575 3674 5644 deponit.
3695 5573 3826 5627 Jatn

2233 5675 2519 5744 perductus
2547 5681 2631 5729 est
2655 5673 2721 5728 ad
2753 5674 3075 5742 triumphutn
3094 5714 3108 5736 ,
3140 5682 3194 5728 et
3219 5670 3389 5726 adhuc
3414 5670 3618 5724 militia:
3643 5666 3825 5736 perti-

2234 5765 2424 5819 mescit
2448 5775 2716 5820 eventum.
2757 5765 2887 5831 Quae
2917 5780 3036 5820 cum
3070 5766 3139 5818 ita
3183 5766 3320 5829 sint,
3355 5759 3594 5831 perspice
3625 5767 3676 5812 te
3705 5774 3826 5811 non

2233 5863 2418 5911 contra
2446 5855 2709 5911 inﬁrmam
2736 5869 3110 5925 ouameunque
3139 5867 3424 5923 personant
3445 5891 3460 5912 ς
3500 5848 3596 5906 sed
3625 5859 3826 5904 contra
