4060 6332
240 460 331 516 795

1269 437 1348 493 DE
1388 431 1638 489 GI’IATIA
1684 429 1817 495 DEI,
1871 427 2045 490 ETC.,
2089 428 2214 482 LIB.
2255 428 2291 484 I.

3363 429 3466 488 794

239 567 418 625 summi
462 560 695 633 Apostoli
747 556 916 628 (Epit.
961 552 1033 623 tt)
1088 549 1378 604 doctrinam
1428 545 1588 600 armis
1640 541 1784 612 impii
1814 541 2134 606 Anovatts,
2189 543 2522 598 seduutatetit
2584 558 2794 612 operts,
2850 554 2903 599 et
2960 558 3139 598 curam
3188 544 3467 601 laboriosa:

241 659 426 716 erroris
454 657 724 722 insurgere
744 690 760 717 ,
802 656 856 703 et
883 645 1094 700 Christo
1123 642 1209 712 qui
1242 642 1376 694 intra
1408 654 1528 693 eum
1561 635 1794 705 loquitur

241 746 612 808 contradicere.
659 743 898 810 Dumque
943 736 1140 793 laboris
1189 733 1466 789 servitium
1515 737 1569 784 et
1608 725 1795 782 orandi

240 856 418 901 causas
457 836 675 900 adimis,
721 834 936 904 januam
981 827 1164 884 salutis
1211 825 1441 879 humano
1482 817 1665 890 generi
1716 817 1797 871 in-

242 929 525 992 tercludere
573 937 626 982 te
666 937 914 995 agnosce.
963 920 1031 974 Et
1071 918 1195 972 dum
1233 913 1428 982 Pelagii
1473 911 1798 978 impietatem

242 1010 405 1083 nescis
433 1021 694 1091 refugere,
719 1017 784 1072 ad
807 1014 1212 1070 Manichaeorum
1243 1008 1432 1076 dogma
1462 1001 1797 1074 pestiferum,

244 1120 323 1191 qui
351 1115 576 1175 liberum
619 1110 896 1166 arbitrium
936 1113 1105 1160 totum
1147 1102 1441 1168 denegant,
1484 1105 1536 1151 te
1566 1091 1802 1162 intellige

243 1210 522 1264 declinare.

827 1267 1050 1325 CAPUT
1087 1265 1198 1320 VII.

246 1367 505 1438 Quomodo
533 1361 918 1438 intelligendum
939 1360 1040 1412 sit:
1059 1375 1076 1408 t
1107 1349 1655 1438 Gratia',.inqu'it,.salt3i
1683 1347 1805 1438 {deti

441 1419 537 1507 per
565 1419 750 1502 ﬁdeni,
782 1441 826 1486 et
863 1430 957 1507 hoc
991 1443 1094 1480 non
1127 1443 1189 1479 ea:
1216 1419 1520 1507 nobis,'.Dei
1549 1419 1807 1507 enim‘do:

306 1490 425 1562 num
447 1490 671 1570 'est,'non
699 1490 760 1556 ea:
787 1500 1041 1571 aperibus,
1063 1514 1123 1550 ne
1145 1497 1255 1565 quis
1284 1495 1560 1571 glorietur;
1590 1510 1608 1540 ι
1649 1490 1732 1571 ubi
1762 1495 1809 1541 et

307 1561 432 1646 ﬁdes
477 1561 610 1628 intra
651 1561 1167 1646 opera'numeratur,
1193 1576 1239 1620 et
1269 1561 1406 1618 cibus
1445 1562 1573 1633 legis
1609 1561 1808 1629 perire,

307 1638 443 1702 cibus
468 1646 644 1716 gratia:
672 1638 874 1696 manere
900 1638 1222 1693 describitur.

312 1760 466 1818 Sicut
490 1760 626 1814 inter
646 1771 804 1828 opera
834 1755 962 1824 legis
985 1794 998 1818 ,
1037 1761 1093 1807 et
1119 1749 1239 1806 ﬁdei
1259 1747 1476 1804 desidiae
1499 1745 1729 1808 amicus,
1760 1751 1815 1799 et

249 1852 582 1911 discretionis
603 1851 839 1921 ignarus,
861 1848 928 1903 ab
951 1844 1312 1916 intelligentiae
1333 1840 1547 1897 tramite
1567 1837 1814 1912 deviasti,

1901 633 2172 689 servitutis
2216 633 2434 702 indicit,
2483 645 2538 689 ut
2573 637 2712 706 quod
2753 637 2868 692 sine
2908 636 3088 693 labore
3131 638 3467 707 accepimus,

1900 725 2196 796 opitulante
2224 725 2488 794 adjutorio
2522 741 2645 783 cum
2672 728 2855 784 labore
2881 744 3182 794 servemus,
3215 729 3472 799 Apostolo

1901 824 2306 884 commonente,
2345 817 2556 885 Videte,
2594 819 2790 889 inquit,
2831 837 2891 876 ne
2919 822 2972 874 in
3006 836 3217 875 uacuum
3254 821 3471 890 gratiam

1903 908 2000 962 Dei
2031 909 2284 979 recipiatis
2314 907 2415 980 (II
2455 909 2573 964 Cor.
2606 909 2712 979 vI).
2760 911 3003 980 Agnosce
3042 912 3319 967 distinctos
3355 926 3475 966 esse

1903 1001 2099 1072 gradus
2122 1001 2437 1066 vocationis,
2463 1010 2519 1057 et
2546 1003 3037 1057 consummationis.
3071 1003 3251 1058 Fidem
3280 1018 3476 1072 exspe-

1907 1104 2016 1150 ctat
2045 1109 2075 1148 a
2108 1093 2367 1164 parvulis,
2400 1109 2560 1164 opera
2590 1094 2748 1149 etiam
2788 1109 2908 1150 cum
2950 1095 3054 1150 ﬁde
3093 1112 3123 1149 a
3152 1095 3478 1150 conﬁrmatis

1908 1187 2152 1258 requirit,
2183 1188 2255 1242 ita
2287 1195 2463 1243 tamen
2493 1197 2550 1242 ut
2578 1187 2903 1243 credulitatis
2923 1187 3172 1243 allectum
3198 1188 3479 1257 proﬁcien-

1911 1279 2052 1336 tibus
2079 1288 2290 1351 augeat,
2321 1288 2377 1336 et
2397 1279 2758 1336 laborantibus
2787 1279 3000 1350 adjutor
3029 1280 3369 1350 quotidianus
3393 1293 3478 1333 as-

1837 1418 1843 1424 .
1912 1373 2082 1428 sistat.

2498 1464 2722 1520 CAPUT
2761 1465 2892 1520 VIII.

1986 1558 2173 1613 Contra
2202 1557 2295 1611 Itoc
2320 1556 2455 1624 quod
2484 1557 2679 1621 dicunt,
2704 1557 2917 1611 liberum
2941 1557 3207 1611 arbitrium
3230 1572 3292 1611 ea:
3313 1564 3416 1611 toto

2476 1629 2632 1697 fuisse
2652 1627 2924 1681 sublatum.

1989 1743 2156 1812 Hujus
2204 1741 2460 1811 improbat
2510 1740 2870 1810 persuasionis
2915 1750 3172 1806 assertor,
3219 1741 3486 1796 hominem

1921 1838 2193 1893 intellectu
2244 1837 2653 1905 locupletatum,
2702 1837 2906 1891 ratione
2948 1835 3256 1905 prteditum,
3295 1834 3488 1889 divinat

247 1947 317 2001 ita
345 1945 489 2000 inter
513 1943 618 1998 duo
640 1940 823 2012 gratiae
845 1947 1084 2007 tempora
1109 1934 1506 2005 persuasionem
1529 1939 1672 1986 tuam
1701 1909 1819 1998 pes?
1847 1913 1895 1974 Β
1923 1930 2171 2001 imaginis
2223 1931 2425 1986 honore
2463 1931 2767 1987 decosatum
2791 1972 2805 1995 ,
2846 1931 3014 1985 brutis
3042 1930 3397 1985 animantibus
3438 1939 3493 1983 et

248 2039 437 2095 simum
472 2036 661 2091 ducem
691 2041 937 2098 secutus,
971 2030 1234 2086 lucentem
1271 2024 1546 2082 catholica:
1581 2021 1700 2076 ﬁdei
1731 2035 1818 2076 re-

249 2128 416 2198 gulam
461 2124 758 2196 perdidisti.
792 2121 1024 2190 Tempus
1055 2118 1270 2190 gratice,
1303 2132 1407 2186 quo
1437 2111 1696 2180 redempti
1724 2125 1819 2164 su-

250 2233 381 2284 mus,
411 2216 608 2271 merita
632 2212 904 2268 hominum
931 2225 1036 2265 non
1053 2206 1399 2278 exspectavit,
1425 2218 1584 2273 Opera
1612 2200 1822 2271 penitus

250 2324 354 2365 non
380 2307 661 2380 quaesivit,
693 2305 804 2361 sola
837 2304 975 2358 Deus
1008 2301 1126 2356 ﬁdei
1158 2308 1355 2354 nostrae
1381 2295 1662 2352 devotione
1689 2307 1820 2348 con-

250 2410 423 2458 tentus
454 2400 581 2465 fuit,
610 2397 898 2454 secundum
930 2394 1058 2449 illud
1094 2390 1332 2463 Apostoli
1364 2409 1376 2444 :
1408 2387 1636 2442 Credidit
1662 2385 1824 2438 Abra-

249 2494 365 2548 Itam
393 2490 539 2556 Deo,
573 2498 619 2542 et
655 2496 938 2559 reputatttm
968 2493 1038 2536 est
1069 2482 1145 2537 illi
1175 2482 1241 2534 ad
1255 2479 1510 2551 justitiam
1537 2474 1676 2545 (Gal.
1710 2472 1822 2542 III),

251 2584 384 2640 sicut
412 2590 474 2638 et
503 2580 608 2635 alio
634 2578 754 2635 loco
781 2577 910 2632 dicit
936 2592 948 2628 :
981 2573 1158 2630 Jttstus
1191 2581 1359 2626 autem
1391 2585 1455 2624 ea:
1481 2569 1580 2637 ﬁde
1609 2582 1719 2619 mea
1745 2565 1823 2618 vi-

253 2691 362 2747 vet,
391 2678 532 2750 quod
569 2678 612 2732 si
654 2675 958 2731 subtraxerit
985 2689 1037 2727 se
1056 2713 1070 2736 ,
1109 2687 1208 2725 non
1244 2667 1459 2739 placebit
1488 2667 1672 2721 anima:
1704 2676 1827 2718 metu

257 2770 450 2842 (Hebr.
473 2769 564 2840 x);
586 2770 784 2837 justum
809 2781 928 2820 eum
950 2774 1003 2819 et
1029 2779 1093 2817 ex
1125 2761 1228 2816 ﬁde
1241 2761 1419 2815 vivere
1435 2757 1681 2819 asseruit,
1704 2754 1827 2824 quia

255 2864 305 2918 ei
334 2864 498 2918 ﬁdem
524 2871 577 2916 et
597 2860 853 2931 justitiam
882 2854 1140 2927 quaerenti
1167 2853 1459 2909 contulisse
1485 2863 1544 2904 se
1565 2845 1824 2902 meminit.

257 2955 364 3010 Sed
391 2953 621 3010 dicendo
651 2971 662 3004 :
699 2950 848 3019 Quod
887 2950 930 3004 si
959 2946 1264 3002 subtraxerit
1295 2960 1380 3008 se,
1417 2956 1535 2996 cum
1566 2939 1632 2993 ad
1675 2935 1828 2992 devia

257 3045 593 3101 voluntarius
629 3040 945 3103 declinavit,
986 3053 1089 3092 non
1134 3034 1289 3106 periit
1317 3031 1468 3103 quasi
1508 3027 1825 3095 derelictus,

257 3141 348 3210 qui
404 3154 463 3195 se
512 3135 773 3208 ingerenti
823 3129 1202 3189 misericordia:
1259 3124 1521 3182 subtraxit
1572 3123 1829 3190 ingratus.

260 3233 391 3288 Item
422 3231 487 3286 ad
519 3230 771 3286 Ilebrteos
799 3245 811 3281 :
845 3224 1058 3281 Credere
1084 3231 1249 3275 autent
1283 3227 1476 3288 Oportet
1510 3215 1830 3270 accedentem

257 3327 325 3378 ad
354 3323 519 3379 Deum
540 3323 660 3393 quia
689 3332 793 3388 est,
824 3328 871 3393 et
895 3316 1260 3389 inquirentibus
1293 3329 1346 3367 se
1379 3319 1723 3368 remunerator
1747 3309 1827 3378 ﬁt.
1857 3288 1905 3353 (δ

258 3417 435 3483 Quam
463 3389 599 3470 bene
634 3421 689 3468 et
718 3389 927 3467 Doniini
964 3409 1196 3463 ofﬁcium
1229 3406 1505 3476 conjunxit
1537 3411 1591 3457 et
1617 3399 1830 3466 famuli,

261 3503 526 3563 dicét'tdo.
572 3510 618 3555 et
666 3499 1030 3570 inquirentibus
1072 3515 1126 3550 se
1169 3504 1514 3550 remunerator
1552 3494 1629 3560 ﬁt.
1685 3492 1837 3547 Sicut

263 3593 414 3649 enim
441 3593 506 3646 ad
536 3593 701 3646 Deum
721 3590 928 3658 largitio
953 3586 1349 3650 remunerandi,
1380 3585 1450 3639 ita
1474 3587 1538 3637 al
1568 3583 1836 3638 hominem

266 3685 486 3740 devotio
528 3682 742 3752 respicit
785 3679 1104 3749 inquirendi.
1151 3679 1257 3733 Sed
1296 3677 1427 3731 dicis
1469 3675 1625 3730 ﬁdem
1671 3677 1836 3743 ipsam

265 3776 519 3833 omnibt‘ts
550 3787 707 3844 posse
736 3779 1064 3841 competere.
1094 3769 1208 3823 Non
1232 3768 1422 3823 mirum
1452 3767 1495 3822 si
1527 3767 1749 3831 homini,
1773 3766 1840 3820 ad

268 3876 435 3942 quem
472 3870 704 3939 denegas
731 3881 892 3936 opera
925 3866 1225 3935 pertinere,
1255 3864 1411 3918 etiam
1444 3862 1598 3917 fidem
1630 3861 1843 3918 studeas

269 3971 555 4035 derogare,
582 3978 739 4034 quam
771 3961 1105 4017 manifestum
1132 3969 1214 4014 est
1237 3961 1373 4014 inter
1397 3973 1556 4024 opera
1579 3957 1844 4028 deputari,

268 4058 415 4114 sicut
455 4056 710 4111 habemus
752 4053 804 4108 in
845 4052 1134 4122 Evangelio
1167 4069 1181 4106 :
1214 4051 1509 4120 Operamini
1541 4066 1640 4104 non
1679 4050 1846 4104 cibum

269 4150 359 4217 qui
398 4148 555 4218 perit,
589 4147 679 4200 sed
704 4146 792 4212 qui
831 4151 1088 4213 permanet
1127 4144 1178 4197 in
1205 4144 1359 4198 vitam
1386 4152 1625 4197 azternam
1651 4139 1847 4213 (Joan;

272 4242 348 4308 vI)
373 4255 389 4304 ;
421 4237 508 4292 ubi
538 4238 706 4303 cibus,
733 4236 785 4290 id
813 4245 914 4300 est,
940 4235 1239 4291 intellectus
1260 4234 1450 4289 litterzn
1478 4234 1672 4308 perire,
1698 4233 1850 4288 cibus

228 4349 237 4358 ~
274 4344 410 4384 vero
437 4328 651 4398 gratim,
683 4327 736 4381 id
766 4337 848 4382 est
879 4326 1008 4382 ﬁdes
1045 4339 1394 4395 permanere,
1425 4307 1764 4393 describitur,
1795 4333 1851 4378 et

277 4423 347 4475 ita
375 4422 717 4475 continuatus
748 4434 925 4474 sermo
957 4419 1299 4488 consequitur
1323 4435 1338 4476 :
1361 4417 1610 4472 Dixerunt
1639 4417 1706 4471 ad
1736 4432 1851 4470 eum

275 4509 453 4566 Juda'i
491 4526 507 4564 :
550 4510 685 4576 Quid
732 4510 974 4580 faciemus
1011 4519 1066 4563 ut
1107 4525 1370 4578 operentur
1407 4525 1559 4579 opera
1593 4507 1724 4561 Dei?
1750 4505 1854 4561 Re-

247 4581 485 4674 .spondit
513 4601 664 4654 Jesus
694 4609 738 4654 et
767 4599 896 4652 dixit
922 4602 991 4652 eis
1015 4614 1034 4653 :
1063 4598 1175 4652 [Ioc
1209 4608 1283 4654 est
1324 4615 1450 4667 opus
1478 4597 1570 4651 Dei
1597 4607 1652 4650 ut
1677 4599 1855 4650 creda-

1919 2025 2176 2096 jumentis
2204 2024 2576 2094 insipientibus
2607 2024 2835 2079 aestimat
2863 2023 3298 2093 comparandum,
3330 2030 3387 2076 ut
3423 2021 3492 2076 ad

1924 2117 2063 2172 viam
2113 2125 2258 2172 recte
2300 2115 2444 2170 nullo
2490 2131 2589 2170 suo
2635 2114 2830 2180 ductu,
2880 2114 2975 2168 sed
3024 2115 3256 2168 violento
3293 2122 3494 2166 tantum

1924 2209 2157 2264 auctoris
2185 2209 2407 2278 imperio
2435 2207 2790 2277 pertrahatur.
2823 2207 2938 2273 Quo
2968 2220 3163 2272 genere
3192 2220 3312 2260 eum
3336 2204 3494 2259 etiam

1927 2300 2322 2356 insensibilibns
2343 2298 2638 2353 assimilare
2657 2296 2930 2358 contendit
2949 2295 3261 2352 elementis:
3287 2305 3340 2349 ut
3361 2296 3495 2350 sicut

1925 2391 1992 2446 de
2024 2391 2231 2445 ratione
2255 2397 2539 2456 terrarum,
2575 2403 2692 2458 qum
2722 2387 2850 2441 nihil
2876 2387 3129 2442 ubertatis
3155 2387 3375 2440 arbitrio
3399 2401 3497 2441 suo

1929 2484 2237 2556 proferunt,
2287 2497 2407 2553 qua:
2455 2481 2684 2551 propria:
2731 2479 3066 2534 fecunditatis
3107 2477 3301 2547 ignarae
3341 2487 3497 2544 sunt,

1927 2577 2120 2649 quibus
2148 2589 2339 2632 sensus
2364 2573 2587 2643 alicujus
2619 2587 2716 2627 nec
2746 2571 2967 2628 libertas
2988 2569 3252 2640 suppetit,
3281 2583 3376 2623 nec
3406 2583 3499 2622 vo-

1928 2668 2135 2734 luntas,
2167 2667 2372 2737 frugum
2400 2676 2576 2722 tamen
2617 2672 2907 2735 proventus
2933 2678 2996 2718 ex
3030 2662 3111 2716 his
3141 2663 3346 2716 cultore
3375 2676 3500 2731 ope-

1930 2769 2082 2816 rante
2122 2761 2443 2829 capiuntur:
2473 2757 2545 2811 ita
2580 2773 2643 2810 ex
2691 2755 2906 2811 homine
2953 2755 3020 2809 ab
3066 2753 3208 2808 omni
3249 2753 3503 2807 exercitio

1931 2851 2143 2905 virtutis
2182 2851 2390 2916 otioso,
2430 2849 2649 2919 justitiaa
2694 2847 2896 2901 fructus
2940 2861 3001 2900 ac
3040 2845 3297 2900 bonarum
3326 2860 3504 2900 rerum

1931 2944 2197 3013 appetitus
2240 2950 2398 3010 atque
2444 2941 2747 3010 profectus,
2795 2938 2913 2993 solo
2952 2939 3060 2993 Deo
3103 2939 3379 2993 insistente
3417 2951 3505 2992 su-

1933 3044 2165 3101 mantur,
2196 3043 2250 3089 et
2278 3032 2430 3104 quasi
2470 3033 2521 3088 in
2556 3031 2702 3087 nullo
2731 3031 2812 3086 vel
2839 3031 3033 3086 sentiat
3060 3030 3142 3084 vel
3173 3028 3502 3094 consentiat,

1933 3131 2005 3186 ita
2041 3145 2160 3184 cum
2191 3127 2476 3199 appetierit
2515 3126 2838 3196 gesseritve,
2877 3124 2928 3178 in
2967 3123 3114 3178 nullo
3148 3123 3213 3176 ad
3257 3129 3506 3177 conatum

1935 3225 2051 3295 ejus
2077 3237 2140 3279 ac
2175 3222 2408 3278 studium
2450 3220 2718 3289 pertinere
2743 3217 3069 3288 iudicentur.
3102 3215 3168 3270 Et
3196 3215 3332 3268 sicut
3363 3227 3509 3267 mare

1937 3331 2208 3388 magnum,
2238 3313 2377 3384 quod
2407 3312 2510 3368 huc
2535 3319 2692 3380 atque
2718 3309 2844 3365 illuc
2869 3309 3042 3365 ventis
3070 3306 3388 3376 agitantibus
3415 3319 3509 3359 vo-

1937 3410 2152 3472 lutatur,
2186 3407 2257 3462 ita
2286 3405 2351 3462 ad
2387 3405 2737 3477 quodcunque
2780 3401 2976 3457 bonum
3006 3398 3088 3455 vel
3127 3397 3329 3452 facinus
3351 3438 3364 3461 ,
3393 3395 3511 3450 sine

1939 3501 2048 3555 ullo
2071 3499 2262 3554 affectu
2286 3512 2402 3565 suo,
2433 3495 2546 3552 solo
2567 3494 2758 3549 divina:
2782 3492 3062 3563 potestatis
3083 3489 3333 3559 impulsu,
3360 3502 3513 3542 tuens

1941 3592 2170 3646 humana
2198 3597 2456 3644 versetur.
2491 3587 2620 3654 Qua:
2653 3599 2774 3640 cum
2813 3584 2882 3637 ita
2923 3583 3057 3646 sint,
3091 3582 3133 3635 si
3175 3580 3441 3632 hominem
3481 3593 3512 3631 a

1941 3685 2153 3739 sinistra
2183 3681 2306 3736 mali
2335 3695 2438 3735 non
2469 3688 2684 3733 revocat
2713 3677 3041 3739 intellectus,
3074 3673 3117 3726 si
3147 3672 3210 3724 ad
3241 3671 3513 3724 dexteram

1944 3774 2068 3828 boni
2101 3787 2206 3826 non
2229 3771 2423 3827 excitat
2449 3769 2700 3832 ambitus,
2727 3767 2836 3836 jam
2868 3779 2971 3818 non
3001 3762 3230 3816 hominis
3254 3759 3516 3814 tenebitur

1946 3864 2287 3926 conditione,
2330 3861 2423 3916 sed
2463 3859 2701 3930 pecudis.
2743 3857 2881 3912 Ecce
2923 3855 3203 3908 hatreticus
3246 3851 3343 3906 sub
3384 3863 3518 3919 prte-

1948 3967 2094 4014 textu
2135 3957 2352 4025 gratim,
2394 3952 2602 4022 qualem
2630 3951 2742 4005 vult
2780 3949 3044 4004 hominem
3086 3960 3205 4001 esse
3246 3952 3363 4013 post
3399 3956 3518 4011 gra-

1949 4052 2098 4106 tiam.
2129 4049 2308 4117 Itaque
2337 4045 2382 4100 si
2409 4045 2629 4100 libcrum
2649 4041 2924 4098 arbitrium
2948 4055 3013 4095 ex
3037 4046 3149 4092 toto
3177 4036 3351 4106 periit,
3377 4032 3519 4104 quod

1950 4141 2131 4210 utique
2162 4140 2213 4194 in
2243 4151 2426 4193 amore
2455 4135 2774 4190 innocentia:
2797 4174 2812 4199 ,
2845 4132 2926 4186 vel
2953 4130 3262 4200 operatione
3283 4124 3522 4196 justitite,

1951 4233 2034 4288 vel
2062 4234 2113 4288 in
2138 4231 2379 4300 corporis
2405 4225 2825 4283 sanctificatione
2847 4223 3110 4284 consistit,
3135 4220 3178 4274 si
3201 4219 3301 4274 hoc
3325 4233 3390 4271 ex
3413 4225 3526 4271 toto

1953 4326 2006 4380 in
2035 4322 2190 4392 primi
2219 4319 2448 4375 hominis
2479 4315 2916 4388 praevaricatione
2956 4311 3219 4366 sublatum
3249 4316 3365 4374 est,
3395 4321 3526 4376 quo-

1954 4415 2115 4472 modo
2144 4414 2369 4483 legimus
2399 4430 2409 4464 :
2443 4408 2704 4463 Justitiam
2741 4407 2939 4469 discite,
2958 4404 3041 4473 qui
3073 4401 3310 4455 habitatis
3341 4408 3527 4452 terram

1938 4507 2103 4580 '(Esa.
2141 4506 2320 4573 XXVI);
2348 4511 2402 4558 et
2431 4502 2618 4556 iterum
2639 4497 2845 4552 :Justus
2868 4507 3032 4549 autem
3061 4511 3120 4548 ea:
3146 4494 3246 4560 ﬁde
3275 4507 3383 4543 mea
3411 4488 3529 4542 vivit

1958 4579 2144 4670 (Hebr.
2170 4600 2259 4661 x);
2289 4593 2521 4649 etzJusti
2541 4592 2833 4645 hwreditate
2864 4585 3185 4654 possidebunt
3210 4579 3529 4648 terram(Ps.

281 4663 345 4749 tis
372 4698 429 4748 in
461 4710 571 4747 eum
603 4709 749 4762 quem
780 4692 914 4744 misit
953 4691 1058 4744 ille.
1091 4690 1337 4745 Advertis
1356 4663 1486 4758 quia
1522 4689 1652 4742 nihil
1693 4689 1743 4742 in
1775 4688 1856 4741 fa-
1887 4663 1938 4722 D
1964 4663 2352 4754 aut',ll);et:
2374 4682 2522 4735 Oculi
2537 4680 2744 4733 Domini
2764 4693 2915 4746 super
2925 4677 3172 4746 justos,et
3191 4687 3338 4724 aures
3353 4673 3459 4741 ejus
3481 4670 3532 4722 in

281 4787 489 4841 mulatu
519 4784 608 4838 Dei
635 4785 751 4838 sine
781 4797 941 4852 opere
975 4781 1196 4850 geritur,
1231 4780 1442 4850 quando
1467 4787 1521 4834 ct
1554 4780 1598 4832 is
1625 4778 1712 4847 qui
1743 4792 1861 4833 cre-

280 4878 415 4932 dere
443 4875 651 4931 videlur
677 4873 959 4944 operatur?
997 4873 1124 4926 Item
1155 4873 1207 4926 in
1239 4871 1516 4940 Apostolo.
1551 4869 1730 4939 Neque
1762 4869 1862 4922 cir-

282 4969 526 5021 cumcisio
556 4966 750 5038 aquuid
770 4965 920 5030 valet,
951 4982 1105 5034 neque
1128 4966 1458 5033 prteputium,
1489 4966 1576 5016 sed
1602 4963 1728 5030 ﬁdes
1751 4977 1864 5031 qua:

286 5079 376 5129 per
405 5062 665 5114 caritatem
690 5068 930 5129 Operatur
959 5058 1100 5129 (Gal.
1126 5061 1202 5125 v).
1233 5056 1490 5112 Similiter
1518 5065 1572 5110 et
1600 5055 1664 5108 ad
1695 5054 1866 5109 Thes-

287 5154 655 5209 salonicenses
677 5151 931 5220 secunda,
959 5151 1206 5222 Dignetttr
1226 5166 1313 5204 vos
1336 5149 1592 5203 vocatione
1611 5165 1705 5201 sua
1728 5145 1865 5201 Deus

290 5256 337 5299 et
367 5247 576 5315 impleat
608 5259 803 5297 omnem
831 5244 1133 5296 voluntatem
1164 5241 1419 5304 bonitatis,
1450 5250 1494 5293 et
1521 5256 1647 5308 opus
1673 5239 1793 5307 ﬁdei
1812 5237 1867 5291 in

290 5338 430 5391 vobis
452 5334 538 5408 (11
561 5335 738 5390 Thess.
763 5334 823 5403 I).
846 5334 912 5388 Et
941 5333 1008 5388 de
1026 5333 1290 5389 Abraham
1313 5331 1366 5386 in
1392 5332 1616 5401 epistola
1641 5328 1867 5400 apostoli

294 5431 478 5486 Jacobi
500 5447 513 5483 τ
536 5428 688 5483 Vides
715 5430 836 5498 quia
855 5426 980 5495 ﬁdes
995 5426 1360 5496 cooperabatur
1380 5425 1611 5493 operibus
1638 5424 1798 5490 illius,
1821 5432 1870 5477 et

296 5538 359 5575 ex
375 5522 607 5593 operibus
619 5520 744 5590 ﬁdes
759 5528 1107 5573 consummata
1128 5526 1198 5571 est
1221 5515 1359 5586 (Jac.
1377 5531 1411 5569 II
1429 5515 1470 5584 ).
1488 5515 1767 5570 Geminum
1784 5513 1869 5567 hic

299 5611 534 5666 ofﬁcium
562 5623 916 5680 recognosce,
946 5614 1000 5663 et
1026 5604 1348 5676 Operationis
1367 5645 1383 5670 ,
1409 5614 1462 5659 et
1489 5604 1635 5658 ﬁdei.
1667 5601 1868 5669 Gratia,

301 5700 491 5771 inquit,
523 5702 650 5756 salvi
679 5701 801 5771 facti
829 5698 946 5753 estis
968 5713 1057 5768 per
1081 5696 1235 5765 ﬁdem
1265 5693 1425 5766 (Eph.
1455 5696 1534 5762 ιι).
1568 5693 1744 5748 Prima
1775 5695 1872 5747 ita-

302 5807 408 5864 que
438 5793 644 5851 vocatio
677 5789 1050 5863 compendium
1092 5787 1214 5842 ﬁdei
1253 5787 1474 5855 requirit
1514 5800 1541 5838 a
1573 5785 1755 5850 nobis,
1787 5797 1872 5838 se-

307 5889 518 5959 quentis
547 5901 672 5942 vero
707 5885 962 5954 temporis
987 5881 1154 5956 gratia
1185 5878 1506 5950 redemptis,
1540 5877 1762 5944 ablutis,
1794 5877 1873 5933 itt-

1964 4796 2131 4848 preces
2145 4792 2317 4830 eorum
2333 4774 2447 4843 (Ps.
2463 4769 2676 4840 XXXIII)?
2691 4766 2931 4838 Nunquid
2949 4764 3157 4836 penitus
3176 4761 3376 4816 interiit
3393 4762 3534 4815 innos

1963 4870 2159 4933 centia,
2191 4868 2308 4936 quia
2343 4867 2395 4920 in
2429 4863 2599 4933 primo
2625 4861 2739 4930 ejus
2764 4858 2928 4928 gradu
2957 4869 3233 4926 possessor
3259 4852 3373 4921 ejus
3394 4859 3538 4906 stare

1967 4961 2235 5032 neglexit?
2259 4957 2373 5012 Non
2394 4958 2602 5025 opinor,
2625 4954 2744 5024 quia
2765 4951 3018 5020 scriptum
3040 4955 3148 5002 est:
3171 4945 3471 4998 Innocentes
3491 4951 3539 4997 et

1966 5055 2089 5109 recti
2112 5053 2432 5105 adlttrserunt
2454 5045 2710 5115 mihi(Ps.
2733 5043 2901 5114 xxw).
2929 5041 2994 5096 Et
3010 5040 3228 5095 iterum:
3251 5036 3375 5101 Quis
3387 5034 3541 5088 stabit

1968 5151 2022 5203 in
2058 5149 2166 5201 loco
2195 5155 2367 5201 sancto
2396 5144 2545 5213 ejus?
2574 5142 2808 5194 innocens
2832 5135 3080 5196 manibus,
3113 5141 3158 5184 et
3179 5128 3369 5182 mundo
3392 5125 3542 5180 corde

1969 5239 2088 5311 (Ps.
2108 5236 2281 5304 xsttI).
2310 5237 2373 5290 Et
2398 5239 2586 5289 iterum
2607 5250 2618 5284 :
2641 5230 2885 5284 Dominus
2913 5242 3011 5280 non
3030 5220 3244 5292 privabit
3266 5219 3409 5273 bonis
3434 5233 3542 5270 am-

1971 5331 2200 5384 bulantes
2241 5330 2292 5382 in
2322 5326 2606 5381 innocentia
2639 5322 2754 5394 (Ps.
2785 5317 3031 5387 Lxxxttt).
3072 5311 3319 5381 quuid
3350 5310 3544 5364 sancti-

1975 5424 2156 5478 ficatio
2177 5421 2415 5491 corporis
2439 5435 2501 5474 ex
2529 5425 2638 5471 toto
2658 5413 2851 5468 amissa
2872 5425 2992 5466 esse
3013 5403 3278 5461 credenda
3295 5410 3396 5466 est,
3420 5400 3544 5470 quia

1976 5515 2228 5570 membris
2261 5514 2310 5566 in
2353 5526 2509 5566 servo
2556 5505 2740 5562 rebelli
2763 5517 2910 5558 suam
2938 5513 3042 5554 non
3064 5492 3397 5552 servantibus
3425 5504 3544 5545 ser-

1975 5606 2219 5668 vitutem,
2248 5604 2484 5657 discussa
2525 5607 2606 5652 cst
2651 5596 2831 5665 primae
2861 5592 3088 5661 dignitas
3122 5583 3403 5657 puritatis?
3431 5579 3548 5636 Non

1978 5696 2176 5765 utique,
2209 5694 2328 5762 quia
2359 5692 2581 5760 legimus
2613 5706 2623 5740 :
2656 5687 2725 5742 Ut
2768 5681 3061 5740 exltibeatis
3105 5689 3328 5746 corpora
3374 5680 3550 5728 vestra

1979 5787 2206 5842 hostiam
2227 5787 2422 5848 vivam,
2451 5791 2709 5846 sanctam,
2735 5779 3029 5849 placentem
3061 5772 3192 5826 Deo.
3227 5768 3292 5824 Et
3323 5767 3549 5822 iterum:

1982 5878 2164 5932 Sancti
2189 5884 2362 5942 estote,
2391 5877 2509 5942 quia
2545 5889 2634 5939 ego
2659 5881 2859 5927 sanctus
2881 5884 2991 5924 sunt
3019 5862 3160 5931 (Leu.
3193 5858 3330 5924 xu).
3355 5856 3428 5911 Ita
3454 5853 3552 5910 hoc

2710 6043 2801 6062 ut
