4060 6332
523 342 625 413 79S

1713 334 1789 389 S'."
1814 332 2058 399 FAUS’"
2098 331 2501 395 BIIEGIENSIS

3674 341 3791 397 795

523 472 714 528 genere
751 456 1026 516 bonorum,
1059 452 1270 505 illorum
1297 463 1412 529 quae
1444 452 1583 509 male
1614 457 1834 504 secutus
1863 446 2097 518 paradisi
2128 449 2181 523 ᾼ
2207 456 2310 514 est,
2343 450 2512 505 bonus
2540 462 2661 505 esse
2689 448 2995 514 contendat,
3024 458 3078 505 et
3104 450 3409 523 supplicans
3434 452 3575 511 dicat
3598 470 3613 507 ε
3639 463 3695 513 et
3715 470 3796 511 ex

522 550 692 606 incola
719 564 747 603 a
776 547 1002 619 benigno
1023 553 1242 599 auctore
1262 551 1589 614 susceperat,
1622 558 1729 597 non
1754 542 1913 623 periit
1936 541 2101 609 actio,

521 641 620 697 etsi
637 648 719 696 est
738 640 932 693 amissa
957 636 1228 719 perfectio.
1246 635 1358 703 Non
1378 637 1617 719 inquam,
1635 635 1823 701 harum
1841 636 2099 701 virtutum

522 732 678 804 periit
704 732 942 799 castitas,
964 714 1071 791 etsi
1097 738 1179 785 est
1212 714 1469 789 temerata
1495 727 1770 803 virginalis
1797 729 2098 801 integritas.

1133 820 1361 891 CAPUT
1402 820 1491 875 Ix.

615 915 847 984 Qualiter
870 914 1142 985 inﬁrmitas
1165 913 1311 967 liberi
1340 912 1540 967 arbitrii
1567 910 1898 985 intelligenda
1929 912 2021 969 sit.

588 1006 696 1064 Sed
730 1008 1029 1077 interrogas
1051 1014 1106 1061 et
1129 1005 1208 1059 ais
1236 1022 1249 1060 :
1278 1003 1557 1081 Quomodo
1589 1003 1991 1075 intelligendum
2020 1011 2105 1067 est

516 1098 847 1153 infirmatum
878 1096 1124 1151 humanae
1154 1096 1345 1151 mentis
1372 1094 1686 1150 arbitrium?
1715 1094 2001 1150 Attenuata
2034 1094 2101 1149 li-

520 1191 698 1245 bertas
726 1189 843 1260 ejus
872 1190 940 1244 ita
969 1189 1155 1259 gratiae
1185 1187 1506 1243 adminicula
1539 1187 1657 1261 plus
1680 1186 1937 1263 requirit,
1968 1186 2103 1247 sicut

522 1279 683 1335 homo
714 1281 865 1350 longa
892 1278 1198 1334 inﬁrmitate
1222 1277 1522 1343 confectus,
1553 1276 1845 1347 adiutoriis
1868 1292 1929 1331 ac
1957 1278 2101 1339 sola-

520 1373 609 1428 tiis
633 1387 817 1443 gressu
860 1372 1117 1426 titubante
1157 1370 1327 1439 magis
1360 1369 1580 1439 indiget.
1624 1369 1786 1439 Igitur
1813 1370 1956 1424 sicut
1984 1377 2103 1439 post

523 1468 873 1523 inveteratam
906 1464 1125 1520 luxuriae
1146 1463 1608 1530 consuetudinem,
1638 1466 1905 1534 reparatio
1931 1465 2101 1521 conti-

524 1558 720 1615 nentiae
750 1558 915 1612 multo
946 1555 1129 1610 labore
1155 1556 1454 1613 constabit:
1490 1566 1542 1613 et
1569 1556 1708 1611 sicut
1735 1557 1893 1627 longo
1927 1566 2101 1612 temu-

524 1652 701 1706 Ientiae
730 1666 828 1706 usu
874 1650 1134 1719 captivata
1154 1693 1168 1721 ,
1198 1650 1462 1705 sobrietas
1488 1666 1609 1705 cum
1637 1651 1885 1707 violentia
1917 1652 2102 1723 rigidae

523 1747 696 1800 crucis
728 1745 815 1799 vix
846 1745 1119 1813 recipitur,
1152 1760 1268 1814 quae
1296 1745 1440 1825 prius
1462 1761 1580 1801 cum
1614 1747 1773 1802 illaesa
1805 1756 2100 1817 teneretur,

2208 540 2483 601 voluntate
2522 555 2639 599 mea
2674 541 2978 605 confitebor
3018 542 3117 598 iiii.
3162 542 3385 607 lubetur
3425 547 3800 616 unusquisque

2206 649 2273 691 ex
2303 634 2575 693 voluntate
2604 634 2844 699 converti
2863 676 2879 700 .
2911 649 2980 697 ne
3009 643 3255 705 peccator
3283 636 3510 695 fortasse
3536 638 3801 707 desperet

2203 724 2261 787 in
2286 725 2476 787 melius
2512 740 2571 783 se
2599 740 2756 797 posse
2794 728 3011 787 mutari.
3044 727 3270 798 Siquis,
3309 728 3504 798 inquit.
3530 732 3634 787 vutt
3670 739 3809 801 post

2204 834 2284 877 me
2304 820 2495 883 venire,
2518 819 2727 891 abneget
2751 820 2973 891 seipsum
3001 821 3121 886 sibi,
3150 821 3207 877 id
3232 831 3334 889 εει,
3367 821 3498 877 alter
3522 822 3802 881 eiiciam

2205 924 2275 973 ex
2305 910 2496 973 altero.
2529 910 2789 989 Patientia
2824 910 3003 969 vincat
3036 912 3397 980 iracundiam,
3428 912 3798 983 temperantia

2205 1005 2439 1063 refrenet
2466 1006 2952 1075 concupiscentiam
2974 1047 2991 1073 ,
3027 1006 3299 1065 humilitas
3323 1006 3567 1065 exturbat
3592 1021 3801 1076 super—

2205 1097 2376 1163 biam,
2410 1113 2541 1152 crux
2579 1106 2824 1154 conterat
2856 1099 3205 1167 voluptatem.
3237 1100 3366 1165 Quis
3404 1101 3517 1154 haec
3552 1100 3676 1157 sine
3711 1101 3799 1155 In.

2206 1189 2335 1245 bore
2366 1189 2572 1253 cordis,
2606 1192 2721 1244 sine
2748 1188 3039 1245 afﬂictione
3074 1191 3280 1253 censis,
3313 1191 3429 1245 sine
3460 1206 3652 1260 magno
3698 1191 3800 1246 ho-

2206 1283 2367 1337 minis
2397 1282 2677 1351 utriusque
2707 1281 2997 1337 luctamine
3022 1281 3321 1337 dormienti
3347 1283 3451 1336 sibi
3489 1297 3581 1351 per
3605 1282 3797 1337 solam

2203 1375 2428 1453 gratiam
2467 1374 2694 1429 :estimet
2736 1372 3100 1429 conferenda?
3140 1373 3357 1445 Abneget
3398 1374 3615 1442 “ipsum
3652 1374 3796 1442 sibi,

2207 1467 2309 1523 hoc
2334 1478 2415 1525 est
2439 1467 2618 1525 dicere
2639 1467 2715 1524 :0
2740 1466 2919 1532 homo,
2954 1485 3060 1524 non
3095 1478 3250 1537 putes
3280 1476 3334 1524 te
3363 1468 3435 1523 ita
3464 1468 3530 1523 ab
3558 1476 3798 1523 auctore

2209 1568 2296 1612 tuo
2332 1558 2634 1623 conditum,
2666 1568 2722 1614 ut
2754 1559 2823 1615 de
2852 1559 3035 1629 iniquo
3055 1560 3263 1629 justus,
3294 1558 3362 1614 de
3393 1559 3671 1615 luxurioso
3704 1572 3799 1612 ea-

2206 1664 2342 1720 stus,
2371 1655 2439 1717 de
2461 1653 2727 1711 malevolo
2753 1654 3012 1726 benignus
3033 1668 3156 1709 esse
3189 1668 3297 1707 non
3317 1653 3511 1723 possis.
3542 1652 3707 1719 Quod
3738 1660 3796 1705 ut

2206 1747 2461 1815 consequi
2492 1747 2672 1803 valeas
2706 1762 2812 1803 non
2853 1746 3053 1803 factura
3085 1747 3141 1803 in
3174 1754 3227 1804 te
3255 1753 3339 1801 est
3365 1743 3651 1810 mutanda,
3693 1743 3793 1799 sed

522 1851 687 1907 parvo
729 1837 939 1907 negotio
974 1836 1289 1892 servabatur
1333 1835 1631 1909 (siquidem
1674 1854 1794 1897 cum
1834 1840 2103 1908 voluptate
2131 1825 2180 1901 Β
2208 1838 2334 1895 vita.
2366 1837 2518 1893 Nunc
2554 1839 2653 1893 ista
2692 1838 2967 1907 dicentes.
3011 1852 3120 1899 non
3159 1837 3393 1903 laborem
3429 1836 3613 1907 gratiae
3642 1851 3795 1897 coar-

522 1928 748 2000 quadam
786 1927 1037 1983 inviolata
1069 1927 1393 1983 conscientia
1440 1927 1787 1999 possidetur),
1826 1940 1880 1985 et
1915 1946 2100 2001 quem-

524 2021 808 2076 admodum
838 2030 956 2091 post
984 2019 1193 2075 diversa
1220 2020 1509 2075 carnalium
1540 2021 1895 2083 blandimenta
1941 2022 2101 2078 vitio-

524 2100 671 2175 rum,
705 2129 822 2185 quae
866 2114 1019 2168 facile
1056 2113 1222 2182 prima
1268 2122 1398 2168 aetas
1435 2122 1630 2169 stutum
1672 2130 1825 2168 suum
1866 2115 2103 2181 retinens

524 2206 731 2261 calcare
763 2206 1044 2275 potuisset,
1074 2219 1194 2259 cum
1228 2218 1421 2275 magno
1454 2204 1772 2269 luctamine,
1804 2206 1948 2259 velut
1978 2220 2105 2260 cou-

527 2307 609 2353 tra
638 2297 790 2352 ardui
819 2298 1015 2351 montis
1046 2310 1326 2349 ascensum
1368 2295 1432 2347 ad
1468 2295 1678 2347 virtutis
1709 2295 1845 2349 viam
1878 2296 2102 2361 reditur,

529 2389 600 2443 ita
640 2389 857 2444 humani
903 2387 1105 2447 arbitrii
1150 2402 1178 2439 a
1221 2386 1328 2449 Deo
1359 2400 1610 2442 concessa
1654 2387 1871 2441 libertas
1917 2389 2105 2445 ﬂorem

527 2478 872 2548 vigoremque
918 2478 1101 2549 gratiae
1144 2492 1255 2541 suae
1303 2478 1561 2556 perdidit,
1612 2487 1785 2533 tamen
1841 2480 1952 2548 ipsa
2000 2494 2105 2536 non

527 2571 707 2642 periit,
738 2580 791 2625 ut
823 2570 999 2626 divina
1028 2584 1246 2626 munera
1276 2584 1379 2623 non
1412 2578 1517 2624 tam
1549 2569 1823 2625 interdicta
1855 2572 1953 2627 sibi
1986 2587 2109 2628 sen-v

528 2666 653 2730 tiat,
682 2680 839 2735 quam
879 2679 999 2719 cum
1032 2679 1243 2725 summo
1290 2663 1471 2718 labore
1504 2679 1566 2721 ac
1603 2663 1799 2721 sudore
1830 2680 1924 2737 per
1951 2666 2106 2736 adju-

528 2759 648 2815 torii
674 2759 1026 2830 patrocinium
1052 2757 1153 2812 sibi
1184 2758 1473 2829 repetenda
1498 2773 1617 2814 esse
1638 2770 1944 2830 cognoscat.
1969 2760 2107 2825 Audi

527 2852 882 2924 Iegislatorem
910 2852 977 2907 de
1004 2852 1291 2906 voluntatis
1320 2851 1544 2907 arbitrio
1570 2852 1957 2923 disputantem,
1986 2870 2108 2913 cum

525 2945 657 3009 dicit
688 2962 702 2998 ;
757 2942 915 2998 Posui
952 2954 1069 2997 ante
1100 2946 1278 3014 faciem
1314 2945 1633 3015 tuampitam
1661 2955 1707 2999 et
1744 2956 1985 3013 mortem,
2021 2947 2110 3002 bo-

525 3048 648 3089 num
686 3043 733 3088 et
772 3036 996 3100 malum;
1030 3036 1157 3105 elige
1192 3030 1351 3093 vitam
1383 3046 1437 3089 ut
1466 3038 1602 3092 vivas
1633 3036 1813 3111 (Deut.
1850 3056 1951 3093 xxx
1974 3040 2010 3109 ).
2044 3041 2109 3101 Et

526 3128 717 3182 iterum
747 3147 758 3181 ε
789 3128 937 3181 Viam
961 3129 1184 3183 veritatis
1210 3129 1339 3203 elegi
1358 3146 1375 3183 :
1378 3129 1583 3200 judicia
1608 3140 1693 3185 tua
1716 3150 1815 3186 non
1844 3150 1955 3187 sum
1981 3134 2109 3189 obli—

2205 1944 2449 2001 quamus,
2476 1930 2572 1987 sed
2594 1931 2815 1987 omnino
2835 1931 3063 2002 gratiam
3091 1929 3206 1987 sine
3228 1930 3630 2000 comparatione
3650 1943 3795 1998 pra:-

2206 2036 2475 2091 pommus.
3180 2086 3181 2089 η

2830 2113 3059 2181 CAPUT
3097 2114 3166 2169 X.

2212 2207 2481 2273 Quomodo
2505 2208 2889 2279 intelligendum
2916 2210 2981 2263 sit
3009 2224 3028 2263 :
3058 2228 3078 2262 ι
3110 2206 3233 2263 Non
3252 2208 3463 2279 valentis
3488 2222 3651 2279 neque
3671 2221 3789 2279 curf

2279 2280 2555 2345 rentis,sed
2580 2276 2858 2334 miserentis
2878 2291 2949 2335 est
2977 2279 3105 2343 Dei;
3138 2298 3156 2330 ι
3189 2280 3266 2335 vel
3296 2277 3457 2332 illud:
3479 2296 3499 2331 ς
3532 2276 3649 2330 Non
3676 2276 3788 2335 ι’εηὶ

2281 2365 2458 2403 vocare
2472 2354 2664 2421 justas,
2692 2353 2781 2405 sed
2808 2360 3094 2422 peccatores
3124 2350 3177 2405 in
3198 2350 3563 2421 paenitentiam.
3597 2367 3614 2399 ι

2280 2484 2387 2541 Sed
2421 2484 2553 2541 dicis
2584 2504 2595 2539 :
2626 2486 2682 2543 In
2714 2496 2919 2547 tantum
2947 2485 3079 2541 nihil
3114 2495 3197 2543 est
3238 2486 3504 2550 hominis,
3538 2484 3633 2539 sed
3678 2494 3763 2539 tan

2210 2591 2326 2641 tum
2362 2577 2545 2648 gratia:
2588 2578 2717 2647 Dei,
2754 2587 2812 2634 ut
2852 2578 3141 2649 Apostolus
3168 2578 3311 2633 dicat
3342 2596 3353 2630 :
3390 2577 3519 2631 Non
3549 2577 3787 2643 calentis,

2212 2670 2692 2741 uequecurrentis,
2724 2672 2862 2727 sicut
2899 2671 3001 2726 sibi
3036 2681 3251 2740 arrogat
3278 2670 3496 2729 Judaeus
3532 2687 3603 2727 ex
3645 2670 3781 2737 lege.

2217 2761 2298 2821 vel
2324 2760 2567 2832 Pelagius
2588 2776 2654 2818 ex
2679 2761 2833 2817 liberi
2858 2762 3068 2819 arbitrii
3088 2762 3528 2831 praesumptione,
3553 2760 3651 2815 sed
3670 2760 3785 2815 licet

2211 2865 2331 2909 cum
2370 2850 2601 2908 hominis
2646 2856 2940 2919 servitute,
2984 2863 3152 2910 totum
3195 2865 3369 2910 tamen
3409 2854 3696 2907 miserantis
3720 2861 3784 2905 est

2214 2943 2331 3013 Dei,
2363 2962 2463 3001 nou
2490 2947 2705 3002 volentis
2730 2964 2888 3018 neque
2916 2949 3164 3003 currentis
3191 2947 3362 3013 (Rom.
3390 2947 3492 3016 ιχ).
3524 2946 3624 3002 Hic
3648 2945 3781 2999 illum

2212 3037 2487 3105 evidenter
2515 3047 2667 3105 nouit
2687 3048 2743 3095 et
2769 3040 2969 3109 arguit,
2994 3040 3086 3110 qui
3111 3040 3285 3097 solum
3309 3054 3377 3101 se
3389 3039 3494 3097 sibi
3519 3037 3779 3100 sufticae,

2212 3129 2329 3191 sine.
2364 3145 2526 3185 manu
2564 3130 2867 3201 adjuvantis
2906 3132 3203 3195 existimat.
3249 3130 3521 3191 (laterum
3560 3129 3629 3185 ad
3665 3144 3779 3187 cum

529 3231 609 3274 tus
650 3221 821 3288 (Psal.
856 3221 1071 3292 cum).
1096 3221 1257 3277 Vides
1286 3202 1426 3294 quod
1473 3225 1739 3285 neminem
1785 3226 1870 3281 hic
1913 3231 2111 3297 premit
2213 3221 2304 3291 Qui
2335 3235 2458 3279 cum
2487 3221 2795 3279 miserantis
2819 3222 3021 3279 auxilio
3039 3231 3261 3285 conatus
3299 3236 3433 3287 suos
3450 3221 3651 3291 iungit.
3673 3234 3773 3274 non

528 3313 647 3378 fati,
679 3316 763 3369 vel
793 3316 1055 3383 impositae
1083 3318 1401 3385 perditionis
1431 3320 1749 3391 necessitas,
1774 3321 1862 3377 ubi
1894 3338 2109 3391 compeq

531 3405 594 3459 tit
631 3406 859 3476 eligendi
893 3408 1167 3476 potestas?
1211 3407 1393 3477 Neque
1421 3410 1563 3467 enim
1605 3413 1659 3467 in
1700 3428 1861 3473 unam
1906 3430 2111 3483 partem

532 3496 694 3552 trahit
742 3498 1174 3568 praedestinatio,
1226 3498 1312 3554 ubi
1354 3500 1628 3573 utriusque
1677 3503 1843 3575 partis
1872 3503 2110 3563 defertur

528 3588 744 3644 electio.
780 3589 907 3645 Item
944 3606 958 3645 :
994 3587 1118 3644 Fiat
1152 3607 1334 3647 manus
1369 3602 1457 3646 tua
1496 3603 1551 3648 ut
1585 3595 1784 3651 salvum
1810 3613 1888 3655 me
1919 3594 2111 3667 faciat,

528 3687 649 3755 quia
679 3687 921 3755 ntaudata
952 3695 1037 3739 tua
1067 3685 1196 3761 elegi
1224 3684 1394 3755 (Psal.
1421 3687 1630 3757 cxvut),
1662 3690 1761 3745 hoc
1784 3701 1867 3753 est
1890 3690 2068 3747 dicere
2094 3711 2108 3745 :

529 3778 861 3833 Sollicitabat
883 3794 966 3834 me
985 3777 1197 3849 quidem
1217 3778 1267 3832 in
1284 3777 1556 3835 sinisuam
1582 3788 1787 3851 partem
1811 3781 2109 3849 perniciosa

530 3871 713 3923 mundi
738 3871 1011 3939 voluptas.
1048 3870 1143 3926 sed
1190 3872 1241 3925 in
1280 3871 1561 3929 dexteram
1593 3872 1963 3937 mandatorum
1995 3882 2113 3933 tuo-

530 3969 646 4013 rum
680 3961 838 4014 traxit
868 3959 1086 4015 utilitas.
1118 3961 1301 4033 Itaque
1328 3977 1446 4017 cum
1480 3971 1668 4032 gentes
1698 3963 1837 4033 ipsa:
1870 3963 1936 4029 ad
1983 3966 2113 4033 mali

533 4048 728 4103 bonive
746 4049 1003 4120 judicium
1022 4052 1185 4105 insito
1206 4052 1303 4105 sibi
1328 4052 1624 4125 dirigantur
1646 4052 1887 4117 arbitrio.
1912 4063 2111 4124 quanto

535 4140 702 4208 magis
754 4141 1019 4197 moderari
1066 4142 1130 4195 ad
1178 4142 1372 4198 bonam
1425 4154 1631 4213 partem
1674 4146 1960 4203 voluntatis
2001 4161 2111 4203 suae

536 4226 783 4285 libertate
809 4239 983 4301 potest
1011 4231 1225 4286 humilis
1258 4232 1626 4301 Christianus,
1670 4237 1756 4307 qui
1786 4236 2112 4306 possibilita-

538 4326 645 4373 tem
666 4333 815 4376 suam
839 4314 892 4375 in
926 4321 1017 4383 Dei
1041 4321 1305 4391 adjutoris
1324 4326 1517 4385 virtute
1538 4328 1833 4383 constituit.
1849 4328 1928 4385 Ad
1950 4344 2111 4398 quem

537 4409 770 4469 dicitur:
805 4413 866 4468 Si
893 4415 965 4469 vis
992 4415 1243 4485 perfectus
1276 4434 1413 4487 esse,
1444 4419 1599 4488 vade,
1637 4420 1794 4475 vende
1820 4437 1931 4490 qua:
1959 4422 2113 4479 habes

538 4500 749 4573 (Matth.
777 4505 910 4574 xu).
931 4505 1000 4560 Et
1021 4507 1211 4562 iterum
1237 4526 1251 4564 :
1282 4506 1371 4563 Vis
1414 4526 1568 4565 sanus
1593 4510 1705 4578 ﬁeri
1731 4509 1908 4581 (Joan.
1932 4528 1985 4577 γ,
2016 4512 2112 4584 6)?

2214 3314 2361 3380 dicit,
2393 3332 2496 3369 non
2524 3317 2735 3371 valentis
2763 3332 2920 3385 neque
2940 3308 3331 3381 currentiafsed
3361 3314 3525 3371 multo
3541 3312 3688 3368 aliter
3704 3310 3767 3367 ad

2214 3420 2339 3467 eum
2366 3406 2619 3476 loquitur.
2655 3407 2771 3474 Sic,
2801 3407 2991 3477 inquit,
3018 3407 3224 3473 currite,
3256 3404 3774 3477 utcanzpreheudatis.

2215 3498 2286 3557 Et.
2312 3498 2528 3557 iterum.
2554 3499 2679 3555 Tam
2708 3499 2829 3563 bene
2851 3501 3151 3566 currebatis,
3172 3501 3286 3571 quis
3312 3515 3401 3555 vos
3425 3498 3689 3566 impedivit
3705 3513 3779 3551 so-

2212 3590 2353 3645 ritati
2380 3607 2481 3644 non
2508 3592 2747 3647 obedire?
2774 3590 2832 3646 Si
2850 3606 2969 3661 non
3006 3599 3094 3649 est
3129 3592 3288 3647 etiam
3318 3588 3571 3645 voluntas
3606 3600 3782 3657 θιψεε

2213 3684 2405 3740 ctanda
2430 3685 2717 3751 currentis,
2745 3699 2913 3754 quare
2936 3684 3131 3740 dicitur
3153 3702 3167 3739 :
3198 3684 3309 3753 Ego
3331 3684 3488 3753 igitur
3517 3683 3596 3737 sic
3623 3697 3782 3743 curro,

2214 3791 2312 3835 non
2346 3775 2489 3843 quasi
2528 3775 2582 3827 in
2620 3775 2902 3840 incertum;
2932 3784 2990 3831 et
3028 3775 3220 3831 iterum
3258 3792 3272 3827 :
3305 3772 3521 3828 Cursum
3552 3787 3783 3826 am

2215 3866 2375 3929 mavi,
2424 3866 2577 3933 ﬁdem
2621 3866 2851 3927 servavi?
2896 3864 3020 3920 Non
3064 3866 3277 3921 valentis
3317 3880 3477 3932 neque
3520 3863 3784 3918 currentis.

2215 3959 2333 4029 Ipse
2358 3958 2458 4017 sibi
2485 3960 2690 4019 obtexit
2717 3973 2960 4016 errorum
2990 3958 3271 4023 tenebras,
3299 3958 3389 4028 qui
3418 3956 3473 4013 in
3500 3956 3786 4027 Scripturis

2215 4053 2414 4111 sanctis
2446 4051 2529 4107 vel
2566 4065 2827 4122 personas
2861 4051 3033 4106 nescit
3074 4050 3434 4120 interrogare,
3466 4051 3550 4106 vel
3583 4063 3786 4108 causast

2216 4143 2331 4212 Ijoe
2355 4143 2475 4203 loco
2505 4142 2793 4213 Apostolus
2816 4141 3053 4213 gentium
3083 4156 3332 4199 asserens
3360 4141 3515 4197 fidem
3536 4183 3551 4208 ,
3584 4140 3785 4197 Iudaeo-

2214 4250 2335 4292 rum
2365 4234 2669 4305 superbiam
2699 4244 2912 4295 coercet
2939 4243 2991 4290 et
3020 4233 3361 4302 comprimit,
3387 4232 3480 4303 qui
3508 4232 3611 4288 sibi
3638 4231 3785 4301 justi-

2218 4329 2343 4395 tiam
2382 4327 2451 4389 dc
2494 4328 2628 4397 legis
2660 4325 2913 4395 operibus
2952 4326 3306 4397 arrogabant,
3347 4340 3412 4380 ae
3442 4324 3535 4380 Dei
3585 4324 3786 4379 miseri-

2215 4421 2452 4481 cordiam
2486 4428 2541 4476 et
2581 4420 2805 4491 gratiam
2839 4420 3193 4490 respuebant,
3229 4421 3319 4490 qui
3360 4435 3538 4481 suam.
3572 4431 3633 4474 ut
3668 4419 3789 4474 dicit

2219 4513 2533 4584 Apostolus,
2569 4489 2845 4582 quaerentes
2872 4489 3089 4569 statuere
3122 4489 3405 4581 justitiam,
3441 4511 3664 4579 justitite
3702 4489 3812 4564 Dei.

536 4600 782 4657 conscius
807 4610 1060 4673 quantum
1079 4602 1225 4660 cordi
1244 4604 1476 4661 humano
1494 4617 1685 4677 pOtens
1706 4580 1871 4662 factor
1897 4580 2106 4665 indide-
2134 4580 2190 4647 Β
2215 4580 2317 4660 non
2339 4614 2455 4659 sunt
2480 4580 2692 4676 subjecti
2714 4604 2888 4672 (Rom.
2909 4603 3001 4672 ι).
3029 4580 3176 4670 Quos
3196 4610 3253 4656 et
3279 4602 3385 4657 alio
3404 4601 3524 4656 loco
3544 4601 3788 4655 simulata

538 4691 627 4759 rit,
660 4693 985 4750 voluntatem
1011 4693 1178 4767 ipsius
1197 4712 1354 4767 quem
1379 4706 1459 4753 cst
1488 4708 1773 4755 sanaturus
1795 4699 2107 4770 interrogat.

539 4784 671 4840 Nam
700 4796 752 4842 et
780 4788 886 4843 alio
912 4789 1029 4845 loco
1056 4790 1310 4861 populum
1348 4791 1707 4847 ambulantem
1736 4807 1994 4848 concessa
2021 4808 2108 4849 ar-

535 4877 675 4935 bitrii
700 4878 939 4936 libertate
961 4882 1038 4937 sic
1066 4882 1238 4952 arguit
1262 4898 1276 4935 :
1303 4882 1449 4938 Educ
1470 4886 1610 4951 foras
1632 4884 1878 4953 populum
1899 4899 2113 4953 meum,

534 4979 583 5027 et
625 4972 798 5026 oculos
834 4970 1135 5038 habentem,
1181 4973 1396 5027 surdum
1425 4983 1472 5029 et
1513 4991 1661 5030 aures
1703 4976 1748 5028 ei
1785 4984 1901 5030 sunt
1950 4973 2111 5046 (Isai.

536 5062 711 5135 mn).
749 5064 847 5121 Hic
885 5067 1028 5135 quod
1069 5065 1263 5122 surdus
1297 5075 1353 5121 et
1390 5080 1567 5122 caecus
1604 5078 1717 5133 ρει,
1763 5067 2110 5123 contumaciae

535 5167 655 5210 esse
684 5153 1017 5226 intelligitur,
1047 5169 1152 5212 non
1180 5166 1404 5211 naturae.
1438 5156 1505 5210 Et
1531 5155 1583 5210 in
1612 5155 1901 5227 Evangelio
1926 5165 2113 5227 aperte

535 5244 769 5301 ostendit
805 5246 1033 5303 inditum
1062 5260 1183 5311 esse
1227 5246 1431 5303 homini
1474 5247 1627 5302 bona:
1657 5247 1940 5302 voluntatis
1980 5247 2111 5303 alie-

508 5344 702 5395 ‘ctum.
735 5338 799 5397 Si
837 5340 983 5410 quis,
1023 5338 1224 5410 inquit,
1264 5338 1369 5392 vult
1410 5348 1521 5411 post
1548 5355 1626 5392 me
1664 5338 1863 5404 venire,
1905 5338 2114 5406 abneget

536 5431 757 5501 seipsum
793 5431 915 5499 sibi,
958 5440 1005 5486 et
1055 5431 1200 5485 tollat
1242 5445 1441 5485 crucem
1480 5445 1625 5484 suam
1668 5438 1715 5483 et
1756 5437 1993 5498 sequatur
2035 5443 2112 5482 me

538 5519 692 5594 (Luc.
723 5522 828 5595 ix).
862 5524 973 5579 Hoc
996 5532 1078 5579 est
1105 5522 1286 5579 dicere
1318 5540 1329 5573 ε
1374 5523 1504 5577 Mea:
1533 5520 1893 5577 miserationis
1934 5526 2014 5575 est
2056 5529 2115 5579 ut

536 5619 769 5685 voceris,
817 5621 913 5675 sed
952 5630 1055 5677 tuae
1094 5621 1382 5679 voluntatis
1425 5620 1770 5677 commissum
1809 5628 1891 5675 est
1935 5627 1990 5673 ut
2028 5632 2114 5673 se-

537 5713 740 5786 quaris.
766 5711 1048 5769 Videamus
1077 5717 1119 5771 si
1150 5729 1243 5784 per
1266 5715 1433 5769 otium
1454 5714 1518 5765 ad
1543 5727 1602 5767 se
1630 5712 1811 5766 invitet
1840 5711 2111 5766 hominem

538 5806 701 5867 Deus.
734 5807 975 5876 Abneget,
1004 5806 1195 5877 inquit,
1227 5807 1447 5875 seipsum
1466 5805 1583 5871 sibi,
1614 5804 1666 5861 id
1695 5814 1796 5874 est,
1823 5805 2113 5891 animatus

2210 4696 2612 4768 justiﬁeatione,
2640 4706 2692 4751 et
2712 4696 2927 4765 obliqua
2954 4710 3048 4765 per
3072 4695 3297 4750 ironiam
3317 4707 3449 4749 voce
3474 4693 3788 4746 condemnat

2214 4788 2446 4851 dicens:
2493 4787 2616 4841 Non
2662 4788 2776 4841 veni
2815 4802 2995 4840 vocare
3041 4786 3233 4851 iustos,
3277 4785 3365 4838 sed
3404 4793 3691 4853 peccatores
3728 4783 3789 4834 ad

2215 4882 2560 4952 paenitentiam
2587 4878 2802 4950 (Matth.
2832 4894 2878 4933 ιι
2897 4878 2945 4947 ),
2987 4877 3199 4945 Justos,
3237 4876 3287 4931 id
3317 4885 3430 4941 est,
3464 4876 3551 4944 qui
3595 4874 3698 4928 sibi
3731 4878 3791 4924 t'e

2216 4973 2637 5044 praesumptione
2657 4972 2879 5042 justitize
2904 4970 3265 5026 blandiuntur.
3294 4969 3443 5025 Sicut
3467 4978 3522 5022 et
3549 4967 3651 5021 alio
3675 4968 3790 5019 lucu

2212 5065 2589 5137 justiﬁeantem
2633 5064 2841 5133 respuit
2880 5061 3242 5124 Pharisaaum,
3275 5068 3331 5116 et
3360 5073 3700 5113 accusantem
3738 5072 3791 5110 se

2215 5159 2451 5229 suscepit
2476 5157 2839 5227 publicanum.
2867 5153 2987 5209 Non
3014 5154 3145 5219 veni,
3176 5152 3366 5222 inquit,
3397 5168 3576 5207 uocare
3596 5155 3787 5221 justas,

2212 5252 2301 5319 sed
2326 5259 2611 5318 peccatores
2630 5250 2697 5304 ad
2721 5248 3084 5321 pmnitetuiam,
3118 5246 3168 5301 id
3193 5256 3299 5311 est,
3324 5261 3431 5301 non
3454 5246 3575 5299 veni
3599 5258 3788 5298 vocare

2216 5343 2431 5401 Judaeos
2460 5358 2531 5399 ex
2570 5343 2689 5413 lege
2721 5341 2825 5398 sibi
2857 5339 3079 5411 iustitia:
3121 5336 3391 5408 privilegia
3428 5336 3787 5395 vindicantes,

2216 5435 2311 5492 sed
2342 5436 2517 5504 potius
2543 5444 2730 5504 gentes
2764 5433 2979 5503 requiro
3016 5448 3080 5489 es
3114 5432 3219 5488 lide
3257 5438 3595 5498 peccatorum
3629 5427 3785 5497 ptent-

2215 5527 2434 5582 tentiam
2482 5525 2816 5595 protitentes.
2864 5523 2997 5581 Nam
3032 5522 3102 5578 ob
3131 5523 3369 5592 ipsorum
3409 5520 3701 5574 elationem
3739 5523 3788 5571 et

2215 5620 2319 5675 alio
2349 5619 2465 5675 loco
2490 5619 2565 5674 ita
2590 5617 2722 5672 dicit
2746 5634 2759 5670 :
2793 5615 2914 5689 Non
2936 5627 3009 5671 est
3031 5632 3155 5686 Opus
3181 5614 3319 5670 sanis
3346 5612 3567 5677 medica,
3593 5611 3683 5665 sed
3704 5610 3786 5680 qui

2215 5712 2345 5767 male
2376 5711 2584 5765 habent.
2616 5708 2786 5764 Juda'i
2823 5719 3003 5763 autent
3034 5707 3208 5775 iustos
3242 5715 3297 5761 et
3332 5718 3494 5759 Sanos
3531 5717 3590 5758 se
3629 5703 3785 5771 jacet.

2217 5801 2344 5859 bant
2372 5816 2513 5865 esse.
2542 5799 2635 5858 sed
2666 5814 2770 5857 non
2798 5809 2970 5885 erant.
3001 5799 3130 5867 Quis
3152 5808 3326 5855 autem
3352 5809 3541 5855 sanum
3570 5794 3638 5853 de
3661 5808 3783 5851 sane
