4060 6332
644 340 740 398 799
1871 335 1924 390 s.
1971 331 2214 390 FAUS'I‘I
2253 330 2658 390 RIIEGIENSIS
3803 342 3890 402 suo

641 461 714 512 ris
744 503 754 523 ,
810 456 1028 524 originis
1079 453 1370 508 necessitas
1415 453 1722 520 deputasset
1749 497 1760 519 ,
1819 465 1926 504 non
1967 456 2231 518 quareret
2260 450 2310 508 Α
2338 447 2466 503 dere
2488 449 2784 504 benelicia?
2811 450 3088 517 Quomodo
3111 452 3238 506 mihi
3264 451 3482 508 dicitur:
3502 453 3644 507 Decii
3667 473 3712 508 ta
3733 475 3760 509 α
3780 463 3894 514 malo

643 564 774 618 quos
803 549 1093 617 deciperet,
1123 561 1219 600 nec
1249 546 1514 624 deputatis
1542 544 1761 614 vigilare
1788 550 2085 613 prodesset.
2123 541 2226 596 Sed

640 659 743 695 non
777 643 844 695 ita
875 652 976 696 est.
1029 641 1157 694 Nam
1208 641 1344 695 sicut
1392 640 1558 694 hostis
1596 639 1844 695 omnibus
1890 640 2224 703 admovetur,

639 732 711 785 ita
732 732 978 787 omnibus
1003 731 1231 800 praesidii
1253 742 1308 786 et
1327 731 1577 800 adjutorii
1603 733 1821 787 dextera
1848 748 1952 788 non
1982 741 2226 803 negatur,

637 833 691 879 et
715 824 988 879 orantibus
1016 838 1078 878 ac
1109 823 1447 894 vigilantibus
1491 825 1874 880 misericordiae
1904 823 2228 894 benignitate

585 983 598 1004 κ
635 918 983 974 succurritur.
1017 919 1147 984 Qua:
1175 922 1356 988 utique
1384 919 1740 989 pulsantibus,
1777 919 1945 989 magis
1972 933 2039 974 ex
2061 917 2226 973 devo-

593 1007 598 1016 ’
638 1010 782 1066 tione
807 1026 964 1082 quam
997 1026 1061 1066 ex
1094 1009 1564 1080 praedestinatione
1588 1011 1848 1066 defertur.
1880 1011 2060 1081 Itaque
2090 1010 2228 1066 inter

635 1102 757 1168 ista,
790 1103 879 1174 qui
908 1103 1038 1159 dicit
1065 1103 1234 1157 solam
1270 1104 1496 1173 gratiam
1523 1104 1640 1160 sine
1669 1105 1932 1161 exercitio
1964 1108 2146 1176 operis
2175 1115 2229 1162 et

638 1192 840 1250 laboris
887 1210 1046 1265 posse
1089 1195 1340 1252 sufﬁcere
1367 1239 1380 1260 ,
1429 1213 1607 1254 nonne
1629 1199 1729 1256 tibi
1762 1199 1967 1256 videtur
1998 1201 2049 1256 in
2091 1204 2229 1257 hanc

569 1287 577 1354 ξ
634 1287 985 1358 blasphemia:
1007 1303 1190 1344 vocem
1212 1289 1441 1345 alienata
1461 1299 1638 1346 mente
1658 1294 2040 1362 prorumpere?
2060 1293 2226 1350 Nemo

637 1382 851 1452 vigilet;
887 1397 1045 1439 nemo
1066 1382 1299 1453 jejunet;
1331 1397 1490 1439 nemo
1517 1383 1742 1440 luxuriae
1773 1386 2225 1456 impugnationem

635 1474 974 1530 abstinentia:
1000 1475 1326 1533 contritione
1353 1477 1577 1548 castiget
1602 1519 1616 1543 ,
1666 1493 1824 1536 nemo
1850 1480 2049 1536 bellum
2083 1482 2228 1539 vitiis

635 1570 1046 1626 mortificatione
1076 1572 1276 1627 exteris
1306 1572 1505 1627 indicat
1528 1613 1544 1640 ,
1591 1589 1749 1629 nemo
1781 1573 2056 1632 interioris
2085 1591 2228 1632 cura:

634 1663 817 1732 plagas
845 1663 1119 1719 salutifera
1151 1663 1444 1721 afﬂictione
1483 1667 1789 1734 contendat,
1835 1683 1994 1726 nemo
2023 1669 2227 1728 libidini

633 1754 1007 1821 contradicat,
1055 1771 1215 1812 nemo
1252 1757 1563 1814 criminibus
1601 1761 1835 1817 remedia
1863 1777 1958 1832 per
1987 1763 2257 1820 laborem.

2332 551 2376 594 et
2406 542 2489 610 fac
2529 541 2714 594 bonum
2755 540 2922 609 (Psal.
2953 543 3132 612 xxxvr)
3155 584 3171 608 ,
3214 545 3258 598 si
3282 544 3391 614 jam
3424 547 3621 601 malum
3653 548 3894 608 declinare

2331 649 2437 689 non
2483 635 2732 703 possum?
2779 635 2884 688 Cur
2933 637 3219 705 Apostolus
3267 637 3545 707 loquitur:
3587 639 3892 713 Mortiﬁcate,

2333 728 2522 796 inquit,
2546 729 2770 783 membra
2799 740 2959 784 vestra
2994 729 3213 800 (Coloss.
3237 731 3350 801 tu);
3381 742 3435 788 et
3461 733 3656 791 iterum
3683 755 3695 789 ε
3721 736 3894 807 Eratis,

2330 822 2520 892 inquit,
2552 824 2829 894 aliquando
2855 826 3101 892 tenebras;
3135 843 3269 882 nunc
3291 839 3463 884 autem
3487 829 3578 884 lux
3597 831 3652 885 in
3679 831 3892 902 Domino,

2331 924 2384 968 ut
2408 915 2504 982 lilii
2535 915 2661 970 lucis
2691 916 2946 971 ambulate
2970 917 3134 988 (Eph.
3168 921 3244 990 v).
3278 921 3559 989 Quomodo
3587 924 3720 980 mihi
3751 937 3894 982 muta-

2333 1009 2529 1063 tionem
2587 1009 2690 1065 mei
2736 1008 2867 1080 legis
2900 1011 3219 1081 prazdicator
3248 1014 3520 1083 insinuat,
3551 1016 3597 1072 si
3631 1017 3893 1073 inimitabi-

2331 1101 2436 1156 lem
2465 1102 2634 1171 legem
2663 1102 2835 1159 factor
2865 1103 3116 1175 imposuit
3149 1122 3162 1159 :
3191 1105 3580 1178 Eupoliantes,
3618 1111 3804 1180 inquit,
3831 1130 3895 1165 tot

2328 1204 2540 1248 veterem
2570 1197 2824 1249 hominem
2851 1214 2964 1250 cum
3002 1198 3199 1252 actibus
3229 1203 3343 1272 ejus
3366 1241 3380 1265 ,
3418 1201 3687 1256 induentes
3719 1220 3894 1257 novum.

2329 1288 2608 1354 Quomodo
2655 1302 2960 1346 concretam
3020 1292 3222 1361 peccati
3278 1294 3451 1349 labem
3499 1295 3896 1366 inseparabiliter

2330 1379 2397 1434 ad
2445 1381 2704 1450 originem
2758 1391 2813 1438 et
2855 1383 3212 1440 conditionem
3263 1387 3532 1456 pertinere
3599 1390 3895 1458 contendis,

2330 1487 2487 1539 quam
2519 1475 2712 1543 deponi
2742 1483 2796 1529 et
2817 1477 2940 1532 exui
2990 1492 3146 1545 posse
3173 1479 3452 1547 cognoscis
3475 1522 3492 1546 ,
3536 1479 3769 1551 intelligo
3790 1495 3895 1536 con-

2332 1567 2495 1622 trario
2542 1577 2593 1622 te
2639 1567 2828 1638 spiritu
2879 1567 3142 1623 adversus
3171 1579 3415 1625 sanctum
3463 1569 3724 1639 Spiritum
3756 1573 3894 1643 loqui,

2330 1662 2418 1733 qui
2452 1661 2583 1731 legis
2613 1671 2668 1717 et
2703 1663 3082 1733 prophetarum
3107 1673 3462 1730 sacramenta,
3487 1665 3575 1734 qui
3605 1666 3895 1735 evangelica:

2332 1757 2575 1812 veritatis
2601 1758 2817 1812 oracula
2845 1757 3044 1812 mundo
3074 1758 3127 1812 in
3157 1758 3476 1827 adjutorium
3506 1759 3678 1823 dedit,
3708 1770 3759 1813 et
3786 1775 3893 1827 pra:-

634 1857 921 1902 maceratm
948 1849 1126 1905 carnis
1151 1850 1402 1920 inquirat,
1427 1865 1586 1907 nemo
1613 1852 1821 1909 hostem
1850 1853 2114 1910 illecebris
2133 1857 2225 1911 ob-

2331 1857 2484 1918 cepta
2515 1849 2691 1903 divina
2725 1865 2819 1919 per
2855 1848 3139 1903 laboriosae
3169 1848 3442 1903 servitutis
3488 1848 3664 1903 ofﬁcia
3691 1890 3704 1914 ,
3754 1852 3894 1918 gratia

632 1955 809 1996 scenae
839 1942 1126 2013 voluptatis
1156 1953 1420 2000 armatum
1448 1946 1622 2000 crucis
1651 1947 1854 2003 viribus
1882 1950 2226 2018 repercutiet,

632 2033 726 2088 sed
755 2043 942 2090 contra
982 2036 1134 2106 ignea
1178 2036 1376 2094 inimici
1401 2039 1578 2108 jacula
1623 2039 1822 2096 nudum
1853 2051 2040 2111 pectus
2066 2058 2229 2113 expo-

632 2134 742 2191 nat,
778 2141 935 2182 nemo
967 2128 1146 2184 debita
1170 2140 1386 2186 interna:
1416 2133 1576 2186 morti
1615 2132 1853 2188 obnoxia
1882 2174 1896 2198 ,
1929 2134 2228 2205 eleemosy-

632 2235 820 2275 uarum
844 2221 1124 2276 sacriﬁciis
1153 2223 1405 2290 redimat,
1439 2239 1597 2280 nemo
1622 2240 1717 2294 per
1741 2241 1902 2294 Opera
1930 2226 2229 2282 misericor-

632 2313 734 2368 diae
762 2323 922 2384 atque
944 2315 1166 2384 jnstitia:
1192 2332 1375 2371 curam
1404 2318 1715 2374 vulneribus
1745 2319 1879 2375 ferat
1904 2366 1918 2389 ,
1960 2321 2053 2376 sed
2085 2323 2227 2378 inte-

633 2423 725 2476 gra
755 2422 816 2461 ea
846 2407 912 2461 ad
942 2407 1083 2462 diem
1108 2408 1296 2478 judicii
1344 2409 1598 2480 perferat.
1647 2411 1786 2468 Ecce
1835 2413 1920 2467 hic
1952 2415 2038 2483 qui
2073 2415 2228 2485 paulo

634 2507 758 2553 ante
783 2508 1020 2554 assertor
1047 2501 1231 2570 gratia:
1261 2501 1544 2570 putabatur
1569 2542 1585 2570 ,
1634 2502 2039 2559 intercludendo
2089 2507 2226 2561 viam

634 2590 823 2646 salutis
848 2589 1095 2646 humana:
1122 2633 1136 2658 ,
1171 2593 1508 2663 impugnator
1536 2595 1739 2664 grati.e,
1774 2611 1868 2666 per
1896 2613 2053 2668 quam
2082 2598 2226 2654 salus

634 2682 746 2751 ipsa
772 2682 966 2737 collata
994 2691 1078 2737 est
1105 2683 1393 2750 invenitur,
1423 2695 1476 2740 et
1504 2686 1554 2740 in
1586 2686 1781 2743 diaboli
1812 2692 2068 2748 transisse
2095 2707 2226 2747 con-

633 2775 750 2830 silia
783 2775 995 2846 adjutor
1026 2775 1342 2847 perditionis
1369 2778 1684 2835 ostenditur.

1251 2891 1479 2949 CAPUT
1520 2893 1608 2948 ΧΙ.

633 2985 821 3038 Contra
847 2984 941 3039 hoc
965 2985 1101 3054 quod
1135 2985 1333 3051 dicunt,
1352 2987 1420 3040 ad
1447 2988 1639 3040 malum
1671 2998 1868 3041 tantum
1899 2989 2111 3043 liberum
2140 3007 2226 3043 ar-

703 3056 910 3109 bitrium
957 3066 1249 3127 promptum
1277 3073 1382 3112 esse
1408 3057 1641 3126 homini,
1688 3060 1757 3112 ad
1799 3060 1982 3114 bonum
2012 3079 2218 3132 prorsus

706 3143 808 3180 non
839 3143 965 3181 €558.

2332 1950 2658 2012 cooperante
2700 1942 3076 2009 servantibus,
3120 1957 3342 2013 regnum
3390 1941 3610 1996 cteleste
3662 1942 3892 2011 promisit.

2331 2036 2667 2106 Quapropter
2692 2035 2949 2091 honorem
2978 2035 3148 2090 sancti
3177 2036 3359 2101 oreris
3380 2050 3442 2090 ac
3465 2036 3670 2090 laboris
3693 2036 3761 2091 de
3788 2052 3893 2106 pne

2334 2128 2426 2184 mii
2460 2128 2829 2199 magnitudine
2859 2144 2918 2181 ac
2960 2127 3219 2198 dignitate
3249 2128 3441 2183 metire
3462 2170 3477 2193 ,
3510 2129 3665 2197 cujus
3695 2131 3892 2198 palmam

2333 2235 2386 2279 tn
2421 2224 2619 2292 pariter
2645 2231 2700 2278 ct
2725 2237 2976 2278 coronam
3005 2223 3163 2276 vilem
3194 2222 3391 2292 absque
3417 2222 3582 2276 dubio
3616 2223 3830 2291 judicas,
3857 2224 3892 2278 si

2332 2333 2449 2372 eam
2477 2318 2593 2372 sine
2618 2317 2880 2371 laboriosa
2912 2315 3236 2370 contritione
3259 2314 3586 2384 apprehendi
3614 2331 3766 2386 posse
3787 2332 3892 2370 Cfth

2333 2409 2534 2462 ﬁrmas.
2566 2406 2810 2477 Nunquid
2842 2415 3016 2476 potest
3045 2407 3160 2461 sine
3201 2422 3389 2476 magna
3419 2408 3597 2476 operis
3630 2410 3890 2463 intentione

2331 2501 2636 2555 mandatum
2668 2500 2795 2554 illud
2827 2499 3022 2554 divina:
3052 2501 3429 2569 praeceptionis
3477 2501 3719 2571 impleri?
3759 2501 3888 2566 Noli,

2333 2595 2529 2662 inquit,
2562 2593 2749 2646 vincia
2790 2593 2949 2656 malo,
2983 2593 3070 2646 sed
3102 2592 3242 2646 vince
3275 2593 3326 2645 in
3357 2592 3490 2646 bono
3520 2593 3704 2646 malum
3734 2592 3886 2660 (Rom.

2330 2686 2448 2756 xu).
2485 2685 2581 2739 Vel
2615 2684 2741 2739 illud
2779 2703 2791 2738 :
2828 2683 3003 2738 Nolite
3035 2686 3245 2750 seduci,
3272 2696 3609 2754 corrumpunt
3637 2704 3777 2741 mores
3799 2689 3887 2741 ba-

2330 2798 2419 2835 nos
2447 2781 2700 2851 colloquia
2723 2782 2858 2834 mala
2889 2779 2938 2850 (Ι
2968 2780 3087 2835 Cor.
3114 2782 3226 2851 xv).
3260 2781 3326 2836 Et
3347 2784 3619 2853 quomodo
3643 2786 3760 2839 inter
3780 2785 3888 2838 haec

2332 2873 2529 2928 asseris
2560 2881 2834 2941 acceptum
2865 2872 3033 2942 gratia
3073 2872 3272 2928 donum
3321 2874 3472 2930 nullo
3519 2875 3676 2930 modo
3702 2876 3884 2945 pericli-

2330 2963 2450 3029 tari,
2479 2977 2600 3018 cum
2623 2963 2788 3033 legas,
2815 2962 3028 3017 insitum
3057 2964 3296 3018 moribus
3319 2965 3516 3021 bonum
3545 2982 3572 3019 a
3603 2968 3729 3020 malo
3751 2982 3883 3035 posse

2328 3056 2648 3124 corrumpi?
2717 3055 2850 3110 Num
2906 3056 2993 3125 qui
3044 3055 3287 3111 docuerit
3336 3068 3392 3112 ttt
3437 3059 3730 3115 obtineatur
3763 3061 3883 3127 quod

2330 3148 2618 3217 Apostolus
2653 3149 2779 3204 dicit
2813 3166 2826 3202 :
2863 3147 2927 3202 In
2972 3151 3206 3203 omnibus
3245 3151 3625 3206 tribulationem
3670 3155 3884 3221 patimur,

710 3243 806 3299 Ubi
836 3254 918 3300 εει
940 3245 1070 3300 illud
1105 3245 1380 3316 ριιοριιειω
1413 3265 1426 3300 ε
1460 3247 1647 3301 Audi“
1683 3264 1761 3302 ,ηε
1784 3288 1798 3312 ,
1830 3250 1916 3315 qu;
1956 3251 2222 3318 εεηηεηιεηί
2247 3225 2293 3288 C
2326 3243 2412 3294 sed
2441 3259 2539 3294 non
2571 3252 2934 3311 angustamur;
2975 3242 3290 3312 aporiamur,
3323 3243 3413 3297 sed
3440 3261 3540 3297 non
3568 3245 3886 3307 destituimur;

632 3336 770 3405 quod
787 3341 991 3408 justum
1012 3348 1102 3405 est,
1144 3347 1191 3392 et
1224 3340 1452 3408 quwritis
1492 3338 1769 3392 Dominum
1820 3338 1949 3410 (lsa.
1984 3341 2078 3411 LI).
2132 3342 2221 3396 Vel

633 3427 764 3482 illud
789 3429 1030 3498 Apostoli
1065 3447 1079 3483 :
1114 3428 1337 3483 Nescitis
1366 3431 1603 3499 quoniam
1629 3431 1710 3484 cui
1735 3432 2030 3485 ex’tibuistis
2051 3449 2138 3486 vos
2157 3434 2224 3486 ad

633 3519 966 3574 obedientium
991 3561 1005 3585 ,
1038 3521 1164 3575 servi
1195 3523 1314 3576 estis
1335 3524 1446 3592 ejus
1484 3523 1568 3576 cui
1595 3523 1832 3576 obedtstis
1857 3565 1872 3589 ,
1903 3525 2004 3578 sive
2035 3529 2225 3592 percuti

633 3613 700 3665 ad
747 3623 957 3668 mortem
982 3655 998 3680 ,
1045 3615 1147 3669 sive
1195 3616 1497 3670 obeditionis
1526 3618 1594 3669 ad
1616 3619 1872 3690 justitiam
1913 3619 2085 3688 (Rom.
2123 3624 2220 3690 vr).

634 3706 768 3760 Dum
797 3720 924 3776 ergo
954 3708 1242 3776 Apostolus
1272 3708 1341 3762 ab
1367 3707 1585 3762 homine
1612 3709 1782 3763 studia
1814 3711 2032 3765 meliora
2059 3713 2226 3782 depo-

631 3798 772 3865 scit,
825 3799 1003 3855 inesse
1047 3801 1094 3854 ei
1127 3799 1430 3855 facultatem
1470 3801 1624 3857 bona:
1655 3803 1940 3858 voluntatis
1969 3807 2223 3872 ostendit,

631 3905 788 3958 quant
822 3905 944 3945 cum
977 3891 1312 3962 praeferimus
1337 3934 1352 3960 ,
1400 3905 1584 3964 aperte
1630 3896 2022 3953 ordinationem
2069 3911 2227 3970 atque

632 3980 932 4038 mirabilem
977 3983 1385 4053 dispositionem
1436 3988 1518 4040 sui
1574 3987 1924 4056 prtcdicamus
1971 3994 2224 4057 auctoris,

633 4088 794 4142 quam
822 4076 887 4129 ad
916 4075 1057 4143 iusta
1079 4067 1254 4131 ofﬁcia
1286 4088 1644 4148 praeparatam
1671 4081 1808 4134 idem
1835 4082 2109 4150 apostolus
2135 4084 2228 4139 de-

634 4175 899 4220 monstrat
921 4166 1106 4222 dicens
1140 4185 1154 4221 :
1189 4168 1310 4221 Non
1340 4185 1459 4240 ergo
1493 4180 1665 4240 regnet
1695 4183 1956 4241 peccatum
1981 4176 2035 4227 in
2065 4185 2228 4230 vestro

637 4257 842 4310 mortali
873 4273 1116 4324 corpore,
1151 4269 1208 4313 ut
1237 4261 1484 4315 obediatis
1518 4264 1937 4332 concupiscentiis
1965 4271 2073 4338 ejus
2093 4310 2106 4334 ,
2140 4267 2228 4322 sed

636 4365 796 4418 neque
817 4347 1095 4403 exhibeatis
1111 4351 1334 4404 membra
1353 4362 1514 4406 vestra
1529 4370 1673 4407 arma
1689 4356 1968 4426 iniquitatis
1987 4370 2224 4429 peccato;

634 4439 721 4493 sed
746 4437 972 4493 exhibete
1007 4456 1090 4494 vos
1133 4439 1242 4495 Deo
1263 4451 1501 4513 tanquam
1547 4462 1611 4499 ea:
1649 4449 1858 4502 mortuis
1897 4451 2113 4505 viventes
2137 4495 2151 4518 ,
2181 4457 2227 4506 el

635 4533 1047 4588 membra-vestra
1092 4552 1234 4589 arma
1266 4539 1486 4607 justitia:
1525 4537 1633 4594 Deo
1683 4541 1857 4614 (Rom.
1901 4547 1993 4616 vt).
2046 4547 2174 4602 Item
2210 4567 2222 4600 :

2329 3334 2724 3403 persecutionem
2758 3335 2999 3402 patimur,
3030 3333 3118 3386 sed
3149 3351 3249 3387 non
3281 3333 3694 3404 derelinquimur;
3718 3336 3887 3405 dejici-

2328 3442 2460 3488 νων,
2493 3426 2581 3478 sed
2609 3440 2708 3478 non
2737 3426 2960 3494 perimus
3001 3423 3086 3496 (Il
3121 3425 3238 3480 Cor.
3265 3426 3364 3497 tv).
3399 3426 3463 3480 Et
3485 3425 3616 3496 quod
3645 3426 3745 3480 alio
3773 3426 3888 3480 loco

2327 3519 2453 3574 dicit
2475 3537 2486 3572 :
2516 3518 2648 3573 Mihi
2676 3529 2841 3573 autem
2875 3519 3092 3572 mundus
3117 3521 3396 3586 cruciﬁxus
3421 3531 3515 3588 est,
3541 3530 3582 3573 et
3611 3536 3693 3588 ego
3713 3521 3890 3573 mundo

2331 3611 2474 3682 (lial.
2502 3612 2596 3680 vr).
2628 3611 2682 3667 Si
2714 3611 2828 3665 lucc
2854 3620 3013 3683 atque
3042 3612 3365 3682 hujusmodi,
3403 3614 3597 3683 quibus
3626 3613 3887 3684 Scriptura:

2328 3717 2527 3761 saneta:
2557 3706 2723 3775 plenae
2751 3715 2892 3768 sunt,
2929 3721 3024 3775 per
3052 3707 3219 3760 otium
3249 3718 3652 3776 comparantur,
3683 3723 3771 3763 cur
3798 3723 3886 3761 non

2329 3801 2394 3853 ah
2442 3799 2691 3854 omnibus
2737 3799 3093 3854 obtinentur?
3158 3800 3377 3854 Multum
3425 3811 3481 3856 et
3527 3801 3890 3857 remunerantis

2330 3893 2512 3961 gloria:
2539 3936 2551 3958 ,
2604 3901 2657 3946 et
2703 3893 3121 3947 remtmetatoris
3169 3893 3391 3962 iustitiae
3439 3894 3814 3966 derogahitnr,
3853 3895 3890 3948 si

2330 3985 2523 4037 summi
2553 3991 2605 4038 et
2634 3983 2867 4036 illustres
2898 3983 2994 4037 viri
3028 3991 3123 4053 per
3166 3986 3396 4054 quietem
3448 3997 3503 4040 et
3541 3987 3789 4041 desidiam
3816 4000 3891 4040 co-

2333 4085 2609 4129 ronantur.
2676 4076 2741 4129 Et
2788 4074 2875 4129 ubi
2915 4085 2998 4130 est
3043 4076 3170 4130 illud
3230 4077 3653 4148 propheticum:
3700 4077 3891 4147 Propter

2330 4168 2477 4222 verba
2509 4168 2755 4221 labiorum
2785 4179 2984 4221 tuorum
3009 4185 3100 4240 ego
3135 4171 3384 4224 custodivi
3411 4173 3517 4224 vias
3542 4173 3697 4224 duras
3734 4169 3890 4242 (I’sal.

2334 4269 2445 4332 xvr)
2468 4264 2490 4314 ?
2513 4263 2566 4317 Si
2596 4264 2902 4331 procuratio
2933 4262 3262 4334 inquirenda:
3289 4265 3478 4320 salutis
3505 4268 3728 4320 otiosum
3750 4279 3892 4332 nego-

2335 4357 2463 4411 tium
2493 4366 2592 4421 est,
2622 4358 2921 4411 communis
2946 4398 2962 4424 ,
2996 4367 3050 4412 et
3078 4358 3362 4426 generalis,
3393 4368 3446 4414 et
3473 4358 3576 4412 lata
3606 4369 3685 4413 est
3710 4356 3894 4411 virtutis

2334 4454 2416 4507 via
2445 4495 2458 4517 ,
2488 4469 2615 4524 ergo
2646 4454 2972 4508 mentiuntur
3001 4453 3285 4523 Evangelia
3341 4471 3459 4524 qua:
3491 4455 3673 4510 dicunt
3701 4472 3715 4508 :
3748 4455 3897 4520 Quam

2334 4558 2551 4618 angusta
2581 4556 2727 4615 porta
2751 4557 2796 4601 et
2827 4556 2966 4600 arcta
3007 4549 3085 4600 via
3125 4558 3196 4601 est
3238 4563 3351 4617 qua:
3381 4548 3521 4600 ducit
3564 4550 3634 4601 ad
3671 4549 3831 4612 vitam,
3859 4555 3899 4596 et

635 4625 939 4680 Humanum
997 4627 1110 4683 dico
1158 4641 1365 4700 propter
1407 4632 1757 4701 inﬁrmitatem
1805 4640 1973 4692 carnis
2022 4649 2221 4698 vestrm.
2249 4615 2306 4677 Β
2329 4641 2482 4710 pauci
2505 4639 2726 4710 suntqui
2745 4640 3005 4693 inveniunt
3031 4657 3160 4694 eam.
3208 4641 3261 4694 Si
3293 4655 3452 4710 opera
3483 4641 3782 4702 cessabunt,
3811 4640 3898 4690 ho-

635 4717 780 4771 Sicut
808 4719 942 4771 enim
962 4719 1259 4775 exhibuistis
1288 4722 1514 4777 membra
1561 4735 1724 4780 vestra
1781 4730 1962 4783 servire
2003 4731 2225 4786 immun-

635 4810 774 4865 ditiw
797 4853 812 4878 ,
854 4822 901 4865 et
954 4812 1207 4883 iniquitati
1234 4818 1302 4869 ad
1332 4818 1650 4887 iniquitatem
1676 4861 1692 4886 ,
1735 4821 1806 4874 ita
1837 4840 1968 4876 nunc
1996 4826 2226 4881 exhibete

635 4903 858 4957 membra
879 4913 1044 4958 vestra
1072 4907 1255 4962 servire
1268 4909 1483 4978 justitia:
1503 4913 1554 4964 in
1578 4915 2033 4983 sanctiﬁcationem
2064 4919 2220 4990 (1b.).

636 4994 823 5050 Nonne
849 4995 935 5050 hic
961 4997 1131 5067 ipsum
1162 4999 1522 5073 eumdemque
1561 5003 1830 5061 hominem
1867 5008 1931 5062 ad
1959 5008 2220 5065 bonorum

637 5104 856 5158 operum
887 5092 1059 5145 studia
1092 5105 1380 5163 provocat,
1428 5112 1588 5166 quem
1622 5101 1769 5169 prius
1800 5103 1953 5157 malis
1981 5105 2221 5161 deditum

637 5181 803 5239 fuisse
841 5185 1180 5239 manifestat?
1222 5186 1383 5256 Igitur
1410 5187 1535 5242 dum
1569 5191 1720 5246 liberi
1756 5194 2107 5264 interemptor
2135 5211 2222 5250 ar-

636 5276 777 5331 bitrii
803 5277 856 5331 in
882 5280 1191 5333 alterutram
1221 5289 1426 5349 partem
1454 5283 1633 5337 omnia
1656 5299 1720 5338 ex
1753 5285 2224 5355 prmdcstinationc

635 5377 829 5423 statuta
859 5376 915 5423 et
955 5369 1173 5424 deﬁnita
1216 5385 1335 5427 esse
1375 5375 1718 5443 pronuntiat,
1766 5377 1927 5431 etiam
1974 5393 2222 5447 suprema

635 5463 865 5517 remedia
885 5465 1214 5533 pmnitentia:
1234 5482 1395 5523 sensu
1418 5471 1659 5541 abruptae
1673 5473 1964 5542 impietatis
1980 5487 2219 5531 cvacuat.

637 5555 707 5608 Et
733 5557 998 5623 quomodo
1029 5558 1282 5625 prmdicat
1307 5561 1530 5630 gratiam
1562 5563 1651 5632 qui
1679 5563 2100 5618 misericordiam
2129 5582 2220 5620 ne-

635 5652 763 5718 gat?
825 5652 1101 5718 Quomodo
1131 5657 1340 5712 videtur
1377 5671 1620 5713 asserere
1663 5658 1754 5714 Dei
1801 5658 2038 5720 donum,
2071 5662 2221 5729 cujus

637 5746 774 5801 tollit
797 5751 1087 5806 auxilium?
1113 5754 1392 5820 Quomodo
1421 5755 1582 5809 audet
1607 5755 1674 5809 de
1689 5755 1984 5824 Scripturis
2012 5770 2217 5824 prmsu-

629 5848 784 5900 mere
815 5842 1114 5898 testimonia
1141 5886 1156 5911 ,
1197 5847 1285 5913 qui
1316 5846 1718 5912 Scripturarum
1764 5860 1987 5904 conatur
2027 5849 2217 5903 exclu-

2331 4748 2516 4788 norem
2548 4732 2737 4787 merita
2767 4747 2871 4786 non
2906 4730 3194 4786 habebunt.
3225 4731 3279 4787 Si
3313 4731 3440 4786 nihil
3469 4731 3629 4786 fuerit
3655 4733 3702 4785 in
3734 4730 3902 4784 labore

2329 4827 2553 4880 ardnutn
2585 4866 2598 4887 ,
2650 4823 2779 4877 nihil
2829 4823 2930 4878 crit
2975 4824 3026 4877 in
3074 4824 3272 4878 virtute
3324 4824 3640 4890 pretiosum.
3669 4823 3769 4878 Sed
3803 4823 3903 4876 ILL‘C

2328 4918 2492 4973 ardua
2525 4918 2606 4971 via
2635 4915 2871 4971 ostendit
2900 4916 3139 4986 ignavos,
3166 4926 3219 4970 et
3251 4915 3400 4969 labor
3426 4915 3661 4970 deterret
3688 4915 3903 4968 otioso=.

2329 5010 2442 5064 Non
2471 5024 2598 5078 ergo
2620 5007 2870 5062 violentia
2905 5007 3257 5075 praescientis,
3281 5007 3371 5061 sed
3406 5007 3759 5062 inobedientia
3794 5020 3905 5074 per-

2327 5104 2502 5158 t-antis
2524 5102 2576 5156 in
2607 5116 2766 5154 causa
2797 5108 2900 5164 est,
2933 5101 3071 5154 sicut
3101 5100 3326 5168 legimus
3359 5117 3370 5152 :
3409 5097 3678 5153 Perierunt
3711 5109 3905 5169 propfet'

2329 5196 2621 5262 iniquitates
2646 5211 2766 5247 suas
2789 5193 2920 5246 velut
2947 5192 3198 5245 somnium
3224 5192 3544 5261 exsurgentis
3578 5190 3692 5260 (Ps.
3726 5188 3900 5252 usu).

2329 5288 2388 5341 Et
2411 5289 2600 5341 iterum
2626 5305 2637 5339 :
2660 5284 2920 5339 Discedite
2933 5302 2963 5337 a
2979 5301 3077 5352 me,
3095 5301 3268 5338 omnes
3280 5286 3365 5353 qui
3380 5284 3665 5352 aperantini
3677 5281 3906 5349 iniquita-

2329 5391 2426 5433 tem
2443 5379 2558 5450 (Ps.
2575 5379 2670 5450 vi).
2690 5379 2753 5433 Et
2768 5378 2872 5432 alio
2892 5379 3009 5432 loco
3031 5395 3042 5430 :
3064 5375 3186 5431 Non
3201 5378 3547 5432 custodierunt
3565 5384 3904 5430 testamentum

2333 5472 2445 5539 Dei,
2459 5484 2505 5527 et
2529 5476 2580 5526 in
2604 5473 2710 5542 lege
2727 5475 2835 5542 ejus
2854 5469 3532 5539 uolueruntambulare(Ps.
3564 5470 3778 5534 Lxxvu).
3794 5464 3902 5518 Non

2327 5584 2454 5637 ergo
2474 5566 2872 5636 itnpossibilitas
2895 5564 2961 5618 ab
2977 5579 3140 5632 opere
3151 5563 3373 5632 justitia:
3390 5563 3660 5616 hominem
3678 5564 3900 5615 revocat,

2327 5662 2419 5716 sed
2447 5662 2697 5728 iniquitas
2723 5667 2776 5712 et
2796 5658 3059 5712 voluntas.
3078 5655 3211 5710 Cum
3235 5663 3414 5709 autem
3438 5650 3900 5723 Apostolusdicat:

2328 5754 2630 5809 Peccantem
2651 5768 2820 5806 coram
2838 5751 3066 5806 omnibus
3086 5766 3245 5819 argue
3262 5747 3312 5816 (l
3338 5746 3474 5801 Tim.
3509 5748 3588 5816 ν),
3609 5746 3743 5801 nulla
3771 5741 3904 5795 ratio

2325 5857 2409 5904 est
2424 5863 2527 5913 qua
2551 5847 2634 5903 vel
2656 5843 2955 5915 arguendos
2975 5843 3138 5900 sitve!
3159 5838 3598 5896 condemnandus
3618 5837 3705 5910 qui
3737 5832 3906 5891 deIiIl'
