4060 6332
171 353 257 411 801

1230 336 1316 390 DE
1358 332 1610 389 GIiATlA
1652 330 1795 395 DEI,
1838 328 2012 396 ETC.,
2055 329 2180 384 Llll.
2226 329 2263 384 1.

3323 337 3426 394 802

157 441 277 536 'quit
296 458 506 514 invitus.
527 455 632 511 Sed
656 470 759 510 non
783 453 1114 509 itaest.Nam
1139 466 1232 522 per
1250 450 1563 521 prophetam
1586 461 1739 501 suum
1767 447 1821 509 Α
1850 445 2036 499 melius
2067 460 2170 499 non
2203 459 2358 513 posse
2379 450 2570 501 mutari
2600 447 2918 504 deteriorem
2951 449 3180 504 hominis
3204 458 3423 521 statum,

172 553 412 613 Dominus
452 551 638 605 dicat:
685 548 1101 619 Unumquentque
1141 545 1422 599 secundum
1467 542 1571 595 vias
1615 556 1740 594 suas

170 644 392 722 iudicabo
414 643 593 696 domus
617 639 820 706 Israel;
850 640 1149 710 quicunque
1175 635 1454 691 succubuit
1484 631 1740 703 passioni,

171 757 266 798 non
297 734 623 810 praescientia
654 746 875 806 urgente
925 741 1208 802 superatus
1249 739 1368 793 est,
1401 727 1494 783 sed
1524 733 1743 796 peccato

170 829 459 889 blandiente
504 827 756 882 seductus
799 834 900 882 est.
951 825 1140 880 Adhuc
1186 833 1443 893 negantes
1490 830 1740 874 conatum

170 924 352 982 laboris
383 921 635 988 humani,
670 915 1030 976 teStimonium
1072 917 1208 972 istud
1249 922 1528 986 opponunt
1561 931 1574 968 :
1618 913 1738 967 Nisi

168 1021 402 1075 Dominus
445 1016 773 1084 wdiﬁcaverit
823 1015 1049 1080 domum,
1088 1016 1140 1065 in
1173 1027 1352 1065 vanum
1388 1010 1622 1063 laborant
1653 1007 1740 1077 qui

165 1115 407 1181 adificant
436 1127 544 1165 eam
585 1109 759 1183 (Psal.
791 1108 994 1177 cxxvr).
1045 1107 1145 1174 Qui
1188 1107 1288 1160 boc
1317 1104 1561 1174 imperite
1603 1101 1742 1171 obji-

163 1208 315 1271 ciunt,
337 1211 394 1258 et
423 1211 591 1258 totum
615 1200 816 1256 homini
845 1199 1213 1269 denegandum
1237 1196 1480 1261 credunt,
1508 1193 1744 1264 primum

163 1295 443 1351 secundum
473 1309 666 1348 sonttm
698 1292 910 1358 littera},
946 1292 1269 1345 intellectum
1296 1304 1449 1342 suum
1480 1286 1738 1358 expedire

163 1407 254 1445 non
286 1399 531 1460 possunt.
588 1387 835 1459 Nunquid
864 1387 1006 1442 enim
1038 1386 1292 1441 Dominus
1326 1399 1419 1452 per
1445 1397 1502 1437 se
1533 1391 1736 1437 tantum

160 1482 290 1537 velut
316 1482 558 1537 solitaria
589 1481 970 1551 procuratione
1005 1480 1231 1534 salutem
1272 1477 1487 1532 humani
1523 1475 1736 1545 generis

157 1574 501 1630 administrat.
542 1574 658 1629 Non
689 1574 891 1642 utique.
936 1572 1041 1628 Sed
1073 1587 1191 1625 cum
1222 1585 1417 1640 corpus
1448 1583 1541 1637 per
1569 1583 1737 1620 metu-

157 1668 240 1723 bra
266 1667 583 1738 dispositum
615 1667 802 1738 capitis
831 1675 1151 1736 exsequatur
1177 1664 1479 1732 imperium,
1507 1660 1736 1715 :ediﬁeat

156 1763 354 1816 domum
376 1777 526 1816 suam
546 1775 640 1831 per
657 1760 906 1816 Ecclesia:
920 1759 1347 1829 praesuleSatque
1365 1766 1625 1824 pastores,
1642 1770 1734 1824 per

1845 537 1947 592 hoc
1976 537 2082 591 illic
2105 537 2335 591 futurum
2366 539 2602 594 creditur
2630 550 2752 610 post
2779 541 2902 596 vita:
2929 543 3088 613 hujus
3113 560 3424 616 excessum,

1844 629 1931 683 ubi
1955 628 2064 698 jam
2092 644 2190 683 nec
2220 630 2523 687 emendatio
2549 673 2563 698 ,
2599 649 2695 689 nec
2739 635 2961 691 mutatio
2991 637 3092 692 erit
3121 639 3260 708 apud
3293 640 3424 697 inle-

1843 737 1952 778 ros.
1975 721 2242 778 Caeterum
2270 737 2434 794 usque
2459 727 2510 779 in
2540 726 2718 793 ﬁnem,
2741 737 2794 783 et
2814 729 2878 782 ad
2905 729 3166 799 justitiam
3196 735 3424 792 transire

1843 819 2085 888 pessimi,
2112 828 2167 874 et
2195 820 2492 890 periculum
2522 833 2743 892 possunt
2775 825 2961 880 timere
2989 828 3228 895 perfecti.
3272 830 3424 886 Sicut

1844 911 2068 979 legimus
2099 929 2112 964 :
2148 912 2249 978 Qui
2278 913 2566 982 gloriﬁcent
2605 931 2682 968 me
2717 916 3014 985 glori/icabo
3055 937 3176 989 eos;
3209 924 3297 991 qui
3330 940 3422 977 au-

1843 1017 1940 1060 tem
1967 1016 2292 1060 contemnunt
2332 1023 2410 1062 nte
2438 1017 2585 1062 erunt
2620 1010 2859 1079 ignobiles
2889 1012 2940 1080 (1
2975 1013 3101 1084 Ileg.
3135 1015 3213 1085 ιι).
3248 1017 3422 1083 Quare

1841 1098 1940 1154 iste
1963 1099 2274 1166 honoratur,
2298 1109 2354 1155 et
2374 1100 2464 1155 ille
2484 1100 2809 1170 despicitur?
2846 1102 3067 1173 Propter
3092 1106 3193 1161 hoc
3219 1110 3419 1180 utique,

1841 1191 1963 1261 quia
1993 1201 2049 1248 et
2071 1193 2160 1248 ille
2189 1193 2355 1248 Deum
2383 1194 2685 1264 gloriﬁcare
2715 1196 2883 1264 potuit
2912 1198 3000 1267 qui
3033 1199 3208 1254 intulit
3235 1213 3420 1257 contu-

1842 1286 2080 1348 meliam,
2107 1295 2161 1340 et
2190 1287 2289 1341 iste
2312 1296 2656 1344 contemnere
2679 1290 2768 1358 qui
2799 1288 2992 1344 detulit
3014 1292 3257 1361 gloriam.
3287 1295 3421 1362 Quia

1841 1379 2053 1447 placere
2081 1378 2304 1433 Doruino
2333 1378 2442 1435 Deo
2470 1395 2569 1436 suo
2593 1391 2644 1436 ct
2677 1383 2852 1451 potuit
2873 1384 3013 1440 nolle
3037 1385 3126 1455 qui
3157 1385 3338 1450 voluit,
3371 1403 3424 1444 et

1839 1475 2016 1542 potuit
2047 1475 2186 1529 velle
2226 1476 2314 1545 qui
2362 1475 2552 1530 noluit.
2609 1477 2717 1532 Nec
2747 1488 2899 1547 putes
2944 1479 3030 1536 hic
3059 1490 3264 1537 natura:
3303 1499 3423 1541 esse

1838 1568 2141 1624 distantiam
2163 1613 2176 1636 ,
2207 1570 2320 1639 ipse
2357 1571 2551 1640 estqui
2581 1571 2693 1626 vult
2719 1613 2733 1637 ,
2786 1574 2898 1642 ipse
2925 1575 3120 1644 estqui
3152 1591 3256 1630 non
3291 1579 3419 1633 vult.

1837 1662 2073 1732 Quisque
2095 1676 2222 1732 ergo
2246 1672 2461 1718 renatus
2491 1662 2543 1717 in
2573 1663 2805 1731 Christo,
2840 1664 2940 1719 nisi
2972 1667 3119 1735 prius
3148 1668 3306 1724 luerit
3333 1686 3424 1726 vas

1839 1756 2053 1812 malitiae
2075 1773 2171 1828 per
2191 1758 2401 1827 culpam
2431 1759 2721 1827 propriam,
2744 1773 2838 1814 vas
2866 1759 3087 1816 oIIensa:
3110 1771 3165 1817 et
3192 1763 3284 1817 irze
3305 1781 3423 1820 esse

154 1852 695 1924 eosquidicuntzbei
720 1851 1130 1921 enimadjutores
1148 1847 1388 1920 sumus(l
1413 1847 1533 1901 Cor.
1556 1847 1729 1913 111,9).
1764 1833 1813 1896 B
1842 1866 1944 1904 non
1995 1852 2208 1919 poterit.
2243 1850 2309 1905 Et
2356 1865 2386 1905 ο
2431 1853 2720 1918 contrario,
2775 1860 2834 1906 ιιι
2884 1854 2974 1906 tias
3017 1852 3422 1923 misericordim,

153 1947 241 2013 Qui
267 1947 412 2001 enim
431 1961 613 2002 curam
637 1945 858 2013 suscipit
888 1942 1125 1997 salvandi
1152 1941 1402 2006 hominis,
1419 1940 1629 2010 adjutor
1650 1946 1734 1992 est

153 2040 522 2110 redemptoris.
540 2039 794 2094 IEdiﬁcat
812 2053 940 2108 ergo
967 2037 1182 2092 domum
1207 2035 1342 2090 hanc
1358 2035 1612 2089 Dominus
1640 2048 1731 2102 per

150 2144 351 2189 sanctos
379 2149 526 2198 suos,
543 2144 593 2187 et
616 2133 784 2187 sancti
808 2147 902 2202 per
919 2131 1200 2185 Dominum
1218 2144 1396 2183 suum.
1418 2126 1731 2181 IEdiﬁeatur

149 2225 376 2283 Ecclesia
407 2242 502 2296 per
523 2240 643 2281 eum
666 2225 756 2295 qui
777 2223 910 2278 dixit
931 2242 942 2275 ε
967 2223 1032 2277 Ut
1054 2224 1257 2293 sapiens
1282 2221 1582 2274 architectus
1607 2221 1729 2290 fun-

147 2319 437 2372 damentum
466 2319 614 2389 posui
637 2316 798 2387 (Ibid.
830 2317 937 2384 10).
972 2315 1214 2385 Nunquid
1239 2315 1394 2369 aliter
1423 2313 1650 2368 mdilicat
1677 2319 1731 2366 ct

147 2412 415 2484 cognoscit
445 2411 760 2475 Ecclesiam,
794 2425 951 2480 quam
985 2425 1077 2479 per
1107 2409 1317 2463 labores
1351 2418 1402 2464 et
1434 2407 1607 2462 ofﬁcia
1644 2421 1730 2460 sa-

144 2508 441 2572 cerdotum,
481 2521 574 2576 per
601 2505 891 2560 ministeria
923 2513 977 2559 et
1006 2503 1246 2572 exempla
1274 2511 1604 2566 sanctorum,
1633 2514 1729 2570 per

145 2599 502 2669 apostolorum
534 2597 757 2651 virtutes
784 2605 839 2650 et
864 2605 1155 2667 martyrum
1181 2597 1414 2648 mortes?
1449 2594 1553 2647 Sed
1590 2591 1730 2648 inter

146 2690 252 2744 hmc
279 2706 405 2746 cum
435 2703 603 2759 usque
630 2688 697 2742 ad
728 2687 964 2741 omnium
997 2687 1256 2740 malorum
1287 2685 1620 2740 tolerantiam
1654 2685 1729 2738 vi-

145 2795 309 2853 taeque
331 2787 598 2854 jacturam
632 2780 876 2834 laborare
903 2779 1094 2833 debeat
1140 2777 1370 2831 famulus
1391 2818 1406 2842 ,
1453 2777 1518 2830 ad
1552 2775 1727 2830 Domi-

144 2895 260 2932 num
296 2887 480 2932 tamen
532 2891 744 2946 semper
769 2883 853 2930 est
901 2873 1212 2928 referendus
1258 2870 1456 2925 laboris
1487 2869 1726 2925 eIl‘ectus.

143 2972 236 3036 Qui
266 2985 396 3026 vero
428 2970 509 3024 vel
563 2968 769 3023 initium
800 2967 978 3036 operis
1024 2966 1122 3020 sibi
1156 2963 1429 3034 praesumit
1458 2977 1726 3032 armgare,

145 3065 220 3119 vel
252 3067 413 3120 linem
439 3105 455 3130 ,
501 3063 566 3117 ad
599 3063 747 3117 illum
779 3061 972 3116 merito
1011 3059 1207 3114 dicitur
1255 3075 1266 3111 :
1317 3056 1438 3111 Nisi
1477 3057 1728 3110 Dominus

141 3158 467 3224 redi/icavcrit
509 3156 745 3220 domum,
790 3156 842 3206 in
869 3169 1053 3205 vanum
1086 3151 1317 3204 laborant
1355 3149 1441 3220 qui
1469 3150 1726 3217 ludificant

1837 1945 1984 2014 prius
2029 1945 2240 1999 futurus
2269 1953 2351 1998 est
2379 1959 2473 1999 vas
2503 1945 2822 2000 obedientize
2851 1988 2863 2010 ,
2896 1954 2954 2000 ut
2998 1947 3423 2015 praecedentibus

1836 2039 2012 2093 causis
2036 2038 2166 2108 justi
2195 2037 2390 2106 judicis
2427 2041 2688 2093 sententia
2733 2037 3111 2108 subsequatur.
3160 2042 3421 2098 Ostenda-

1835 2149 1953 2189 mus
1983 2147 2076 2187 vas
2105 2133 2443 2188 contumelia:
2473 2131 2526 2186 in
2553 2147 2649 2186 vas
2681 2132 2897 2187 honoris
2935 2133 3201 2201 adjutorio
3243 2135 3332 2188 Dei
3368 2144 3421 2191 et

1833 2224 2010 2279 studio
2052 2238 2150 2278 suo
2181 2237 2338 2293 posse
2368 2225 2616 2279 transire.
2663 2224 2755 2289 Si,
2784 2223 2982 2293 inquit,
3018 2225 3195 2279 dixero
3221 2227 3420 2297 impio:

1835 2317 2001 2370 Morte
2042 2315 2298 2378 morieris,
2332 2324 2376 2368 et
2413 2316 2572 2387 egerit
2601 2315 2946 2385 paenitentiam
2985 2333 3017 2368 a
3057 2327 3262 2384 peccato
3304 2336 3419 2386 suo,

1833 2415 2104 2481 feceritque
2129 2412 2388 2480 judicium
2415 2421 2462 2464 et
2491 2412 2770 2482 justitiam,
2812 2414 2912 2465 vita
2940 2413 3067 2465 vivet
3095 2423 3142 2466 et
3177 2431 3277 2467 non
3310 2432 3416 2468 mo-

1832 2501 2010 2555 rietur.
2059 2500 2195 2568 Quid
2226 2511 2307 2556 est
2338 2501 2530 2571 impius
2553 2541 2569 2566 ,
2604 2502 2705 2556 nisi
2730 2518 2823 2556 vas
2853 2503 3228 2558 contumeliae?
3283 2504 3422 2561 Ecce

1834 2609 1926 2662 per
1955 2593 2249 2648 remedium
2281 2593 2610 2662 pcenitentia:
2636 2593 2816 2648 subito
2861 2593 3155 2648 honoratur
3184 2595 3422 2652 candore

1829 2689 2012 2758 gratiae
2038 2729 2053 2752 ,
2101 2696 2155 2742 et
2188 2686 2428 2742 induitur
2454 2687 2650 2742 decore
2673 2687 2895 2755 justitim
2920 2728 2936 2753 ,
2977 2698 3032 2741 ut
3074 2698 3416 2756 peccatorum

1832 2780 1962 2836 faece
1984 2779 2220 2844 detersa,
2239 2779 2570 2834 conﬁdenter
2589 2779 2757 2849 possit
2776 2779 2955 2835 dicere
2977 2795 3097 2836 cum
3122 2781 3380 2852 Propheta
3403 2801 3417 2838 :

1830 2874 2077 2943 Asperges
2105 2889 2204 2936 me,
2238 2870 2475 2938 Domine,
2509 2871 2750 2943 hyssopo,
2783 2885 2832 2927 et
2860 2873 3190 2937 mundabor;
3229 2875 3421 2930 lavubis

1831 2982 1926 3030 me,
1961 2975 2009 3019 et
2050 2982 2203 3035 super
2239 2969 2401 3019 nivem
2429 2966 2722 3019 dealbabor.
2772 2966 2911 3022 Audi
2943 2967 3255 3036 Apostolum
3283 2984 3420 3037 quo-

1830 3058 1990 3113 modo
2016 3058 2252 3113 dealbari
2282 3073 2439 3127 posse
2462 3060 2770 3128 pronuntiat
2798 3060 3035 3115 maculas
3055 3063 3418 3131 conscientiae,

1831 3157 1890 3203 ut
1917 3149 1984 3204 de
2012 3163 2134 3204 vase
2167 3150 2460 3218 iniquitatis
2486 3165 2626 3226 ,.vas
2673 3151 3115 3207 sanctiﬁcationis
3145 3165 3419 3223 appareat.

142 3264 269 3300 earn.
314 3249 582 3302 Creterum
624 3245 762 3299 sicut
800 3243 868 3298 ab
899 3242 1115 3296 homine
1144 3240 1426 3296 indefessa:
1454 3241 1728 3294 servitutis
1751 3218 1798 3281 (ἶ
1831 3244 1898 3298 1η
1930 3243 2102 3312 domo,
2135 3243 2322 3314 inquit,
2349 3218 2558 3314 magna,
2594 3261 2692 3298 non
2715 3244 2879 3298 solum
2903 3254 3016 3299 sunt
3045 3218 3346 3300 vasa—aurea
3375 3255 3421 3300 et

139 3341 499 3409 exspectanda
529 3338 743 3395 devotio
772 3347 890 3401 est,
922 3337 990 3390 ita
1021 3336 1199 3405 Operis
1230 3336 1585 3389 consummati
1619 3334 1722 3388 Do-

138 3434 286 3486 mino
301 3442 386 3487 est
401 3431 701 3501 deputanda
725 3429 1000 3499 perfectio,
1019 3429 1172 3496 cujus
1190 3427 1328 3482 dona
1349 3427 1436 3481 ille
1458 3428 1603 3482 solus
1620 3442 1723 3482 non

135 3526 349 3589 habuit,
368 3525 456 3594 qui
478 3539 696 3578 servare
717 3523 969 3591 neglexit.
993 3521 1124 3575 Nam
1147 3530 1202 3576 et
1230 3522 1318 3575 ille
1343 3536 1533 3576 servus
1556 3537 1614 3574 se
1634 3536 1726 3575 ac-

137 3619 362 3686 cepisse
383 3616 650 3682 cognovit,
665 3614 1108 3684 quicommissum
1127 3612 1226 3664 sibi
1241 3613 1496 3665 talentum
1516 3613 1728 3680 negotio

135 3706 336 3761 salutis
357 3705 628 3773 duplicare
646 3703 1087 3773 contempsit,sed
1113 3711 1268 3756 terra:
1288 3703 1466 3770 potius
1487 3703 1597 3756 otio
1616 3703 1727 3756 lan-

129 3808 339 3867 guente
364 3795 635 3851 mandavit
660 3794 876 3866 (Matth.
908 3793 1058 3862 xxv).
1086 3794 1190 3848 Sed
1211 3804 1265 3848 et
1280 3794 1407 3849 Saul
1436 3792 1490 3865 (I
1509 3795 1632 3864 Reg.
1651 3795 1726 3865 rx)

131 3894 367 3963 gratiam
400 3891 492 3946 Dei
521 3907 551 3944 a
579 3889 829 3945 Samuele
857 3897 1046 3942 unctus
1075 3887 1311 3956 accepit,
1339 3897 1394 3943 et
1419 3886 1731 3942 muniﬁcen-

135 3991 261 4043 tiam
295 3985 585 4055 specialem
615 4028 628 4050 ,
679 3983 1023 4053 regalemque
1052 3981 1342 4052 potentiam
1365 4023 1381 4046 ,
1416 3981 1516 4035 sub
1546 3979 1732 4034 condi-

137 4084 279 4137 tione
313 4082 434 4142 hac,
466 4095 531 4134 ne
556 4095 583 4130 a
617 4079 894 4149 praeceptis
919 4079 1010 4133 Dei
1039 4077 1350 4142 declinaret,
1382 4074 1634 4130 obtinuit.
1665 4074 1732 4130 Et

137 4178 223 4245 qui
251 4177 405 4230 lucos
435 4184 488 4228 et
517 4171 636 4226 lana
664 4187 784 4228 cum
833 4170 1156 4243 pythouibus
1202 4169 1312 4223 suis
1360 4168 1614 4237 magistro
1641 4181 1731 4220 sa-

136 4271 358 4327 cerdote
386 4268 718 4323 subverterat
743 4308 757 4331 ,
788 4266 1038 4321 defuncto
1061 4264 1248 4320 eodem
1273 4305 1288 4330 ,
1320 4279 1440 4318 cum
1480 4261 1732 4332 magistro

139 4364 297 4420 ﬁdem
322 4361 576 4430 perdidit,
598 4369 654 4415 et
671 4361 734 4414 ad
759 4359 1084 4432 pythonisste
1108 4355 1445 4426 postmodum
1471 4369 1727 4423 responsa

138 4457 376 4512 fallentia
424 4455 727 4510 convolavit
755 4496 770 4521 ,
816 4456 904 4524 qui
936 4469 994 4514 se
1041 4453 1104 4506 ad
1136 4452 1302 4507 Deum
1334 4453 1604 4521 pertinere
1630 4464 1729 4519 po-

140 4553 306 4608 tuisse
341 4551 603 4606 idolorum
634 4549 984 4604 subversione
1016 4555 1420 4602 monstraverat.

741 4663 968 4719 CAPUT
1018 4663 1130 4717 XII.

140 4762 327 4816 Contra
358 4776 475 4813 eum
503 4774 704 4813 sensum
735 4758 821 4826 qui
863 4757 984 4810 dicit
1013 4758 1151 4825 quod
1175 4773 1260 4808 vos
1292 4756 1341 4806 in
1371 4755 1729 4806 contumeliam

278 4849 385 4886 non
415 4833 569 4901 possit
596 4845 882 4899 assurgere.
916 4839 969 4881 ut
1008 4830 1072 4880 sit
1109 4844 1192 4879 cas
1228 4832 1279 4879 in
1318 4828 1580 4878 honorem.

203 4928 373 4982 Aiunt
403 4940 494 4979 vas
522 4922 860 4978 contumelia:
891 4924 943 4976 in
977 4937 1069 4975 vas
1113 4920 1332 4976 honoris
1362 4917 1590 4974 transire
1623 4933 1726 4972 non

141 5036 324 5089 posse,
361 5033 429 5074 eo
458 5017 600 5088 quod
633 5016 822 5071 dixerit
854 5015 1141 5083 Apostolus
1181 5031 1191 5064 :
1230 5014 1432 5066 Annon
1464 5011 1608 5064 habet
1640 5027 1730 5080 po-

141 5123 366 5168 testatem
396 5112 583 5182 ﬁgulus
615 5111 706 5163 luti
746 5126 809 5163 ea:
838 5111 1012 5162 eadem
1058 5124 1223 5160 massa
1268 5109 1434 5176 facere
1473 5105 1615 5158 aliud
1643 5120 1729 5158 uas

140 5206 189 5258 in
222 5207 490 5269 honorem,
512 5202 654 5257 aliud
680 5202 790 5256 vero
814 5203 865 5256 in
890 5199 1284 5256 contumeliam?
1315 5198 1424 5252 lloc
1447 5197 1564 5252 loco
1593 5210 1730 5265 prte-

141 5299 398 5354 cedcutes
428 5312 637 5361 causas,
670 5296 860 5366 quibus
892 5295 972 5349 vel
1006 5294 1056 5347 in
1090 5294 1368 5356 honorem,
1403 5291 1483 5345 vel
1519 5290 1570 5344 in
1601 5304 1729 5344 con-

142 5393 416 5447 tumeliam
443 5392 602 5444 horno
630 5397 883 5453 transeat,
907 5387 1154 5442 conclusa
1184 5386 1448 5440 locatione
1477 5397 1726 5454 suppres-

143 5489 226 5540 sit.
279 5486 413 5541 Nam
457 5499 579 5540 cum
630 5484 788 5538 homo
833 5496 929 5552 per
964 5480 1186 5550 gratiam
1218 5493 1337 5534 esse
1383 5477 1605 5547 eruperit
1635 5491 1727 5532 vas

145 5578 396 5644 honoris,
431 5575 810 5646 invigilandum
847 5582 928 5629 est
958 5582 1016 5628 ut
1053 5579 1306 5640 acceptus
1353 5572 1524 5624 honor
1550 5569 1729 5623 divina

146 5676 524 5742 cooperatione
557 5681 828 5734 servetur,
858 5685 924 5723 ne
951 5667 1240 5737 acquisitus
1270 5666 1457 5729 homo,
1493 5673 1728 5734 postmo-

146 5769 269 5820 dum
319 5766 370 5820 in
417 5781 511 5819 vas
559 5763 898 5818 contumelia:
947 5760 1102 5830 culpa
1149 5759 1410 5815 existente
1466 5766 1724 5812 vertatur.

148 5859 297 5922 Quod
332 5867 504 5914 autem
531 5857 713 5914 dicunt
756 5858 821 5912 ab
847 5858 1064 5912 ineunte
1094 5861 1250 5909 aetate
1278 5852 1600 5914 praeﬁnitum
1630 5893 1642 5911 .
1679 5850 1730 5907 in

1829 3347 2092 3407 argentea,
2117 3337 2204 3391 sed
2231 3346 2277 3389 et
2311 3336 2479 3406 lignea
2505 3346 2551 3389 et
2576 3336 2756 3404 ﬁctilia
2780 3337 2955 3408 (Rom.
2988 3339 3086 3407 ix).
3114 3337 3250 3406 Quid
3277 3338 3421 3396 enim

1829 3432 1936 3485 alia
1965 3438 2089 3486 sunt
2116 3446 2234 3484 vasa
2264 3430 2314 3482 in
2357 3430 2621 3490 honorent,
2650 3429 2755 3482 alia
2779 3445 2893 3482 vero
2943 3430 2996 3482 in
3026 3431 3424 3485 contumeliam?

1831 3523 2029 3577 Attolle
2072 3537 2168 3576 eor
2206 3522 2434 3577 liberum
2475 3523 2544 3578 ab
2583 3523 2899 3576 immutabili
2933 3523 3273 3586 necessitate,
3326 3523 3425 3576 hu-

1832 3627 1989 3668 mana
2021 3612 2262 3667 conditio
2291 3652 2305 3673 .
2357 3621 2411 3666 et
2453 3628 2683 3683 agnosce
2727 3613 2868 3666 circa
2917 3612 3142 3666 salutem
3194 3612 3424 3668 hominis

1834 3704 2046 3759 Domini
2076 3705 2148 3757 tui
2178 3704 2496 3758 ineIi‘abilem
2530 3705 2840 3757 bonitatem.
2884 3704 3017 3757 Cum
3046 3704 3289 3770 dixisset,
3322 3706 3426 3759 alia

1833 3796 2038 3863 quidem
2061 3794 2113 3846 in
2145 3793 2408 3856 honorem,
2433 3793 2540 3846 alia
2562 3809 2679 3845 vero
2704 3794 2756 3846 in
2786 3795 3175 3860 contumeliam,
3209 3811 3424 3850 manum

1834 3889 1946 3959 spei
1975 3882 2226 3944 ﬁdelibus
2255 3888 2464 3956 aperuit
2503 3901 2565 3941 ac
2605 3887 2855 3940 dilatavit
2900 3887 2969 3941 ita
3016 3887 3243 3944 dicens:
3279 3889 3427 3954 Quod

1835 3984 1879 4037 si
1907 3984 2019 4052 quis
2065 3999 2117 4035 sc
2163 3998 2225 4035 ea:
2262 3982 2338 4034 his
2387 3980 2746 4050 expurgaverit
2772 4021 2786 4044 ,
2829 3980 2923 4033 erit
2969 3996 3054 4033 vas
3096 3981 3148 4033 in
3190 3981 3427 4034 honorem

1835 4078 2208 4144 sanctiﬁcatum
2249 4074 2334 4144 (Il
2363 4074 2498 4129 Tim.
2543 4075 2623 4142 ιι).
2663 4073 2753 4130 Vis
2778 4089 2906 4145 ergo
2944 4074 3121 4130 cordis
3152 4077 3428 4145 utriusque

1835 4170 1913 4225 rei
1943 4184 2110 4240 capax
2139 4177 2218 4223 es!
2243 4208 2256 4232 ,
2303 4178 2358 4223 et
2398 4167 2540 4237 quod
2585 4167 2640 4221 in
2682 4181 2741 4222 se
2771 4176 2894 4221 ante
2925 4168 3169 4237 permisit
3197 4167 3428 4236 infundi,

1836 4261 1994 4316 facile
2023 4270 2199 4330 potest
2229 4259 2421 4331 prioris
2450 4259 2708 4329 propositi
2763 4261 3058 4314 mutatione
3101 4262 3336 4326 vacuari,
3370 4273 3429 4318 ut

1836 4357 2010 4426 ipsum
2042 4365 2204 4426 atque
2229 4355 2372 4411 idem
2405 4369 2498 4410 vas
2524 4355 2576 4409 in
2608 4368 2668 4409 se
2697 4362 2752 4408 et
2779 4353 2922 4424 apud
2953 4368 3012 4410 se
3040 4353 3206 4410 ellusa
3240 4354 3429 4426 iniqui-

1837 4460 1945 4507 tate
1977 4459 2306 4518 permaneat.
2354 4450 2537 4521 Itaque
2575 4463 2671 4503 vas
2699 4447 2763 4502 ad
2793 4448 3144 4503 substantiam
3175 4449 3429 4516 hominis,

1837 4543 1980 4613 quod
2014 4559 2140 4598 vero
2170 4543 2224 4596 in
2257 4557 2382 4596 vase
2409 4540 2661 4596 conditur
2686 4581 2702 4605 ,
2753 4541 2819 4593 ad
2860 4555 3027 4608 genus
3057 4555 3121 4594 ac
3154 4539 3430 4595 diversita-

1754 4604 1808 4665 υ
1836 4604 1946 4691 tem
1975 4635 2205 4704 pertinet
2233 4633 2548 4688 voluntatis.
2602 4630 2670 4684 Et
2689 4604 2814 4684 Salio
2840 4604 2960 4683 loco
2989 4630 3226 4683 ostendit
3253 4630 3430 4684 Domi.

1840 4743 1940 4784 nus
1971 4727 2239 4796 perditum
2281 4723 2488 4779 restitui
2530 4737 2686 4792 posse
2711 4763 2725 4787 ,
2768 4737 2890 4775 cum
2931 4721 3060 4774 dicit
3109 4738 3122 4774 :
3157 4719 3278 4774 Non
3318 4739 3430 4774 sum

1839 4822 2022 4874 missus
2061 4818 2160 4873 nisi
2198 4818 2264 4869 ad
2303 4833 2416 4870 oves
2452 4830 2564 4884 qua:
2601 4814 2860 4883 perierunt
2909 4813 3090 4865 domus
3127 4811 3314 4866 Israel.
3369 4813 3430 4868 Et

1839 4914 2034 4968 iterum
2087 4928 2098 4962 :
2142 4908 2363 4979 Epulari
2401 4919 2448 4961 et
2491 4907 2717 4977 gaudere
2759 4914 2980 4971 oportet,
3015 4907 3134 4974 quia
3171 4905 3254 4958 hic
3291 4907 3430 4973 [ilius

1841 5021 1977 5060 meus
2021 5013 2249 5058 mortuus
2283 5003 2468 5071 fuerat,
2499 5010 2543 5055 et
2585 4999 2798 5065 revixit;
2834 5001 3082 5070 perierat,
3113 5009 3158 5052 et
3199 4999 3431 5051 inventus

1836 5111 1929 5156 est.
1973 5099 2087 5156 Non
2113 5113 2240 5168 ergo
2265 5097 2316 5152 in
2343 5106 2532 5150 natura
2556 5095 2674 5163 ejus
2696 5093 2869 5148 fuerat
2895 5093 3032 5147 facta
3063 5092 3310 5161 perditio,
3337 5091 3429 5146 sed

1835 5195 1925 5266 qui
1953 5191 2252 5249 recedendo
2276 5197 2586 5258 contemptu
2618 5196 2862 5241 mortuus
2889 5186 3084 5250 luerat,
3118 5183 3309 5238 revixit
3336 5183 3430 5238 de-

1837 5289 2037 5344 siderio
2069 5285 2389 5342 revertendi.
2440 5283 2570 5338 Nam
2603 5282 2741 5337 sicut
2780 5280 2859 5335 sui
2888 5279 3127 5334 criminis
3158 5289 3238 5335 est
3287 5279 3428 5350 quod

1836 5383 1994 5451 longe
2019 5380 2088 5450 pii
2122 5379 2356 5448 parenti.-
2389 5366 2583 5446 refugit
2607 5373 2815 5436 oculos.
2842 5372 2910 5425 ita
2940 5386 3050 5425 suae
3079 5381 3161 5426 est
3188 5371 3429 5426 devorio-

1837 5474 1941 5540 nis,
1972 5471 2111 5544 quod
2154 5486 2247 5541 per
2283 5469 2499 5524 insitum
2532 5466 2635 5522 sibi
2664 5465 2864 5520 bonum
2895 5463 3230 5528 deliberans,
3260 5473 3314 5519 et
3333 5473 3429 5518 'as-

1835 5581 2085 5634 surgens,
2115 5563 2178 5616 ad
2207 5572 2460 5633 paternos
2491 5557 2728 5613 recurrit
2775 5557 3070 5621 amplexus.
3115 5553 3218 5610 Sed
3259 5556 3425 5624 gratia

1836 5672 1951 5730 quat
1977 5657 2276 5728 pulsaverat
2301 5651 2749 5723 peregrinantem,
2769 5647 2880 5716 ipsa
2899 5647 3134 5716 suscepit
3155 5657 3425 5702 reverten-

1839 5765 1962 5810 tem.
1991 5751 2222 5807 Reccdat
2246 5749 2367 5803 hinc
2390 5745 2664 5814 originalis
2687 5741 2930 5798 deﬁnitio
2953 5741 3034 5796 vel
3060 5741 3251 5795 fatalis.
3282 5741 3424 5795 Ecce

1839 5857 2079 5905 mortuus
2119 5843 2414 5898 vivilicatur
2451 5883 2461 5900 .
2498 5850 2550 5894 et
2578 5837 2824 5906 perditus
2854 5835 3124 5890 invenitur
3157 5853 3166 5887 :
3197 5837 3332 5890 sicut
3369 5844 3422 5888 et
