4060 6332
242 330 337 389 805

1332 330 1421 387 DE
1457 320 1711 387 CRATIA
1750 324 1900 398 DEi,
1946 330 2121 401 ETC.,
2164 335 2294 393 LIB.
2335 339 2380 395 l.

3394 352 3501 414 806

239 447 355 502 dum
378 451 579 499 natura:
604 442 720 514 lege
746 442 1098 514 deprimitur?
1128 444 1232 501 Sed
1258 443 1377 500 ideo
1409 446 1611 517 absque
1642 440 1804 502 dubio
1835 446 1892 508 Δ
1915 451 2199 509 manifeste
2239 452 2326 542 hic
2371 454 2471 512 sub
2513 455 2891 530 interrogantis
2919 458 3005 519 vel
3032 463 3338 536 olijicicntis
3371 488 3495 542 per-

237 547 467 594 meretur
514 550 723 607 poenam
751 582 766 607 ,
813 539 933 608 quia
971 539 1161 607 potuit,
1214 547 1268 594 et
1312 540 1478 594 noluit
1528 539 1803 597 custodire

236 632 508 703 justitiam.
552 630 665 699 Qua
697 646 823 686 vero
854 647 1010 687 causa
1054 634 1104 687 in
1131 633 1292 702 Itanto
1331 632 1474 689 bono
1502 643 1697 689 exutus
1734 633 1805 689 sit

236 724 277 779 si
299 722 565 793 requiras,
601 722 753 792 quia,
783 722 983 794 inquit,
1009 725 1209 793 spiritui
1238 725 1415 795 gratia:
1436 723 1800 780 contumeliam

235 813 367 884 fecit.
400 815 643 883 Agnosce
671 815 771 868 hoc
800 815 919 869 loco
957 814 1078 884 quia
1119 816 1285 886 gratia
1330 834 1434 871 non
1467 826 1572 871 tam
1607 828 1803 890 negata

234 904 432 960 homini
466 902 633 961 deluit
656 947 671 971 ,
701 907 793 961 sed
822 905 1089 961 hominem
1119 908 1264 977 prius
1292 908 1359 964 ab
1379 908 1566 964 eodem
1600 910 1805 966 dereli-

232 1005 311 1051 cta
347 1008 400 1050 et
430 1002 733 1067 contempta
758 1038 773 1064 ,
822 996 1055 1053 deseruit
1086 997 1383 1070 benignitas
1426 1000 1623 1058 dantis.
1664 1004 1797 1058 Cum

231 1089 456 1161 quodam
486 1089 670 1146 dolore
700 1091 1331 1161 increpatcontumeliam
1366 1099 1669 1166 respuentis
1692 1138 1706 1162 ,
1740 1113 1804 1153 ac

229 1184 302 1240 sic
326 1198 449 1238 cum
479 1180 544 1239 ad
574 1183 726 1240 devia
773 1185 1103 1241 voluntarius
1144 1187 1431 1245 declinavit
1456 1235 1469 1258 ,
1503 1206 1605 1246 non
1640 1194 1801 1263 periit

228 1275 512 1332 derelictus
537 1317 551 1343 ,
584 1279 672 1348 qui
708 1295 768 1334 se
808 1279 1069 1349 lngerenli
1102 1276 1485 1339 misericordia:
1539 1287 1806 1344 subtraxit

224 1368 483 1438 ingratus.
528 1368 732 1427 Similis
781 1372 1000 1430 effectus
1040 1375 1147 1433 illis
1186 1379 1253 1434 de
1282 1379 1473 1450 quibus
1519 1380 1801 1436 Psalmista

225 1462 527 1529 pronuntiat
566 1479 579 1515 :
613 1459 679 1515 Et
709 1462 960 1520 benedixit
992 1476 1103 1537 eas,
1131 1481 1177 1524 et
1218 1471 1547 1541 multiplicati
1567 1486 1685 1528 sunt
1714 1474 1795 1527 ni-

223 1551 312 1605 mis
344 1548 465 1621 (Ps.
493 1553 618 1623 cvt).
650 1553 717 1608 Et
744 1555 796 1609 in
840 1560 1105 1628 sequenti,
1133 1577 1320 1619 causas
1342 1567 1553 1620 amissae
1580 1566 1805 1622 benedi-

222 1641 416 1699 ctionis
445 1642 705 1700 obtendit.
742 1642 805 1702 Et
824 1652 1153 1719 seduxerunt,
1175 1654 1362 1725 inquit,
1386 1674 1469 1711 eos
1496 1675 1621 1712 rana
1653 1665 1800 1728 ipso-

219 1748 354 1803 rum,
374 1744 419 1791 et
442 1738 849 1797 Seduni-umens
869 1743 920 1796 in
939 1744 1069 1799 invio
1091 1758 1137 1800 et
1155 1765 1253 1802 non
1276 1749 1326 1803 in
1350 1752 1449 1805 via.
1478 1751 1571 1807 llic
1594 1768 1802 1822 prmva-

1902 554 2041 597 ‘sona
2060 540 2390 599 contrarium
2416 560 2631 603 sensum
2653 549 2946 620 Apostolus
2975 552 3302 625 intromittit,
3328 540 3490 633 quem

1911 650 1975 692 ex
2008 634 2235 693 adverso
2279 639 2612 708 propositum
2659 646 2905 716 sequenti
2939 647 3304 720 increpatione
3329 658 3495 711 casti-

1910 737 2017 799 gat,
2050 728 2233 786 dicens
2268 749 2283 786 :
2318 730 2361 786 0
2390 731 2564 801 homo,
2596 744 2651 790 tu
2677 738 2788 808 quis
2820 756 2871 794 es
2902 741 2991 811 qui
3020 745 3328 810 respondeas
3348 747 3499 804 Deo.’

1910 824 1989 878 An
2034 841 2135 879 non
2178 824 2326 881 habet
2367 837 2667 897 potestatem
2706 833 2893 903 ﬁgulus
2921 834 3019 890 luti
3042 853 3106 891 ea:
3127 839 3303 893 eadem
3327 857 3498 897 massa

1911 918 2075 990 facere
2105 918 2249 974 aliud
2276 935 2363 973 vas
2405 921 2457 975 in
2498 921 2745 978 honorem
2768 966 2784 993 ,
2833 928 2979 982 aliud
3006 945 3122 986 vero
3153 934 3207 987 in
3236 945 3499 992 contume-

1911 1008 2077 1063 liam?
2106 1008 2203 1065 Hic
2228 1010 2460 1068 infidelis
2486 1015 2872 1087 curiositatem,
2906 1023 3236 1090 argumentis
3264 1030 3497 1085 auctori-

1911 1104 2016 1154 tate
2034 1102 2358 1170 compescit;
2384 1112 2573 1159 etcum
2597 1100 2725 1161 dicit
2742 1125 2755 1160 :
2771 1106 2851 1162 An
2870 1124 2970 1164 non
2993 1111 3138 1167 habet
3159 1122 3496 1184 potestatem?

1912 1192 1995 1248 hic
2022 1193 2366 1251 calumnianti
2412 1197 2582 1254 solam
2626 1198 2723 1255 Dei
2752 1201 2935 1272 objicit
2968 1213 3288 1274 potestatem
3315 1253 3329 1281 ,
3364 1228 3495 1268 cott-

1908 1283 2129 1342 vincens
2160 1302 2282 1343 eum
2310 1288 2549 1357 ratione,
2582 1291 2674 1363 qui
2706 1293 2985 1352 universos
3030 1297 3295 1357 humanos
3340 1317 3492 1361 actus

1908 1377 2102 1434 divina:
2132 1380 2457 1438 ordinationi
2498 1380 2715 1441 indocte
2740 1395 2796 1442 et
2824 1384 3115 1445 inﬁdeliter
3161 1394 3488 1452 ascribebat.

1910 1471 1989 1525 An
2020 1489 2121 1526 non
2149 1472 2299 1530 habet
2326 1484 2629 1548 potestatem
2666 1477 2856 1549 ﬁgulus
2886 1478 2985 1537 luti
3019 1500 3081 1538 ea:
3116 1485 3292 1540 eadem
3324 1502 3494 1541 massa

1909 1567 2077 1632 facere
2103 1566 2249 1619 aliud
2270 1567 2423 1622 vasin
2443 1569 2864 1637 honorem,aliud
2888 1589 3004 1629 vero
3018 1575 3070 1629 in
3100 1579 3494 1635 contumeliam?

1911 1642 2052 1711 inter
2085 1657 2199 1711 ltmc
2228 1656 2355 1711 dum
2396 1659 2558 1725 dicit,
2600 1677 2662 1714 ea;
2706 1662 2883 1717 eadem
2936 1680 3133 1733 massa,
3185 1668 3491 1739 quicunque

1911 1748 2046 1805 duas
2069 1750 2289 1807 humani
2320 1755 2536 1825 generis
2556 1771 2761 1812 massas
2786 1744 2907 1815 esse
2931 1756 3299 1829 arbitrabaris,
3328 1782 3487 1823 unatn

219 1827 418 1885 ricator
434 1830 669 1888 mandati
684 1834 804 1890 ideo
820 1839 1065 1906 apparuit
1080 1856 1225 1908 reus,
1240 1845 1361 1912 quia
1374 1842 1438 1898 ad
1463 1816 1659 1903 malum
1685 1865 1793 1905 ma-

1910 1852 2061 1898 Sacra
2108 1860 2171 1899 ex
2205 1845 2435 1903 lectione
2473 1862 2757 1919 cognosce.
2789 1851 2931 1909 Duas
2956 1864 3133 1911 autem
3163 1856 3287 1912 facit
3316 1863 3491 1929 pravi-

219 1920 295 1990 gis
317 1921 574 1979 seductus
597 1934 679 1980 est
704 1942 863 1994 quam
882 1934 1115 1986 coactus.
1144 1932 1401 1991 Similiter
1428 1948 1481 1992 et
1501 1938 1566 1993 ad
1586 1938 1800 1998 Galatas

220 2014 668 2085 transgressionis
717 2033 910 2074 noxam
943 2021 1008 2076 ad
1042 2020 1274 2080 hominis
1322 2038 1599 2100 retorquet
1627 2031 1799 2087 offen-

217 2118 350 2171 sam,
390 2109 459 2161 ita
488 2107 672 2165 dicens
705 2127 718 2163 :
750 2110 856 2167 Sed
885 2123 1004 2168 tunc
1044 2117 1248 2187 quidem
1284 2118 1573 2190 ignorantes
1602 2124 1798 2195 Deum,

216 2197 291 2253 his
312 2199 407 2269 qui
424 2204 608 2255 natura
632 2218 731 2256 non
744 2216 860 2258 sunt
884 2206 956 2260 dii
981 2210 1268 2266 serviebatis
1296 2212 1435 2283 (Gal.
1466 2214 1565 2288 tv).
1597 2219 1799 2273 Secun-

214 2293 338 2349 dum
392 2294 532 2351 hanc
577 2306 821 2353 naturam
864 2298 1004 2356 Deus
1058 2314 1141 2358 cst
1167 2302 1445 2375 Christus,
1473 2310 1557 2365 cui
1596 2314 1801 2369 servire

211 2386 574 2456 pra-‘cipimur.
611 2389 865 2461 Sequitur
898 2411 910 2445 :
944 2392 1099 2448 Nunc
1129 2406 1297 2451 autem
1329 2415 1443 2453 cum
1468 2405 1798 2474 cognoreritis

212 2477 407 2547 Deum,
447 2482 549 2535 imo
591 2485 779 2554 cogniti
805 2486 911 2541 sitis
942 2504 975 2540 a
997 2484 1125 2555 Deo,
1157 2493 1407 2560 quomodo
1450 2499 1799 2554 convertimini

211 2571 277 2624 ad
319 2571 533 2641 inﬁrma
578 2584 623 2627 tt
662 2592 817 2648 egena
861 2582 1143 2649 elementa,
1173 2584 1356 2655 quibus
1400 2588 1567 2642 denuo
1612 2596 1798 2647 servire

210 2662 407 2717 vultis?
447 2662 563 2719 Non
606 2667 759 2734 dixit,
793 2668 917 2724 boni
961 2687 1082 2730 esse
1113 2689 1217 2730 non
1250 2681 1474 2747 potestis
1502 2725 1515 2749 ,
1546 2683 1639 2738 sed
1672 2685 1795 2740 mali

212 2764 334 2809 esse
379 2754 578 2814 vultis:
613 2758 713 2813 nisi
754 2758 806 2814 in
847 2763 987 2818 bono
1016 2768 1314 2834 potuissent
1355 2782 1499 2827 stare
1542 2778 1795 2843 correCti,

210 2860 316 2902 non
350 2860 707 2919 arguerentur
738 2852 803 2907 ad
835 2852 1100 2911 deteriora
1137 2860 1391 2932 prolapsi.
1423 2862 1504 2918 Ad
1533 2881 1669 2934 quos
1700 2867 1798 2922 ite-

207 2948 328 2995 rum
370 2941 544 2997 dicit:
578 2938 760 2999 Filioli
808 2951 925 3015 mei,
965 2966 1087 3014 quos
1119 2952 1301 3006 iterum
1342 2958 1592 3024 parturio,
1638 2958 1795 3014 donec

208 3034 460 3103 formetur
476 3036 707 3117 Christus
746 3040 813 3095 in,
838 3040 993 3096 vobis.
1020 3042 1157 3106 Ecce
1186 3046 1318 3103 istos
1346 3050 1434 3120 qui
1467 3050 1533 3107 de
1574 3051 1676 3110 fide
1704 3070 1795 3126 ge-

204 3127 307 3181 niti
346 3127 474 3183 facti
528 3129 740 3186 fuerant
779 3131 1005 3189 abortivi
1033 3180 1046 3203 ,
1091 3138 1285 3195 asserit
1331 3142 1505 3200 adhuc
1537 3161 1694 3216 posse
1723 3146 1789 3203 ad

205 3220 410 3279 Christi
444 3218 728 3295 imaginem
760 3227 1043 3285 reformari
1069 3274 1081 3297 ,
1112 3240 1165 3287 et
1192 3232 1318 3289 dum
1348 3238 1586 3306 perditos
1616 3240 1791 3297 adhuc

202 3312 353 3367 ﬁlios
379 3322 561 3382 voeat,
594 3321 1089 3387 praevaricationem
1120 3326 1238 3382 sine
1263 3326 1636 3398 deSperatione
1662 3348 1791 3389 con-

201 3404 451 3473 demnat,
484 3409 682 3466 docens
707 3422 758 3467 et
787 3418 1025 3482 reparari
1055 3418 1284 3487 perdita,
1317 3430 1370 3476 et
1400 3423 1600 3479 auferri
1632 3440 1792 3496 posse

198 3498 427 3552 collata.
468 3500 601 3554 Nam
638 3516 757 3557 cum
790 3505 898 3560 alio
928 3506 1044 3562 loco
1078 3510 1361 3567 hmtetic'bs
1401 3518 1643 3584 Apostoli
1666 3534 1792 3574 sen-

200 3588 436 3642 tentiam
482 3591 1000 3657 prtedesunationetn
1035 3598 1125 3654 Dei
1155 3603 1238 3655 vel
1273 3600 1679 3672 prmlinitionem
1712 3611 1793 3666 in-

202 3686 540 3746 terpretetur
567 3694 686 3735 esse
703 3725 717 3749 ,
742 3698 864 3738 cum
883 3686 1073 3755 legitur
1107 3706 1117 3740 :
1146 3688 1422 3747 Miserebor
1449 3697 1532 3750 cui
1560 3699 1789 3769 uoluero,

199 3776 255 3821 et
287 3769 695 3827 misericordiam
733 3777 981 3845 praestabo
1004 3783 1151 3851 cujus
1182 3783 1451 3839 miserebor
1483 3787 1655 3847 (Rom.
1692 3790 1793 3863 Ix),

198 3862 626 3933 interrogandus
648 3878 747 3934 est,
768 3878 942 3925 utrum
965 3873 1105 3943 quod
1135 3875 1248 3929 vult
1272 3872 1429 3944 Deus,
1462 3862 1791 3951 ordinatum,

199 3969 272 4008 an
307 3953 667 4013 inordinatum
694 4002 707 4027 ,
754 3960 958 4030 justum
986 4003 1000 4029 ,
1028 3981 1097 4020 an
1143 3967 1396 4036 injustum
1428 3971 1531 4026 sit?
1556 3972 1683 4028 Cum
1715 3975 1791 4044 id,

199 4046 354 4116 quod
387 4063 606 4105 necesse
626 4062 728 4119 est,
751 4052 954 4121 justum
984 4070 1105 4111 esse
1119 4059 1476 4129 respondent,
1499 4063 1791 4122 dicendum

198 4146 289 4192 c-t
323 4154 338 4191 :
388 4138 522 4192 Puto
552 4140 637 4196 hic
664 4142 826 4197 verba
856 4158 975 4198 esse
1000 4146 1252 4216 justitim,
1281 4151 1405 4220 quia
1436 4154 1683 4211 voluntas
1708 4155 1790 4210 di-

200 4231 332 4283 vina
360 4230 564 4299 justitia
595 4244 695 4288 est.
728 4233 882 4289 Etita
912 4236 1025 4292 haec
1053 4237 1284 4295 elocutio
1314 4240 1660 4314 intelligenda
1683 4256 1785 4313 est,

197 4321 485 4375 miserebor
520 4324 602 4376 cui
630 4324 855 4392 voluero,
890 4327 941 4381 id
980 4336 1081 4395 est,
1113 4344 1270 4401 quem
1299 4334 1502 4402 justum
1534 4350 1653 4392 esse
1698 4353 1789 4394 co-

196 4426 444 4485 gnovero
471 4418 620 4487 cujus
642 4426 938 4489 promptam
972 4422 1128 4479 fidem
1161 4426 1366 4495 videro,
1396 4445 1555 4499 quem
1587 4447 1790 4501 prtece-

197 4507 307 4575 pcis
332 4507 468 4561 meis
493 4509 712 4565 obedire
730 4526 1071 4583 perspexero,
1090 4532 1248 4587 quem
1274 4535 1447 4577 meam
1470 4524 1645 4581 facere
1662 4541 1785 4597 pro-

1909 1944 1987 1990 tas
2009 1936 2306 1994 studiorum
2324 1949 2378 1995 et
2392 1938 2675 1998 diversitas
2696 1945 3045 2003 voluntatum.
3075 1948 3151 2005 Ita
3178 1965 3275 2020 pro
3300 1966 3487 2019 earum

1906 2030 2276 2099 qualitatibus,
2309 2048 2413 2089 non
2444 2050 2540 2105 pro
2572 2036 2804 2108 impulsu
2827 2039 2919 2096 Dei
2943 2082 2960 2108 ,
2990 2045 3354 2116 unusquisque
3397 2056 3489 2105 aut

1905 2122 2243 2179 contumelia:
2271 2139 2362 2180 vas
2384 2167 2400 2194 ,
2428 2135 2521 2182 aut
2549 2127 2770 2184 honoris
2790 2130 3043 2189 efﬁcitur.

2497 2240 2722 2297 CAPUT
2762 2243 2899 2299 XIV.

1907 2325 2007 2381 Ubi
2030 2327 2125 2380 sibi
2152 2329 2320 2395 gratia
2346 2328 2446 2383 Dei
2478 2340 2524 2384 et
2551 2331 2786 2386 voluntas
2822 2333 3048 2391 humana
3085 2339 3487 2396 testimoniorum

1975 2400 2251 2453 assertione
2278 2401 2569 2466 sedaretur,
2596 2412 2645 2457 et
2671 2405 2735 2457 de
2772 2407 3003 2472 paruulis
3032 2408 3200 2464 inanis
3225 2412 3486 2467 calumnia

1974 2474 2282 2523 transeundo
2312 2472 2693 2542 perstringitur.

1974 2583 2032 2639 Si
2064 2583 2199 2640 bene
2230 2587 2479 2643 intendas
2503 2588 2738 2645 animum
2760 2635 2777 2661 ,
2805 2602 2991 2663 aperte
3020 2597 3342 2668 copioseque
3387 2614 3480 2655 co-

1898 2676 2114 2746 gnoscis
2150 2680 2419 2748 quomodo
2462 2697 2559 2751 per
2589 2694 2894 2741 sanctarum
2926 2688 3149 2758 paginas
3183 2688 3486 2762 Scriptura-

1903 2786 2017 2823 rum
2051 2786 2190 2825 nunc
2216 2783 2487 2828 asseratur
2512 2776 2697 2844 gratiae
2715 2777 2906 2843 virtus,
2935 2794 3076 2835 nunc
3120 2780 3366 2838 humana:
3392 2800 3485 2839 vo-

1902 2857 2122 2915 luntatis
2174 2877 2450 2920 ascensus.
2504 2864 2869 2935 Fragilitatem
2910 2870 3116 2926 arbitrii
3146 2872 3485 2930 demonstra-

1902 2967 2042 3018 tnus,
2061 2968 2181 3007 cum
2202 2952 2269 3006 ad
2294 2952 2459 3007 Deum
2476 2954 2730 3011 dicimus:
2760 2956 2921 3025 Pone,
2945 2959 3482 3031 Domine,cust0diam

1903 3044 1979 3096 ori
1999 3060 2128 3111 meo,
2149 3054 2194 3098 et
2215 3045 2398 3099 ostium
2417 3046 2810 3104 circumstantia:
2832 3050 2977 3105 labiis
2999 3054 3119 3107 meis
3137 3052 3305 3124 (Psal.
3333 3058 3477 3123 est).

1900 3132 2029 3191 ltetn
2056 3134 2208 3206 jubet
2245 3152 2427 3193 sermo
2455 3138 2667 3196 divinus
2694 3152 2752 3197 ut
2794 3143 2997 3214 aliquid
3031 3146 3181 3216 vigor
3210 3148 3377 3216 possit
3397 3164 3482 3204 ar-

1898 3226 2042 3283 bitrii
2063 3268 2077 3294 ,
2108 3228 2232 3283 dum
2266 3229 2334 3286 ad
2366 3229 2637 3287 hominem
2666 3230 2796 3289 dicit
2827 3254 2838 3288 :
2871 3236 3057 3291 Cohibe
3086 3240 3315 3309 linguam
3340 3251 3479 3295 tuam

1897 3339 1927 3374 a
1952 3324 2106 3391 malo,
2125 3331 2170 3378 et
2193 3320 2329 3377 labia
2362 3335 2452 3379 tua
2480 3342 2542 3380 ne
2569 3320 2845 3396 loquantur
2867 3328 3042 3384 dolum
3076 3320 3244 3403 (Psal.
3262 3338 3478 3405 χχχιιι).

1896 3412 2196 3471 Arbitrium
2226 3416 2569 3473 commendat
2597 3414 2885 3491 Sapientia:
2916 3428 3118 3492 sermo,
3149 3440 3269 3479 cum
3298 3418 3428 3481 dicit
3462 3443 3477 3483 :

1899 3508 2050 3564 Omni
2070 3508 2305 3588 custodia
2330 3529 2470 3567 serva
2495 3526 2584 3568 cor
2614 3522 2755 3568 tuum
2779 3510 2957 3586 (Prov.
2984 3516 3081 3581 tv).
3111 3518 3216 3575 Sed
3246 3519 3477 3588 Aposto-

1892 3592 1979 3653 lus
2019 3600 2134 3655 t’sine
2163 3586 2347 3655 divino
2374 3601 2643 3670 adjutorio
2674 3602 2777 3660 hoc
2808 3606 2921 3660 fieri
2970 3622 3076 3662 non
3113 3622 3271 3677 posse
3300 3608 3478 3664 mani-

1897 3692 2052 3747 festat
2098 3708 2219 3748 cum
2260 3693 2393 3749 dicit
2424 3713 2436 3747 :
2468 3695 2720 3749 Dominus
2750 3699 3005 3753 custodiat
3044 3701 3199 3753 corda
3241 3711 3401 3754 vestra
3426 3708 3478 3756 et

1897 3772 2251 3854 intelligentias
2280 3794 2471 3839 vestras
2518 3787 2573 3839 in
2611 3784 2812 3841 Christo
2840 3786 2966 3842 Jesu
2998 3788 3219 3861 (Philip.
3251 3788 3346 3859 tv).
3378 3791 3479 3847 As-

1899 3877 2030 3929 serit
2066 3875 2116 3929 in
2160 3874 2418 3946 propheta
2458 3876 2749 3933 voluntatis
2792 3879 3022 3950 propria:
3061 3880 3365 3937 facultatem
3408 3881 3477 3939 de

1897 3966 2187 4037 semetipso
2233 3968 2419 4025 dicens
2452 3984 2465 4022 :
2504 3952 2759 4024 Inclinavi
2808 3988 2895 4025 cor
2928 3988 3093 4027 mcum
3129 3975 3195 4027 ad
3218 3974 3476 4045 faciendas

1886 4058 2282 4132 justiﬁcationes
2334 4071 2449 4115 tuas
2480 4058 2650 4133 (Psal.
2680 4063 2886 4135 cxvttt).
2934 4058 3041 4121 Sed
3066 4064 3200 4120 nihil
3239 4064 3306 4121 de
3347 4065 3477 4124 solis

1895 4149 2011 4219 ejus
2040 4150 2241 4206 viribus
2270 4150 2522 4223 intelligit
2553 4151 2986 4224 praesumendum
3029 4169 3151 4211 cum
3184 4154 3477 4226 proclamat

1892 4244 1959 4301 ad
1983 4245 2179 4301 Deum:
2211 4245 2439 4316 Inclina,
2468 4246 2660 4319 inquit,
2676 4265 2765 4303 cor
2786 4267 2950 4305 meum
2970 4250 3023 4305 in
3052 4251 3337 4306 testimonia
3366 4260 3474 4320 tua,

1892 4347 1939 4392 et
1964 4355 2064 4393 non
2094 4339 2147 4393 in
2192 4341 2480 4395 avaritiam.
2511 4340 2741 4412 Propter
2782 4342 3008 4399 liberum
3030 4345 3310 4400 arbitrium
3341 4344 3476 4400 indi-

1892 4431 2031 4488 citur
2052 4432 2228 4503 nobis,
2249 4444 2409 4490 rectos
2436 4451 2623 4492 cursus
2648 4436 2734 4507 fac
2753 4438 2963 4506 pedibus
2986 4439 3083 4492 tuis
3100 4478 3113 4503 ,
3148 4448 3194 4492 et
3223 4439 3328 4491 vias
3360 4448 3475 4493 tuas

1892 4526 2077 4598 dirige.
2104 4524 2209 4582 Sed
2242 4541 2341 4582 nos
2366 4524 2434 4581 ad
2456 4527 2679 4597 gratiam
2703 4524 3094 4598 confugientes,
3124 4544 3220 4598 pro
3252 4529 3476 4584 inﬁrmi-

200 4574 211 4575 -
731 4574 745 4582 ,
856 4574 870 4582 ,
1057 4574 1069 4583 ,
1107 4574 1121 4587 ,
1344 4574 1349 4575 κ
1474 4574 1643 4581 ------
1680 4574 1755 4583 --ν
1893 4574 1991 4582 ν---
2031 4574 2077 4581 --
2105 4574 2209 4582 η--
2242 4574 2339 4582 ----
2366 4574 2434 4581 η
2456 4574 2679 4597 ,-_---.-.
2706 4574 3094 4598 --..--,,-------,
3125 4574 3217 4598 ,-.-

197 4598 407 4655 bavero
439 4601 782 4659 voluntatem.
828 4604 891 4657 Et
924 4606 1319 4665 misericordiam
1347 4655 1360 4680 ,
1392 4615 1556 4687 inquit
1588 4660 1603 4687 ,
1653 4574 1785 4690 pm,»-
1810 4574 1865 4644 D
1890 4574 2023 4675 tati;
2047 4616 2375 4676 conscientia
2405 4619 2789 4689 supplicamus.
2815 4619 2992 4691 Dirige
3013 4623 3064 4674 in
3090 4630 3360 4690 conspectu
3388 4631 3479 4699 tuo

194 4693 349 4746 stabo
378 4696 527 4764 cujus
570 4696 894 4752 miserebor:
938 4700 1079 4769 quod
1128 4703 1195 4757 ita
1230 4705 1632 4777 intelligendum
1680 4725 1785 4782 est,

194 4784 298 4850 Qui
333 4784 588 4839 collatam
610 4801 638 4839 a
659 4787 767 4842 Deo
789 4788 1208 4847 misericordiam
1238 4796 1445 4852 subdita
1475 4809 1528 4854 et
1556 4802 1786 4861 sollicita

195 4886 386 4931 mente
432 4879 755 4944 servaverit,
801 4881 1115 4949 ampliorem
1148 4883 1567 4945 misericordiam
1597 4908 1787 4952 conse-

194 4980 423 5042 quetur,
456 4975 593 5029 sicut
622 4974 729 5030 alio
760 4976 878 5032 loco
905 4976 1032 5033 dicit
1058 4996 1070 5033 :
1105 4976 1207 5047 Qui
1227 4982 1361 5035 enim
1388 4982 1553 5053 habet,
1582 4987 1787 5044 dabitur

193 5071 298 5139 illi,
330 5081 381 5126 et
408 5074 853 5143 superabundabit,
887 5076 937 5131 id
972 5087 1071 5145 est,
1102 5079 1224 5149 quia
1253 5095 1529 5151 acceptum
1563 5086 1653 5142 Dei
1687 5087 1785 5143 do-

196 5176 331 5220 num
355 5180 480 5221 cum
514 5165 783 5235 vigilantia
812 5177 866 5222 et
896 5170 1073 5225 cordis
1103 5173 1292 5229 timore
1328 5176 1581 5245 custodit,
1616 5181 1785 5251 magis

194 5271 260 5314 ac
292 5258 467 5328 magis
493 5254 672 5328 gratiae
702 5257 867 5326 ipsius
894 5263 1067 5331 capiet
1095 5276 1461 5337 augmentum,
1496 5280 1554 5325 ut
1581 5272 1628 5327 ei
1665 5288 1785 5341 pro-

197 5349 375 5407 fectus
402 5348 516 5420 ipse
569 5352 738 5420 pariat
763 5351 1088 5409 incrementa
1118 5359 1479 5427 profectuum;
1512 5363 1650 5419 sicut
1679 5365 1786 5422 alio

196 5443 324 5497 loco
355 5442 521 5496 dicit:
555 5440 621 5495 Et
662 5455 870 5498 sanctus
909 5446 1075 5501 adhuc
1118 5451 1478 5517 sanctiﬁcatur.
1512 5454 1665 5523 Quod
1693 5472 1787 5513 au-

198 5546 312 5592 tem
361 5546 414 5592 et
443 5536 571 5593 illud
602 5538 667 5591 ad
702 5539 1107 5608 praelinitionem
1151 5542 1243 5598 Dei
1275 5554 1463 5612 putant
1499 5562 1621 5603 esse
1650 5549 1788 5605 rele-

197 5628 454 5697 rendum,
482 5630 620 5700 quod
646 5631 930 5699 Apostolus
959 5631 1088 5687 dicit
1116 5650 1130 5687 :
1161 5630 1298 5705 Ergo
1331 5639 1479 5707 cujus
1504 5638 1608 5692 vult
1633 5640 1783 5695 mise-

199 5732 369 5789 retur,
418 5731 463 5776 et
502 5739 645 5792 quem
676 5725 776 5777 vult
812 5725 1020 5778 indurat
1058 5743 1073 5779 :
1106 5724 1245 5781 Dicis
1275 5730 1442 5798 itaque
1471 5733 1614 5797 mihi,
1660 5736 1781 5805 quid

199 5814 377 5867 adhuc
436 5815 701 5882 queritur?
752 5814 996 5871 voluntati
1051 5820 1181 5872 enim
1233 5823 1343 5885 ejus
1403 5826 1515 5886 quis
1562 5826 1781 5883 resistit?

1891 4713 2025 4767 viam
2070 4727 2257 4778 meam,
2289 4719 2337 4765 et
2383 4710 2571 4780 perﬁce
2619 4727 2824 4782 gressus
2878 4726 3014 4766 meos
3055 4713 3107 4765 in
3147 4713 3337 4767 semitis
3375 4714 3473 4768 tuis

1900 4802 2072 4877 (Psal.
2107 4803 2180 4873 ν).
2218 4803 2452 4872 Imperat
2480 4800 2668 4869 nobis,
2700 4803 2790 4873 qui
2815 4802 3045 4873 propriae
3073 4804 3359 4859 voluntatis
3382 4821 3475 4875 ge-

1894 4895 2061 4951 nerali
2114 4896 2520 4965 dispensatione
2558 4897 2651 4967 jus
2706 4896 2924 4965 tribuit,
2974 4897 3274 4954 illuminare
3323 4898 3474 4955 vobis

1895 4991 2075 5045 lumen
2096 4990 2354 5047 scientiae.
2378 4991 2483 5047 Pro
2503 5006 2568 5047 eo
2590 5007 2717 5048 vero
2738 4991 2879 5063 quod
2910 5001 3077 5048 totum
3106 4992 3174 5047 ad
3199 5002 3471 5047 auctorem

1892 5087 2077 5157 gratiae
2106 5084 2448 5142 referendum
2478 5094 2581 5150 est,
2613 5086 2877 5158 legimus;
2915 5085 3016 5152 Qui
3047 5086 3192 5140 docet
3218 5085 3472 5139 hominem

1890 5181 2155 5235 scientiam
2176 5178 2292 5249 (Ps.
2317 5181 2487 5249 xcm),
2510 5180 2595 5237 vel
2615 5179 2865 5235 Dominus
2892 5179 3147 5235 illuminat
3175 5194 3331 5234 ctecos
3351 5177 3468 5249 (Ps.

1893 5272 2074 5342 CXLV).
2093 5282 2146 5329 ct
2169 5273 2356 5327 iterum
2378 5290 2389 5326 :
2412 5272 2659 5327 Illumina
2681 5273 2853 5328 oculos
2875 5287 3010 5327 meos
3027 5288 3090 5327 ne
3110 5286 3333 5341 unquam
3354 5270 3473 5325 dor-

1895 5367 2049 5421 miam
2083 5366 2134 5419 in
2157 5374 2317 5420 morte
2339 5362 2458 5436 (Ps.
2485 5363 2616 5431 xu);
2644 5371 2719 5431 et,
2739 5364 2911 5418 beatus
2934 5364 3082 5417 homo
3104 5378 3250 5433 quem
3273 5373 3328 5418 tu
3357 5379 3472 5418 eru-

1892 5457 2068 5527 dieris,
2094 5454 2333 5525 Domine,
2358 5467 2406 5512 et
2429 5458 2491 5511 de
2512 5455 2621 5531 lege
2648 5465 2737 5512 tua
2760 5456 2996 5513 docueris
3018 5473 3155 5513 eum.
3181 5458 3473 5528 Apostolus

1892 5551 2098 5607 arbitrii
2128 5552 2443 5622 prtedictor,
2473 5549 2778 5607 libertatem
2801 5550 2917 5619 ejus
2939 5550 3009 5605 ita
3034 5550 3223 5606 incitat
3244 5549 3468 5607 dicens:

1894 5643 2156 5699 Custodite
2174 5644 2369 5698 animas
2391 5653 2602 5697 uestras.
2618 5632 2724 5699 Sed
2742 5638 3164 5697 misericordiam
3180 5640 3271 5697 Dei
3296 5649 3471 5712 prote-

1888 5745 2077 5802 statur,
2096 5735 2166 5789 ita
2194 5748 2620 5789 commemorans
2640 5749 2654 5785 :
2674 5731 2920 5787 Dominus
2946 5728 3195 5787 cusiodiat
3211 5731 3469 5786 introitum

1888 5841 2027 5887 tuum
2050 5840 2094 5883 et
2119 5829 2307 5882 exitum
2327 5836 2467 5880 tuum
2484 5824 2653 5881 (Psal.
2674 5824 2783 5887 xc).
2817 5823 2917 5881 Per
2938 5824 3053 5881 [mc
3077 5826 3255 5894 itaque
3283 5823 3469 5882 auibus
