4060 6332
584 277 684 334 807
728 298 736 305 ·

1819 266 1877 322 S.
1919 265 2162 323 FAUSTI
2203 264 2293 322 ιιιι
2303 263 2610 322 EGIENSIS

3741 270 3847 335 808

585 392 744 449 modo
772 390 974 444 arbitrii
1003 388 1222 442 libertas
1248 390 1508 440 asserttur
1531 421 1544 444 ,
1585 393 1743 434 moon
1773 379 2010 434 caelestis
2053 378 2158 432 lar-
2187 381 2239 441 Α
2268 386 2376 433 tur.
2441 376 2595 431 llunc
2637 388 2764 429 vero
2791 375 3154 449 persuasionis
3185 383 3287 430 tute
3315 377 3600 446 reprobum
3635 393 3843 438 sensum

588 485 724 556 gitas
755 482 1185 544 demonstratur,
1217 491 1360 531 nunc
1391 473 1552 528 homo
1580 473 1647 526 de
1673 471 1944 527 concessis
1968 470 2172 525 viribus

589 576 924 637 admonetur,
950 586 1016 625 ne
1037 569 1102 623 dc
1130 569 1243 622 sola
1266 567 1435 637 gratia
1467 564 1900 636 speretotiosus;
1935 579 2074 617 nunc
2105 563 2173 618 de

587 667 753 737 gratia
796 679 1015 735 sperare
1067 662 1398 732 praecipitur,
1433 673 1499 714 ne
1525 659 1593 714 de
1624 658 1740 713 solo
1781 657 1963 712 labore
1991 656 2062 711 sit
2089 670 2173 711 se-

589 771 768 812 curus.
802 754 907 810 Sed
955 753 1091 807 dicis
1127 770 1138 804 :
1172 752 1227 806 Si
1261 749 1659 821 prmdestinatio
1690 764 1794 803 non
1846 756 1956 813 est,
1987 762 2082 802 cur
2119 747 2170 801 in

592 846 828 919 parvulis
872 844 962 898 alii
992 842 1328 914 baptizantur
1350 883 1364 909 ,
1399 841 1488 894 alii
1517 840 1634 895 sine
1661 838 1908 910 baptismi
1938 837 2174 892 sanctiﬁ-

590 941 803 994 catione
833 936 1147 1006 rapiuntur?
1174 933 1511 1003 Serpentinte
1541 932 1744 987 fraudis
1785 941 1888 996 est,
1927 931 1992 985 ad
2027 939 2176 986 tene-

591 1033 778 1086 brosas
805 1043 1064 1085 cavernas
1109 1026 1294 1081 relic1a
1338 1025 1457 1080 luce
1503 1023 1866 1092 transfugere,
1910 1037 2030 1077 cum
2080 1037 2175 1092 per

589 1125 766 1181 omnia
810 1122 1086 1177 volumina
1119 1134 1287 1174 sacrae
1317 1117 1509 1173 littera:
1539 1115 1814 1171 evidenter
1841 1114 2065 1170 liberum
2096 1114 2172 1169 lo-

588 1225 820 1286 quantur
863 1214 1167 1268 arbitrium.
1201 1211 1338 1279 Quid
1370 1210 1593 1265 rationis
1624 1220 1708 1263 est
1737 1218 1792 1264 ut
1839 1209 2176 1279 interrogare

589 1311 723 1367 velis
753 1309 984 1373 occulta,
1008 1322 1128 1361 cum
1157 1303 1506 1362 sollicitudini
1529 1312 1634 1357 ture
1658 1301 1971 1372 plenissime
1992 1301 2176 1356 videas

590 1402 928 1474 respondere
955 1398 1274 1455 manifesta?
1301 1395 1440 1463 Quid
1469 1395 1715 1450 utilitatis
1733 1403 1816 1450 est
1842 1403 1987 1449 certa
2019 1394 2178 1448 omit-

593 1508 706 1553 tere
738 1536 753 1563 ,
793 1506 846 1551 et
874 1495 1079 1550 incerta
1126 1491 1408 1548 consulere
1432 1529 1448 1557 ,
1476 1491 1544 1544 de
1574 1488 1768 1558 quibus
1799 1487 1931 1541 nihil
1970 1487 2177 1541 invenis

591 1588 854 1644 catholica
904 1585 1136 1641 lectione
1164 1581 1565 1651 conscriptum?
1588 1579 1705 1635 Non
1751 1580 2000 1650 intelligis
2035 1579 2177 1650 quod

591 1683 647 1738 in
687 1681 930 1737 veritatis
963 1678 1213 1749 injuriam
1246 1674 1638 1746 perscrutaris,
1680 1672 1938 1743 quidquid
1980 1672 2179 1726 veritas

2274 471 2542 526 catholica
2574 468 2871 524 detestatur
2913 467 3177 523 Ecclesia.
3210 467 3336 522 Ideo
3356 509 3368 532 ,
3400 469 3575 540 inquis
3598 511 3613 535 ,
3635 474 3846 542 genitali

2274 563 2567 633 quamlibet
2604 560 2746 616 unda
2788 561 2990 631 perfusi
3039 576 3230 615 munus
3280 561 3528 630 baptismi
3568 579 3669 619 non
3711 568 3848 623 acci-

2274 655 2445 724 piunt,
2494 654 2618 724 quia
2664 652 2728 707 ad
2761 652 3080 721 baptismum
3129 651 3416 708 inﬁdeliter
3458 655 3696 710 veniunt.
3740 657 3848 714 Non

2276 749 2346 802 ita
2375 757 2475 803 est.
2518 746 2751 802 Adverte
2794 746 2917 817 quia
2963 747 3066 800 hoc
3107 746 3283 814 ipsum
3325 747 3390 802 ad
3423 747 3740 816 baptismum
3769 766 3850 808 ve-

2276 840 2392 894 nire
2415 879 2430 906 ,
2457 847 2513 894 et
2537 839 2760 893 salutem
2793 835 3105 892 desiderare
3127 879 3141 903 ,
3165 836 3272 906 jam
3317 837 3443 893 ﬁdei
3474 849 3576 894 est.
3630 840 3851 908 Quicun-

2276 948 2407 1002 que,
2443 931 2616 1000 inquis
2641 972 2657 997 ,
2692 940 2810 1000 post
2851 930 3173 1000 baptismum
3203 941 3466 1000 pereunt,
3496 932 3549 986 in
3571 931 3742 988 Adam
3771 949 3849 1004 pe-

2277 1035 2455 1093 reunt,
2504 1025 2626 1095 quia
2671 1023 2726 1078 in
2764 1023 3030 1093 baptismo
3081 1039 3185 1078 non
3236 1023 3600 1102 crediderunt.
3642 1025 3851 1082 Rectius

2277 1117 2487 1174 diceres
2534 1118 2656 1173 ideo
2697 1132 2790 1173 eos
2834 1118 3058 1188 periisse
3097 1126 3218 1186 post
3247 1117 3602 1188 baptismum,
3646 1121 3766 1190 quia
3794 1122 3850 1177 ad

2277 1213 2463 1282 gratiae
2501 1212 2700 1267 donum
2743 1212 2969 1281 jungere
3013 1211 3301 1267 noluerunt
3349 1212 3548 1268 laboris
3598 1213 3852 1282 ofﬁcium,

2278 1309 2402 1376 quia
2434 1321 2528 1362 eos
2553 1305 2956 1362 consuetudinis
2986 1305 3330 1375 negligentia,
3353 1305 3638 1376 cordisque
3665 1306 3852 1362 desidia

2279 1414 2309 1452 a
2342 1397 2614 1468 vigilantia
2646 1397 2855 1467 operis,
2888 1405 2943 1452 et
2968 1410 2998 1449 a
3021 1395 3265 1451 sollicitae.
3288 1396 3563 1451 servitutis
3593 1398 3855 1453 revocavit

2282 1492 2560 1547 industria.
2589 1491 2741 1558 Quod
2773 1491 2817 1545 si
2848 1490 3001 1560 culpa
3027 1490 3420 1547 incredulitatis
3447 1506 3608 1548 causa
3635 1501 3717 1547 est
3744 1507 3856 1563 per-

2281 1583 2528 1649 ditionis,
2576 1583 2703 1652 quid
2747 1583 2815 1638 de
2842 1582 3079 1652 parvulis
3109 1583 3408 1638 sentiemus
3430 1624 3445 1649 ,
3475 1583 3676 1653 quibus
3704 1584 3754 1638 in
3776 1599 3854 1655 pa-

2283 1685 2494 1732 rentum
2517 1675 2824 1743 devotione,
2840 1684 2894 1732 et
2916 1675 2969 1731 in
2994 1675 3244 1731 lactentis
3265 1675 3504 1732 infantiae
3526 1676 3855 1748 simplicitate

595 1775 734 1832 scire
765 1783 815 1829 te
863 1771 1075 1828 noluit?
1125 1767 1397 1824 Materiam
1451 1767 1518 1822 de
1558 1766 1709 1820 liberi
1737 1764 1940 1819 arbitrii
1969 1764 2178 1818 ratione
2209 1757 2259 1818 B
2285 1769 2506 1838 integrae
2555 1767 2676 1824 ﬁdei
2722 1767 2999 1838 pervigilia
3029 1768 3374 1837 deputantur,
3419 1769 3506 1838 qui
3530 1769 3733 1838 absque
3759 1770 3853 1825 ullo

593 1865 880 1940 proponis,
914 1874 969 1920 et
1003 1863 1068 1918 ad
1092 1861 1486 1918 discutiendum
1510 1857 1746 1914 infantia:
1770 1865 1966 1912 statum
1995 1856 2178 1926 perni-

592 1962 740 2016 cioso
770 1973 956 2014 errore
984 1955 1237 2012 dilaberis
1257 1997 1272 2022 ,
1301 1953 1356 2008 in
1395 1967 1500 2023 quo
1528 1951 1728 2006 nullum
1775 1950 1986 2020 penitus
2019 1947 2180 2002 vesti-

601 2055 746 2125 gium
771 2051 922 2108 liberi
953 2049 1181 2113 arbitrii,
1213 2048 1419 2103 nullum
1444 2059 1703 2116 apparere
1731 2051 1908 2114 potest
1947 2040 2179 2112 pr0pria3

594 2147 891 2207 voluntatis
928 2144 1203 2201 indicium.

1191 2235 1417 2292 CAPUT
1456 2233 1572 2288 XV.

595 2330 786 2387 Contra
845 2327 940 2381 hoc
979 2326 1113 2395 quod
1175 2325 1390 2390 dicunt,
1432 2341 1514 2378 eos
1569 2324 1653 2392 qui
1708 2330 1819 2392 post
1850 2322 2182 2395 “baptismum

738 2406 969 2468 pereunt,
992 2393 1044 2448 in
1066 2397 1370 2464 baptismum
1391 2395 1587 2463 penitus
1615 2410 1717 2445 non
1738 2393 2035 2446 credidisse.

671 2513 782 2568 Hoc
827 2513 943 2566 loco
975 2508 1406 2580 respondendum
1447 2517 1559 2574 est,
1592 2509 1642 2562 in
1674 2523 1780 2578 quo
1823 2517 2040 2562 auctore
2081 2507 2182 2564 hoc

596 2580 764 2676 lcgis,‘
773 2604 839 2659 de
852 2617 956 2674 quo
975 2602 1194 2658 doctore
1207 2601 1308 2657 hoc
1319 2616 1563 2657 asserere
1581 2600 1859 2672 przesumis
1872 2602 1894 2654 ?
1909 2601 1975 2656 Et
1990 2617 2110 2656 cum
2129 2602 2182 2656 in

603 2697 874 2768 baptismo
905 2695 1106 2752 aboleri
1132 2703 1404 2762 peccatum
1437 2693 1695 2764 originale
1717 2708 1821 2748 non
1846 2693 2100 2763 deneges,
2129 2702 2183 2749 et

598 2789 810 2846 ﬁrmum
865 2802 986 2844 esse
1032 2786 1297 2857 baptisma
1349 2785 1757 2855 comprobetur,
1812 2785 1900 2839 ubi
1957 2783 2183 2839 indivisa

593 2881 832 2938 Trinitas
875 2880 1178 2942 invocatur,
1210 2875 1276 2930 da
1322 2890 1512 2931 causas
1541 2875 1733 2946 quibus
1761 2874 2059 2944 baptizatus
2089 2875 2184 2929 ad-

599 2974 703 3029 huc
732 2973 871 3029 intra
921 2970 1156 3026 debitum
1202 2969 1463 3040 originale
1507 2969 1805 3025 consistat?
1835 2969 1902 3023 Et
1931 2968 2065 3038 ipsi,
2097 2969 2182 3024 in-

598 3071 744 3141 quis,
769 3070 822 3124 in
848 3067 1018 3124 Adam
1050 3075 1307 3138 pereunt,
1337 3067 1458 3136 quia
1501 3067 1554 3121 in
1583 3067 1904 3137 baptismum
1925 3082 2032 3123 non
2062 3082 2184 3123 cre-

609 3127 882 3218 dide'runt.
914 3127 1102 3215 Nonne
1122 3168 1176 3214 tu
1188 3127 1488 3230 paulo-ante
1512 3127 1828 3222 dicebas,ad
1857 3159 2184 3229 capescenda
2212 3127 2260 3193 ο

601 3255 697 3311 Dei
728 3255 866 3310 dona
899 3253 1133 3308 studium
1158 3252 1390 3307 hominis
1411 3265 1519 3305 non
1547 3251 1780 3321 requiri?
1823 3251 1962 3307 Ecce
1990 3261 2042 3305 tu
2073 3251 2188 3322 ipse

601 3348 1042 3404 manifestissime
1082 3346 1352 3418 proﬁteris
1392 3346 1510 3402 sine
1547 3346 1861 3416 accipientis
1900 3345 2186 3400 devotione

599 3437 810 3495 irritam
859 3453 982 3494 esse
1010 3436 1433 3494 munificentiam
1472 3438 1766 3509 largientis.
1789 3437 1900 3504 Tu,
1929 3437 2146 3507 inquam
2170 3478 2185 3503 ,

600 3530 719 3601 ipse
747 3532 1034 3587 confirmas
1064 3531 1182 3587 sine
1211 3531 1404 3587 merito
1434 3530 1581 3598 ﬁdei,
1612 3530 1663 3586 id
1694 3539 1778 3587 est
1801 3571 1816 3598 ,
1843 3529 1964 3586 sine
1994 3544 2187 3600 coope-

610 3624 822 3680 ratione
846 3623 1132 3678 voluntatis
1181 3623 1428 3678 humanae
1448 3665 1462 3688 ,
1489 3623 1714 3694 gratiam
1749 3622 1879 3677 nihil
1907 3622 2183 3692 prodesse,

598 3723 654 3770 ct
682 3713 950 3785 quomodo
977 3713 1141 3780 dicis,
1177 3723 1343 3769 totum
1378 3715 1518 3770 Deus
1551 3713 1650 3768 sibi
1681 3713 1747 3768 de
1775 3722 1914 3768 statu
1957 3712 2186 3767 hominis

607 3807 945 3874 reservavit,
975 3816 1026 3862 et
1049 3807 1181 3862 nihil
1213 3807 1414 3862 homini
1437 3807 1616 3862 dedit?
1641 3808 1778 3863 Ecce
1809 3807 1966 3862 etiam
1992 3821 2185 3862 secun-

599 3901 729 3956 dum
757 3901 1085 3956 sententiam
1125 3910 1267 3955 tuam
1301 3914 1402 3955 nec
1429 3900 1600 3969 ipsum
1635 3900 1732 3955 sibi
1765 3898 2185 3970 regenerationis

599 4001 778 4064 potest
797 4001 1044 4049 constare
1075 3991 1389 4063 mysterium
1411 4033 1426 4059 ,
1457 3991 1560 4046 nisi
1592 3989 1752 4046 homo
1777 3991 1924 4060 juxta
1965 3989 2183 4046 benedi-

599 4087 792 4142 ctionis
833 4086 1030 4142 donum
1070 4084 1372 4140 adhibuerit
1413 4084 1744 4139 credulitatis
1783 4083 2052 4140 affectum.
2086 4085 2182 4140 Cui

602 4192 768 4246 negas
792 4187 1064 4242 conatum,
1088 4176 1213 4246 quid
1237 4176 1304 4230 ab
1333 4175 1426 4231 illo
1454 4176 1680 4245 requiris
1709 4177 2022 4230 assensum?
2045 4176 2178 4231 Cum

600 4281 778 4325 autem
817 4270 1071 4338 propheta
1102 4269 1288 4323 dicat:
1324 4267 1552 4321 Exibunt
1593 4284 1737 4338 aqua:
1783 4270 1904 4322 rium
1943 4269 2006 4323 de
2032 4267 2184 4324 Jeru-

601 4360 766 4413 salem
797 4358 980 4430 (Zach.
1010 4360 1144 4427 xiv),
1169 4359 1221 4412 in
1241 4357 1433 4427 quibus
1462 4358 1639 4413 vitalis
1662 4359 1819 4414 undae
1849 4369 2182 4416 sacramenta

600 4453 882 4522 designat,
931 4451 1200 4521 quomodo
1230 4451 1343 4506 ﬁeri
1375 4460 1553 4521 potest
1599 4462 1656 4506 ut
1689 4452 1969 4506 innovatus
2018 4453 2180 4508 homo

599 4545 829 4599 deletam
877 4543 1074 4599 veteris
1102 4542 1333 4598 hominis
1363 4543 1671 4623 cautionem
1705 4558 1886 4600 secum
1917 4544 2180 4600 retineat?

597 4641 865 4712 quomodo
896 4640 1012 4694 ﬁeri
1059 4649 1238 4711 potest
1266 4648 1322 4695 ut
1351 4655 1471 4694 cum
1503 4639 1682 4694 debito
1720 4639 1850 4694 Adae
1880 4639 1933 4694 in
1963 4638 2178 4695 Christo

598 4734 873 4789 absolutus
903 4733 1186 4803 resurgat?
1207 4732 1490 4800 Quomodo
1514 4732 1629 4787 ﬁeri
1661 4740 1838 4802 potest
1863 4742 1921 4786 ut
1944 4731 2011 4787 de
2038 4733 2176 4788 sacri

597 4827 757 4881 fontis
790 4825 988 4894 irriguo
1016 4839 1136 4879 cum
1184 4823 1436 4894 adoptivo
1466 4824 1558 4878 Dei
1599 4823 1773 4877 adhuc
1809 4832 2036 4878 mortem
2069 4824 2175 4878 vita

595 4920 877 4990 parturiat,
914 4933 1034 4972 cum
1062 4917 1204 4971 dicat
1226 4916 1511 4986 Apostolus
1545 4916 1879 4987 :Quicunque
1898 4917 1950 4970 in
1973 4915 2176 4971 Christo

597 5015 841 5084 baptizati
883 5014 1002 5068 estis
1027 5055 1041 5077 ,
1090 5013 1350 5066 Christum
1392 5012 1630 5065 induistis
1676 5011 1817 5080 (Gal.
1859 5011 1977 5081 tu)?
2021 5026 2177 5082 quem

597 5106 777 5174 utique
800 5104 980 5158 nullus
1009 5102 1233 5157 induere
1265 5110 1477 5170 potest,
1506 5101 1607 5154 nisi
1647 5100 1955 5156 indumenta
1990 5103 2176 5171 primae

598 5198 887 5252 nativitatis
933 5196 1161 5251 exuerit.
1191 5195 1284 5248 Cui
1315 5204 1492 5249 autem
1529 5193 1594 5248 ad
1625 5193 1944 5264 baptismum
1987 5202 2176 5264 sponte

596 5290 851 5354 venienti,
883 5288 1206 5356 baptismum
1239 5302 1342 5342 non
1382 5285 1652 5356 profuisse
1683 5285 1883 5353 poteris
1927 5285 2172 5355 edocere,

595 5399 714 5437 cum
739 5382 898 5437 etiam
930 5381 1204 5447 haeretico,
1235 5380 1288 5434 in
1317 5380 1593 5435 Trinitatis
1615 5379 1833 5435 nomine
1856 5388 2171 5450 regenerato

597 5485 797 5530 tantum
849 5492 943 5546 per
985 5491 1043 5531 se
1091 5475 1259 5530 virtus
1301 5475 1415 5545 ipsa
1446 5475 1686 5546 mysterii
1717 5474 1987 5538 conferat,
2019 5481 2078 5527 ut
2126 5473 2172 5527 si

599 5568 937 5636 postmodum
990 5568 1054 5623 ad
1085 5567 1284 5623 Christi
1334 5568 1490 5622 ﬁdem
1530 5576 1804 5634 transeat,
1841 5565 2174 5636 baptismatis

597 5657 880 5712 iteratione
910 5675 1012 5713 non
1047 5660 1239 5729 egeat?
1263 5659 1367 5714 Sed
1393 5660 1460 5714 ita
1485 5668 1742 5729 operante
1767 5657 1936 5728 gratia
1960 5656 2171 5712 ablutus

594 5750 889 5818 jndicetur,
913 5763 968 5806 ut
1004 5762 1204 5808 tantum
1239 5751 1608 5809 benedictione
1638 5751 1942 5807 chrismatis
1982 5744 2230 5827 induail

2211 4504 2263 4564 D

2285 1859 2614 1917 inﬁdelitatis
2646 1858 2885 1929 periculo
2928 1858 3264 1914 immaculata
3293 1860 3724 1930 regenerationis
3749 1875 3849 1915 mu-

2285 1968 2412 2008 nera
2457 1959 2861 2020 consequuntur
2885 1993 2900 2018 ,
2930 1961 2985 2008 et
3015 1951 3166 2008 multi
3196 1967 3383 2007 eorum
3411 1967 3674 2022 processu
3702 1955 3854 2010 aetatis

2285 2047 2339 2101 in
2368 2045 2558 2100 mortis
2584 2044 2873 2116 praecipitia
2899 2044 3316 2116 demerguntur?
3340 2045 3469 2113 Qua:
3495 2045 3547 2100 id
3575 2047 3716 2102 ratio
3740 2049 3854 2119 agit,

2283 2140 2387 2194 nisi
2415 2139 2539 2210 quia
2568 2139 2856 2210 expugnari
2887 2154 2946 2194 se
2969 2141 3240 2210 patiuntur
3271 2140 3475 2210 ignavia
3511 2143 3853 2198 resolvente?

2285 2231 2353 2287 Et
2396 2246 2611 2286 causam
2642 2247 2738 2287 cur
2784 2232 2936 2287 fracti
2981 2232 3292 2288 viderentur
3333 2234 3605 2302 exposuit.
3645 2234 3845 2306 Propter

2289 2324 2723 2392 incredulitatem,
2752 2325 2942 2395 inquit,
2973 2326 3123 2391 fracti
3142 2333 3286 2394 sum,
3308 2340 3412 2382 non
3443 2327 3634 2397 utique
3663 2338 3849 2398 propter

2288 2415 2698 2485 praescientiam.
2755 2417 2874 2472 Non
2916 2417 3202 2488 specialem
3247 2432 3368 2474 esse
3403 2419 3546 2475 circa
3587 2421 3848 2477 credentes

2286 2508 2385 2565 Dei
2415 2509 2832 2564 muniﬁcentiam
2860 2509 3019 2564 docet
3045 2549 3060 2576 ,
3089 2509 3304 2579 q‘uando
3329 2518 3385 2564 et
3413 2524 3508 2564 eos
3537 2526 3677 2581 quos
3697 2512 3847 2568 incre-

2285 2602 2528 2658 dulitatis
2565 2603 2773 2674 arguit,
2806 2604 3028 2659 credere
3070 2603 3307 2674 potuisse
3353 2603 3712 2664 demonstrat.
3750 2605 3846 2674 Quo

2285 2707 2485 2763 genere
2517 2695 2675 2749 etiam
2708 2694 2952 2749 infideles
2995 2695 3202 2762 copiam
3251 2694 3374 2748 ﬁdei
3402 2697 3681 2765 accepisse
3705 2698 3846 2752 maui-

2287 2788 2446 2844 festat
2469 2828 2484 2854 ,
2513 2801 2568 2845 et
2605 2789 2730 2844 dum
2760 2789 2827 2844 de
2859 2789 3189 2844 naturalibus
3237 2789 3435 2846 fractos
3471 2789 3606 2846 dicit
3633 2833 3647 2858 ,
3676 2807 3845 2862 presu-

2286 2891 2494 2937 ntentes
2544 2881 2820 2937 salutifera
2869 2880 3222 2952 castigatione
3266 2884 3635 2953 compressit:
3670 2883 3752 2951 Si,
3779 2883 3845 2940 in-

2285 2976 2434 3044 quit,
2458 2973 2780 3028 naturalibus
2805 2975 2962 3028 ramis
2996 2991 3096 3028 non
3128 2975 3373 3046 pepercit,
3401 2992 3463 3029 ne
3503 2979 3638 3046 forte
3665 2993 3746 3030 nec
3769 2977 3842 3028 tibi

2288 3076 2489 3136 parcat.
2522 3068 2587 3122 Et
2615 3067 2871 3122 subdidit.
2902 3066 2969 3121 Et
2996 3068 3094 3131 illi,
3125 3069 3328 3138 inquit,
3378 3069 3422 3123 si
3449 3085 3554 3124 non
3575 3085 3843 3139 permanse-

2289 3160 2391 3214 rint
2421 3160 2474 3214 in
2517 3159 2872 3215 incredulitate
2891 3202 2906 3225 ,
2940 3161 3266 3222 inserentur;
3295 3169 3471 3229 potens
3502 3170 3575 3216 est
3607 3161 3736 3216 Deus
3765 3162 3844 3214 ite-

2288 3269 2402 3307 rum
2423 3253 2646 3307 inserere
2669 3253 2809 3308 iltos.
2859 3253 3347 3325 Magnanimitatem
3379 3255 3553 3325 itaque
3581 3255 3661 3310 hic
3687 3265 3737 3310 et
3755 3254 3846 3308 hu-

2290 3346 2567 3400 militatem
2617 3345 2795 3401 cordis
2834 3346 3144 3418 alloquitur.
3191 3348 3574 3413 Humilitatem,
3607 3359 3658 3402 ut
3685 3358 3736 3402 et
3755 3349 3836 3417 qui

2290 3438 2525 3493 incertus
2551 3446 2636 3494 est
2654 3437 2826 3508 frangi
2851 3440 3065 3506 timeat;
3099 3440 3600 3510 magnanimitatem,
3621 3451 3677 3494 ut
3702 3454 3843 3510 spem

2289 3533 2756 3598 remunerationis,
2788 3542 2844 3588 et
2871 3533 2958 3603 qui
2987 3532 3186 3589 fractus
3214 3543 3319 3600 est,
3354 3550 3460 3590 non
3483 3535 3727 3605 deponat.
3758 3534 3838 3590 Sic

2287 3639 2441 3680 ovem
2464 3625 2728 3694 perditam
2748 3635 2928 3696 pastor
2949 3626 3169 3682 sedulus
3191 3628 3485 3698 inquisivit,
3522 3637 3578 3684 et
3604 3629 3846 3684 inventam

2288 3718 2544 3787 subjectis
2573 3717 2638 3771 ad
2672 3717 2813 3773 ovile
2857 3717 3095 3773 humeris
3127 3721 3435 3788 reportavit.
3473 3719 3749 3787 Quomodo
3770 3733 3841 3772 se-

2287 3819 2535 3880 quentem
2568 3810 2922 3881 relinqueret,
2968 3810 3057 3882 qui
3099 3813 3338 3882 sequitur
3368 3814 3531 3869 etiam
3565 3813 3846 3885 relinquen-

2287 3909 2393 3957 tem
2429 3902 2450 3956 ?

2880 3973 3104 4032 CAPUT
3145 3976 3282 4033 XVI.

2287 4088 2415 4144 Cont
2446 4106 2476 4143 a
2527 4091 2621 4143 hoc
2667 4093 2802 4161 quod
2849 4091 3044 4158 dicunt,
3088 4092 3342 4147 Christum
3372 4106 3470 4146 nOn
3508 4110 3605 4164 pro
3647 4092 3852 4146 cursibus

2960 4171 3233 4217 mortuum.

2361 4274 2641 4328 Dominmn
2666 4283 2905 4330 nostrum
2927 4275 3107 4332 Jesum
3123 4275 3396 4332 Christum
3410 4277 3564 4332 aiunt
3587 4278 3852 4332 humanam

2287 4379 2504 4419 carnem
2537 4381 2641 4419 non
2674 4381 2771 4435 pro
2801 4366 3038 4421 omnium
3070 4368 3243 4423 salute
3270 4369 3567 4438 sumpsisse
3591 4411 3607 4437 ,
3650 4382 3745 4424 nec
3770 4380 3853 4436 pro

2288 4455 2536 4511 omnibus
2562 4469 2828 4514 mortuum
2851 4473 2989 4514 esse.
3015 4459 3128 4515 Hoc
3144 4460 3468 4516 omnimodis
3495 4461 3758 4516 catholica
3781 4458 3854 4513 de-

2291 4556 2515 4602 testatur
2538 4549 2797 4603 Ecclesia.
2827 4549 2958 4604 Nam
2990 4551 3034 4605 si
3066 4551 3134 4605 ita
3163 4560 3330 4616 esset,
3352 4551 3623 4622 quomodo
3646 4553 3855 4623 Aposto-

2287 4639 2371 4693 lus
2402 4638 2605 4694 diceret
2634 4657 2646 4692 :
2681 4640 2824 4696 Sicut
2855 4643 2908 4695 in
2958 4642 3121 4695 Adam
3167 4660 3338 4698 omnes
3365 4645 3655 4699 moriuntur
3675 4686 3689 4709 ,
3715 4645 3782 4696 ita
3808 4643 3855 4695 in

2285 4731 2486 4787 Christo
2509 4749 2678 4787 omnes
2700 4735 3089 4804 viviﬁcabuntur
3130 4735 3186 4806 (1
3221 4736 3339 4792 Cor.
3371 4737 3496 4808 xv)?
3514 4737 3614 4794 Hic
3631 4738 3733 4792 dici
3759 4750 3854 4790 non

2285 4834 2461 4894 potest
2507 4840 2602 4894 pro
2634 4835 2783 4896 parte
2815 4835 3005 4881 totum.
3048 4827 3178 4883 Nam
3212 4829 3350 4884 sicut
3375 4844 3498 4898 pars
3528 4830 3702 4898 prima
3736 4842 3852 4882 seu-

2288 4917 2464 4971 tenlir
2486 4957 2501 4984 ,
2544 4933 2714 4971 ontnes
2744 4919 2797 4971 in
2831 4919 2992 4972 Adam
3021 4921 3344 4988 moriuntur,
3376 4921 3652 4976 evidenter
3681 4928 3858 4975 osten-

2285 5007 2365 5062 dit
2413 5008 2531 5064 sine
2570 5009 2731 5063 dubio
2763 5011 2864 5064 hoc
2886 5011 3024 5080 quod
3057 5012 3298 5081 sequitur
3319 5053 3332 5076 ,
3375 5014 3427 5066 in
3461 5011 3666 5066 Christo
3698 5027 3860 5065 omna

2286 5101 2692 5167 viviﬁcabuntur,
2728 5101 3072 5157 nihilominus
3111 5103 3177 5158 ad
3207 5118 3397 5158 omnes
3428 5105 3479 5158 in
3506 5103 3726 5158 Christo
3740 5101 3858 5156 vivi-

2286 5192 2547 5259 ﬁcandos,
2597 5209 2700 5248 non
2751 5209 2816 5248 ex
2857 5205 3028 5263 parte,
3082 5194 3176 5249 sed
3223 5196 3542 5265 generaliter
3596 5196 3859 5265 pertinere

2287 5285 2574 5352 Apostolus
2607 5285 2881 5341 indicavit.
2916 5287 3077 5342 Iidem
3120 5288 3281 5342 etiam
3306 5289 3451 5358 impii
3493 5303 3588 5357 per
3617 5291 3858 5342 virtutem

2286 5377 2698 5433 resurrectionis
2743 5378 2941 5434 Christi
2988 5380 3341 5435 resuscitandi
3389 5395 3510 5436 esse
3556 5379 3860 5439 creduntur,

2241 5522 2249 5531 _
2284 5467 2412 5525 licet
2448 5469 2608 5524 etiam
2661 5485 2764 5524 non
2790 5470 3064 5540 judicandi
3091 5512 3104 5535 ,
3136 5471 3228 5526 sed
3264 5471 3516 5541 puniendi
3565 5477 3861 5540 resurgant.

2283 5561 2416 5616 Cum
2441 5573 2618 5617 autem
2649 5562 2937 5633 Apostolus
2959 5562 3104 5618 dicat
3128 5581 3137 5616 :
3168 5564 3269 5628 Qui
3299 5571 3370 5618 cst
3398 5564 3621 5617 salvator
3644 5563 3865 5616 omnium

2283 5656 2569 5724 hominum,
2601 5657 2820 5710 niaxime
2859 5657 3087 5724 ﬁdelium
3121 5657 3172 5725 (l
3207 5658 3340 5712 Tim.
3394 5657 3465 5723 tv)
3499 5657 3684 5726 :qttod
3716 5654 3863 5714 dixit.

2286 5750 2509 5803 omnium
2549 5748 2844 5813 hominum,
2889 5750 2952 5804 ad
2995 5751 3326 5818 propositum
3377 5748 3566 5804 divina:
3613 5745 3864 5802 bonitatis
