4060 6332
273 313 377 370 809

1385 305 1461 362 DE
1501 305 1756 361 GRATIA
1799 302 1949 370 DEI,
1992 301 2167 370 ETC.,
2208 304 2334 360 LIB.
2383 305 2419 360 I.

3437 309 3538 366 8l0

269 424 504 496 aspexit.
536 423 688 491 Quod
741 429 918 476 autem
958 419 1132 484 dixit,
1162 413 1383 473 maxime
1414 419 1649 488 fidelium
1675 461 1689 486 ,
1733 417 1854 472 i'Hos
1884 423 1937 480 Α
1967 417 2208 472 meminit
2236 419 2666 486 corruisse.Qu:e
2695 434 2813 475 cum
2847 420 2915 475 ita
2941 421 3065 485 sint,
3096 421 3181 477 dic
3219 422 3346 478 mihi
3381 441 3542 494 quem

269 518 375 572 hoc
403 517 522 571 loco
548 514 907 585 pronuntiavit
927 520 1085 583 atque
1106 510 1406 576 distrinxit,
1435 513 1523 581 qui
1549 527 1643 581 per
1667 511 1853 578 ﬁdem,

259 623 369 678 per
407 606 795 673 obedientiam,
824 621 920 676 per
955 603 1221 660 subditam
1253 603 1579 658 voluntatem
1619 603 1851 658 Redemo

270 701 446 771 ptoris
472 715 695 756 munera
725 706 1098 769 susceperunt.
1131 697 1237 752 Pro
1265 696 1524 751 universis
1554 703 1729 751 autem
1761 711 1855 752 ve-

271 796 417 850 nisse
451 791 721 848 Christum
773 792 912 848 idem
945 790 1232 859 Apostolus
1278 790 1517 846 declarat
1561 805 1575 843 :
1620 787 1852 854 Caritas,

269 886 466 954 inquit,
520 883 709 938 Christi
738 893 884 956 urget
919 899 1010 936 nos
1036 882 1328 951 judicantes
1374 881 1502 948 hoc,
1540 883 1783 952 quoniam
1813 884 1858 936 si

197 961 208 1005 ἶ
270 992 406 1030 unus
427 991 522 1045 pro
545 975 776 1029 omnibus
797 984 1030 1029 mortuus
1049 983 1146 1042 est,
1170 990 1473 1045 ergoomnes
1499 976 1685 1028 mortui
1701 985 1820 1029 sunt
1837 991 1856 1028 :

267 1081 318 1124 et
357 1086 452 1139 pro
482 1071 715 1125 omnibus
744 1079 974 1124 mortuus
1006 1079 1080 1124 est
1107 1069 1362 1131 Christus,
1395 1079 1450 1121 ut
1489 1076 1534 1121 et
1563 1069 1650 1136 qui
1688 1069 1858 1122 vivunt

270 1164 378 1228 iam
409 1179 511 1217 non
545 1164 640 1218 sibi
665 1165 853 1227 vivant,
878 1163 966 1217 sed
993 1163 1040 1216 ei
1067 1162 1156 1232 qui
1186 1178 1279 1232 pro
1299 1161 1426 1232 ipsis
1445 1169 1676 1216 mortuus
1712 1172 1781 1216 est
1810 1172 1857 1217 et

269 1255 549 1308 resurrexit
579 1253 666 1325 (II
696 1253 816 1308 (.‘or.
850 1254 929 1323 v).
959 1253 1094 1321 Quia
1126 1267 1256 1322 ergo
1281 1254 1608 1309 resurrectio
1634 1268 1858 1323 genera-

273 1344 341 1398 lis
385 1347 453 1400 ad
497 1348 748 1401 virtutem
791 1347 1020 1416 pertinet
1047 1343 1532 1414 redemptionis,si
1561 1345 1858 1414 redemptio

272 1451 380 1490 non
428 1438 494 1491 ad
538 1451 726 1492 omnes
765 1436 1038 1505 pertinet,
1073 1450 1171 1491 nec
1209 1435 1275 1490 ad
1317 1450 1505 1492 omnes
1535 1437 1858 1492 resurrectio

275 1526 582 1595 pertinebit.
617 1527 819 1583 Etideo
849 1528 972 1597 quia
999 1529 1135 1583 sicut
1155 1543 1326 1581 omnes
1357 1542 1701 1600 resurgemus,
1733 1529 1857 1584 licet

277 1634 382 1672 non
405 1635 578 1673 omnes
602 1619 1013 1684 immutabimur,
1040 1619 1108 1673 ita
1139 1619 1421 1672 Dominum
1447 1619 1858 1690 Redemptorem

280 1724 405 1764 curn
454 1712 718 1780 generalis
744 1711 1127 1766 misericordiae
1157 1711 1420 1766 beneﬁcio
1448 1711 1660 1769 venisse
1691 1721 1858 1768 testa-

1960 523 1987 560 a
2011 509 2175 577 gratia
2204 509 2594 578 redemptionis
2611 513 2904 581 exceperit,
2929 514 3020 583 qui
3051 514 3408 569 damnationis
3438 532 3538 570 att-

1963 601 2122 670 tiqnaa
2157 601 2573 672 chirographum
2600 607 2852 676 generale
2881 607 3099 663 delevit.

2539 716 2765 774 CAPUT
2806 719 2965 774 XVII.

1965 804 2156 858 Contra
2192 807 2285 859 hoc
2315 808 2449 886 quod
2493 811 2833 886 evangelicum
2878 815 3177 868 sententiam
3228 816 3461 886 imperito
3497 826 3546 871 et

2314 879 2546 948 improbo
2583 879 2733 932 sensu
2764 884 3185 950 interpretantur.

2038 967 2233 1038 Nemo,
2284 970 2455 1039 inquit
2479 1015 2493 1038 ,
2526 973 2658 1024 venit
2699 974 2765 1025 ad
2797 991 2900 1039 me,
2945 978 3045 1030 nisi
3075 976 3264 1042 Pater,
3297 980 3382 1048 qui
3410 981 3547 1035 misit

1964 1075 2063 1124 me,
2090 1062 2362 1115 attraxerit
2385 1078 2495 1116 eum
2521 1063 2700 1132 (Joan.
2733 1065 2826 1124 vt).
2859 1066 2987 1129 Quis
3019 1076 3126 1122 tam
3156 1069 3436 1125 immemor
3461 1085 3549 1125 sa-

1965 1153 2089 1210 lutis
2135 1170 2246 1209 suae
2275 1156 2373 1221 sit,
2406 1157 2494 1226 qui
2522 1157 2844 1212 attrahentis
2884 1162 3307 1219 misericordiam
3350 1181 3546 1236 negare

1964 1255 2272 1316 praesumat.
2302 1247 2407 1302 Sed
2440 1248 2527 1303 ille
2549 1263 2677 1304 vere
2700 1250 2893 1320 impius
2921 1261 2999 1305 est
3023 1254 3112 1323 qui
3143 1269 3262 1309 eam
3295 1273 3400 1312 non
3430 1273 3548 1313 om-

1967 1338 2123 1393 nibus
2173 1339 2360 1408 ingeri,
2411 1355 2516 1395 non
2567 1342 2814 1396 omnibus
2844 1351 3070 1398 testatur
3124 1344 3378 1415 impendi.
3438 1349 3549 1404 Iloc

1967 1429 2084 1485 loco
2131 1433 2345 1487 attracti
2395 1433 2620 1487 salutem
2667 1433 2985 1489 attrahentis
3016 1445 3165 1505 putat
3191 1452 3311 1493 esse
3339 1440 3548 1496 violen-

1967 1520 2120 1576 tiam.
2151 1526 2387 1591 Apparet
2421 1522 2568 1578 illum
2602 1540 2708 1578 non
2737 1539 2895 1579 nosse
2925 1526 3025 1580 nisi
3055 1538 3274 1584 catenas
3306 1529 3552 1586 obnoxia:
3585 1596 3595 1604 ἢ

1969 1615 2241 1670 servitutis
2264 1656 2279 1681 ,
2318 1616 2410 1686 qui
2447 1618 2656 1672 devota:
2706 1618 2876 1673 nescit
2903 1619 3114 1674 vincula
3164 1622 3420 1678 caritatis.
3455 1624 3552 1680 llic

1969 1715 2151 1762 autem
2203 1722 2382 1763 sermo
2419 1708 2634 1764 divinus
2677 1711 2982 1779 specialiter
3011 1712 3251 1782 increpat
3278 1715 3551 1772 hominem

276 1818 420 1868 mur,
448 1811 504 1860 et
532 1804 575 1858 si
604 1803 732 1858 illud
775 1803 1060 1857 infidelitas
1080 1843 1096 1867 ,
1128 1803 1249 1873 quia
1276 1803 1470 1871 noluit,
1501 1819 1607 1860 non
1633 1807 1854 1876 recepit.
1889 1812 1940 1874 Β
1969 1799 2037 1856 de
2065 1801 2298 1871 propriis
2317 1801 2419 1856 sibi
2452 1803 2652 1857 viribus
2681 1814 3054 1874 arrogantem,
3087 1816 3139 1860 et
3162 1806 3229 1862 de
3252 1808 3432 1863 labore
3455 1825 3553 1866 suo

255 1894 410 1949 Nam
441 1894 605 1949 Deum
635 1895 873 1965 quolibet
905 1905 1146 1965 tempore
1177 1896 1266 1966 qui
1306 1897 1555 1965 qumsivit
1578 1941 1592 1964 ,
1620 1898 1858 1967 invenit,

255 1997 336 2042 .et
361 1988 452 2058 qui
480 1986 747 2043 invenisse
767 2002 870 2042 non
897 1988 1041 2042 visus
1063 1997 1145 2043 est
1169 2002 1272 2042 non
1301 1989 1566 2058 quaesivit.
1595 1990 1747 2058 Quod
1774 1990 1818 2046 si
1843 2035 1856 2057 ,

275 2079 726 2148 quemadmodum
759 2077 982 2150 abrupta
1014 2079 1352 2150 blasphemat
1379 2081 1656 2151 impietas,
1685 2083 1773 2137 alii
1794 2085 1860 2137 ad

272 2183 505 2227 mortem
546 2171 932 2242 praeordinati,
977 2172 1066 2227 alii
1109 2172 1471 2242 praedestinati
1504 2175 1751 2231 videntur
1793 2178 1859 2232 ad

277 2265 463 2328 vitam,
489 2264 686 2319 nullam
714 2263 957 2320 Christus
978 2263 1225 2319 veniendi
1249 2279 1485 2331 causam,
1519 2267 1716 2321 nullam
1750 2282 1861 2323 mo-

279 2357 454 2412 riendi
479 2373 636 2429 quam
665 2357 838 2427 pietas
861 2358 979 2427 ejus
1000 2357 1224 2423 invenit,
1253 2357 1439 2413 habuit
1461 2360 1857 2415 necessitatem.

278 2458 486 2513 Novum
517 2473 643 2530 ergo
667 2457 963 2514 remedium
996 2457 1126 2511 nihil
1163 2471 1322 2526 agere
1345 2457 1515 2526 potuit
1542 2456 1588 2512 si
1616 2466 1741 2512 ante
1763 2473 1864 2513 sm-

279 2553 400 2605 cula
424 2565 512 2607 res
542 2552 802 2604 humanas
831 2549 1074 2605 deﬁnitio
1098 2556 1305 2604 vetusta
1336 2549 1586 2618 praeﬁxit.
1612 2549 1714 2605 Sed
1739 2550 1862 2619 quia

283 2643 461 2697 fatalis
490 2644 766 2713 persuasio
790 2684 805 2710 ,
856 2657 976 2712 quae
1001 2643 1105 2696 vim
1136 2643 1488 2711 praescientiae
1518 2644 1761 2712 cogentis
1784 2644 1865 2697 in-

283 2735 451 2801 ducit,
483 2735 802 2792 omnimodis
817 2736 1113 2803 respuenda
1141 2743 1240 2800 est,
1274 2733 1396 2789 ideo
1413 2735 1581 2805 magis
1609 2743 1661 2790 et
1692 2736 1863 2805 legem

284 2827 470 2891 dedit,
524 2837 578 2883 et
627 2828 912 2897 prophetas
961 2825 1152 2882 mediis
1209 2827 1540 2896 temporibus
1589 2828 1860 2896 excitavit,

285 2923 405 2992 quia
433 2921 713 2976 arbitrium
756 2920 1048 2974 voluntatis
1069 2919 1313 2973 humana:
1335 2926 1666 2974 attenuatum
1701 2934 1864 2975 nove-

285 3022 388 3080 rat,
413 3027 520 3068 non
541 3013 798 3067 ablatum.
825 3011 976 3080 Quod
999 3012 1042 3064 si
1065 3027 1130 3066 ex
1160 3021 1272 3064 toto
1298 3009 1448 3080 vigor
1470 3011 1588 3078 ejus
1614 3011 1863 3080 perisset,

281 3106 554 3175 quomodo
572 3107 841 3176 legeretur
862 3124 874 3159 :
896 3106 958 3158 Et
974 3105 1026 3157 in
1039 3105 1145 3176 lege
1166 3105 1372 3158 Domini
1389 3105 1486 3173 fuit
1509 3105 1739 3158 voluntas
1756 3107 1865 3174 ejus

1968 1893 2131 1962 impie
2169 1905 2605 1963 pratsumentem.
2668 1896 2802 1950 Cum
2849 1898 2989 1952 inter
3034 1898 3144 1952 haec
3195 1916 3334 1955 unus
3383 1911 3552 1958 totum

1967 1987 2136 2042 labori
2170 2030 2184 2051 ,
2211 1989 2345 2043 alter
2378 1997 2544 2044 totum
2577 1989 2761 2059 gratia:
2786 1989 2990 2060 judicet
3017 1992 3377 2063 deputandum
3403 2037 3417 2060 ,
3449 1998 3551 2052 im-

1967 2079 2145 2149 pletur
2169 2080 2219 2134 in
2251 2093 2477 2154 utroque
2507 2082 2693 2136 Grreca
2724 2085 2986 2138 sententia
3024 2102 3037 2138 :
3083 2086 3397 2144 Nimietates
3424 2132 3437 2154 ,
3466 2092 3551 2145 in-

1966 2173 2114 2241 quit,
2138 2182 2190 2226 et
2214 2155 2607 2242 inaequalitates
2630 2184 2755 2228 sunt
2778 2175 2968 2229 similis
2996 2176 3337 2245 improbitas;
3376 2191 3427 2235 et
3455 2198 3549 2251 par

1967 2279 2089 2320 esse
2126 2266 2382 2336 probatur
2430 2269 2674 2337 impietas
2696 2309 2710 2332 ,
2737 2269 2780 2322 si
2817 2277 2982 2322 totum
3009 2271 3106 2324 soli
3140 2273 3323 2340 gratim
3349 2315 3363 2340 ,
3399 2276 3480 2329 vel
3508 2278 3555 2330 si

1969 2367 2140 2412 totum
2170 2359 2267 2412 soli
2313 2359 2611 2414 ascribatur
2652 2359 2841 2414 labori.
2875 2361 3011 2426 Quid
3060 2377 3156 2416 nos
3178 2373 3389 2432 oportet
3416 2365 3556 2422 inter

1970 2451 2068 2503 ista
2093 2452 2316 2514 sentire,
2350 2451 2445 2508 nisi
2480 2460 2536 2506 ut
2575 2466 2786 2520 semper
2808 2454 2994 2523 gratia:
3033 2454 3378 2523 subjiciamus
3409 2458 3557 2513 laboe

1969 2559 2080 2597 rem
2113 2554 2167 2598 et
2210 2559 2423 2614 semper
2461 2546 2684 2614 gratiam
2731 2560 2851 2600 cum
2904 2545 3085 2601 labore
3114 2547 3420 2603 sociemus?
3445 2550 3554 2606 Sed

1967 2645 2094 2690 ante
2111 2637 2289 2691 omnia
2311 2639 2668 2707 arrogantiam
2695 2638 2894 2692 laboris
2916 2641 3260 2708 refugiamus,
3287 2659 3383 2697 ncc
3403 2645 3561 2700 nobis

1969 2728 2256 2798 quidquam
2280 2730 2347 2785 de
2377 2731 2496 2798 ejus
2523 2730 2728 2785 meritis
2751 2732 3106 2797 vindicemus,
3135 2750 3200 2787 ne
3231 2734 3559 2792 Pharismum

1971 2823 2165 2875 imitari
2208 2822 2483 2877 mortifera
2509 2823 2781 2891 jactanti:c
2822 2825 3234 2893 praesumptione
3260 2827 3553 2884 videamur.

1974 2915 2106 2969 Nam
2155 2931 2274 2969 cum
2334 2916 2420 2970 ille
2468 2930 2629 2970 orans
2678 2917 3037 2972 indubitanter
3079 2934 3264 2973 verum
3317 2921 3555 2975 diceret:

1973 3005 2165 3077 Jejuno
2188 3007 2262 3060 bis
2282 3007 2334 3058 in
2360 3006 2569 3059 sabbato
2587 3050 2599 3073 ,
2642 3007 2868 3061 decimas
2899 3010 2965 3060 do
3005 3011 3230 3062 omnium
3252 3027 3560 3080 quarumque

1975 3099 2211 3166 possideo
2239 3097 2388 3167 (Luc.
2421 3097 2595 3166 xvm),
2627 3099 2901 3151 evacuavit
2932 3099 3043 3153 veri
3071 3099 3249 3162 ﬁdem,
3277 3101 3396 3170 quia
3421 3103 3562 3156 veri-

283 3197 486 3268 (Ps.t).
505 3199 567 3253 Et
593 3199 819 3253 iterum:
850 3196 1152 3250 Voluntarie
1171 3195 1472 3263 sacriﬁcabo
1488 3195 1598 3263 tibi,
1622 3195 1859 3250 Domine.
1891 3184 1937 3244 C
1976 3191 2069 3245 tati
2099 3192 2311 3245 miscuit
2332 3191 2643 3245 vanitatem.
2675 3190 2788 3244 Non
2812 3205 2939 3259 ergo
2967 3194 3228 3260 operatio,
3261 3193 3357 3247 sed
3383 3193 3562 3248 cordis

284 3291 351 3344 Et
380 3290 445 3344 ad
473 3289 839 3345 Philemonem
872 3307 884 3341 :
917 3287 984 3342 Ut
1015 3305 1114 3341 non
1139 3303 1201 3341 ea:
1227 3288 1546 3354 necessitate,
1575 3287 1663 3340 sed
1691 3288 1869 3341 volun-

282 3383 477 3437 tarium
503 3391 629 3436 esset
661 3382 846 3436 bonum
876 3389 1037 3434 luunt.
1064 3380 1259 3434 Etcum
1281 3379 1418 3434 dicat
1461 3380 1513 3433 in
1548 3379 1862 3448 Evangelio:

270 3473 418 3526 .Caro
438 3489 549 3525 mea
570 3481 642 3525 est
663 3488 816 3540 quam
839 3487 930 3540 ego
956 3471 1089 3524 dabo
1106 3485 1198 3539 pro
1223 3469 1401 3522 mundi
1427 3470 1530 3522 vita
1559 3466 1737 3539 (Joan.
1765 3471 1866 3538 Vl),

283 3563 536 3616 dubitare
568 3563 780 3629 penitus
811 3577 919 3616 non
958 3560 1216 3616 debemus
1255 3561 1397 3630 quod
1444 3571 1554 3614 toto
1586 3561 1782 3615 mundo
1809 3577 1870 3617 se

287 3651 650 3719 impenderit,
681 3653 770 3722 qui
814 3651 936 3721 plus
962 3652 1110 3705 dedit
1148 3666 1306 3715 quam
1341 3649 1484 3706 totus
1513 3653 1746 3706 mundus
1776 3669 1872 3709 va-

291 3741 455 3797 lebat.
483 3742 634 3799 Sicut
669 3752 724 3799 et
766 3744 954 3798 beatus
975 3743 1208 3798 Joannes
1240 3743 1576 3814 Evangelista
1601 3752 1826 3798 testatur
1853 3762 1870 3800 :

289 3831 414 3904 Ipse
461 3845 533 3888 est
580 3835 712 3888 enim
752 3835 1048 3906 propitiatio
1099 3851 1190 3904 pro
1245 3837 1464 3905 peccatis
1519 3837 1728 3902 nostris,
1772 3853 1874 3890 non

286 3941 385 3997 pro
415 3926 602 3980 nostris
648 3935 816 3980 autem
860 3936 1078 3993 tantum,
1127 3928 1215 3981 sed
1257 3937 1304 3981 et
1345 3943 1439 3998 pro
1492 3928 1646 3981 totius
1695 3929 1875 3981 mundi

295 4014 352 4086 (Ι
382 4016 538 4072 Joan.
571 4019 645 4085 v).
675 4017 781 4072 Sed
809 4017 940 4072 dicis
971 4035 986 4071 :
1015 4018 1293 4086 Quomodo
1317 4018 1758 4073 totummundum
1792 4034 1875 4075 re-

286 4105 492 4161 demit?
514 4105 908 4162 Ecccvidemus
927 4109 1170 4164 homines
1185 4110 1238 4164 in
1253 4109 1488 4178 peccatis
1514 4110 1624 4163 suis
1651 4111 1833 4166 vivere
1857 4129 1871 4165 :

291 4200 562 4270 quomodo
592 4201 897 4270 putabimus
927 4202 1232 4272 redemptos
1256 4243 1272 4268 ,
1313 4217 1446 4272 quos
1473 4202 1716 4258 videmus
1747 4219 1873 4272 per-

289 4311 513 4352 manere
534 4295 807 4366 captivos?
829 4296 940 4351 Hoc
958 4281 1084 4352 loco
1124 4296 1458 4352 intellectum
1502 4297 1568 4352 de
1603 4299 1874 4366 proposita

289 4389 643 4446 similitudine
671 4390 1007 4460 colligamus.
1033 4389 1195 4444 Verbi
1221 4388 1389 4460 gratia
1424 4405 1438 4442 :
1470 4390 1514 4443 si
1550 4391 1750 4459 legatus
1777 4389 1875 4444 ali-

290 4481 413 4549 quis
443 4480 527 4535 vel
563 4480 816 4536 sacerdos
855 4479 1245 4534 intercessurus
1289 4494 1384 4548 pro
1427 4479 1640 4534 civitate
1665 4482 1874 4552 captiva

1977 3284 2136 3338 elatio
2163 3283 2483 3340 declinanda
2514 3291 2617 3343 est.
2647 3281 3043 3352 Nemo,inquit,
3077 3285 3209 3338 venit
3237 3286 3304 3337 ad
3335 3303 3433 3351 me,
3464 3286 3563 3339 nisi

1978 3374 2137 3430 Pater
2174 3376 2439 3431 attraxerit
2469 3392 2605 3429 eum.
2657 3375 2902 3445 Nunquid
2944 3377 3088 3431 velut
3130 3375 3477 3432 insensibilis‘
3509 3387 3566 3434 es

1977 3470 2158 3541 inepta
2201 3470 2456 3524 materies
2495 3467 2562 3523 de
2593 3468 2711 3524 loco
2743 3468 2808 3522 ad
2845 3469 3018 3523 locum
3055 3470 3352 3525 movendus
3383 3481 3465 3525 est
3510 3479 3566 3526 et

1977 3561 2305 3615 trahendus?
2331 3559 2439 3615 Sed
2467 3560 2738 3616 assistenti
2761 3570 2815 3613 et
2840 3563 3051 3616 vocanti
3079 3562 3306 3616 Domino
3335 3563 3565 3618 famulus

1979 3666 2196 3704 manum
2260 3650 2404 3715 fidei,
2455 3666 2556 3720 qua
2604 3651 2902 3708 attrahatur
2947 3652 3218 3716 extendit,
3267 3663 3319 3707 et
3369 3653 3498 3707 dicit
3545 3672 3562 3709 :

1978 3740 2166 3807 Credo,
2215 3740 2474 3804 Domine;
2505 3742 2694 3812 adjuva
2721 3741 3133 3794 incredulitatem
3181 3759 3344 3796 meam
3369 3743 3564 3815 (Marc.

1981 3832 2079 3900 ιι).
2113 3831 2180 3886 Ει
2207 3830 2279 3884 ita
2301 3845 2360 3885 se
2381 3831 2486 3885 duo
2512 3831 2611 3884 ista
2643 3832 2991 3899 conjungunt,
3017 3833 3339 3888 attrahentis
3369 3835 3563 3903 virtus,

1980 3935 2036 3980 et
2078 3925 2378 3980 obedientis
2433 3923 2654 3979 allectus
2689 3941 2703 3977 :
2737 3939 2843 3993 quo
2884 3924 3042 3979 modo
3093 3925 3137 3980 si
3188 3941 3330 3993 aeger
3375 3928 3568 3997 aliquis

1981 4031 2264 4085 assurgere
2285 4024 2527 4081 conetur,
2552 4025 2604 4070 et
2636 4015 2858 4069 facultas
2885 4017 3120 4071 animum
3156 4033 3262 4072 non
3287 4029 3566 4089 sequatur,

1977 4121 2034 4164 et
2065 4118 2349 4180 propterea
2378 4109 2479 4163 sibi
2508 4108 2706 4178 porrigi
2751 4108 3027 4163 dexteram
3067 4109 3405 4179 deprecetur.
3448 4111 3568 4167 Cla-

1981 4209 2094 4256 mat
2121 4201 2369 4255 voluntas
2389 4242 2404 4268 ,
2433 4204 2554 4270 quia
2578 4202 2686 4255 sola
2722 4215 2816 4269 per
2846 4215 2906 4256 se
2926 4201 3124 4256 elevari
3157 4204 3568 4260 nescitinﬁrmi—

1980 4300 2083 4348 tas.
2133 4293 2208 4348 Ita
2253 4293 2509 4348 Dominus
2536 4293 2726 4347 invitat
2753 4293 3019 4350 volentem
3045 4336 3058 4360 ,
3091 4296 3313 4352 attrahit
3346 4298 3567 4354 deside-

1982 4387 2386 4456 rantem,erigit
2406 4385 2757 4441 adnitentem.
2789 4387 2924 4454 Quid
2955 4396 3039 4442 est
3069 4397 3244 4444 autem
3276 4393 3567 4458 attrahere,

1982 4478 2085 4532 nisi
2138 4478 2464 4548 praedicare,
2522 4478 2622 4532 nisi
2667 4478 3063 4548 Scripturarum
3115 4481 3570 4543 consolationibus

297 4573 499 4643 largius
536 4573 764 4642 pretium
814 4570 1047 4635 deserat,
1097 4579 1150 4625 et
1200 4571 1514 4626 universum
1555 4567 2262 4641 captivitatisDexcitare,
2316 4570 2772 4638 increpationibus
2829 4572 3140 4639 deterrere,
3212 4573 3568 4629 desideranda

293 4665 553 4735 populum
586 4664 652 4718 de
682 4678 840 4718 manu
869 4663 985 4731 ejus
1015 4663 1236 4732 recipiat
1264 4665 1352 4731 qui
1390 4663 1516 4718 belli
1536 4663 1657 4732 jura
1683 4664 1880 4719 retine-

293 4757 408 4821 ltat,
469 4764 524 4810 et
570 4755 746 4808 omnis
783 4753 1002 4807 omnino
1053 4753 1324 4807 relaxetur
1356 4754 1438 4806 lex
1477 4767 1540 4806 ac
1589 4754 1879 4809 necessitas

294 4847 598 4910 δςῖιινῐιιιιίε,
630 4852 684 4900 et
711 4846 850 4900 inter
880 4843 994 4898 hmo
1016 4843 1059 4897 si
1080 4842 1216 4897 forte
1245 4842 1353 4897 illic
1377 4841 1586 4912 aliquos
1617 4843 1684 4897 de
1712 4843 1882 4912 capti-

296 4937 378 4990 vis
419 4938 500 4990 vel
545 4936 831 4991 oblectatio
874 4934 1315 5000 consuetudinis,
1365 4934 1448 4989 vel
1492 4933 1629 4988 male
1656 4933 1881 4990 blandus

299 5029 486 5096 prde
526 5028 800 5096 sollicitet,
845 5026 1133 5097 gratuitum
1169 5025 1487 5081 beneﬁcium
1512 5027 1879 5097 unusquisque

297 5121 594 5173 voluntatis
638 5133 747 5173 sua:
800 5132 986 5174 servus
1031 5126 1261 5183 recuset,
1305 5118 1544 5188 nunquid
1589 5119 1882 5177 minoravit

296 5213 524 5284 gratiam
553 5213 710 5284 pretii
737 5220 1078 5283 contemptus
1117 5213 1348 5284 ingrati?
1374 5213 1622 5285 Nunquid
1651 5216 1879 5286 aliquam

297 5307 692 5362 benevolentia:
723 5304 1081 5374 redemptoris
1115 5305 1293 5361 intulit
1319 5307 1726 5364 diminutionem
1748 5350 1763 5375 ,
1791 5308 1881 5378 qui

299 5399 510 5469 respuit
537 5397 880 5454 libertatem?
911 5396 1027 5452 Non
1072 5399 1141 5452 ita
1169 5407 1273 5455 est.
1301 5399 1572 5467 Quinimo,
1616 5401 1755 5455 sicut
1798 5414 1881 5456 re-

302 5491 602 5562 demptoris
644 5500 826 5561 gratus
856 5498 1032 5559 potest
1057 5505 1177 5546 esse
1195 5533 1211 5557 ,
1240 5492 1330 5562 qui
1358 5491 1538 5556 rediit,
1563 5492 1634 5548 ita
1660 5492 1728 5548 de
1754 5507 1882 5548 con-

305 5595 510 5655 temptu
553 5599 677 5639 reus
707 5592 788 5639 est
826 5581 916 5652 qui
973 5585 1250 5639 remansit.
1277 5584 1529 5640 Volentes
1559 5585 1700 5640 enim
1731 5587 1885 5642 rede-

305 5683 406 5735 mit
448 5680 779 5734 voluntatum
830 5685 1223 5732 remunerator.
1269 5677 1453 5733 .lustus
1495 5677 1636 5732 enim
1687 5677 1886 5733 arbiter

309 5775 449 5830 Deus
500 5769 858 5824 voluntarium
888 5769 1033 5837 cupit
1061 5769 1261 5837 redire,
1315 5785 1472 5840 quem
1507 5785 1611 5824 non
1660 5769 1884 5824 invitum

551 5866 816 5925 Ρηιιοιι.
865 5863 1071 5922 LVIII.

1985 4677 2326 4732 proponere,
2376 4663 2639 4716 intentare
2689 4662 3007 4726 metuenda,
3060 4663 3309 4728 judicium
3355 4666 3569 4720 commi.

1992 4754 2137 4816 nari,
2173 4753 2447 4821 prmmium
2491 4751 2772 4820 polliceri?
2803 4752 2941 4806 Audi
2971 4753 3254 4808 Dominum
3284 4770 3389 4809 non
3419 4755 3568 4810 duris

1992 4844 2237 4911 nexibus,
2291 4842 2385 4897 sed
2440 4843 2682 4896 manibus
2731 4843 3110 4912 attrahentem,
3162 4856 3216 4901 et
3267 4847 3569 4904 dilectionis

1991 4935 2223 4989 brachiis
2265 4933 2577 4987 invitantem
2606 4975 2621 4998 ,
2655 4933 2795 4988 sicut
2826 4935 2900 4988 ait
2923 4935 3177 5005 propheta
3209 4955 3221 4991 :
3251 4940 3455 4994 Atti-axi
3484 4959 3569 4996 eos

1986 5028 2042 5081 in
2066 5027 2280 5080 vinculis
2302 5026 2531 5080 raritatis
2555 5025 2698 5096 (Ose.
2725 5026 2824 5095 xt).
2856 5028 2919 5081 Et
2944 5027 3072 5082 illud
3099 5046 3112 5082 :
3146 5029 3271 5084 Post
3289 5039 3335 5084 te
3357 5032 3409 5085 in
3441 5035 3573 5086 odo-

1988 5136 2094 5173 rem
2126 5126 2500 5189 unguentorum
2542 5130 2747 5172 tuorum
2775 5121 3027 5173 currimus
3057 5120 3229 5190 (Cant.
3259 5126 3318 5184 ι).
3365 5125 3428 5178 Et
3451 5125 3571 5180 ideo

1987 5210 2156 5266 dicit:
2200 5208 2374 5264 Venite
2402 5210 2470 5262 ad
2509 5226 2621 5276 me,
2662 5227 2836 5264 omnes
2865 5212 2954 5280 qui
2993 5212 3236 5266 laboratis
3283 5223 3328 5267 et
3376 5218 3573 5270 onerati

1990 5304 2130 5368 estis,
2169 5311 2215 5356 et
2243 5317 2336 5372 ego
2376 5301 2603 5371 reﬁciam
2634 5317 2718 5356 vos
2750 5300 2965 5374 (Matth.
2996 5303 3108 5372 xi),
3152 5320 3220 5358 ne
3246 5305 3388 5359 ullus
3411 5321 3573 5362 excu-

1989 5408 2112 5450 sare
2151 5407 2208 5448 se
2248 5392 2417 5463 possit
2469 5392 2736 5459 exclusus,
2785 5393 2873 5462 qui
2913 5394 3246 5451 convincitur
3293 5397 3569 5453 invitatus.

1991 5486 2140 5541 Licet
2164 5485 2305 5539 enim
2341 5498 2446 5538 non
2475 5498 2664 5539 omnes
2703 5483 3061 5541 obedientiam
3085 5486 3419 5544 exhibituros
3448 5505 3572 5547 esse

1933 5572 1940 5578 ’
1994 5587 2353 5652 prmnosceret
2374 5623 2388 5646 ,
2413 5577 2661 5633 omnibus
2687 5577 2862 5633 tamen
2894 5587 2950 5634 et
2972 5580 3108 5636 velle
3131 5588 3185 5636 et
3214 5596 3375 5652 posse
3403 5582 3572 5639 dona-

1995 5681 2163 5726 verat.
2197 5670 2307 5724 Hoc
2361 5671 2479 5723 loco
2522 5669 2750 5724 sollicite
2789 5673 3091 5740 requiratur
3138 5681 3317 5728 utrum
3346 5675 3573 5746 quisque

1994 5766 2190 5822 attrahi
2223 5765 2346 5819 velit
2395 5781 2459 5818 an
2493 5764 2641 5817 nolit.
2679 5765 2734 5818 Si
2782 5782 2883 5820 non
2915 5767 3044 5834 vult,
3094 5768 3364 5823 assolitam
3411 5779 3574 5825 attra—

3184 5857 3260 5916 26
