4060 6332
1540 298 1913 323 W“

1380 411 1465 469 DE
1505 408 1758 467 GBATIA
1797 408 1884 466 DE

1986 406 2159 476 ETC.,
2201 406 2327 464 un.
2367 407 2432 469 ιι.
3078 415 3118 445 ιν
3186 366 3345 479 eda,

284 419 392 478 8I3

3447 363 3588 460 sit“

286 522 602 597 morientini,
625 541 808 587 domus
834 530 1286 601 Israel;quontam
1315 530 1432 583 nolo
1464 538 1676 583 mortem
1697 526 1861 598 impii,
1892 528 1948 589 Α
1970 522 2209 590 homini,
2244 521 2336 578 sed
2368 537 2687 578 consensum
2734 522 2965 577 hominis
3012 520 3274 577 voluntati
3323 535 3433 578 suae
3459 520 3554 577 de-

286 627 412 681 dicit
452 625 735 679 Dominus?
765 624 1089 679 Rerertimini
1132 633 1179 677 et
1214 623 1356 676 vivite
1405 620 1616 692 (Ezech.
1653 620 1865 689 χχχιιι).

292 719 359 772 Et
384 716 652 786 quomodo
671 730 763 771 eos
784 715 838 768 in
862 725 1108 778 mortem,
1126 723 1187 768 ut
1217 713 1584 782 blasphemas,
1618 711 1868 779 impellit,

286 822 427 877 quos
445 807 507 860 ad
522 810 679 859 vitam
690 820 800 859 non
812 805 986 859 solum
1008 804 1405 873 nutujubentis,
1422 803 1514 857 sed
1532 802 1727 857 aﬂ‘ectu
1746 816 1871 867 sup—

290 899 543 969 plicautis
582 895 790 950 invitat.
824 895 991 949 Item:
1023 894 1144 948 Vivo
1160 911 1270 966 ego,
1301 894 1424 947 dicit
1448 894 1730 957 Dominus;
1752 893 1870 945 nolo

283 998 499 1040 mortem
517 987 681 1056 impii,
697 988 783 1039 sed
810 994 867 1039 ut
883 987 1355 1055 reoertatnrimpius
1377 986 1499 1038 avia
1523 1002 1636 1049 sua,
1666 994 1714 1039 et
1736 986 1872 1038 vivat

286 1077 369 1147 (Ν
376 1095 481 1133 um.
500 1078 629 1146 xiv).
646 1077 895 1131 Reditum
920 1091 979 1131 se
992 1077 1047 1130 in
1067 1083 1331 1145 potestate
1343 1075 1540 1130 habere
1558 1083 1867 1145 cognoscat,

288 1172 379 1241 qui
400 1172 671 1226 aDomino
692 1177 1013 1240 provocatur
1042 1178 1097 1223 ut
1123 1168 1467 1223 redeat.Vivo
1495 1166 1870 1238 ego,dicitDo—

289 1266 483 1317 minus.
516 1263 594 1317 Ne
620 1261 686 1317 de
719 1260 1043 1330 indulgentia
1065 1274 1189 1314 reus
1206 1259 1432 1324 dubitat,
1447 1260 1611 1329 iudex
1634 1259 1871 1315 clemen-

288 1358 418 1409 tiam
440 1368 593 1409 suam
634 1353 799 1408 etiam
838 1352 1063 1421 quadam
1096 1351 1416 1406 sacramenti
1466 1350 1872 1419 interpositione

286 1445 591 1501 confirmat.
625 1445 731 1501 Sed
760 1453 815 1499 et
845 1458 940 1514 per
969 1444 1195 1514 θροειοιὶ
1241 1443 1381 1498 Petri
1411 1443 1731 1499 sententiam
1772 1457 1870 1497 vo-

288 1539 468 1594 luntas
499 1538 864 1608 benignissimi
912 1536 1221 1591 insinuatur
1271 1536 1491 1591 actoris.
1528 1535 1649 1589 Non
1680 1535 1870 1599 tardat,

284 1628 484 1701 inquit,
518 1629 767 1683 Dominus
794 1628 1118 1700 ‘promissutn
1165 1644 1340 1694 suum,
1376 1628 1464 1681 sed
1489 1629 1739 1698 patienter
1768 1627 1873 1697 agit

282 1730 501 1793 propter
518 1738 631 1787 vos,
650 1722 828 1775 ueiens
858 1721 1059 1791 aliquos
1098 1722 1282 1789 perire,
1315 1721 1402 1774 sed
1429 1721 1498 1773 ad
1531 1721 1872 1790 paenitentiam

289 1817 474 1871 reverti
504 1814 591 1887 (II
619 1814 736 1870 Pet.
781 1822 880 1884 ιιι).
918 1815 1167 1869 Peccanti
1216 1813 1475 1883 ingeritur
1530 1813 1870 1883 poenitentia,

1976 616 2140 669 fuisse
2170 613 2505 667 monstravit.
2538 612 2673 679 Quid
2705 615 2897 667 mirum
2924 615 2966 668 si
2997 630 3092 683 pro
3124 615 3295 667 salute
3323 614 3553 670 hominis

1976 704 2245 775 Iacrymas
2280 703 2434 770 fudit,
2468 719 2591 759 mox
2616 706 2929 775 sanguinem
2955 705 3270 775 profusurus
3294 707 3316 760 ?
3349 708 3474 761 Item
3498 708 3550 762 in

1977 797 2229 851 Mattltmo
2264 813 2276 848 :
2309 794 2617 861 Jerusalem,
2658 814 2771 866 qua:
2799 797 2988 851 occidis
3020 798 3315 867 prophetas,
3344 808 3392 851 ct
3424 798 3556 866 lapi-

1976 888 2070 941 das
2100 903 2184 941 eos
2206 887 2291 955 qui
2312 886 2379 939 ad
2422 896 2467 939 te
2496 886 2639 939 missi
2684 898 2821 954 sunt,
2849 890 3043 958 quoties
3068 892 3205 945 volui
3245 906 3552 961 congregare

1975 979 2111 1048 ﬁlios
2141 987 2255 1034 tuos
2285 981 2415 1033 sicut
2444 977 2639 1049 gallina
2669 989 2941 1050 congregat
2965 982 3130 1049 pullos
3170 999 3288 1037 suos
3319 982 3408 1035 sub
3442 962 3552 1035 alus

1974 1089 2128 1139 suas,
2162 1081 2207 1125 et
2244 1072 2475 1125 noluisti.
2524 1071 2665 1125 Duas
2717 1086 2799 1147 res
2828 1070 2916 1125 hic
2956 1074 3065 1141 agit
3102 1087 3279 1127 sermo
3320 1073 3550 1128 divinus.

1974 1165 2107 1221 Nam
2139 1164 2265 1219 dum
2295 1166 2462 1219 dicit:
2503 1164 2711 1231 Quoties
2748 1163 2921 1227 volui,
2974 1174 3019 1217 et
3068 1166 3294 1229 noluisti,
3341 1165 3393 1220 in
3446 1166 3554 1221 Deo

1974 1255 2234 1327 propositi
2258 1255 2491 1317 bonitas,
2525 1256 2577 1308 in
2603 1254 2816 1307 homine
2848 1254 3053 1308 arbitrii
3089 1263 3171 1309 est
3211 1270 3463 1324 expressa
3490 1256 3554 1311 li-

1974 1349 2173 1404 bertas.
2196 1346 2433 1403 Dicendo
2464 1355 2640 1401 autem
2687 1362 2700 1400 ε
2734 1344 3042 1410 Jerusalem,
3066 1362 3179 1416 qum
3224 1346 3413 1399 occidis
3438 1363 3556 1416 pro-

1976 1441 2178 1511 phetas,
2208 1451 2253 1494 et
2277 1439 2477 1509 lepidas
2508 1455 2589 1491 eos
2615 1439 2700 1507 qui
2725 1439 2793 1491 ad
2824 1446 2871 1490 te
2910 1438 3052 1490 missi
3094 1448 3232 1501 sunt,
3264 1440 3472 1493 salvare
3497 1453 3555 1493 se

1975 1545 2069 1586 eos
2098 1532 2330 1586 voluisse
2349 1530 2677 1599 pronuntiat,
2711 1543 2832 1582 cum
2865 1527 3141 1583 evidenter
3164 1527 3402 1597 proferat
3431 1543 3557 1582 cau-

1978 1637 2065 1678 sas
2096 1637 2190 1691 per
2220 1635 2352 1689 quas
2382 1621 2606 1675 salutem
2637 1619 2715 1672 eis
2746 1632 2941 1687 negare
2990 1618 3253 1673 debuerit.
3302 1619 3410 1672 Hoc
3440 1619 3556 1673 loco

1977 1714 2176 1783 duplici
2226 1727 2421 1783 genere
2472 1712 2525 1764 in
2578 1724 2735 1765 servo
2780 1709 3031 1779 iniquitas
3082 1718 3319 1764 cruentae
3364 1711 3557 1765 mentis

1976 1806 2298 1860 ostenditur.
2334 1804 2390 1858 In
2421 1803 2652 1858 Domino
2680 1802 3012 1871 indulgentia
3044 1802 3441 1872 benignissimae
3464 1817 3558 1856 vo-

290 1916 352 1963 ut
380 1908 435 1963 in
470 1907 798 1963 eouierenda
831 1904 1198 1960 misericordia
1240 1906 1422 1967 iocum
1469 1905 1639 1974 possit
1682 1905 1876 1961 habere
1906 1908 1955 1970 Β
1982 1900 2204 1954 luntatis
2234 1897 2495 1967 aperitur.
2522 1898 2578 1951 Si
2607 1895 2747 1951 Deus
2776 1898 2950 1965 perire
2971 1895 3083 1950 vult
3112 1896 3401 1959 hominem,
3426 1910 3558 1963 quo-

286 2001 517 2071 iustitin.
573 1999 679 2054 Sed
727 1999 1011 2070 patienter,
1042 1997 1251 2068 inquit,
1299 1998 1402 2069 agit
1447 1998 1872 2053 emendationem

304 2082 573 2157 hominis,
604 2090 727 2161 quia
775 2090 1112 2160 impatienter
1149 2086 1448 2158 desiderat,
1489 2092 1755 2160 patienter
1785 2107 1878 2161 es-

295 2193 529 2255 spectat.
559 2185 688 2239 Item
720 2183 1011 2239 secundum
1042 2184 1236 2238 Lucam
1264 2200 1277 2238 :
1304 2182 1369 2236 Et
1400 2193 1455 2237 ut
1494 2186 1873 2255 apprOpinqua~

298 2280 390 2343 vit,
422 2279 599 2331 videns
627 2278 895 2341 civitatem,
940 2277 1077 2345 ﬂevit
1117 2292 1271 2346 super
1318 2276 1462 2329 illam
1510 2277 1682 2330 dicens
1705 2290 1725 2330 :
1758 2275 1879 2330 Non

290 2371 575 2439 relinquent
600 2371 651 2422 in
700 2377 745 2422 te
773 2369 997 2436 lapidem
1031 2384 1183 2439 super
1221 2368 1481 2437 lapidem,
1517 2384 1575 2421 eo
1605 2367 1741 2437 quod
1773 2384 1875 2420 non

274 2462 587 2533 cognoveris
612 2468 809 2528 tempus
828 2459 1136 2513 uisitationis
1160 2469 1258 2513 tute
1291 2458 1439 2530 (Luc.
1468 2458 1601 2530 arx).
1629 2457 1723 2512 Hic
1749 2472 1877 2511 con-

294 2553 587 2624 stringendi
610 2562 735 2608 sunt
762 2552 1019 2608 haeretici.
1057 2553 1113 2608 Si
1147 2551 1402 2608 Dominus
1426 2552 1676 2622 perituris
1690 2551 1877 2606 salutis

296 2648 670 2704 intercluserat
718 2646 956 2712 aditum,
1023 2660 1150 2715 ergo
1206 2644 1340 2701 falso
1388 2646 1611 2701 istorum
1659 2643 1880 2699 deﬂevit

298 2744 540 2800 exitium.
570 2743 626 2801 Si
653 2752 829 2797 autem
854 2756 1035 2797 eorum
1066 2740 1421 2811 perditionem
1445 2754 1575 2795 vero
1606 2739 1687 2811 (ut
1709 2739 1882 2794 mani-

300 2837 491 2892 festum
523 2834 633 2905 est}
650 2848 884 2890 mmrore
909 2831 1201 2903 perdoluit,
1231 2844 1337 2885 non
1361 2832 1689 2885 voluntatem
1729 2843 1878 2884 suam

1976 1990 2140 2047 modo
2168 1990 2297 2045 dicit
2336 1989 2502 2044 etiam
2535 1989 2795 2057 propheta
2828 1986 3120 2041 Michuzas:
3152 1985 3400 2039 Indicabo
3445 1984 3553 2050 tibi,

1980 2105 2009 2140 ο
2036 2086 2212 2152 homo,
2241 2084 2364 2149 quid
2404 2085 2469 2137 sit
2511 2083 2696 2135 bonum
2726 2091 2771 2134 et
2812 2081 2935 2149 quid
2979 2078 3228 2134 Dominus
3270 2079 3495 2150 requirat
3526 2078 3556 2131 it

1978 2191 2061 2245 te;
2084 2180 2250 2246 utique
2273 2178 2436 2245 facere
2456 2175 2737 2247 judicium,
2763 2184 2808 2226 et
2839 2173 3053 2243 diligere
3081 2171 3482 2224 misericordiam
3511 2180 3558 2223 et

1976 2272 2253 2327 sollicitum
2292 2266 2557 2321 ambulare
2598 2281 2715 2319 cum
2757 2264 2864 2318 Deo
2909 2274 2996 2317 tuo
3040 2262 3240 2333 (Hicin.
3268 2260 3372 2330 γι).
3422 2263 3557 2317 Dum

1981 2366 2129 2429 dicit,
2164 2371 2210 2416 et
2253 2362 2377 2431 quid
2405 2358 2658 2413 Dominus
2683 2365 2875 2426 quierat
2904 2364 3023 2419 ate,
3069 2355 3243 2425 utique
3263 2354 3428 2422 facere
3459 2357 3559 2427 jur

1982 2457 2196 2521 dit-ium,
2222 2459 2523 2523 promptam
2546 2448 2831 2505 exercendi
2861 2445 2987 2501 boni
3028 2446 3207 2513 operis
3227 2445 3555 2499 voluntatem

1984 2563 2090 2604 non
2120 2552 2451 2617 reposceret,
2473 2543 2518 2597 si
2541 2557 2645 2596 non
2669 2539 2929 2595 dedisset.
2962 2535 3119 2591 Vides
3145 2536 3267 2606 quia
3300 2536 3438 2592 sicut
3463 2533 3561 2590 Dei

1985 2651 2068 2697 est
2092 2648 2153 2694 ut
2182 2650 2485 2709 provocans
2510 2634 2847 2696 adhortetur,
2880 2630 2953 2683 ita
2983 2627 3302 2683 obedientia:
3328 2624 3561 2681 hominis

1987 2739 2317 2787 reservatum
2337 2739 2420 2783 εει
2449 2735 2505 2780 Ill
2530 2732 2804 2793 sequatur.

309 2920 3540 2971 __________________________.____..__—_——————

1205 3022 1677 3136 LIBER
1722 3010 2624 3129 SECUNDUS.

812 3190 1040 3249 CAPUT
1080 3188 1362 3245 PRIMUM.

306 3293 493 3349 Contra
513 3291 606 3345 hoc
623 3287 761 3359 quod
788 3287 942 3356 impie
964 3293 1197 3359 asserunt
1217 3299 1253 3359 ιι
1280 3282 1388 3337 Deo
1407 3280 1703 3335 induratum
1726 3278 1884 3348 fuisse

844 3355 931 3411 cor
961 3355 1275 3411 Pharaonis.

382 3480 479 3534 IIic
513 3492 727 3531 sensum
776 3474 1066 3542 Scriptura:
1095 3478 1292 3524 sancta:
1321 3466 1604 3523 sollicitius
1648 3477 1888 3532 perscru-

312 3587 507 3637 temur,
548 3578 600 3623 et
637 3567 933 3636 objicientis
976 3564 1213 3617 animum
1258 3559 1667 3619 coniundamus,
1708 3566 1887 3611 utrum

296 3665 522 3725 ,Pharao
556 3660 761 3725 volens,
797 3673 866 3717 an
908 3655 1108 3710 invitus
1152 3667 1182 3706 a
1215 3651 1443 3705 Domino
1473 3648 1631 3703 fuerit
1672 3646 1890 3701 indura-

315 3768 420 3811 tus.
450 3753 505 3809 Si
532 3752 746 3817 volens,
772 3748 874 3818 ipsi
910 3746 1093 3814 utique
1121 3743 1335 3811 culpam
1371 3738 1734 3796 obduratiouis
1762 3737 1894 3791 assi-

312 3862 478 3917 gnas;
522 3846 570 3901 si
615 3858 739 3899 rem
778 3840 1014 3905 invitus,
1058 3836 1393 3907 iniquitatem
1440 3832 1534 3888 Dei
1579 3829 1892 3886 obdurantis

310 3953 555 3997 accusas.
584 3937 712 4004 Qui:
741 3935 903 3991 etiam
934 3931 1139 4002 justitia
1171 3936 1317 3992 erat,
1350 3928 1394 3981 si
1438 3938 1597 3995 quem
1639 3924 1752 3992 ipse
1792 3920 1892 3976 ob-

312 4033 634 4095 duraverat,
671 4027 785 4098 ipse
812 4024 1058 4096 puniret?
1087 4022 1217 4077 Cum
1248 4034 1378 4075 vero
1402 4017 1658 4074 Dominus
1682 4016 1797 4084 ipse
1826 4012 1894 4067 ad

299 4140 438 4183 eum
465 4125 713 4192 loquatur
735 4128 789 4175 et
814 4119 990 4174 dicat:
1020 4114 1125 4169 Cur
1150 4129 1257 4167 non
1276 4112 1355 4166 vis
1374 4110 1626 4165 dimittere
1651 4106 1896 4177 papulum

300 4219 518 4273 meum?
546 4215 620 4270 vel
650 4228 909 4284 ωακεφιιο
936 4226 1041 4263 non
1066 4210 1141 4263 vis
1173 4206 1359 4277 subjici
1385 4204 1505 4257 mihi
1533 4201 1729 4274 (Exod.
1761 4197 1895 4265 vn)?

301 4328 444 4373 cccc
473 4310 560 4366 ubi
600 4307 795 4365 divinis
834 4301 1150 4361 testimoniis
1188 4300 1412 4357 liberam
1450 4296 1617 4351 fuisse
1667 4294 1718 4346 in
1760 4290 1895 4346 Pha-

304 4417 483 4471 raone
514 4399 854 4470 agnoscimus
888 4395 1239 4451 voluntatem.
1282 4391 1392 4446 Hac
1422 4388 1631 4455 ratione
1662 4385 1897 4440 Pharao-

306 4509 473 4561 nem,
505 4491 637 4549 dicit
666 4490 951 4553 Dominus.
995 4483 1297 4548 obdurabo,
1342 4482 1470 4537 dum
1502 4494 1626 4534 eum
1666 4475 1800 4531 mihi
1843 4474 1896 4529 in

1907 3190 1956 3255 α
1983 3177 2148 3234 dicit:
2185 3158 2455 3229 obduravit
2495 3187 2583 3225 cor
2621 3184 2802 3235 suum,
2844 3181 2952 3222 non
2999 3166 3268 3235 passivum
3316 3174 3433 3232 est,
3474 3164 3568 3221 sed

1984 3272 2239 3327 activum.
2273 3267 2360 3321 Vis
2387 3265 2529 3320 scire
2555 3263 2677 3333 quia
2706 3261 2884 3315 divina
2931 3259 3301 3314 moderatione
3337 3258 3409 3313 ob
3442 3270 3569 3312 cau-

1988 3380 2102 3423 sam
2143 3362 2406 3419 induratae
2448 3360 2643 3413 mentis
2685 3354 2973 3424 operatur?
3013 3352 3154 3407 Idem
3201 3355 3317 3421 ipse
3360 3350 3570 3420 Pharao

1991 3463 2047 3516 in
2078 3460 2263 3515 decem
2310 3454 2480 3525 plagis
2526 3450 2731 3522 positus
2771 3463 2893 3504 cum
2924 3453 3315 3517 percuteretur,
3358 3444 3572 3514 mitiga-

1982 3556 2180 3617 batur;
2212 3565 2334 3605 cum
2382 3550 2675 3609 laxaretur,
2706 3543 3103 3613 ingravabatur.
3141 3543 3218 3594 Ac
3257 3540 3305 3593 si
3354 3539 3573 3607 impium

1990 3647 2170 3701 divina
2200 3642 2462 3699 severitas
2492 3638 2813 3702 inclinabat,
2842 3635 3052 3691 bonitas
3078 3632 3405 3697 obdurabat,
3433 3638 3489 3686 et
3515 3638 3575 3685 ut

1992 3753 2053 3793 se
2080 3751 2202 3791 esse
2242 3733 2401 3788 liberi
2442 3729 2650 3784 arbitrii
2678 3728 3105 3789 demonstraret,
3146 3723 3439 3792 castigante
3464 3721 3575 3776 Deo

1994 3829 2248 3899 populum
2295 3822 2632 3885 dimittebat,
2672 3828 2925 3888 parcente
2965 3815 3272 3871 revocabat.
3321 3815 3607 3891 Perspice_

1992 3918 2264 3990 quomodo
2288 3914 2544 3972 rebellem
2571 3912 2816 3982 spiritum
2842 3910 3079 3965 caelestis
3107 3909 3297 3963 leuitas
3323 3908 3576 3963 obdurat.

1996 4013 2393 4074 Accedentibus
2440 4010 2741 4065 mitioribus
2796 4013 2851 4061 et
2893 4005 3117 4073 ﬂagellis
3162 4004 3465 4058 recentibus
3495 4003 3578 4057 in-

1998 4108 2238 4163 solescit.
2293 4107 2539 4173 Agnosco
2598 4102 2861 4154 rationem
2916 4096 3322 4163 obdurationis,
3370 4106 3423 4149 et
3469 4096 3579 4149 vim

1998 4198 2229 4270 propriae
2253 4194 2561 4251 voluntatis.
2586 4192 2866 4246 Hebraeum
2896 4186 3150 4257 populum
3173 4229 3187 4253 ,
3217 4201 3375 4256 quem
3398 4185 3582 4253 egredi

1999 4306 2096 4362 pro
2132 4288 2378 4358 imposita
2421 4284 2523 4338 sibi
2553 4281 2873 4337 contritione
2911 4292 3052 4333 nunc
3096 4278 3363 4347 praecipit,
3393 4287 3445 4331 et
3484 4290 3579 4346 pro

1998 4382 2270 4451 plagarum
2299 4375 2669 4432 moderatione
2700 4385 2841 4425 nunc
2869 4369 3120 4440 prohibet
3138 4368 3245 4435 ,'ad
3277 4377 3577 4422 extremum

2000 4472 2427 4528 incumbentibus
2475 4468 2643 4539 plagis
2709 4466 2871 4519 etiam
2938 4463 3160 4517 festinus
3216 4469 3468 4531 perurget
3526 4470 3581 4514 et

302 4550 504 4651 decem
542 4583 738 4654 plagis,
766 4550 961 4651 quasa
1002 4579 1183 4647 Moyse
1218 4583 1471 4631 exoratus
1500 4583 1777 4631 removeo.
1810 4568 1894 4620 in-
1916 4570 1977 4634 1)
2002 4566 2153 4621 abire
2190 4561 2483 4630 compellit.
2529 4559 2644 4612 Non
2693 4571 2821 4625 ergo
2858 4554 3137 4608 induratur
3178 4552 3230 4604 in
3272 4552 3439 4605 multa
3486 4550 3581 4604 Dei

306 4681 522 4741 sultare
557 4666 827 4746 permitto.
873 4669 1015 4740 Ego,
1062 4667 1266 4735 inquit,
1309 4662 1572 4718 obdurabo
1615 4676 1703 4713 cor
1751 4656 1895 4711 Pha-

308 4773 514 4835 raonis.
535 4770 623 4827 Sic
646 4764 913 4823 interdum
940 4759 1281 4816 familiariter
1301 4756 1461 4812 etiam
1489 4752 1628 4822 apud
1648 4750 1896 4806 homines

312 4864 479 4934 huius
504 4857 823 4919 elocutionis
852 4853 961 4909 vim
988 4851 1332 4910 assumimus,
1359 4848 1437 4903 sic
1468 4843 1733 4899 interdum
1761 4854 1894 4896 con-

304 4953 622 5019 tumacibus
640 4946 861 5011 famulis
897 4943 1281 5012 eaprohramus
1309 4934 1767 5021 mansuetudinem
1798 4946 1899 4986 no-

319 5057 510 5113 stram,
538 5046 611 5103 ita
636 5022 913 5099 dicentes:
950 5036 1062 5105 Ego
1090 5031 1341 5103 patientia
1370 5043 1491 5087 mea
1520 5038 1573 5083 te
1600 5025 1894 5096 pessimum

302 5139 451 5204 feci,
486 5132 923 5207 egommisaiono
959 5142 1079 5185 mea
1104 5126 1361 5185 malitiam
1388 5130 1532 5177 tuam
1563 5117 1897 5188 superbiam-

308 5246 425 5301 que
466 5228 698 5293 nutrici,
742 5239 843 5295 ego
880 5232 935 5279 te
984 5230 1353 5279 contumacem
1408 5211 1732 5282 indulgentia
1779 5222 1896 5264 mea

310 5321 562 5385 reddidi.
582 5332 686 5388 ego
709 5313 1135 5379 dissiciatationo
1161 5324 1278 5365 mea
1294 5322 1392 5365 cor
1422 5316 1570 5361 tuum
1589 5344 1605 5372 ,
1636 5312 1691 5358 ut
1714 5307 1897 5357 contra

324 5427 413 5483 me
452 5409 746 5477 obduravit
783 5404 1035 5469 animari.
1066 5401 1132 5458 Et
1172 5400 1273 5463 hoc
1298 5397 1459 5453 modo
1488 5395 1634 5465 quod
1662 5396 1905 5450 bonttate'

310 5500 536 5561 Domini
559 5499 769 5565 virtutis
794 5504 875 5551 est
901 5492 1284 5557 testimonium,
1311 5490 1364 5543 in
1390 5488 1532 5544 servi
1558 5486 1899 5556 improbitate

326 5596 389 5663 fit
410 5595 620 5657 vitiata.
642 5593 731 5649 Ait
758 5598 932 5649 antem
964 5599 1141 5642 sermo
1169 5584 1380 5643 divinus
1405 5600 1416 5634 :
1455 5581 1733 5649 Videasque
1758 5576 1899 5632 Pha-

329 5703 422 5743 rao
450 5702 509 5742 eo
550 5686 685 5755 quod
723 5687 845 5737 data
887 5687 1014 5735 esset
1053 5677 1273 5746 requies,
1314 5674 1596 5744 ingravavit
1639 5688 1723 5725 cor
1751 5688 1898 5726 suum

332 5778 531 5853 (Exod.
555 5778 693 5845 vtu).
722 5772 1147 5841 Manifestissime
1175 5770 1277 5824 hoc
1317 5769 1431 5823 loco
1460 5765 1662 5822 indulta
1693 5765 1901 5833 requies

331 5884 429 5929 cor
458 5869 746 5925 Pharaonis
772 5867 1046 5923 indurasse
1065 5860 1433 5929 perscribitur.
1461 5858 1573 5919 Hoc
1593 5856 1733 5914 enim
1761 5855 1901 5924 quod

2000 4658 2269 4727 potentia,
2299 4653 2395 4708 sed
2424 4656 2763 4717 contemptor
2789 4646 3020 4701 efﬁcitur
3060 4646 3111 4698 in
3156 4645 3316 4696 multa
3356 4643 3446 4695 Dei
3488 4656 3579 4710 pa-

1996 4746 2204 4803 tientia.
2257 4743 2498 4809 Denique
2544 4742 2689 4793 inter
2741 4739 2975 4791 alternas
3024 4736 3169 4789 vices
3218 4733 3579 4799 castigationis

1994 4850 2056 4894 et
2083 4834 2416 4894 remissionis
2454 4832 2752 4903 ﬂagellatus
2783 4828 3116 4889 humiliatur,
3148 4826 3430 4880 exauditus
3469 4825 3576 4879 eri-

1998 4932 2177 5002 gitur,
2232 4929 2488 4983 liberatus
2538 4921 2790 4985 insultat,
2837 4918 3065 4973 afﬂictus
3112 4916 3472 4986 obtemperat,
3526 4925 3581 4970 ct

1998 5024 2143 5079 ﬁlios
2188 5018 2508 5076 Israeliticos
2538 5023 2657 5086 post
2681 5002 2944 5069 decimam
2976 5010 3183 5080 plagam
3214 5011 3456 5062 emisisse
3486 5024 3578 5062 co—

2000 5117 2296 5189 gnoscitur,
2322 5112 2390 5167 ad
2418 5112 2643 5181 primam
2670 5122 2791 5162 cum
2821 5106 3067 5159 emittere
3110 5101 3350 5171 potuisse
3391 5101 3580 5153 volun-

1998 5222 2085 5265 tas
2119 5216 2387 5276 postrema
2418 5210 2665 5263 testatur.
2706 5199 2920 5254 Etcum
2952 5198 3093 5248 inter
3144 5192 3350 5246 medias
3397 5207 3581 5245 corre-

2002 5303 2220 5371 ptiones
2246 5296 2561 5366 proﬁteatur
2590 5309 2605 5345 :
2646 5289 2827 5343 Justus
2865 5304 2937 5353 es,
2971 5285 3219 5345 Domine;
3251 5298 3350 5352 ego
3381 5299 3496 5335 vero
3535 5293 3581 5336 et

2004 5391 2224 5466 populus
2250 5406 2392 5445 meus
2422 5387 2566 5456 impii
2598 5383 2794 5456 (Exod.
2824 5382 2900 5452 ix)
2921 5422 2936 5447 ,
2984 5393 3089 5433 non
3118 5391 3179 5432 se
3205 5390 3235 5429 a
3266 5376 3397 5439 Deo,
3433 5375 3523 5428 sed
3552 5388 3583 5429 a

2004 5484 2277 5540 uoluntate
2306 5479 2520 5550 propria
2547 5476 2892 5544 depravatum
2916 5469 3262 5525 conscientia:
3292 5481 3402 5521 sua:
3433 5468 3582 5520 testis

2000 5575 2272 5631 intendit:
2304 5582 2359 5626 et
2386 5582 2441 5624 tu
2471 5570 2637 5624 Deum
2685 5565 2829 5619 circa
2873 5563 3205 5617 Pharaonem
3252 5558 3445 5613 durum
3496 5558 3581 5612 vel

2004 5670 2240 5739 iniquum
2293 5667 2457 5721 fuisse
2501 5660 2781 5733 praesumis
2825 5671 3093 5722 asserere,
3136 5670 3293 5725 quem
3339 5655 3478 5709 circa
3520 5668 3580 5707 se

2001 5763 2202 5831 justum
2226 5768 2281 5815 et
2305 5760 2450 5827 pium
2481 5757 2595 5825 ipse
2624 5753 2912 5823 sacrilegus
2945 5766 3051 5806 non
3084 5750 3252 5819 potuit
3278 5748 3583 5815 abnegare?

2006 5856 2269 5910 Immitem
2317 5852 2480 5906 Deum
2527 5850 2796 5905 Christum
2847 5861 2965 5901 esse
3015 5841 3378 5912 consequitur,
3422 5852 3579 5909 quem
