4090 6330
529 316 634 379 315
1354 286 1357 299 δ
1747 297 1803 353 s.
1848 293 2093 353 FAUSTI
2132 290 2533 349 RHEGIENSIS
3682 286 3789 343 ets

530 430 673 503 pium
704 421 859 482 etiam
907 419 1096 490 impius
1127 415 1428 471 confitetur.
1467 411 1576 467 lloc
1612 423 1741 479 ergo
1784 409 1893 479 agit
1925 408 1976 463 in
2010 407 2106 461 ho-
2131 408 2185 469 Α
2210 406 2333 478 gine
2363 404 2647 461 voluntatis
2695 404 2938 459 humanae
2984 418 3150 474 genus
3180 406 3532 474 prmscicnttsc
3580 403 3795 458 activa-

530 499 763 582 minibus
794 516 1028 572 etelestis
1060 506 1445 567 misericordia:
1488 501 1843 572 dispensatio,
1878 499 2021 570 quod
2052 499 2107 553 in

532 613 688 671 terris
718 610 909 681 pluviae
938 600 1365 676 supervenientis
1396 596 1590 652 infusio
1629 613 1642 650 :
1667 594 1732 648 ad
1776 592 1977 663 copiosi
2006 592 2109 646 im-

530 704 641 761 bris
694 702 940 771 illapsum
982 694 1156 751 cultus
1202 701 1257 747 et
1309 689 1573 745 edomitus
1618 700 1807 754 cespes
1855 681 2114 751 multipli-

530 808 681 856 catur
718 793 1017 866 germinum
1063 787 1288 851 fetibus;
1320 799 1507 840 verum
1548 780 1779 835 incultus
1817 787 1871 832 et
1918 775 2113 831 crudus

530 891 809 946 inutilibus
854 886 1035 942 herbis
1074 883 1329 952 repletur,
1362 889 1418 934 et
1454 877 1719 940 sentibus,
1752 889 1816 928 ac
1853 873 1933 927 sic
1977 887 2115 927 unus

530 985 780 1054 idemque
819 980 990 1035 imber
1026 976 1157 1032 duas
1202 989 1290 1029 res
1331 972 1573 1027 diversas
1614 975 1773 1035 atque
1821 964 2117 1019 contrarias

522 1066 679 1150 iuxta
711 1075 935 1130 culturae
963 1080 1050 1125 aut
1082 1066 1317 1124 studium
1344 1071 1617 1133 operatur,
1647 1068 1737 1112 aut
1765 1055 1974 1113 vitium.
2002 1054 2117 1110 Sic:

536 1179 595 1223 ut
640 1167 865 1235 legimus
916 1182 929 1217 :
972 1162 1131 1216 Terra
1178 1159 1311 1212 enim
1358 1170 1492 1225 stupe
1550 1152 1826 1206 venientem
1877 1165 2026 1215 super
2067 1163 2121 1225 se

519 1245 706 1315 bibens
732 1257 959 1321 imbrem,
992 1262 1038 1307 et
1067 1266 1311 1323 generatis
1330 1246 1535 1301 herbam
1560 1254 1932 1313 opportunam,
1964 1237 2067 1291 illis
2088 1254 2121 1289 a

538 1352 719 1420 quibus
749 1350 953 1411 colitur,
984 1344 1163 1415 accipit
1198 1340 1591 1395 benedictionem
1621 1352 1653 1389 a
1680 1334 1811 1389 Deo.
1842 1332 2121 1401 Proferens

540 1458 710 1502 autem
734 1444 909 1513 spinas
937 1456 994 1494 ac
1021 1438 1234 1492 tribulos
1259 1434 1475 1502 reprobo
1509 1439 1581 1484 est
1609 1439 1654 1483 et
1684 1425 1975 1480 maledictio
2004 1439 2125 1494 pro-

540 1544 679 1597 xima
696 1582 713 1608 ,
742 1541 891 1613 cujus
917 1532 1284 1590 consummatio
1312 1530 1368 1584 in
1390 1518 1783 1583 combustionent
1814 1523 1999 1595 (Hebr.
2024 1520 2123 1591 γι).

542 1642 791 1710 Agnosco
816 1646 1012 1690 terram
1040 1630 1139 1686 sub
1178 1644 1286 1682 uno
1315 1624 1614 1692 eodemque
1644 1622 1816 1676 imbre
1844 1633 1985 1674 nunc
2016 1616 2125 1686 spi-

546 1746 641 1788 nas
668 1739 722 1784 et
752 1726 978 1783 tribulos
1017 1722 1438 1794 germinantem,
1472 1732 1612 1772 nunc
1659 1714 1862 1769 fructus
1902 1710 2126 1769 benedi-

2214 509 2319 554 tur.
2348 499 2452 554 Sed
2480 508 2537 552 ut
2568 498 2729 564 aliqui
2769 497 3105 567 cogitationis
3144 512 3254 551 suae
3292 496 3557 565 pravitate
3591 496 3797 548 ducan-

2216 601 2322 657 tur,
2348 600 2400 645 et
2433 602 2582 644 actus
2620 603 2745 642 suos
2775 590 2827 643 in
2856 589 3186 656 praescientia
3223 589 3490 644 testiment
3522 588 3799 653 inchoari,

2218 692 2317 745 hoc
2362 690 2427 744 de
2476 689 2692 759 proprio
2735 688 2903 742 animi
2951 687 3110 752 vitio,
3155 686 3258 740 hoc
3303 685 3370 740 de
3418 683 3801 738 inemendabili

2218 780 2574 835 obstinatione
2624 779 2900 847 procedit,
2953 779 3080 832 dum
3142 777 3399 832 simulant
3458 774 3806 843 passionibus

2220 876 2500 939 reluctari,
2535 886 2587 930 ct
2627 883 2813 945 putant
2854 888 2911 928 sc
2940 888 3044 927 non
3086 886 3244 941 posse
3282 869 3424 940 quod
3457 869 3669 923 nolunt.
3701 867 3809 921 Le-

2222 986 2337 1042 gem
2379 970 2562 1024 uicunt
2608 982 2728 1022 esse
2783 964 3128 1020 immutabilis
3177 962 3304 1017 mali
3357 958 3812 1016 consuetudinem

2223 1060 2584 1132 delinquendi.
2614 1059 2718 1115 Sed
2762 1056 2937 1112 adhuc
2973 1056 3106 1111 dicis
3141 1053 3264 1124 quia
3307 1065 3474 1122 opera
3510 1064 3576 1104 ac
3620 1049 3815 1103 volun—
3882 1084 3889 1121 ,

2227 1164 2361 1209 tates
2393 1153 2687 1215 hominum,
2716 1150 2783 1204 de
2814 1157 2942 1203 nutu
2968 1158 3023 1202 et
3049 1146 3281 1215 impulsu
3311 1141 3670 1214 przescientiae
3700 1155 3819 1195 C(B-
3885 1156 3893 1164 ·

2227 1248 2374 1303 lestis
2424 1246 2697 1314 incipiant.
2750 1241 2863 1297 Non
2910 1243 2981 1297 ita
3025 1250 3128 1296 est.
3173 1238 3288 1294 Hoc
3335 1237 3512 1307 potius
3555 1247 3820 1304 agnosce,

2228 1340 2370 1410 quod
2399 1337 2728 1409 praescientia
2755 1336 2849 1390 Dei
2875 1334 2943 1389 de
2970 1333 3188 1388 materia
3217 1332 3573 1386 humanorum
3602 1336 3821 1381 actuum

2230 1440 2402 1488 sumat
2439 1429 2739 1485 exordium.
2772 1426 2907 1495 Quid
2936 1425 3005 1480 de
3044 1423 3199 1479 nobis
3227 1421 3482 1493 praescire
3511 1434 3576 1474 ac
3615 1432 3825 1488 praeor-

2231 1525 2418 1579 dinare
2445 1521 2637 1576 debeat
2678 1520 2838 1585 Deus,
2869 1526 3127 1587 quantum
3160 1512 3397 1583 pertinet
3429 1510 3497 1565 ad
3543 1508 3785 1562 futurum
3806 1550 3825 1573 ,

2234 1619 2286 1673 in
2341 1614 2584 1686 profectu
2643 1610 2874 1666 hominis
2928 1607 3244 1677 defectuque
3299 1602 3569 1659 consistit.
3620 1598 3829 1666 Accipe

2240 1707 2369 1779 illud
2408 1706 2739 1775 exemplum,
2780 1717 2886 1773 quo
2933 1697 3266 1772 prazscientia
3309 1695 3403 1751 Dei
3444 1709 3545 1765 pro
3589 1693 3831 1746 humana

548 1783 818 1880 ctionibus
848 1783 1070 1875 idoneos
1111 1783 1502 1887 proferentem.
1549 1811 1752 1866 Eodem
1797 1810 1957 1865 modo
2001 1809 2126 1864 dum
2160 1798 2210 1859 Β
2235 1816 2293 1857 se
2322 1800 2530 1854 actione
2559 1794 2847 1853 convertit.
2876 1793 2955 1887 Ad
2985 1783 3713 1887 decumbentem‘Ezechiam.
3735 1798 3832 1887 re:

545 1912 912 1972 misericordia
968 1912 1061 1966 Dei
1114 1915 1392 1978 exspectat
1445 1915 1499 1961 et
1551 1903 1758 1974 parcit,
1813 1900 2128 1957 emendatur

547 2006 824 2073 obediens,
853 2003 1145 2059 obduratur
1175 1998 1536 2070 impmnitens.

1168 2112 1396 2169 CAPUT
1438 2111 1502 2167 ll.

548 2215 702 2280 Quod
732 2213 1056 2284 prazscientia
1091 2210 1189 2284 Dei
1231 2226 1321 2263 nec
1348 2210 1416 2262 ad
1437 2213 1614 2282 justo,
1634 2224 1743 2284 nec
1781 2224 1849 2261 aa
1876 2208 2136 2263 contraria

814 2286 1063 2336 humanas
1089 2281 1337 2335 violenter
1362 2280 1537 2351 urgeat
1561 2280 1866 2334 voluntates.

620 2373 1016 2430 Pratscientiam
1051 2381 1106 2426 et
1133 2370 1653 2439 przedestinationem
1682 2370 1776 2425 Dei
1806 2370 1945 2426 male
1975 2370 2138 2425 intel-

549 2467 727 2537 ligunt
786 2476 1088 2522 astruentes
1146 2465 1288 2534 quod
1337 2465 1462 2521 inde
1512 2466 1868 2522 humanorum
1922 2476 2136 2523 actuum

552 2575 717 2615 causa
766 2569 1033 2614 nascatur.
1077 2558 1312 2614 Primum
1352 2559 1478 2627 quid
1522 2576 1586 2616 ex
1632 2578 1739 2632 quo
1786 2563 2014 2633 pendeat
2054 2565 2137 2620 vel

553 2650 841 2721 procedat,
876 2651 1178 2720 pchpicere
1208 2652 1489 2708 debemus.
1515 2654 1632 2710 Non
1665 2670 1943 2727 propterea
1980 2659 2139 2715 homo

554 2745 908 2814 quodcunque
962 2740 1200 2797 facturus
1252 2753 1368 2814 est,
1429 2748 1552 2815 quia
1595 2763 1716 2802 eum
1770 2757 2016 2804 coactura
2072 2752 2142 2806 sit

552 2841 889 2908 prmscietttis
940 2840 1261 2905 auctoritas,
1310 2842 1403 2895 sed
1453 2842 1620 2911 magis
1669 2843 1776 2897 Deo
1826 2844 2141 2912 praesciendi

554 2932 749 3002 ingerit
783 2931 1098 3000 qualitatem
1134 2930 1353 2985 libertas
1397 2932 1629 3000 prmsciti
1673 2933 1905 2987 hominis
1951 2948 2013 2986 ac
2045 2950 2141 2985 vo-

554 3022 752 3075 luntas.
786 3021 926 3089 Ergo
957 3035 1060 3073 non
1091 3021 1157 3074 de
1186 3021 1436 3075 violentia
1483 3022 1811 3090 praevidendi
1854 3008 2144 3093 imponitur

552 3113 761 3169 homini
800 3128 960 3166 causa
1002 3112 1290 3179 peccandi,
1328 3114 1420 3167 sed
1455 3114 1621 3184 magis
1663 3114 1732 3169 dc
1776 3119 2171 3171 consecuturis'

2233 1907 2352 1963 gem
2411 1904 2555 1945 mors
2610 1887 2849 1943 defertur
2892 1886 2945 1940 in
3001 1882 3163 1939 verbo
3209 1878 3380 1944 tristi,
3422 1876 3560 1932 vatis
3605 1871 3832 1930 veridici

2234 1983 2543 2039 anttutttiata
2600 1994 2859 2049 responso
2908 1978 2978 2032 ita
3040 1974 3313 2030 dicentis:
3359 1970 3560 2024 Ordina
3614 1967 3833 2021 domum

2239 2089 2405 2144 tuam,
2437 2094 2554 2131 nam
2583 2090 2696 2128 cras
2720 2073 2950 2127 morieris
2982 2069 3031 2141 (1
3060 2068 3189 2140 Reg.
3219 2065 3362 2136 xu).
3394 2064 3466 2121 At
3495 2063 3587 2119 ille
3612 2074 3833 2117 conver~

2236 2184 2329 2224 sus
2370 2168 2436 2223 ad
2470 2168 2684 2232 fletum,
2711 2162 2977 2219 ordinavit
3004 2160 3222 2215 domum
3253 2171 3436 2222 suam,
3470 2154 3595 2226 quia
3644 2152 3833 2207 humi-

2237 2263 2385 2319 liavit
2432 2263 2663 2315 animam
2717 2272 2888 2313 suam.
2944 2255 3209 2324 Propheta
3260 2248 3476 2320 quidem
3530 2246 3831 2316 explorata:

2240 2354 2538 2413 sanctitatis
2582 2351 2850 2421 agncscit,
2901 2347 2995 2403 sed
3026 2345 3332 2415 desperatio
3380 2354 3477 2410 Spe
3525 2337 3831 2407 repellitur.

2244 2448 2428 2503 Oratio
2462 2445 2731 2500 interdicit
2758 2440 3005 2505 oraculo,
3026 2436 3262 2496 .resolVit
3302 2431 3612 2503 deprecatio
3640 2427 3830 2484 deﬁnio

2256 2542 2493 2596 tionem:
2528 2538 2658 2591 fides
2700 2536 2858 2604 plena
2909 2531 3036 2586 dicti
3092 2529 3307 2597 superat
3358 2524 3665 2579 veritatem.
3716 2520 3828 2575 Ine-

2243 2631 2511 2686 vitabilem
2542 2627 2869 2684 denuntiatae
2901 2623 3088 2679 moitis
3116 2633 3330 2676 causam
3367 2629 3615 2673 extrema
3668 2612 3827 2668 vincit

2243 2724 2487 2779 deflentis
2519 2722 2820 2775 infirmitas.
2856 2716 3113 2773 Hutitiliat
3157 2728 3215 2769 se
3262 2710 3526 2781 fragilitas
3566 2709 3821 2773 humana,

2242 2825 2296 2870 et
2322 2816 2424 2869 \itn
2458 2812 2741 2882 quamdam
2768 2811 2964 2879 patitur
2998 2807 3180 2862 divina
3211 2806 3505 2860 sententia.
3537 2801 3691 2857 Sicut
3717 2800 3825 2854 ait':

2248 2908 2476 2979 Regnum
2516 2904 2754 2958 caelorum
2797 2902 2894 2954 vim
2936 2900 3126 2970 patitur
3164 2895 3383 2964 (Matth.
3412 2892 3514 2963 XI).
3549 2892 3826 2946 Omnimo-

2246 3002 2327 3054 (iis
2357 2998 2645 3052 tttttrilttt‘tts
2679 2996 2887 3057 fuisset,
2914 2992 3015 3045 nisi
3041 2989 3260 3045 territus
3283 2986 3661 3057 “supplicasset.
3686 2982 3829 3051 Elige

2248 3106 2422 3147 utrum
2477 3092 2636 3154 velis,
2682 3100 2773 3143 aut
2830 3087 3101 3157 prccfixam
3156 3080 3534 3138 necessitatem
3578 3077 3829 3133 conﬁtere

554 3206 835 3259 hominum
870 3203 1075 3258 meritis
1101 3202 1236 3256 ordo
1263 3204 1506 3258 exoritur
1541 3205 1931 3272 praenoscendi.
1963 3206 2142 3261 Geue-
2173 3175 2218 3236 δ
2250 3198 2527 3248 mmmam»
2555 3194 2647 3239 ίιυι
2675 3183 2951 3238 “limem
2981 3179 3245 3236 co'Wince
3274 3175 3570 3231 memi‘am'

550 3294 684 3349 ralis
723 3294 900 3361 itaque
929 3294 1293 3361 praescientia,
1332 3310 1451 3363 qua:
1477 3294 1547 3350 de
1575 3305 1713 3350 statu
1762 3299 1943 3351 mundi
1980 3300 2144 3353 totius

554 3383 700 3453 apud
739 3384 904 3437 Deum
936 3391 1145 3448 manet,
1181 3384 1245 3437 de
1289 3385 1526 3453 potentia
1576 3387 1834 3451 nascitur,
1864 3388 1958 3442 sed
2002 3390 2144 3444 circa

554 3486 760 3532 statum
802 3475 1032 3531 hominis
1071 3474 1350 3544 qualitates
1389 3483 1445 3529 et
1490 3475 1695 3544 species
1741 3478 2144 3546 praenoscendi,

546 3568 634 3641 de
680 3567 896 3622 humani
940 3575 1091 3622 actus
1141 3567 1471 3637 inspectione
1519 3577 1812 3625 mutuatur.
1856 3572 1961 3627 Sed
2008 3574 2147 3629 inter

563 3660 702 3727 ista,
744 3662 855 3717 Deo
886 3660 1177 3731 respondes
1224 3672 1281 3716 et
1318 3661 1491 3718 dicis:
1519 3662 1565 3718 Ο
1594 3664 1847 3731 Domine,
1878 3669 2147 3736 quomodo

556 3753 760 3809 bonum
787 3752 1190 3823 apprehendere
1214 3754 1386 3822 valui,
1418 3770 1575 3825 quem
1606 3765 1662 3811 tu
1690 3759 1883 3812 malum
1914 3762 2147 3814 futurum

563 3861 683 3902 esse
729 3845 1027 3915 prmscisti?
1078 3860 1185 3900 non
1236 3846 1307 3901 ita
1353 3856 1454 3902 est.
1500 3848 1656 3903 Aliud
1712 3859 1797 3904 est
1844 3851 1986 3919 quod
2038 3852 2151 3906 vult

559 3937 737 4000 Deus,
788 3937 929 3991 aliud
974 3946 1056 3992 est
1100 3938 1241 4007 quod
1286 3940 1549 4009 permittit
1590 3940 1753 3995 Deus.
1802 3940 1922 3996 Vult
1971 3944 2150 4013 itaque

560 4031 760 4089 bonum
780 4073 793 4095 ,
818 4041 871 4086 et
892 4034 1151 4100 permittit
1171 4035 1392 4099 malum,
1421 4037 1634 4104 prtescit
1664 4046 1982 4109 utrumque:
2010 4041 2150 4108 iusta

563 4122 804 4178 bonitate
846 4124 1091 4192 adjuvat,
1135 4125 1331 4194 iniusta
1364 4143 1459 4194 pro
1489 4130 1694 4184 arbitrii
1741 4133 1988 4188 libertate
2034 4149 2153 4203 per-

563 4212 750 4267 mittit.
796 4211 871 4264 De
920 4228 1019 4267 suo
1060 4223 1141 4267 est
1177 4216 1318 4283 quod
1364 4216 1456 4270 dat
1503 4219 1729 4288 gratiam
1753 4261 1767 4285 ,
1796 4222 1862 4276 de
1895 4232 1983 4277 tuo
2012 4225 2152 4291 quod

565 4301 857 4369 praenoscit
886 4301 1164 4357 offensam.
1200 4304 1266 4358 Et
1311 4305 1435 4360 inde
1464 4317 1549 4363 est
1576 4310 1717 4379 quod
1762 4313 1904 4367 circa
1944 4313 2153 4383 iniquos

567 4392 958 4448 incessabiliter
985 4393 1253 4449 invenitur
1281 4396 1566 4466 prohibere
1589 4416 1708 4469 quae
1734 4403 1983 4470 providit.
2011 4404 2154 4460 Nun-

568 4503 730 4558 quam
761 4504 921 4557 prava
953 4487 1224 4545 hominum
1253 4491 1426 4546 studia
1459 4495 1774 4563 praeciperet
1820 4496 1885 4550 ad
1932 4499 2153 4553 meliora
2182 4500 2209 4563 ζ

568 4579 838 4645 converti,
869 4582 911 4633 si
942 4595 1004 4635 ea
1049 4579 1211 4636 sciret
1242 4596 1347 4636 non
1375 4585 1547 4652 {posse
1580 4587 1805 4651 mutari;
1835 4597 1891 4641 et
1922 4588 2041 4642 ideo
2071 4605 2157 4644 re-

568 4668 855 4738 spondebit
884 4670 977 4725 tibi
1025 4682 1414 4742 consequenter
1469 4675 1650 4731 divina
1701 4680 2037 4747 providentia
2068 4698 2081 4734 :
2112 4684 2156 4737 0

570 4758 751 4823 homo,
808 4774 911 4814 non
956 4770 1005 4816 te
1038 4763 1196 4817 talem
1248 4764 1347 4819 feci
1399 4767 1611 4835 qualem
1662 4776 1713 4824 te
1762 4769 1997 4826 futurum
2038 4788 2159 4830 esse

546 4849 838 4945 iprazscivi.
866 4856 1066 4911 Bonum
1093 4865 1143 4915 te
1172 4873 1269 4925 pro
1293 4858 1515 4926 iustitiae
1541 4877 1674 4917 mete
1697 4863 1815 4933 lege
1845 4864 2088 4932 formavi,
2106 4875 2162 4922 et

572 4961 642 5002 ne
664 4948 858 5002 malum
876 4950 1177 5018 sequereris
1195 4950 1469 5015 admonui,
1492 4953 1691 5006 malum
1715 4963 1767 5009 te
1791 4969 1887 5024 pro
1903 4962 2162 5011 cansecu-

552 5026 693 5097 tura
725 5044 1052 5099 voluntatum
1082 5053 1291 5098 tuarum
1320 5044 1598 5113 iniquitate
1635 5048 1878 5115 praevidi.
1914 5048 2014 5105 Ubi
2051 5064 2157 5103 non

572 5141 896 5210 compulsio,
920 5140 1015 5195 sed
1046 5140 1329 5195 consensio
1363 5140 1621 5209 peccandi
1653 5140 2078 5211 deprehenditur
2106 5144 2160 5198 in

574 5232 823 5299 querela;
863 5246 966 5293 non
999 5240 1206 5296 auctor,
1239 5230 1331 5286 sed
1364 5232 1745 5300 prazvaricator
1782 5233 1836 5287 in
1865 5232 2020 5302 culpa
2056 5242 2158 5289 est.

574 5324 629 5378 Si
658 5324 724 5378 ad
756 5324 1037 5388 factorem,
1072 5324 1267 5393 inquit,
1301 5340 1334 5378 ο
1361 5324 1542 5388 homo,
1575 5325 1813 5394 reSpicit,
1846 5325 2016 5380 bonus
2042 5339 2163 5382 esse

578 5415 820 5482 potuisti,
847 5416 893 5471 si
923 5416 990 5470 ad
1022 5414 1458 5484 prmcognitorem
1480 5460 1494 5485 ,
1527 5425 1582 5471 tu
1628 5432 1712 5471 me
1756 5429 1850 5483 pro
1883 5425 2157 5486 gestorum

560 5506 792 5585 jtuorum
831 5508 1021 5562 ordine
1050 5516 1105 5560 ut
1134 5506 1202 5560 de
1242 5517 1292 5561 te
1340 5507 1535 5561 malum
1570 5500 1974 5576 oprtenoscerem
2014 5520 2162 5561 com-

561 5590 781 5672 pulisti.
822 5604 926 5659 Sed
975 5604 1201 5659 revolvis
1245 5613 1296 5659 et
1342 5604 1514 5659 dicis:
1550 5604 1882 5674 praescientia
1928 5612 1984 5658 et
2024 5617 2159 5671 prte—

580 5693 864 5748 tlcStinatio
930 5695 1280 5750 humanorum
1344 5706 1555 5752 actuum
1613 5707 1771 5767 atque
1838 5695 2153 5752 meritorum

570 5785 810 5865 pra-ﬁgit
848 5797 899 5839 et
926 5786 1121 5839 exciuit
1151 5802 1354 5841 causas.
1388 5788 1501 5841 Non
1532 5790 1600 5841 ita
1629 5798 1737 5856 est,
1770 5790 1935 5859 magis
1963 5789 2028 5844 de
2057 5790 2155 5843 ori-

2724 3386 2725 3389 ,
2844 3308 3210 3371 ’carurtu

2406 3435 2539 3499 Quia
2566 3432 2708 3491 aliud
2734 3442 2806 3485 est
2836 3430 3093 3500 pra'scire,
3123 3430 3267 3483 aliud
3298 3428 3674 3500 prcedestinare.

2323 3569 2610 3634 Apostolus
2660 3566 2733 3620 ait
2773 3584 2785 3619 :
2829 3566 2967 3633 Quos
3022 3565 3292 3631 prwscivit,
3337 3573 3386 3618 et
3426 3561 3832 3633 prcdestinattit,

2250 3662 2536 3728 conformes
2585 3661 2693 3725 ﬁcri
2721 3659 2958 3728 imaginis
2997 3657 3121 3711 Filii
3161 3658 3242 3711 sui
3285 3655 3472 3726 (Rom.
3500 3654 3648 3723 νιιι).
3681 3652 3836 3708 Aliud

2251 3762 2335 3807 est
2363 3753 2629 3821 praescire,
2665 3751 2805 3804 aliud
2850 3752 3250 3819 prtedestinare.
3286 3749 3632 3803 Praescientia
3662 3748 3839 3817 itaque

2250 3848 2483 3917 gerentia
2533 3846 2856 3914 prmu‘oscit,
2908 3844 3244 3913 postmodum
3292 3842 3698 3913 prtedestinatio
3744 3855 3834 3896 re-

2254 3938 2533 3992 tribucnda
2560 3937 2834 3991 describit.
2864 3936 2953 3990 llla
2985 3935 3242 4005 praevidet
3268 3922 3480 3999 merita,
3507 3933 3627 3988 haec
3651 3946 3840 4003 praeor-

2252 4032 2399 4086 dinat
2430 4032 2670 4100 praemia.
2705 4030 3046 4084 Pratscientia
3088 4029 3154 4082 ad
3193 4028 3521 4098 potentiam,
3556 4026 3839 4097 ιιι-πόθειὶ-

2254 4123 2399 4176 natio
2445 4124 2509 4176 ad
2541 4122 2799 4191 justitiam
2851 4124 3100 4191 pertinet.
3154 4119 3497 4176 Pratscientia
3550 4119 3619 4175 de
3667 4119 3842 4174 alieno

2253 4216 2497 4271 subsistit
2529 4226 2680 4285 actu,
2718 4217 3115 4286 prmdestinatio
3143 4224 3319 4271 autem
3363 4215 3431 4269 de
3464 4214 3673 4284 judicio
3717 4229 3842 4280 suo;

2256 4312 2347 4366 illa
2394 4311 2598 4366 facinus
2630 4311 2960 4376 manifestat,
3007 4313 3108 4366 ista
3150 4310 3501 4376 condemnat;
3545 4311 3635 4366 illa
3671 4311 3843 4375 testis,

2259 4404 2372 4458 haec
2415 4402 2577 4472 jttdex
2636 4412 2736 4457 cst.
2784 4404 2915 4458 Cum
2971 4404 3058 4457 illa
3115 4403 3535 4470 pronuntiaverit
3593 4418 3845 4467 causam,

2260 4506 2385 4550 tunc
2422 4496 2731 4564 pronuntiat
2762 4494 2862 4548 ista
2903 4496 3247 4551 sententiam.
3286 4495 3330 4549 A
3360 4495 3706 4564 praescientia
3736 4509 3851 4565 quae

2259 4596 2383 4642 sunt
2429 4596 2610 4641 nostra
2641 4586 2955 4655 produntur,
2988 4602 3017 4640 a
3049 4568 3526 4657 pricdcstinatione
3571 4602 3699 4656 quae
3729 4594 3851 4641 sunt

2262 4688 2651 4749 praeparantur.
2700 4681 2777 4733 Ac
2810 4678 2889 4733 sic
2920 4678 3021 4732 nisi
3067 4678 3407 4748 prmscientia
3455 4678 3847 4749 exploraverit,

2262 4773 2662 4842 praedestinatio
2691 4773 2761 4827 nil
2793 4772 3052 4829 decernit.
3083 4773 3234 4828 Oculi
3275 4781 3452 4828 autem
3495 4773 3673 4828 vicem
3720 4786 3856 4841 prze-

2262 4864 2499 4920 scientia:
2540 4864 2708 4940 virttts
2737 4872 2980 4931 exercet,
3014 4872 3068 4919 et
3099 4864 3241 4934 quad
3281 4877 3340 4918 se
3368 4863 3610 4933 aspectui
3640 4863 3859 4917 obtule-

2265 4958 2376 5023 rit,
2432 4956 2535 5012 hoc
2586 4956 2807 5011 videbit.
2859 4956 3102 5025 Nunquid
3162 4954 3356 5010 fecisse
3404 4954 3665 5020 creditur,
3711 4954 3859 5025 quod

2256 5049 2683 5119 deprehendisse
2721 5048 3093 5119 cognoscitur?
3130 5047 3265 5103 Cum
3294 5052 3474 5101 autem
3504 5046 3647 5102 oculi
3689 5060 3757 5102 ea
3786 5048 3860 5099 vi-

2267 5142 2460 5209 deant,
2492 5157 2597 5197 non
2627 5157 2747 5211 quae
2777 5140 2876 5210 ipsi
2910 5140 3233 5195 intrinsecus
3260 5140 3576 5209 'operantur,
3611 5138 3711 5193 sed
3740 5152 3858 5207 qua:

2266 5233 2345 5288 eis
2379 5234 2713 5288 extrinsecus
2746 5233 3060 5300 offeruntur,
3103 5232 3148 5286 si
3194 5240 3504 5301 peccantem
3545 5230 3858 5301 quempiam

2269 5325 2410 5381 forte
2455 5327 2864 5395 conspexerint,
2903 5340 3008 5380 non
3052 5326 3245 5395 opinor
3284 5325 3535 5389 videntis,
3566 5324 3669 5380 sed
3713 5338 3859 5380 com-

2274 5418 2535 5472 mittentis
2573 5412 2830 5488 tlagitium
2872 5414 3341 5488 jttdicabiturziita
3391 5410 3597 5471 non'ad
3644 5429 3860 5486 pramo-

2266 5511 2487 5578 scentis,
2514 5510 2607 5566 sed
2638 5510 2704 5565 ad
2752 5511 3063 5581 praecogniti
3100 5510 3393 5582 pertinebit
3438 5518 3648 5565 reatum
3694 5525 3859 5566 omne

2265 5602 2540 5659 delictum.
2570 5601 2657 5659 Sic
2686 5612 2741 5658 ct
2779 5605 2916 5659 Deus
2950 5618 3012 5659 ea
3042 5613 3167 5659 ante
3210 5604 3350 5658 diem
3389 5602 3619 5657 hominis
3662 5602 3859 5671 prteri-

2264 5694 2387 5757 det,
2420 5709 2537 5765 quae
2583 5711 2686 5749 non
2719 5711 2747 5749 a
2788 5697 3003 5758 sc,'scd
3042 5685 3118 5749 ab
3161 5697 3376 5752 homine
3401 5680 3658 5750 facienda
3709 5706 3859 5749 sunt.

2265 5784 2333 5843 Et
2360 5789 2492 5842 sicut
2525 5788 2744 5844 materia
2772 5790 3051 5845 eXislcntis
3089 5789 3251 5845 efficit
3292 5801 3347 5843 ut
3380 5774 3492 5845 eam
3521 5787 3663 5843 oculi
3710 5786 3860 5843 acies
