4090 6330
285 394 381 454 BI?

1380 394 1464 450 DE
1502 392 1760 451 GIlA'I‘lA
1803 394 1942 458 DEI,
1985 397 2161 462 ETC.,
2204 399 2326 454 Llll.
2374 401 2437 457 Il.

3434 402 3536 461 lilii

285 506 700 575 contempletur,
750 519 853 559 non
906 515 1081 561 autem
1140 507 1323 560 oculus
1374 509 1497 562 facit
1540 523 1597 563 ut
1636 525 1725 564 res
1771 510 1847 565 vi-
1875 516 2023 573 Arit
2054 513 2227 580 justus
2266 531 2350 583 qui
2393 516 2510 569 sine
2558 516 2774 585 proprio
2818 516 3041 572 crimine
3086 534 3113 570 a
3172 518 3538 574 misericordia

284 599 453 654 denda
491 607 740 654 nascatur
782 616 795 653 ε
830 600 899 653 ita
929 609 984 654 et
1026 602 1358 669 praescientia
1395 603 1485 658 Dei
1523 619 1584 659 ea
1624 621 1744 675 qua:
1784 606 1853 663 de

284 691 555 746 hominum
603 692 808 747 meritis
857 702 1102 747 secutura
1158 703 1312 758 sunt,
1344 710 1451 751 non
1494 705 1551 751 ut
1604 697 1858 753 eveniant
1906 742 1923 766 ,

1958 604 2304 673 repelluntur.
2331 606 2482 671 Quod
2511 607 2556 661 si
2584 609 2742 662 ambo
2786 608 2864 662 rei
2910 617 3032 663 sunt
3064 610 3116 663 in
3149 618 3360 674 natura,
3388 619 3443 664 et
3484 610 3539 663 in

1961 695 2064 751 isto
2088 696 2293 765 justitia
2322 697 2729 765 periclitabitur,
2768 699 2858 769 qui
2897 700 3015 756 sine
3059 701 3251 756 merito
3292 701 3544 771 indignus

283 784 472 854 exigit,
504 782 599 838 sed
636 794 896 839 eventura
941 784 1240 853 praecurrit.
1272 785 1338 841 Et
1374 788 1496 856 quia
1543 788 1717 843 sacris
1746 787 1853 843 elo-
1956 789 2193 861 eligitur,
2232 798 2287 845 et
2337 791 2390 844 in
2437 789 2529 844 illo
2568 790 2961 860 misericordia,
2992 796 3081 861 qul
3122 792 3365 863 peritioni
3418 793 3538 848 sine

283 878 417 948 quiis
445 877 611 932 moris
646 885 727 932 est
775 887 831 931 ut
878 893 974 946 per
1016 887 1341 948 assumptam
1379 893 1752 951 quamcunque
1779 881 1857 937 si-

282 968 638 1024 militudinem
666 969 970 1025 asserenda;
996 971 1075 1025 rei
1101 970 1346 1040 aperiant
1371 972 1677 1039 veritatem,
1720 974 1860 1029 sicut

283 1058 548 1115 interdum
590 1060 675 1115 vel
708 1074 876 1129 grano
915 1061 1134 1131 sinapis,
1177 1063 1261 1117 vel
1309 1063 1573 1120 fermento
1616 1065 1860 1122 mulieris

282 1152 625 1223 evangelicae,
671 1153 754 1208 vel
799 1168 1009 1224 sagenae
1057 1153 1237 1211 missa:
1282 1156 1335 1210 in
1381 1172 1551 1224 mare,
1593 1166 1647 1211 et
1694 1173 1854 1228 quam

283 1244 435 1314 plura
466 1244 592 1299 talia
620 1259 838 1314 regnum
870 1246 1128 1302 ctelorum
1175 1247 1398 1318 legimus
1430 1251 1761 1319 comparari,
1788 1251 1862 1306 ita

281 1346 329 1392 et
362 1350 462 1391 nos
506 1336 834 1407 distinguere
875 1338 1156 1407 cupientes
1185 1337 1380 1408 futura,
1414 1340 1646 1397 instituti
1692 1356 1863 1410 genus

280 1430 551 1501 colligitur
586 1430 929 1500 przesciendi.
964 1431 1117 1499 Quod
1162 1433 1206 1488 si
1248 1434 1498 1502 prrescire
1534 1434 1863 1504 compellere

279 1530 398 1587 est,
432 1522 519 1590 qui
551 1521 811 1591 praevidet
846 1532 1214 1591 peccatorem,
1246 1537 1376 1593 ergo
1401 1523 1517 1593 ipse
1551 1539 1708 1583 causa
1742 1540 1864 1595 pec-

280 1611 390 1666 cati
431 1613 551 1668 est?
584 1612 809 1667 Praescit
848 1612 1171 1669 adulterium
1224 1615 1386 1681 Deus,
1417 1630 1548 1686 ergo
1587 1616 1701 1687 ipse
1743 1632 1864 1672 ossa

279 1711 333 1756 et
393 1702 656 1758 medullas
718 1702 928 1771 ignibus
988 1702 1208 1759 obsceni
1269 1704 1463 1761 furoris
1525 1706 1865 1762 inﬂammat?

279 1793 505 1849 Prmscit
556 1795 696 1850 Deus
747 1793 1111 1863 homicidam,
1163 1797 1399 1867 nunquid
1448 1798 1560 1866 ipse
1610 1800 1865 1856 bestiales

1962 883 2166 953 peccati
2213 882 2412 952 judicio
2458 883 2761 954 deputatur.
2808 885 2923 952 Qua
2972 886 3115 942 enim
3172 887 3538 944 misericordia

1962 973 2255 1030 honoratur
2281 974 2522 1029 otiosus?
2560 989 2662 1044 qua
2688 975 2893 1044 justitia
2933 976 3216 1034 damnatur
3255 980 3544 1035 innoxius?

1962 1065 2144 1132 Itaque
2172 1066 2296 1119 dum
2329 1065 2572 1135 imperite
2615 1064 2754 1120 tollit
2786 1065 2985 1121 homini
3031 1068 3353 1134 libertatem,
3382 1071 3545 1141 impie

1964 1154 2074 1210 Deo
2104 1155 2354 1223 probatur
2389 1170 2582 1224 negare
2616 1155 2898 1224 justitiam.
2927 1156 2982 1212 Si
3012 1157 3157 1212 dicas
3185 1161 3310 1229 quia
3340 1170 3545 1215 tantum

1964 1246 2269 1301 misericors
2316 1246 2368 1300 in
2398 1246 2677 1314 acquisito,
2718 1255 2773 1302 et
2817 1248 2989 1302 solum
3028 1248 3205 1317 justus
3251 1251 3303 1304 in
3335 1250 3548 1319 perdito

1964 1348 2081 1401 est,
2114 1337 2164 1389 in
2211 1344 2434 1405 utraque
2473 1350 2699 1405 persona
2746 1337 2971 1407 abrupte
3000 1338 3219 1407 negabis
3268 1348 3549 1409 utramque

1964 1427 2234 1479 virtutem.
2264 1424 2398 1480 Nam
2426 1441 2525 1481 nec
2555 1426 2607 1479 in
2638 1426 2739 1482 hoc
2764 1427 2870 1482 erit
2911 1430 3155 1499 aequitas,
3182 1430 3225 1483 si
3253 1430 3415 1499 eligat
3442 1446 3547 1485 non

1969 1516 2246 1585 probatum
2270 1534 2284 1582 ;
2317 1532 2415 1572 nec
2440 1518 2494 1573 in
2526 1517 2618 1573 illo
2645 1518 2873 1586 bonitas,
2902 1520 2949 1575 si
2978 1521 3168 1591 perdat
3197 1522 3548 1577 immeritum.

1968 1606 2074 1662 Nos
2103 1616 2282 1663 autem
2314 1609 2584 1680 geminum
2631 1610 2733 1664 hoc
2773 1610 2825 1665 in
2875 1611 2969 1666 Dei
3014 1613 3267 1682 operibus
3313 1612 3550 1680 bonum,

1969 1700 2308 1767 inseparabili
2341 1712 2646 1757 consertum
2678 1702 2909 1759 fatemur
2942 1707 3219 1776 amplexu;
3253 1706 3391 1761 sicut
3421 1707 3552 1777 legi-

1971 1807 2089 1846 mus
2114 1809 2127 1846 :
2163 1792 2568 1847 Misericordiam
2595 1804 2643 1849 et
2667 1796 2928 1866 judicium
2955 1797 3172 1850 cantabo
3200 1798 3307 1861 tibi,
3338 1797 3555 1852 Domine

280 1894 465 1940 motus
504 1886 828 1955 perturbatis
866 1886 1115 1943 sensibus
1150 1888 1417 1959 suggerit?
1448 1890 1567 1959 Ipse
1608 1891 1674 1945 ad
1717 1906 1868 1959 pera-
1895 1887 1944 1947 Β
1972 1884 2146 1956 (Ρεαιο
2176 1886 2250 1957 C).
2283 1887 2349 1959 Et
2388 1887 2620 1943 iterum:
2656 1888 2951 1945 Misericors
2998 1890 3248 1945 Dominus
3288 1895 3551 1964 eljmm.

280 1975 518 2045 gendum
567 1976 770 2032 facinus
820 1976 1054 2048 gladium
1096 1989 1331 2035 cruenta:
1374 1982 1569 2037 mentis
1615 1982 1862 2037 exacuit?

281 2068 509 2125 Praescit
561 2068 822 2138 impium,
869 2083 999 2140 ergo
1045 2070 1160 2140 ipse
1204 2071 1272 2126 ad
1328 2073 1547 2140 profana
1601 2072 1861 2128 sacrificia

279 2161 530 2231 spiritum
583 2162 851 2217 dementis
902 2162 1161 2233 instigat?
1205 2162 1352 2219 Itane
1404 2179 1626 2232 quarum
1682 2180 1862 2220 rerum

280 2256 431 2310 ultor
456 2264 572 2323 est,
615 2270 799 2311 earum
843 2264 898 2313 et
940 2265 1133 2311 auctor
1170 2270 1292 2313 esse
1330 2256 1630 2313 credendus
1667 2259 1785 2314 est?
1810 2267 1866 2313 et

281 2348 429 2402 inter
466 2346 578 2401 hzec
617 2347 684 2402 ad
725 2348 920 2403 malum
968 2362 1256 2418 perurgere
1292 2346 1611 2417 iudicandus
1654 2359 1736 2404 est
1772 2363 1861 2404 ca-

279 2439 447 2508 ptivae
490 2437 777 2494 voluntatis
824 2453 1142 2505 assensum,
1182 2439 1273 2509 qui
1314 2453 1411 2494 nec
1453 2439 1669 2495 diabolo
1712 2455 1865 2495 com-

281 2529 488 2599 pellere
517 2527 758 2598 permisit
784 2528 1039 2584 invitum?
1070 2529 1329 2585 Voluntas
1357 2538 1440 2584 est
1464 2544 1586 2600 quae
1613 2531 1867 2600 operatur

281 2623 575 2687 delictum,
618 2623 863 2678 voluntas
891 2632 975 2678 est
1003 2639 1122 2694 qua
1165 2632 1402 2679 meretur
1438 2624 1719 2680 auxilium.
1761 2624 1868 2680 Sed

281 2715 462 2770 dicis:
496 2714 715 2769 Invenio
738 2715 826 2770 ubi
857 2715 970 2770 sola
1002 2715 1168 2785 gratia
1194 2716 1311 2770 sine
1336 2715 1592 2770 societate
1622 2715 1870 2770 humana:

283 2806 577 2861 voluntatis
606 2816 881 2876 operetur.
925 2806 1057 2861 Nam
1100 2806 1152 2860 in
1197 2805 1471 2862 Bethleem
1514 2807 1690 2861 omnis
1719 2807 1871 2862 inno-

282 2898 523 2954 centium
570 2896 798 2968 populus
842 2906 948 2951 tam
994 2896 1225 2957 beatam,
1253 2904 1479 2953 mortem
1509 2912 1577 2952 ex
1612 2896 1724 2951 sola
1776 2897 1872 2952 Dei

285 2988 761 3057 prazdestinatione
788 2987 1159 3057 consequitur.
1191 2986 1306 3042 Non
1347 2988 1418 3043 ita
1447 2998 1548 3043 est.
1577 2988 1711 3043 Nam
1760 2998 1872 3044 tum

285 3081 514 3137 forsitan
551 3083 717 3137 solius
755 3082 938 3152 gratim
976 3088 1277 3136 verteretur
1319 3082 1592 3151 operatio,
1630 3082 1675 3137 si
1718 3083 1873 3137 inno-

287 3174 464 3229 centis
491 3173 763 3244 sanguinis
801 3188 907 3228 non
953 3172 1352 3228 intercessisset
1387 3171 1598 3227 elfusio.
1627 3172 1779 3239 Quod
1826 3174 1873 3228 si

1965 1987 2011 2031 et
2059 1976 2193 2031 Deus
2243 1986 2414 2032 noster
2462 1978 2779 2034 miserebitur
2823 1979 3005 2051 (Psal.
3038 1980 3185 2052 XIV).
3215 1983 3278 2036 Et
3319 1983 3551 2037 iterum:

1966 2070 2260 2124 Misericors
2308 2080 2352 2124 et
2402 2072 2699 2138 miserator,
2761 2084 2812 2128 et
2850 2076 3022 2144 justus
3074 2074 3325 2130 Dominus
3371 2074 3555 2144 (Psal.

1965 2162 2117 2234 οη).
2147 2163 2278 2217 Nam
2306 2163 2613 2238 misericors
2640 2174 2722 2221 est
2742 2208 2757 2233 ,
2792 2174 2847 2221 et
2876 2166 2930 2221 in
2961 2167 3197 2235 perditos
3221 2181 3355 2235 quos
3384 2166 3558 2237 inqui-

1967 2255 2035 2308 rit
2058 2264 2112 2307 et
2141 2254 2327 2308 invitat
2351 2264 2611 2322 errantes,
2651 2257 2743 2326 qui
2772 2256 2862 2312 diu
2890 2259 3121 2313 sustinet
3157 2258 3553 2329 delinquentes.

1969 2345 2035 2399 Et
2062 2346 2198 2400 sicut
2225 2347 2382 2401 solem
2426 2363 2577 2402 suum
2607 2349 2731 2402 oriri
2772 2347 2897 2418 facit
2926 2366 3081 2419 super
3112 2333 3275 2405 bonos
3297 2361 3342 2405 et
3371 2352 3555 2417 malos,

1969 2446 2015 2491 et
2039 2437 2169 2505 pluit
2196 2453 2349 2507 super
2368 2440 2542 2509 justos
2568 2448 2616 2493 et
2646 2441 2867 2511 injustas
2894 2440 3109 2508 (Matth.
3145 2443 3248 2512 ιιι),
3282 2443 3353 2497 ita
3384 2450 3559 2496 utros.

1969 2542 2075 2598 que
2113 2527 2478 2586 indiderenter
2526 2531 2725 2586 lumine
2772 2532 2996 2587 rationis
3034 2534 3307 2603 implevit,
3348 2534 3555 2587 honore

1973 2616 2218 2687 imaginis
2241 2633 2354 2674 sua:
2393 2620 2593 2686 induit,
2625 2622 2690 2675 ad
2718 2623 2941 2690 gratiam
2984 2624 3369 2693 redemptionis
3399 2640 3561 2693 gene-

1974 2710 2158 2765 raliter
2186 2712 2451 2766 evocavit.
2480 2712 2630 2768 ltane
2656 2714 2965 2769 misericors
3003 2716 3054 2769 in
3087 2716 3179 2770 illo
3207 2732 3311 2770 non
3354 2717 3473 2779 fuit,
3508 2716 3561 2771 in

1973 2816 2131 2871 quem
2170 2812 2318 2857 tanta
2345 2803 2650 2872 congessit,
2677 2819 2836 2873 quem
2866 2805 2934 2859 de
2976 2805 3218 2875 neglecta
3260 2816 3315 2860 et
3355 2805 3563 2875 perdita

1976 2893 2345 2948 misericordia
2370 2893 2627 2961 judicavit
2648 2896 2666 2949 ι
2687 2897 2804 2952 Iam
2833 2895 2960 2950 illud
2986 2897 3207 2951 minoris
3231 2897 3429 2966 negotii
3457 2907 3562 2961 est,

1976 2993 2036 3039 ut
2069 2999 2193 3054 erga
2239 2984 2554 3055 acquisitos,
2594 2987 2732 3041 sicut
2770 2987 3206 3055 misericordem,
3242 2988 3316 3042 ita
3355 2989 3563 3056 justum

1976 3089 2096 3129 esse
2122 3074 2428 3130 doceamus.
2476 3074 2682 3143 Justus,
2724 3077 2975 3147 inquam,
3019 3087 3074 3132 et
3115 3078 3256 3134 circa
3302 3092 3396 3133 eos
3422 3091 3559 3147 quos

1977 3166 2199 3237 suscipit
2246 3175 2616 3233 revertentes,
2662 3183 2796 3239 quos
2844 3183 2949 3223 non
2991 3169 3191 3225 deserit
3229 3169 3561 3240 laborantes,

291 3281 398 3321 una
427 3275 555 3320 tunc
582 3266 676 3320 fuit
704 3264 1068 3320 innocentium
1096 3278 1276 3332 causa,
1307 3279 1404 3321 cur
1429 3280 1534 3319 non
1562 3264 1738 3319 omnis
1766 3264 1876 3320 illic
1902 3261 1950 3326 C
1982 3271 2114 3327 quos
2141 3256 2332 3327 dignos
2358 3256 2524 3313 emoil
2550 3257 2814 3324 libertate.
2849 3258 3074 3315 fideliter
3100 3262 3416 3316 servientes.
3444 3260 3566 3316 Ha:-

290 3358 532 3412 salvatur
561 3355 817 3421 infantia?
842 3356 1082 3412 Abillius
1106 3357 1249 3413 enim
1277 3355 1534 3425 temporis
1562 3355 1728 3427 gloria
1758 3369 1874 3410 om-

290 3448 379 3502 nis
421 3458 553 3503 :etas
592 3448 812 3504 alterius
852 3464 1015 3515 sexus
1041 3448 1215 3503 aliena
1259 3456 1361 3504 est.
1390 3447 1447 3504 Si
1480 3447 1559 3502 vis
1597 3447 1876 3518 praedesti-

292 3538 529 3592 nationis
567 3538 854 3607 specialem
902 3554 997 3607 per
1036 3538 1271 3608 singulos
1312 3538 1437 3593 facit
1481 3538 1870 3604 conditionem,

294 3642 396 3681 cur
428 3626 514 3681 hic
552 3641 737 3682 omnes
773 3628 925 3696 pueri
958 3628 1188 3682 diversis
1232 3628 1439 3682 dierum
1484 3628 1567 3683 vel
1614 3630 1875 3685 mensium

295 3717 629 3787 temporibus
660 3717 770 3771 nati
816 3732 974 3771 unam
1005 3717 1249 3773 obtinent
1291 3714 1633 3772 felicitatem?
1665 3718 1720 3773 Si
1750 3733 1878 3773 vero

293 3810 601 3880 promiscua
629 3810 681 3863 in
706 3824 902 3877 genere
931 3807 1170 3864 humano
1206 3808 1486 3864 electionis
1512 3811 1647 3864 ratio
1678 3811 1876 3879 agitur,

291 3917 393 3957 cur
422 3903 489 3955 ab
520 3903 618 3958 hoc
647 3918 868 3959 munere
890 3903 1066 3958 omnis
1095 3910 1266 3958 status
1298 3903 1549 3973 puellaris
1578 3902 1877 3973 excipitur?

291 3995 396 4049 llic
442 4009 570 4065 ergo
615 3993 816 4050 decreti
862 4003 1008 4050 sorte
1052 4004 1328 4061 cessante,
1370 4008 1514 4050 mors
1555 3994 1735 4063 pueris
1784 4009 1880 4064 pro

292 4086 491 4141 diaboli
539 4087 763 4141 infertur
815 4088 1025 4155 lurore,
1071 4101 1216 4143 mors
1256 4101 1387 4143 vero
1432 4087 1735 4143 beatissima
1782 4100 1880 4156 pro

294 4178 392 4232 Dei
422 4177 625 4233 honore
662 4178 955 4234 confertur.
1003 4177 1121 4234 Non
1166 4193 1294 4248 ergo
1333 4192 1427 4235 eos
1480 4177 1881 4248 praedestinatio

292 4270 457 4325 morti
488 4269 720 4338 addixit,
753 4270 847 4325 sed
889 4284 1066 4327 causa:
1094 4270 1309 4327 occasio
1350 4258 1701 4327 consecravit.
1734 4269 1881 4325 Hane

294 4364 478 4431 itaque
536 4361 880 4430 parvulorum
932 4361 1396 4428 interfectionem,
1444 4375 1551 4415 non
1600 4359 1881 4430 dispositio

296 4453 427 4522 Dei,
467 4453 562 4509 sed
608 4453 852 4522 impietas
899 4454 1172 4510 ordinavit
1216 4454 1438 4511 inimici.
1479 4453 1622 4510 Deus
1665 4463 1878 4522 autem,

294 4546 388 4616 qui
419 4547 576 4600 etiam
608 4546 761 4600 malis
789 4546 1063 4601 hominum
1094 4547 1232 4602 bene
1260 4548 1446 4614 utitur,
1482 4545 1739 4615 perempti
1770 4546 1881 4615 glo-

1979 3353 2174 3404 reticus
2202 3358 2381 3404 autem
2414 3349 2536 3404 ideo
2561 3350 2705 3405 circa
2734 3353 2904 3405 malos
2935 3363 3091 3421 negat
3131 3352 3562 3420 misericordem,

1978 3440 2100 3510 quia
2148 3457 2254 3496 non
2300 3441 2472 3497 credit
2515 3441 2750 3497 oblatam
2783 3444 2947 3499 fuisse
2991 3445 3180 3500 salutis
3219 3430 3426 3516 copiam
3478 3446 3564 3501 his

1979 3533 2068 3601 qui
2096 3532 2422 3587 delabuntur
2452 3533 2504 3587 in
2544 3545 2791 3589 mortem.
2821 3535 2946 3591 Ideo
2971 3538 3114 3591 circa
3142 3538 3312 3591 bonos
3343 3552 3448 3591 non
3480 3552 3566 3591 as-

1981 3622 2113 3675 serit
2137 3623 2360 3690 justum,
2391 3623 2515 3691 quia
2558 3624 2683 3678 nihil
2714 3625 2793 3678 eis
2834 3626 3067 3680 aestimat
3109 3641 3207 3696 pro
3249 3627 3436 3681 humili
3466 3626 3568 3682 de-

1982 3711 2196 3765 votione
2222 3711 2494 3767 collatum.
2529 3713 2834 3768 Misericors
2873 3730 3000 3784 ergo
3042 3724 3145 3781 est,
3176 3718 3297 3784 quia
3329 3726 3382 3771 et
3410 3717 3567 3772 malis

1986 3798 2181 3869 ingerit
2228 3800 2449 3854 rationis
2494 3800 2861 3866 intellectum,
2894 3812 2948 3858 et
2992 3803 3246 3859 bonitatis
3292 3805 3564 3860 affectum.

1982 3890 2167 3946 Justus
2193 3906 2340 3957 vero,
2370 3891 2493 3960 quia
2530 3892 2798 3948 obedienti
2840 3894 3089 3963 proponit
3128 3897 3433 3964 praemium;
3471 3896 3564 3965 ju-

1983 3993 2117 4049 stus,
2147 3984 2266 4052 quia
2313 3985 2515 4039 nullum
2546 3985 2718 4040 salvat
2765 3986 3009 4042 invitum.
3054 3986 3236 4055 Itaque
3277 3988 3566 4057 Apostolus

1984 4075 2265 4145 magniﬁce
2292 4074 2357 4129 ad
2385 4075 2584 4131 donum
2611 4078 2796 4146 gratia:
2821 4078 3055 4134 officium
3084 4079 3279 4134 laboris
3299 4080 3563 4150 adjungit,

1984 4169 2056 4223 ita
2084 4170 2266 4227 dicens
2298 4189 2311 4225 :
2353 4170 2687 4224 Laborantent
2724 4171 3004 4241 agricolam
3044 4181 3241 4241 Oportet
3277 4171 3340 4224 de
3387 4172 3567 4242 fructi-

1983 4264 2075 4317 bus
2105 4265 2336 4335 accipere
2364 4264 2414 4337 (ι
2444 4264 2577 4318 Tini.
2611 4263 2689 4333 ιι).
2725 4265 2865 4319 Ecce
2908 4265 3176 4336 quomodo
3202 4265 3304 4321 sibi
3336 4265 3567 4320 admira-

1984 4354 2078 4410 bili
2128 4357 2450 4413 commcrcio
2498 4356 2680 4411 divina
2735 4366 2789 4411 ct
2847 4357 3075 4412 humana
3139 4357 3432 4412 sociantur.
3483 4357 3565 4411 Ad

1985 4448 2339 4503 obedientiam
2372 4448 2602 4516 pertinet
2640 4448 2810 4512 labor,
2845 4448 3045 4502 fructus
3089 4464 3217 4502 vero
3263 4449 3462 4504 laboris
3498 4448 3567 4502 ad

1984 4542 2225 4609 gratiam.
2281 4541 2347 4595 Et
2397 4542 2587 4596 iterum
2624 4558 2635 4594 :
2676 4540 3035 4610 Unusquisque
3072 4542 3333 4609 prapriam
3379 4556 3570 4593 merce-

295 4638 437 4693 riam
476 4638 544 4692 de
586 4638 788 4692 scelere
818 4636 1127 4707 perimentis
1160 4645 1431 4707 operatur.
1463 4636 1738 4691 Contraria
1764 4635 1881 4706 qui-
1902 4634 1956 4695 D
1982 4633 2095 4685 dem
2124 4632 2335 4701 accipiet
2377 4632 2653 4684 secundum
2696 4647 2844 4683 suum
2873 4630 3100 4682 laborent
3130 4629 3176 4699 (l
3204 4628 3325 4682 Cor.
3352 4628 3450 4698 n);
3482 4643 3569 4682 sc-

295 4728 427 4784 dem
468 4727 684 4783 malitia:
712 4728 947 4797 disponit
990 4728 1262 4793 inventor,
1290 4727 1385 4783 sed
1415 4726 1669 4782 bonitatis
1698 4735 1883 4780 auctor

298 4820 354 4874 in
387 4819 582 4874 melius
606 4818 828 4874 consilia
850 4818 1076 4873 adversa
1098 4816 1372 4887 componit

912 4950 1142 5008 CAPUT
1178 4950 1267 5007 IV.

303 5042 502 5096 Contra
528 5043 621 5095 hoc
635 5043 774 5113 quod
802 5043 1008 5108 dicunt,
1043 5059 1061 5092 t
1086 5039 1152 5095 In
1188 5042 1311 5097 istos
1349 5041 1637 5113 misericors
1664 5050 1737 5094 est
1764 5056 1892 5109 quos

378 5114 620 5183 acquirit,
648 5111 709 5167 tn
745 5114 864 5168 illos
898 5116 1072 5183 justus
1098 5121 1169 5167 est
1197 5128 1324 5182 quos
1364 5111 1598 5183 reliquit,
1632 5131 1651 5163 ι
1682 5126 1796 5164 cum
1842 5120 1894 5163 et

383 5186 519 5236 circa
550 5185 711 5238 malos
757 5186 1063 5250 misericors,
1094 5193 1140 5239 et
1168 5185 1307 5238 circa
1350 5184 1505 5239 bonos
1537 5184 1691 5237 etiam
1718 5183 1893 5252 justus

382 5264 644 5324 appareat.

383 5368 438 5422 Si
484 5367 715 5423 hominis
744 5376 941 5422 statum
975 5367 1141 5434 Deus,
1169 5368 1311 5423 sicut
1343 5367 1680 5437 blasphemat
1710 5367 1897 5437 impie-

312 5468 418 5525 tas,
447 5474 553 5513 non
583 5458 854 5530 aequitate,
882 5457 977 5513 sed
1006 5467 1266 5528 potestate
1292 5458 1562 5529 disponit,
1594 5459 1685 5513 ille
1712 5458 1925 5531 fortas-q

312 5552 392 5606 sis
430 5550 518 5620 qui
549 5550 778 5619 pulsavit
814 5549 1138 5620 excluditur,
1170 5560 1224 5606 et
1251 5548 1343 5606 ille
1378 5550 1470 5620 qui
1502 5544 1614 5605 non
1654 5549 1900 5619 quaesivit

318 5644 626 5701 attrahitur.
655 5647 732 5700 Ac
751 5642 829 5698 sic
856 5658 956 5698 nec
975 5642 1116 5698 circa
1144 5642 1376 5699 salvatus
1398 5643 1706 5697 misericors
1735 5640 1900 5697 fuisse

319 5736 610 5804 videbitur,
643 5737 847 5817 quibus.
865 5750 974 5793 non
1000 5734 1150 5792 dedit
1197 5744 1253 5791 ut
1293 5750 1359 5791 ex
1393 5734 1570 5791 ofﬁcio
1596 5734 1901 5790 misericor-

322 5829 468 5893 diam
498 5828 863 5905 mererentur;
891 5845 992 5895 nec
1017 5830 1161 5907 circa
1189 5824 1427 5909 perditos
1453 5830 1708 5891 astiutari
1739 5840 1897 5903 pots-

1987 4723 2218 4777 cundum
2248 4721 2388 4790 quod
2421 4722 2470 4777 in
2519 4719 2807 4788 Evangelio
2828 4708 2996 4774 dicit’:
3024 4718 3153 4772 Cum
3180 4718 3399 4787 feceritis
3436 4718 3570 4784 bwc,

1991 4817 2165 4884 dicite,
2196 4815 2341 4870 Servi
2360 4814 2566 4867 inutiles
2592 4828 2786 4878 sumus,
2819 4812 2957 4882 quod
2987 4810 3250 4865 debuimus
3272 4811 3458 4879 facere,
3500 4812 3576 4880 fe-

1992 4906 2151 4959 rimus
2184 4903 2338 4976 (Luc.
2368 4903 2521 4972 xui).
2553 4901 2787 4957 Adverte
2813 4901 2935 4971 quia
2973 4915 3078 4956 non
3118 4900 3353 4955 excludit
3397 4900 3577 4967 operis

1997 4998 2255 5063 studium,
2281 4996 2372 5052 sed
2396 4994 2666 5067 operantis
2692 4994 2910 5065 requirit
2929 4994 3270 5063 obsequium;
3302 5008 3402 5049 nec
3422 4992 3575 5047 labo-

2002 5106 2112 5145 rem
2153 5089 2424 5144 servitutis
2467 5094 2704 5151 recusat,
2737 5086 2833 5142 sed
2873 5086 3223 5141 humilitatem
3265 5083 3460 5138 mentis
3500 5084 3579 5137 in-

2001 5185 2199 5238 sinuat.
2228 5181 2428 5235 Vitium
2457 5195 2587 5255 ergo
2613 5194 2719 5249 quo
2751 5179 2987 5234 laborem
3021 5176 3417 5247 imperitissime
3447 5175 3581 5228 refu.

2002 5275 2248 5345 giendum
2279 5283 2451 5340 putas,
2487 5287 2590 5328 non
2621 5272 2673 5326 in
2705 5285 2888 5340 opere,
2917 5268 3010 5324 sed
3042 5269 3096 5322 in
3124 5266 3288 5323 corde
3312 5265 3578 5329 consistit.

2004 5365 2152 5419 Totis
2180 5377 2307 5433 ergo
2336 5362 2538 5416 viribus
2581 5361 2787 5428 laboro,
2815 5360 2910 5415 sed
2942 5357 3195 5430 quidquid
3237 5356 3306 5413 de
3347 5370 3582 5425 superna

2006 5456 2245 5526 largitate
2274 5467 2585 5523 percepero,
2609 5454 2813 5523 gratiae,
2845 5466 2952 5506 non
2983 5449 3259 5505 industriae
3282 5447 3581 5516 deputabo;

2007 5549 2325 5605 benefit-ium
2371 5547 2598 5615 vocabo,
2653 5561 2757 5601 non
2807 5544 3075 5614 pretium;
3118 5542 3317 5597 donum
3347 5539 3585 5595 testabor

2000 5659 2153 5719 esse,
2187 5657 2293 5698 non
2322 5640 2592 5704 debitum;
2624 5637 3108 5694 remunerationem
3133 5674 3149 5701 ,
3202 5648 3306 5689 non
3352 5632 3581 5688 retribu-

2006 5742 2226 5793 tionem.
2272 5736 2346 5789 lta
2389 5748 2508 5789 cum
2539 5747 2606 5789 ex
2641 5731 2820 5787 ofllcio
2863 5729 3062 5800 aliquid
3101 5727 3336 5799 agimus,
3384 5738 3584 5794 nequa-

2006 5849 2164 5907 quam
2204 5847 2299 5889 nos
2343 5831 2604 5902 imputare
2650 5828 2758 5886 Deo
2800 5838 3117 5902 possumus,
3158 5821 3284 5899 quia
3328 5817 3588 5880 solvimus
