4090 6330
58 5748 69 5905 l

58 5910 77 6089 ξ

515 232 615 289 819
1715 220 1771 278 S.
1814 213 2057 273 FAUSTI
2093 212 2499 270 RHEGIENSIS
3664 206 3764 265 820

515 346 655 413 quod
685 346 959 400 debemus.
988 344 1066 398 Tu
1097 357 1221 397 vero
1252 340 1443 395 divinae
1472 351 1538 392 ne
1568 334 1805 391 invideas
1840 330 2087 397 bonitati,
2115 334 2169 392 Λ
2196 342 2302 387 tate
2326 333 2624 395 discedere,
2656 340 2709 387 et
2734 331 2799 386 ad
2824 333 2991 387 levem
3022 330 3328 386 tentationis
3344 339 3533 385 malum
3559 327 3763 381 infirma

516 438 558 489 si
590 452 721 506 opus
749 435 886 504 quod
928 450 954 488 a
998 448 1083 489 me
1118 433 1211 487 illo
1252 431 1539 500 adiuvante
1578 428 1713 485 bene
1734 434 1940 498 gestum
1970 432 2084 491 est,

516 530 595 582 vel
624 529 784 584 etiam
810 534 1025 595 accepta
1061 522 1421 593 perdiderint?
1453 522 1565 579 Hoc
1602 534 1798 591 genere
1838 530 1936 574 nec
1963 530 2091 572 eoat-

516 623 647 672 verti
694 633 787 673 eos
844 618 1159 687 permittunt
1211 616 1351 671 mala
1408 611 1799 684 praecedentia,
1852 624 1951 666 nec
1999 622 2090 665 se.

513 726 651 765 nari.

1137 800 1363 857 CAPUT
1404 800 1468 855 V.

513 894 705 945 Contra
740 893 837 946 hoc
872 892 1009 961 quod
1053 893 1267 948 dicunt:
1292 890 1415 947 Non
1455 900 1558 946 tam
1603 891 1760 946 voluit
1791 907 1945 961 quam
1988 898 2092 961 nat

586 964 748 1032 potuit
776 958 946 1016 salvus
974 965 1189 1035 essequi
1217 964 1385 1033 periit,
1400 965 1557 1035 juxta
1578 963 1711 1033 quod
1736 958 1952 1034 legimus
1976 976 1993 1014 :
2022 958 2092 1014 Et

584 1049 683 1087 non
711 1042 941 1092 poterant
971 1033 1192 1088 credere.

586 1167 730 1222 Inter
767 1168 885 1237 haec
914 1181 1035 1222 cum
1065 1167 1298 1223 Joannes
1323 1167 1649 1237 evangelista
1672 1176 2087 1222 commemoret:

520 1259 801 1328 Propterea
854 1277 958 1316 non
1010 1270 1241 1331 poterant
1281 1262 1505 1327 credere,
1552 1263 1676 1332 quia
1727 1263 1911 1316 iterum
1962 1263 2093 1315 dixit

512 1350 682 1406 Isaias
714 1367 732 1405 :
762 1352 1047 1409 Exccecavit
1086 1354 1260 1408 oculos
1294 1368 1501 1417 eorum,
1534 1362 1585 1406 et
1618 1354 1873 1405 induravit
1914 1364 2090 1405 eorum

514 1458 599 1496 cor
638 1442 817 1513 (Joan.
851 1459 953 1509 xu;
985 1443 1095 1499 Isa.
1125 1445 1221 1513 γι),
1269 1443 1371 1499 hoc
1419 1445 1536 1498 loco
1580 1442 1813 1498 elocutio
1839 1443 2091 1497 conclusa

513 1534 590 1587 sic
619 1542 853 1602 resonat,
877 1536 1029 1605 quasi
1056 1535 1135 1592 eis
1161 1550 1267 1590 non
1294 1534 1553 1591 credendi
1571 1534 1863 1589 necessitas
1889 1532 2091 1602 imponi

514 1625 754 1682 videatur
805 1627 1007 1684 invitis.
1062 1627 1169 1682 Sed
1223 1642 1287 1682 ex
1336 1626 1441 1681 illis
1484 1607 1698 1679 causam
1746 1625 1831 1679 vel
1880 1623 2090 1692 culpam

2196 424 2637 480 radice-deﬁcere.
2654 424 2940 479 Videamus
2953 436 3087 493 quos
3098 437 3288 479 sanare
3301 422 3607 487 tentaverit,
3627 422 3765 475 etcis

2196 532 2379 586 parum
2416 532 2513 586 pro
2536 517 2888 586 consequenti
2914 517 3286 573 incredulitate
3313 516 3596 587 profuerit.
3630 515 3764 569 Ecce

2193 624 2365 665 servo:
2384 609 2458 663 illi
2490 610 2544 663 in
2581 609 2867 678 Evangelia
2891 610 3098 678 magnis
3127 609 3321 664 debitis
3350 612 3404 664 et
3431 610 3631 662 animae
3657 607 3765 661 lan-

2192 701 2451 770 guoribus
2494 715 2752 770 Oppresso
2776 743 2791 767 ,
2842 701 3035 756 decem
3063 701 3225 755 miiliu
3278 701 3510 762 talenta,
3564 712 3681 768 qua
3716 700 3764 754 ei

2194 792 2423 847 remissa
2440 792 2773 859 videbantur,
2809 806 2902 862 per
2930 794 3133 848 crimen
3160 793 3397 861 propriae
3416 792 3639 845 malitia:
3669 791 3764 843 ad-

2190 883 2346 951 jectis
2400 884 2728 939 cruciatibus
2774 883 3077 953 exiguntur.
3122 882 3227 940 Ubi
3289 893 3343 939 et
3379 882 3765 938 advertendum

2193 985 2275 1030 ω
2302 976 2577 1044 quomodo
2616 976 2872 1045 acquisita
2904 976 3224 1044 perduntur,
3272 985 3327 1031 et
3354 974 3615 1031 beneﬁcia
3657 974 3763 1043 jam

2194 1066 2383 1125 collata
2405 1076 2740 1121 revocantur.
2771 1068 2883 1123 Sed
2908 1077 2957 1123 et
2983 1068 3081 1123 ille
3095 1067 3321 1137 depulso
3340 1082 3370 1123 a
3398 1082 3459 1123 se
3490 1066 3766 1121 immundo

2193 1160 2381 1229 spiritu
2410 1161 2475 1215 ad
2509 1162 2924 1231 tempuslegitur
2954 1161 3121 1218 fuisse
3143 1171 3383 1228 sanatus,
3413 1162 3483 1216 de
3500 1174 3611 1231 quo
3640 1160 3767 1216 dicit

2193 1266 2371 1307 sermo
2392 1253 2603 1309 divinus
2633 1272 2645 1306 :
2680 1255 2805 1309 Cum
2831 1266 2995 1310 auum
3024 1258 3323 1311 immundus
3343 1256 3553 1326 spiritus
3586 1254 3765 1308 exierit

2193 1346 2257 1399 ab
2276 1346 2498 1413 homine,
2520 1348 2831 1415 perambulat
2853 1365 2939 1419 per
2954 1350 3069 1403 loca
3086 1350 3253 1415 arida,
3276 1364 3506 1417 quarens
3522 1350 3763 1417 requiem,

2191 1448 2238 1490 et
2255 1454 2360 1491 non
2384 1439 2679 1502 inveniens;
2701 1448 2820 1493 tunc
2840 1441 2963 1494 dicit
2986 1457 3003 1494 :
3025 1442 3265 1495 Revertar
3293 1442 3349 1493 in
3372 1441 3581 1493 domum
3609 1454 3767 1493 meant

2195 1530 2328 1584 unde
2353 1531 2503 1584 exivi.
2535 1530 2602 1585 Et
2632 1532 2833 1586 veniens
2854 1533 3041 1586 inuenit
3058 1542 3333 1597 vacantem,
3360 1532 3527 1599 scopis
3552 1531 3767 1583 munda-

2200 1610 2304 1676 taiu
2329 1633 2376 1677 et
2396 1633 2632 1677 ornatam
2653 1623 2805 1693 (Luc.
2832 1626 2949 1693 an),
2975 1624 3026 1678 id
3049 1634 3152 1689 est,
3185 1630 3458 1679 vacuatam
3488 1623 3766 1678 virtutibus

515 1716 902 1773 incredulitatis
956 1726 1203 1774 exortam
1249 1717 1302 1772 in
1351 1715 1804 1785 consequentibus
1846 1714 2091 1771 lectionis
2118 1700 2167 1761 Β
2194 1723 2250 1769 et
2302 1712 2624 1768 vanitatibus
2678 1713 3044 1783 adimpletum.
3094 1713 3241 1768 Tunc
3282 1713 3419 1767 radit
3470 1722 3517 1767 et
3559 1712 3770 1767 assumit

512 1810 643 1864 ordo
672 1809 975 1865 manifestat
1005 1811 1077 1865 ita
1104 1810 1290 1866 dicens
1332 1827 1344 1863 :
1386 1808 1747 1885 Verumtamen
1770 1816 1815 1861 et
1845 1824 1910 1862 ea:
1948 1807 2093 1877 prin-

510 1901 707 1971 cipibus
734 1902 881 1956 multi
910 1901 1235 1956 crediderunt
1274 1902 1326 1954 in
1360 1916 1475 1955 eum
1496 1942 1511 1967 ,
1547 1900 1634 1953 sed
1662 1907 1865 1969 propter
1901 1897 2095 1952 Phari-

510 2008 636 2046 αωοβ
656 2007 757 2045 ηοη
776 1992 1169 2060 conﬁtebantur,
1197 2000 1251 2043 ut
1279 1990 1341 2043 de
1367 2004 1627 2059 synagoga
1645 2004 1749 2042 non
1766 1988 2088 2056 eﬁcerentur.

510 2084 811 2139 Dilexerunt
832 2085 966 2139 enim
988 2083 1209 2157 gloriam
1235 2084 1497 2138 hominum
1521 2086 1678 2151 magis
1704 2098 1855 2151 quant
1876 2080 2096 2152 gloriam

511 2176 605 2230 Dei
637 2176 851 2247 (Joann.
884 2178 1002 2246 xu).
1042 2177 1302 2235 Absolute
1349 2177 1435 2231 hic
1475 2176 1713 2240 indicat,
1744 2176 1885 2229 sicut
1931 2185 1986 2229 et
2022 2176 2091 2231 de

509 2270 729 2325 Simone
753 2266 1011 2340 légimus,
1061 2272 1224 2327 etiam
1270 2268 1575 2324 inﬁdelibus
1605 2270 1729 2322 νίωκ
1762 2267 2092 2323 credulitatis

509 2361 677 2417 fuisse
713 2364 965 2417 collatam
1008 2380 1019 2414 :
1054 2361 1247 2430 quibus
1283 2362 1422 2416 sicut
1449 2360 1669 2415 facultas
1697 2360 1949 2416 credendi
1990 2360 2093 2417 ad-

512 2452 641 2517 fuit,
690 2454 762 2507 ita
798 2453 1045 2508 voluntas
1074 2453 1240 2509 deluit
1288 2452 1598 2508 conﬁtendi.
1642 2453 1793 2519 Quod
1832 2452 2086 2516 credunt,

511 2546 697 2615 gratia:
732 2546 949 2615 largitas
988 2555 1098 2611 est;
1123 2546 1265 2614 quod
1292 2532 1675 2616 professiottettt
1712 2544 1931 2599 creditis
1980 2557 2090 2598 non

510 2638 937 2702 accommodant,
968 2637 1161 2693 mentis
1192 2639 1507 2709 improbitas
1536 2648 1649 2699 est;
1678 2647 1733 2692 et
1761 2637 2013 2707 impletur
2035 2639 2091 2693 in

507 2729 585 2784 eis
612 2745 626 2782 :
658 2728 761 2796 Qui
791 2738 959 2784 autem
997 2746 1099 2784 non
1126 2730 1299 2797 Imber,
1330 2731 1482 2784 etiam
1501 2731 1640 2801 quod
1666 2730 1809 2784 habet
1831 2729 2092 2798 auferetur

507 2822 568 2874 ab
594 2837 653 2875 eo
703 2821 916 2891 (Matth.
946 2824 1041 2891 tv).
1088 2823 1224 2878 Ecce
1267 2822 1539 2891 quomodo
1567 2823 1764 2877 bonum
1795 2822 2090 2877 voluntatis

506 2921 562 2967 et
586 2912 709 2969 lidei
748 2912 983 2970 admixta
1017 2915 1221 2969 malitia
1264 2916 1607 2982 depravavit,
1637 2916 1785 2969 sicut
1821 2916 1929 2969 alio
1966 2914 2091 2970 loco

505 3002 558 3058 in
586 3006 775 3071 eodem
805 3004 1101 3074 Evanger
1138 3006 1252 3074 ipse
1284 3006 1543 3059 Dominus
1566 3005 1705 3060 dicit
1748 3023 1762 3059 :
1813 3006 2081 3072 Quomodo

505 3095 715 3163 potestis
743 3110 827 3148 vos
856 3095 1077 3161 credere,
1098 3097 1183 3163 qui
1204 3096 1423 3163 gloriam
1449 3096 1512 3149 ab
1530 3097 1740 3149 inuicem
1762 3094 2013 3163 accipitis,
2034 3104 2084 3149 et
2111 3065 2158 3131 Ο

507 3188 724 3255 gloriam
774 3203 888 3257 quae
932 3205 963 3240 α
990 3188 1100 3242 solo
1127 3199 1202 3242 est
1239 3187 1347 3241 Deo
1386 3204 1487 3241 non
1515 3190 1744 3259 quaeritis
1779 3187 1956 3257 (Joan.
1985 3187 2080 3258 v)?

507 3275 672 3337 Vides
708 3292 836 3346 ergo
864 3278 985 3347 quia
1015 3279 1153 3333 sicut
1187 3280 1486 3347 suppressis
1519 3280 1696 3334 causis
1738 3278 2081 3333 absconditur

506 3368 726 3435 veritas,
754 3369 828 3423 ita
866 3368 1162 3424 manifestis
1192 3378 1499 3423 removetur
1523 3370 1852 3424 obscuritas?
1879 3384 1996 3439 quae
2028 3372 2081 3425 in

507 3458 657 3515 Isaiae
703 3460 1011 3515 testimonio
1070 3459 1348 3514 densiores
1395 3462 1552 3529 paulo
1600 3460 1821 3516 nebulas
1871 3461 2083 3516 videtur

505 3551 812 3617 obducere,
867 3552 991 3606 dum
1027 3566 1122 3607 eos
1166 3567 1301 3622 quos
1351 3553 1564 3622 propria
1605 3553 1840 3622 nequitia
1885 3552 2078 3607 surdos

504 3658 784 3713 caecosque
834 3642 1171 3709 reddiderat,
1202 3659 1232 3697 a
1270 3646 1383 3699 Deo
1418 3645 1608 3699 asserit
1636 3645 1967 3709 obcmeatos,
2013 3659 2089 3698 ne

502 3733 642 3791 forte
670 3749 933 3791 converso
979 3736 1047 3790 ad
1077 3737 1243 3790 Deum
1281 3735 1447 3791 corde
1484 3744 1758 3791 sanentur.
1803 3736 1982 3804 Itaque
2020 3744 2079 3789 ut

502 3830 772 3898 paululum
806 3829 1117 3884 differamus
1142 3830 1281 3899 quod
1312 3829 1594 3884 Matthaeus
1631 3830 1865 3899 apertius
1897 3828 2079 3883 elocu—

503 3929 587 3975 tus
612 3931 697 3977 est
732 3921 881 3990 juxta
910 3921 1075 3990 ipsius
1102 3922 1368 3976 sermonis
1399 3922 1628 3991 rigorem
1650 3961 1665 3985 ,
1691 3920 1779 3989 qui
1808 3934 1873 3974 ex
1898 3919 2079 3974 verbis

504 4013 778 4083 propheta:
816 4014 1080 4068 austerius
1108 4014 1341 4081 percutit
1362 4013 1587 4083 legentis
1614 4012 1849 4067 auditum
1869 4051 1884 4076 ,
1917 4011 2077 4066 altius

500 4105 835 4174 requiramus
861 4121 1027 4173 quare
1060 4106 1161 4159 hoc
1183 4106 1300 4159 loco
1327 4106 1469 4160 nolle
1490 4114 1704 4175 putetur
1735 4104 1991 4159 Dominus
2017 4112 2079 4158 ut

498 4205 774 4261 sanentur,
797 4196 851 4250 id
867 4206 969 4260 est,
990 4212 1056 4250 ne
1074 4207 1445 4252 momentanea
1458 4197 1811 4252 conversione
1827 4206 2075 4266 suscepta

504 4288 710 4343 collatis
736 4287 1008 4341 beneﬁciis
1045 4289 1349 4357 abutantur,
1381 4291 1546 4356 iram,
1572 4304 1693 4343 eum
1714 4288 1925 4359 probati
1953 4287 2072 4344 fue-

499 4379 636 4444 rint,
666 4388 967 4447 susceptam
994 4380 1295 4449 neglexisse
1321 4395 1384 4435 ac
1409 4380 1681 4450 respuisse
1726 4380 1957 4435 recidiva
1986 4379 2073 4434 in-

500 4472 751 4527 firmitate
771 4472 1114 4535 medicinam,
1144 4472 1283 4525 sicut
1303 4472 1392 4528 ille
1417 4471 1485 4527 ad
1506 4486 1663 4543 quem
1684 4471 1799 4542 ipse
1817 4472 2073 4527 Dominus

494 4562 732 4633 loquitur
763 4582 777 4617 :
804 4562 924 4617 lam
952 4579 1108 4617 sanus
1130 4565 1399 4635 factuses,
1431 4566 1537 4619 noli
1562 4580 1796 4636 peccare,
1828 4579 1892 4619 ne
1924 4563 2069 4619 dete-

495 4655 605 4709 rius
633 4655 721 4709 tibi
747 4656 940 4726 aliquid
965 4640 1243 4726 εοηιετῐςαι.
1288 4657 1524 4713 Adverte
1550 4658 1786 4713 bonitate
1826 4659 2072 4713 sanitatis

494 4745 717 4816 impium
741 4748 1083 4816 praegravari.
1115 4747 1204 4802 Sic
1223 4747 1432 4803 Pharao
1452 4750 1738 4805 insultasse
1767 4749 2070 4819 deprehen-

492 4836 637 4892 ditur
687 4838 1073 4894 misericordia:
1122 4839 1262 4904 Dei,
1307 4856 1463 4909 quem
1496 4842 1737 4897 addictus
1792 4842 2069 4912 plagarum

490 4931 894 4999 resipiscentem
921 4940 978 4987 et
1004 4943 1404 4988 convertentem
1425 4976 1438 4992 .
1472 4944 1529 4989 et
1556 4934 1926 4991 bumiliantem
1976 4950 2066 5002 se,

386 5036 423 5105 ;;‘
486 5024 701 5091 quoties
737 5040 929 5081 sanare
968 5026 1176 5091 voluit,
1220 5027 1377 5081 toties
1424 5026 1748 5083 deteriorem
1795 5042 1916 5084 esse
1946 5038 2071 5096 post

487 5115 873 5172 humanitatem
895 5118 1195 5174 clementia:
1213 5118 1585 5188 deprehendit.
1605 5120 1781 5188 Quare
1802 5121 2070 5192 (inquam)

484 5210 618 5266 istos
646 5226 839 5266 sanare
866 5211 1201 5267 dissimulat?
1223 5226 1291 5267 ne
1315 5213 1446 5268 ﬁant
1471 5214 1656 5285 utique
1675 5214 1817 5271 illius
1837 5215 2065 5281 similes,

484 5303 568 5369 qui
594 5318 749 5374 supra
768 5314 971 5375 petrosa
995 5305 1279 5359 seminatur
1296 5315 1389 5371 est,
1423 5305 1475 5361 id
1501 5315 1601 5371 est,
1630 5308 1719 5377 qui
1744 5308 1812 5360 ad
1840 5322 2065 5361 momen-

483 5402 588 5446 tum
610 5411 728 5483 γυνη
748 5395 937 5464 gaudio
962 5396 1173 5467 suscipit
1198 5397 1423 5462 uerbum,
1448 5399 1543 5469 qui
1562 5401 1629 5450 ad
1656 5408 1853 5466 tempus
1882 5397 2065 5463 credit,

482 5493 529 5536 et
557 5486 611 5536 in‘
638 5493 859 5554 tempore
888 5489 1180 5542 tentationis
1212 5490 1400 5544 recedit
1421 5488 1636 5559 (llatth.
1666 5492 1764 5558 tv).
1806 5491 1942 5556 Quid
1983 5500 2072 5543 εει

484 5587 910 5633 mumentaneam
934 5582 1209 5650 suscipere
1230 5585 1534 5647 sanitatem,
1560 5584 1609 5637 id
1634 5592 1737 5651 est,
1766 5584 1831 5638 ad
1858 5594 2063 5653 tempus

484 5668 723 5739 credere,
757 5672 885 5729 etin
910 5675 1480 5744 temmretentationis
1509 5692 1605 5732 oro
1635 5679 1796 5734 animi
1828 5678 2067 5734 inlideli-
2108 5663 2129 5682 ’

2194 1813 2385 1875 septem
2419 1804 2551 1861 alios
2577 1806 2790 1873 spiritus
2817 1821 2989 1861 mum
3024 1808 3293 1879 nequiores
3331 1822 3412 1871 se,
3443 1816 3493 1860 et
3523 1806 3770 1860 intrantes

2196 1897 2425 1952 habitant
2447 1898 2518 1951 ibi
2541 1938 2555 1963 ,
2599 1906 2647 1951 et
2687 1900 2815 1967 ﬁunt
2843 1900 3114 1954 novissima
3140 1900 3365 1953 hominis
3406 1899 3555 1952 illius
3594 1899 3773 1968 pejora

2196 1989 2469 2058 prioribus.
2503 1988 2645 2045 Ecce
2667 1990 2752 2044 cui
2782 1991 3071 2046 sanitatem
3088 1990 3343 2045 collatam
3363 2000 3483 2045 esse
3512 2003 3623 2044 non
3650 2004 3770 2059 pros

2195 2082 2311 2137 luit.
2363 2082 2417 2136 In
2466 2096 2624 2152 quem
2672 2074 3033 2152 multiplicatis
3079 2083 3236 2139 malis
3279 2085 3499 2138 noeiirus
3547 2082 3770 2152 languor

2195 2173 2433 2229 incubuit
2464 2182 2519 2229 et
2546 2174 2791 2230 increvit.
2827 2174 2937 2231 Sed
2962 2178 3017 2233 et
3044 2177 3148 2231 alio
3175 2177 3291 2232 loco
3329 2177 3377 2231 is
3418 2178 3508 2246 qui
3540 2185 3658 2245 pes:
3684 2189 3768 2229 ac-

2194 2273 2405 2335 ceptam
2435 2268 2678 2322 notitiam
2708 2269 2967 2337 veritatis,
3015 2270 3071 2324 id
3093 2280 3203 2336 est,
3233 2279 3350 2339 post
3378 2270 3628 2324 collatam
3658 2270 3766 2335 (ve-

2194 2358 2430 2428 ritatem)
2472 2358 2573 2414 sibi
2602 2374 2785 2415 curam
2828 2361 3045 2427 salutis,
3091 2363 3404 2432 sanguinem
3461 2354 3766 2416 testamenti

2195 2450 2457 2519 pollutum
2482 2451 2730 2517 duxerat,
2765 2454 2818 2506 in
2843 2468 2949 2522 quo
2972 2452 3337 2509 sanctiﬁcatus
3356 2460 3469 2519 est,
3502 2452 3555 2506 i‘d
3582 2460 3682 2517 est,
3714 2453 3761 2505 in

2192 2553 2303 2609 qua
2328 2550 2549 2596 sanatus
2577 2553 2687 2609 est,»
2712 2543 2957 2612 graviora
2988 2543 3178 2598 mereri
3224 2543 3481 2615 supplicia
3511 2542 3763 2610 Apostolo

2193 2640 2483 2687 attestante
2527 2633 2858 2703 perhibetur.
2905 2634 2997 2690 Sic
3037 2637 3214 2705 itaque
3249 2637 3416 2707 gratia
3463 2637 3527 2691 in
3562 2637 3759 2705 culpam

2193 2724 2437 2790 vertitur,
2467 2725 2571 2780 nisi
2597 2726 2843 2780 custodia
2872 2729 3244 2797 subsequatur.
3278 2727 3389 2783 Sed
3414 2729 3465 2783 in
3497 2728 3587 2784 his
3616 2742 3757 2783 cvau‘

2192 2816 2382 2883 gelista
2428 2816 2708 2873 Mattheus
2748 2819 2877 2872 dum
2920 2820 3272 2875 incrassatum
3320 2826 3445 2885 cor,
3497 2820 3760 2874 obturatas

2192 2922 2347 2963 aures
2369 2951 2384 2975 ,
2416 2909 2732 2981 clausosque
2762 2911 2954 2966 oculos
2976 2912 3041 2970 ad
3073 2913 3283 2982 culpant
3311 2911 3550 2968 hominis
3577 2912 3759 2976 refert,

2190 3018 2287 3057 cur
2313 3020 2418 3058 non
2465 3013 2784 3060 sanarentur
2812 3007 3083 3074 apertiore
3134 3020 3321 3072 sensu,
3380 3015 3434 3061 et
3480 3006 3759 3061 dilucidam

2189 3098 2394 3150 ratione
2420 3096 2715 3162 perdocuit,
2746 3097 2873 3150 dum
2908 3095 3179 3168 (inquam)
3199 3096 3329 3151 dicit
3361 3114 3373 3149 :
3414 3094 3757 3151 Incrassntmn

2187 3198 2259 3241 est
2286 3202 2373 3239 cor
2403 3187 2575 3257 populi
2598 3187 2781 3258 hujus,
2812 3196 2865 3241 et
2894 3188 3109 3243 nuribus
3137 3190 3361 3259 graviter
3384 3190 3678 3250 audierunt,
3714 3197 3757 3241 et

2188 3276 2367 3329 oculos
2395 3292 2515 3331 suos
2545 3279 2855 3332 clauserunt.
2883 3278 3070 3335 Name
3098 3279 3191 3335 tibi
3213 3279 3419 3335 videtur
3437 3279 3575 3334 velut
3594 3280 3748 3333 inter-

2190 3368 2523 3436 rogantibus,
2563 3383 2661 3423 cur
2686 3370 2932 3425 videntes
2964 3386 3069 3425 non
3100 3371 3345 3433 videant.
3384 3379 3447 3425 et
3482 3368 3749 3424 audientes

2188 3474 2295 3514 non
2317 3460 2637 3530 inteliigant,
2672 3462 2974 3516 evidentem
2998 3465 3241 3532 protinus
3268 3462 3481 3518 dedisse
3502 3463 3754 3517 rationem

2187 3552 2256 3606 dc
2281 3554 2454 3608 causis
2477 3563 2693 3622 propter
2716 3564 2847 3623 quas
2869 3568 2973 3608 non
2997 3555 3207 3609 videant
3232 3564 3403 3623 neque
3425 3552 3755 3623 intelligant?

2188 3645 2310 3714 quia
2350 3647 2540 3701 audire
2572 3655 2625 3701 et
2651 3646 2855 3713 videre,
2888 3647 2943 3701 id
2966 3658 3069 3713 eat,
3106 3646 3407 3717 intelligere
3444 3659 3497 3703 et
3546 3642 3755 3702 obedire

2186 3738 2467 3793 uolucrum
2478 3776 2490 3791 .
2506 3738 2641 3805 Quia
2657 3738 2875 3808 (inquit)
2891 3752 2999 3792 non
3015 3754 3193 3793 omnes
3205 3739 3440 3794 obediunt
3463 3738 3753 3809 Evangelia,

2186 3830 2307 3897 quia
2359 3837 2467 3883 tota
2513 3830 2594 3882 die
2636 3829 2862 3897 expendi
2900 3844 3081 3883 mnus
3115 3845 3251 3885 meas
3278 3831 3345 3883 ad
3378 3830 3629 3900 populum
3665 3846 3757 3882 non

2186 3912 2470 3974 credentem
2499 3931 2546 3974 et
2586 3922 3046 3987 contradicentem;
3076 3922 3211 3976 sicut
3245 3922 3404 3976 etiam
3431 3936 3529 3990 per
3553 3936 3614 3977 se
3656 3921 3755 3989 jam

2186 4014 2459 4069 Dominus
2481 4014 2717 4084 loquitur
2749 4033 2761 4067 :
2793 4013 2959 4070 Filios
2981 4017 3090 4070 alui
3115 4023 3163 4070 et
3192 4016 3426 4079 exaltari,
3461 4017 3560 4084 ipsi
3598 4024 3756 4068 autem

2184 4120 2266 4160 me
2311 4118 2628 4177 spreverunt.
2680 4109 2751 4163 Et
2791 4109 2981 4163 iterum
3029 4128 3040 4161 :
3097 4109 3346 4176 Quoniam
3390 4106 3758 4178 dereliquerunt

2184 4214 2361 4252 venam
2408 4214 2654 4268 aquarum
2681 4201 2951 4254 viventium
2993 4200 3282 4254 Dominum.
3329 4200 3395 4253 Et
3439 4200 3491 4253 in
3539 4197 3756 4253 Actibus

2187 4292 2567 4360 Apostolorum
2607 4311 2618 4346 :
2658 4292 2894 4347 Videntes
2934 4292 3148 4365 (inquit)
3189 4291 3396 4354 Judai,
3430 4293 3607 4361 repleti
3644 4298 3761 4344 sunt

2184 4382 2295 4437 zelo
2316 4423 2331 4450 ,
2379 4392 2427 4437 et
2461 4384 2873 4437 eontradicebant
2903 4383 2985 4438 his
3019 4400 3131 4453 qm
3170 4399 3200 4437 a
3233 4382 3402 4437 Paulo
3439 4380 3753 4443 dicebantur,

2186 4475 2587 4544 blasphemantes
2612 4477 2747 4529 uiam
2768 4473 2978 4529 Domini
2995 4475 3132 4547 (Act.
3157 4475 3297 4544 xm).
3326 4474 3392 4529 Et
3412 4474 3603 4529 iterum
3629 4491 3642 4526 :
3666 4471 3757 4524 ln-

2186 4569 2345 4623 stabat
2403 4567 2623 4637 (inquit)
2649 4568 2799 4621 verbo
2837 4565 3037 4620 Paulus
3061 4612 3075 4635 ,
3109 4567 3387 4636 testiﬁcaris
3424 4563 3622 4619 ludatis
3654 4578 3758 4617 esse

2187 4662 2443 4718 Christum
2479 4661 2679 4719 Jesum.
2712 4661 3185 4717 Contradicentibus
3225 4668 3275 4715 et
3302 4657 3757 4731 blasphemantib‘nr

2183 4754 2440 4808 excutiens
2466 4755 2761 4807 vestimenta
2804 4764 2895 4807 sua
2939 4752 3075 4808 dixit
3098 4770 3120 4808 :
3148 4750 3370 4825 Sanguis
3411 4756 3573 4806 vester
3608 4762 3757 4823 super

2184 4858 2335 4919 caput
2361 4858 2576 4901 vestrum
2612 4841 2734 4911 erii;
2781 4848 3000 4901 mundus
3025 4863 3121 4915 ego
3144 4863 3209 4903 ea;
3245 4845 3340 4899 hoc
3360 4848 3469 4916 jam
3501 4848 3567 4897 ad
3587 4853 3753 4915 gentes

2179 4943 2366 4995 uadum
2397 4941 2532 5012 (Act.
2566 4944 2738 5008 xvm).
2791 4941 3258 4997 Contradicentibus
3298 4940 3519 5011 (inquit)
3558 4940 3661 4991 illis
3712 4948 3757 4990 et

2180 5030 2665 5100 blasphemantibus.
2696 5031 2828 5086 Vide
2855 5034 3127 5101 quomodo
3152 5030 3385 5087 remedia
3421 5032 3619 5099 ingerit
3649 5045 3757 5083 me-

2176 5124 2366 5189 dicus,
2392 5132 2443 5177 ct
2482 5134 2693 5179 recusat
2728 5133 2979 5194 aegrotus.
3029 5122 3264 5192 Quorum
3306 5122 3552 5179 duritiam
3600 5123 3757 5176 etiam

2182 5216 2372 5270 beatus
2418 5216 2718 5284 Stephanus
2754 5218 2867 5285 pari
2902 5218 3217 5270 auctoritate
3264 5216 3504 5285 increpat
3541 5214 3757 5277 dicens,

2182 5307 2543 5361 Incircumcisi
2596 5306 2753 5361 corde
2797 5316 2847 5360 ct
2888 5306 3132 5370 auribus,
3174 5322 3262 5360 vos
3304 5320 3497 5375 semper
3543 5303 3758 5370 Spiritui

2182 5398 2363 5456 sancto
2412 5402 2662 5467 restitistis
2710 5400 2843 5469 (Act.
2877 5400 2993 5471 vn).
3043 5399 3181 5455 Ecce
3227 5412 3391 5469 quare
3426 5397 3607 5451 videre
3656 5411 3757 5449 non

2148 5500 2151 5503 ‘
2186 5506 2408 5563 possunt
2438 5511 2449 5547 :
2482 5494 2605 5564 quia
2645 5492 2862 5562 Spiritui
2895 5504 3081 5548 sancto
3106 5492 3363 5547 resismnt
3386 5532 3399 5555 ,
3448 5497 3607 5557 atque
3647 5502 3676 5541 a
3704 5501 3759 5542 se

2184 5585 2382 5639 clausis
2405 5594 2593 5653 sponte
2616 5584 2783 5639 oculis
2809 5585 2984 5638 lumen
3008 5576 3250 5639 veritatis
3274 5581 3582 5638 excludunt.
3611 5577 3759 5646 Quod

2190 5690 2319 5748 ergo
2350 5677 2400 5731 in
2433 5675 2719 5745 Evangelio
2750 5677 2988 5746 sequitur
3014 5682 3068 5731 et
3094 5674 3223 5732 dicit
3254 5692 3268 5730 :
3316 5672 3398 5730 Ne
3420 5675 3555 5742 forte
3601 5671 3757 5724 oculis
