4090 6330
202 400 291 459 ait
700 454 717 459 _
1297 394 1384 451 ne
1423 388 1677 452 GRATIA
1721 380 1862 459 ost,
1910 389 2083 455 ero.
2126 387 2252 445 Lt-n.
2296 388 2357 446 ll.
3266 346 3273 353 ’
3363 378 3467 439 tm

204 510 415 572 videant,
447 518 491 562 et
512 508 719 564 auribus
740 509 975 574 audiant,
993 518 1037 564 et
1053 508 1206 564 corda
1224 508 1544 578 intelligant;
1569 512 1780 561 amor-
1804 502 1861 575 Α
1885 512 1939 559 et
1967 503 2270 558 Judzcormn
2292 504 2760 573 praesumptionem
2778 493 3089 556 omnimodo
3110 498 3469 568 comprimere

205 614 383 669 tantur,
410 612 454 655 et
478 617 649 655 sanam
667 617 749 656 eos
773 600 951 671 (Joan.
978 601 1783 672 xu),nepossiutconvertist-
1884 597 2095 653 Studeat
2118 641 2132 665 ,
2165 598 2256 666 qui
2304 597 2545 666 improbe
2584 597 2651 652 de
2690 597 2820 667 legis
2848 596 3099 665 operibus
3146 594 3469 650 intumesce-

205 712 299 769 que
322 693 779 763 sanari,obdurati
800 694 977 752 cordis
999 696 1183 751 uitium
1199 705 1255 751 et
1276 709 1431 765 pmna
1446 694 1653 763 peccati
1671 698 1776 749 est.
1886 686 2033 755 bant,
2071 692 2182 744 non
2210 693 2259 743 in
2291 690 2493 758 origine
2522 692 2795 745 seniorum
2828 686 3049 745 ismaele
3083 688 3169 744 vel
3198 684 3339 745 Esau
3375 684 3473 744 de.

208 789 302 857 Ne,
319 791 507 860 inquit,
521 800 876 846 convertantur
890 801 937 845 et
952 806 1245 847 meos.
1260 789 1377 843 Non
1394 789 1485 842 hic
1496 788 1783 842 sanitatem

208 884 506 940 volentibus
560 883 832 954 denegat,
878 883 971 939 sed
1021 882 1453 938 contradicentes
1489 896 1553 936 se
1589 894 1789 936 sanare

207 976 373 1039 nolle;
399 976 450 1029 id
471 986 577 1040 est,
597 990 703 1031 non
723 975 918 1031 debere
941 976 1266 1045 pronuntiat.
1287 973 1371 1029 Ad
1386 972 1785 1028 conferendum-

208 1069 504 1125 remedium
545 1069 941 1138 promptissima
968 1079 1051 1123 est
1081 1068 1297 1123 bonitas
1319 1066 1514 1122 medici
1534 1109 1548 1132 ,
1580 1065 1683 1123 sed»
1706 1066 1791 1119 irr-

210 1159 557 1230 temperantia
584 1159 904 1216 contradicit
941 1160 1161 1215 inﬁrmi.
1193 1159 1325 1215 Nam
1357 1159 1453 1229 qui
1476 1160 1547 1213 ita
1592 1157 1791 1214 inbellis-

208 1252 435 1323 gendum
476 1254 668 1324 putat,
724 1252 868 1323 quod
900 1266 994 1307 eos
1036 1265 1227 1331 sanare
1256 1252 1521 1320 noluerit,
1561 1249 1792 1306 absolvit

211 1338 478 1399 hominem
506 1354 561 1401 et
588 1336 810 1400 damnat
850 1354 1147 1401 auctorem.
1182 1343 1370 1401 Nullus
1393 1357 1525 1413 ergo
1543 1342 1792 1399 eiciar“-

211 1445 290 1490 tnr
318 1453 349 1490 a
373 1432 646 1492 beneficiis
676 1436 770 1493 Dei
787 1478 805 1504 ,
830 1435 923 1507 qui
956 1437 1183 1506 primum
1210 1436 1279 1492 de
1303 1437 1563 1507 neglectis
1589 1435 1793 1492 lie-stir-

212 1528 301 1583 ciis
324 1526 648 1597 iudicandus
674 1539 781 1584 est.

824 1618 1048 1677 CAPUT
1090 1620 1174 1676 Vl.

216 1714 353 1782 Quid
375 1715 441 1767 sit
465 1712 600 1784 quod
628 1714 721 1781 ait,
752 1713 877 1771 Cum
910 1713 1044 1769 enim
1064 1713 1297 1771 nondum
1316 1713 1530 1785 egissent
1555 1713 1675 1768 boui
1697 1710 1797 1767 eli-

791 1785 916 1854 quid
940 1794 1027 1838 aut
1063 1785 1205 1839 mali.

1886 791 2089 837 cretum
2121 782 2281 837 fatale
2313 783 2610 847 constituit,
2642 780 2741 836 sed
2764 783 2815 835 in
2850 778 3222 837 benedictione
3248 780 3392 836 Isaac
3415 791 3475 837 et

1887 875 2051 931 dactyli
2066 875 2383 930 elettiouem
2408 875 2589 944 populi
2608 875 3102 942 minorisostendit,
3118 884 3170 931 et
3189 886 3474 945 pr0pterea

1891 971 2153 1024 minorem
2198 968 2382 1037 majori
2422 982 2525 1022 non
2559 968 2701 1021 velut
2728 971 2961 1037 potentia
2992 969 3111 1036 Dei,
3135 969 3228 1025 sed
3260 972 3359 1041 pr’o
3395 969 3478 1039 ju-

1893 1062 2035 1117 stitia
2076 1060 2329 1130 pratum.
2356 1058 2589 1115 Perinde
2612 1060 2752 1114 enim
2780 1059 3107 1126 impietatem
3139 1058 3473 1125 Judnsorum,

1895 1156 2037 1210 sicut
2084 1153 2442 1208 obedientiam
2491 1154 2731 1223 gentium
2779 1153 3125 1221 prtevidebat.
3178 1153 3308 1220 Quia
3349 1170 3479 1223 ergo

1894 1248 2070 1303 dicit:
2115 1245 2243 1301 Cum
2286 1247 2421 1300 enim
2466 1246 2693 1299 nondum
2732 1247 2949 1317 cpissent
2978 1245 3095 1300 boni
3144 1247 3347 1315 aliquid
3392 1256 3481 1299 aut

1897 1339 2044 1403 tituli,-
2067 1348 2167 1392 non
2185 1342 2253 1393 ea:
2272 1338 2505 1410 operibus
2526 1379 2539 1403 ,
2570 1338 2665 1393 sed
2684 1350 2747 1393 est
2767 1344 2977 1393 vocante
2998 1340 3188 1392 dictum
3218 1348 3291 1393 est
3307 1382 3322 1407 ,
3363 1339 3485 1409 quia

1896 1442 2065 1499 moror
2094 1433 2267 1485 mist
2300 1432 2503 1496 nrinori,
2534 1445 2599 1486 ex
2637 1432 2867 1487 Vocante
2894 1431 3339 1501 quidem'dictum
3376 1441 3483 1498 est,
3572 1480 3577 1485 .

1901 1534 2223 1582 non=tamen
2242 1527 2315 1581 ad
2339 1524 2744 1597 compellendus
2773 1528 2855 1582 vel
2887 1526 3223 1597 repellendos
3245 1568 3258 1590 ,
3285 1524 3381 1581 sed
3419 1524 3486 1583 ad

1898 1619 2205 1674 additurus
2228 1628 2281 1674 et
2310 1634 2427 1673 non!
2448 1617 2750 1674 credituros
2771 1619 2968 1674 dietum
2994 1634 3114 1675 esse
3143 1619 3487 1674 manifestum

1901 1718 2003 1775 est,
2033 1716 2093 1766 dt
2118 1711 2301 1765 divina
2325 1710 2424 1766 sibi
2448 1720 2731 1766 constante
2747 1713 2979 1782 iustitia,
3009 1712 3074 1765 ad
3106 1706 3488 1782 hominis‘per-

1814 1841 1818 1845 ‹
1903 1804 2076 1859 nam
2120 1806 2448 1860 voluntatem
2500 1805 2585 1860 vel
2631 1808 2879 1873 renuere,
2914 1806 2997 1859 vel
3028 1805 3319 1861 observare
3346 1819 3490 1875 pras-

280 1897 437 1952 lll‘um
470 1912 596 1952 vero
640 1897 880 1968 Apostoli
923 1913 1139 1955 sensum
1171 1900 1308 1953 intra
1338 1898 1550 1968 gentilis
1593 1898 1801 1956 decreti
1825 1878 1883 1961 Β
1904 1911 2082 1971 cepta.
2120 1899 2252 1956 cum
2285 1910 2417 1971 ergo
2440 1900 2592 1955 audis
2616 1944 2629 1967 ,
2662 1912 2723 1955 ea:
2751 1910 2963 1954 vocante
2991 1900 3178 1953 dictum
3223 1909 3313 1965 est,
3359 1900 3491 1954 invi-

214 2001 423 2045 arctare
446 2002 708 2045 conantur
729 1990 1025 2059 angustias,
1048 1990 1189 2060 quod
1215 1989 1347 2046 dicit
1376 2007 1392 2045 :
1424 1989 1805 2045 Promissionis

216 2083 436 2157 (inquit)
458 2083 660 2136 verbum
681 2083 775 2137 hoc
794 2094 864 2137 est
890 2100 907 2140 :
931 2084 1228 2138 Secundum
1253 2084 1348 2137 hoc
1368 2068 1565 2154 tempus
1580 2085 1797 2148 veniam,

216 2186 260 2229 et
280 2177 382 2229 erit
414 2174 561 2230 Sara:
590 2175 748 2243 filius.
784 2175 905 2228 Non
945 2178 1110 2229 solum
1135 2162 1455 2241 autem,sed
1483 2186 1529 2231 et
1577 2175 1804 2231 Rebecca

217 2283 277 2321 ex
305 2283 414 2321 uno
449 2266 716 2320 concubitu
747 2267 933 2321 habens
965 2264 1120 2321 Isaac
1149 2278 1345 2336 patrem
1379 2277 1631 2321 nostrum.
1676 2266 1803 2320 Cum

216 2363 349 2414 enim
381 2360 607 2413 nondum
630 2360 734 2412 nati
757 2360 988 2430 fuissent,
1013 2369 1101 2413 aut
1127 2359 1323 2430 aliquid
1343 2359 1559 2431 egissent
1578 2358 1701 2412 boni
1714 2371 1805 2412 aut

217 2452 362 2518 mali,
394 2462 447 2505 ut
470 2451 745 2506 secundum
772 2450 1064 2507 electionem
1094 2453 1413 2524 propositum
1438 2450 1533 2506 Dei
1556 2462 1805 2518 maneret,

220 2561 318 2597 non
344 2560 410 2597 ex
429 2544 690 2613 aperibus,
719 2544 807 2598 sed
834 2561 897 2598 ex
921 2556 1126 2599 vocante
1148 2545 1339 2599 dictum
1369 2555 1462 2605 est,
1494 2547 1615 2615 quia
1636 2547 1808 2616 major

220 2639 403 2691 serviet
450 2637 635 2691 minori
651 2678 665 2704 ,
697 2638 829 2691 sicut
858 2638 1104 2708 scriptum
1134 2648 1204 2692 est
1230 2653 1248 2691 .'
1271 2636 1433 2692 Jacob
1459 2638 1638 2701 dilexi,
1663 2635 1809 2690 Esau

222 2740 395 2783 autem
416 2729 533 2783 odio
554 2728 706 2783 habui
733 2726 910 2797 (Rom.
936 2745 1023 2795 tx;
1049 2728 1176 2784 Mal.
1207 2728 1268 2799 ι).
1293 2729 1351 2784 In
1385 2730 1471 2784 his
1496 2728 1675 2783 verbis
1708 2729 1811 2783 hoc

223 2826 336 2879 vult
388 2824 607 2896 intelligi
651 2824 925 2896 gentilitia:
964 2824 1329 2895 persuasionis
1356 2823 1637 2891 impietas,
1666 2821 1812 2891 quod

226 2918 368 2975 Deus
399 2919 599 2989 absque
622 2918 729 2973 ullo
765 2919 902 2974 inter
939 2919 1136 2974 malum
1158 2926 1214 2973 et
1244 2919 1441 2973 bonum
1457 2917 1812 2972 moderatoris

223 3018 497 3078 examlne,
512 3026 616 3065 non
631 3011 817 3066 ordine
832 3011 1187 3080 regentis,sed
1197 3009 1652 3080 jnredotuinantis
1665 3008 1823 3063 illum

225 3103 421 3160 affectu
438 3104 651 3175 dignum
673 3103 878 3169 reddat,
893 3104 1034 3159 hunc
1053 3103 1197 3167 odio,
1212 3104 1357 3158 illum
1372 3102 1601 3171 recipiat
1613 3101 1814 3167 studio,

225 3198 373 3250 hunc
408 3196 657 3251 excludat
683 3195 925 3266 imperio.
960 3196 1026 3251 Et
1061 3195 1202 3250 inter
1227 3195 1361 3250 duos
1390 3195 1647 3264 perditas,
1672 3193 1823 3249 nulla:

1907 1996 2113 2047 tantum
2139 1992 2407 2061 intelligo,
2447 2006 2554 2047 non
2586 1992 2889 2061 cogentem.
2925 1992 3052 2046 Item
3083 1991 3207 2046 doni
3233 1990 3362 2047 dicit
3389 2009 3491 2047 non

1907 2098 1977 2139 ear
2002 2084 2267 2154 operibus,
2312 2088 2505 2139 asserit
2550 2084 2697 2139 circa
2723 2084 2821 2140 eos
2847 2092 2951 2139 nou
2985 2085 3117 2154 legis
3145 2100 3306 2154 opera
3329 2128 3342 2151 ,
3375 2101 3493 2154 qure

1910 2177 2103 2244 utique
2125 2177 2359 2231 nondum
2387 2175 2713 2241 adx'enerat,
2738 2177 2845 2232 sed'
2873 2179 3032 2232 etiam
3059 2187 3182 2231 ante
3216 2178 3384 2246 legem
3417 2177 3494 2230 di-

1909 2270 2053 2324 vum
2092 2266 2481 2323 misericordia:
2526 2272 2591 2323 ac
2628 2268 3009 2323 munificentiae
3048 2266 3187 2322 dona
3243 2268 3496 2338 viguisse.

1913 2359 2038 2415 Non
2072 2374 2132 2413 ea:
2159 2359 2420 2429 operibus,
2452 2359 2639 2429 inquit.
2675 2358 2842 2414 Audis
2870 2359 3002 2429 legis
3041 2373 3205 2428 opera
3251 2358 3496 2426 destrui,

1914 2461 1969 2507 et
1999 2460 2054 2505 tu
2085 2460 2369 2521 propterea
2405 2450 2587 2520 inepto
2618 2452 2778 2506 sensu
2826 2452 2987 2506 etiam
3016 2452 3125 2517 sub
3172 2451 3354 2521 gratiae
3384 2451 3497 2522 lege

1913 2546 2178 2612 viventes,
2211 2545 2347 2601 alios
2371 2545 2487 2600 sine
2513 2544 2766 2614 operibus
2794 2545 2979 2613 gratia:
3008 2542 3184 2599 credis
3213 2558 3369 2616 posse
3394 2546 3500 2600 sal-

1858 2706 1867 2717 .
1914 2638 2062 2701 vari,
2104 2638 2239 2691 alios
2268 2638 2428 2692 etiam
2457 2651 2576 2691 cum
2609 2637 2861 2706 operibus
2906 2636 3225 2706 prohibente
3275 2639 3500 2695 naturali

1918 2742 2059 2783 nexu
2084 2738 2141 2783 et
2161 2731 2279 2799 lege
2302 2730 2445 2783 fatali
2463 2730 2625 2797 janua
2648 2730 2833 2783 salutis
2856 2730 3115 2783 excludis.
3140 2730 3301 2783 Jacob
3322 2730 3498 2799 dilexi,

1920 2821 2066 2876 Esau
2087 2822 2204 2875 alio
2233 2821 2409 2875 habui.
2434 2823 2716 2888 Quomodo
2742 2825 2827 2879 hic
2856 2825 3001 2892 juxta
3028 2824 3176 2895 pravi
3206 2839 3395 2880 sensus
3421 2826 3501 2881 itt-

1920 2923 2213 2985 tetpretem
2270 2918 2409 2970 circa
2455 2917 2689 2970 nondum
2738 2928 2890 2971 natos
2947 2918 3208 2972 sententia
3266 2920 3502 2975 coelestis

1921 3009 2198 3065 exeritur?
2222 3008 2331 3065 Nec
2356 3023 2487 3065 rens
2504 3012 2647 3067 enim
2673 3026 2792 3066 esse
2813 3022 2985 3081 potest
3012 3015 3245 3069 nondum
3271 3017 3504 3085 genitus,

1926 3116 2029 3157 nec
2045 3102 2275 3158 dilectus
2304 3119 2317 3157 :
2352 3102 2485 3158 nihil
2514 3104 2659 3159 enim
2687 3112 2923 3159 meretur
2952 3105 3186 3161 nondum
3217 3107 3504 3179 productus

1928 3196 1981 3250 in
2016 3196 2220 3261 lucem;
2262 3196 2356 3250 sed
2388 3198 2527 3251 sicut
2562 3197 2613 3251 in
2660 3196 2896 3252 futurum
2938 3198 3112 3255 adhuc
3158 3209 3273 3255 erat
3320 3218 3507 3257 eorum

227 3289 591 3345 consideratio
622 3289 847 3357 laboris,
874 3288 1017 3344 nulla
1060 3288 1357 3343 devotionis
1406 3286 1688 3353 habeatur,
1719 3285 1821 3341 sed
1844 3274 1905 3337 ϐ’
1924 3291 2158 3358 reposita
2189 3284 2558 3356 donversatio,
2582 3287 2654 3345 ita
2684 3287 2857 3345 futuis
2886 3293 3220 3360 praescientis
3257 3292 3501 3361 olfensio,

230 3398 373 3437 unus
394 3383 509 3438 sine
530 3381 735 3437 ratione
762 3382 1097 3438 cessantibus
1115 3381 1305 3437 olliciis
1328 3389 1651 3446 assumatur,
1679 3378 1818 3434 alter

228 3476 353 3530 sine
371 3476 693 3531 discretione
714 3474 1015 3530 danmctur.
1032 3475 1107 3528 Ac
1123 3475 1201 3528 sic
1227 3473 1352 3527 dum
1377 3473 1428 3526 in
1443 3473 1701 3527 alterutro
1721 3485 1827 3527 nec

230 3568 423 3623 meriti
442 3568 623 3621 existit
648 3567 888 3633 materia,
912 3581 1011 3620 nec
1028 3566 1231 3627 delicti,
1246 3564 1482 3619 aufertur
1502 3564 1723 3627 omnino
1742 3562 1823 3615 fn-

231 3661 348 3714 turi
387 3673 544 3712 causa
585 3656 789 3728 iudicii.
818 3657 970 3724 Quod
1015 3658 1059 3711 si
1103 3658 1219 3711 btec
1250 3672 1429 3711 rerum
1458 3665 1565 3711 tam
1605 3656 1823 3725 indigna

231 3748 487 3807 Confusio
509 3749 666 3805 etiam
689 3764 719 3805 a
741 3763 899 3805 sensu
921 3748 1171 3804 humana:
1188 3749 1381 3804 mentis
1400 3749 1572 3803 aliena
1594 3760 1697 3812 est,
1716 3749 1826 3804 sol-

232 3844 446 3900 licitius
487 3844 817 3914 requiramus
852 3842 978 3913 quid
1018 3841 1213 3897 divina:
1239 3842 1543 3908 conveniat,
1567 3844 1827 3911 Apostolo

233 3938 548 3992 disserente
568 3976 584 4003 ,
627 3934 882 4005 justitite,
928 3936 1066 3989 inter
1089 3934 1222 3990 duos
1247 3934 1472 4004 populos
1505 3935 1839 3991 constitutus

233 4030 553 4087 Iudaeorum
583 4029 769 4084 doctor
788 4037 843 4083 et
869 4028 1133 4100 gentium,
1160 4028 1297 4083 dum
1315 4027 1389 4083 ita
1418 4028 1493 4083 ait
1523 4044 1538 4082 :
1566 4030 1689 4097 quia
1714 4042 1828 4081 ma.-

231 4125 325 4199 jor
357 4121 535 4174 serviet
567 4121 751 4173 minori
780 4119 934 4192 (Gen.
968 4122 1121 4189 xxv),
1146 4119 1199 4175 in
1222 4120 1434 4175 seniore
1462 4119 1641 4175 Judaei-
1677 4134 1828 4174 πνοι-

236 4214 423 4284 gautia
470 4213 807 4282 reprobatur,
841 4214 891 4266 in
918 4212 1135 4282 juniore
1163 4212 1294 4269 ﬁdes
1329 4212 1545 4282 gentilis
1586 4212 1823 4283 eligitur.

239 4305 433 4376 Itaque
454 4304 567 4373 ipse
592 4304 693 4359 sibi
720 4303 938 4359 obducit
958 4305 1273 4375 ignorantia
1301 4305 1559 4369 nebula,
1585 4305 1689 4374 qui
1720 4316 1833 4359 non

240 4408 353 4452 tam
387 4396 677 4466 Scripturis
699 4398 896 4452 sanctis
917 4398 1132 4468 sequaci
1160 4412 1323 4454 sensu
1347 4412 1407 4452 se
1435 4396 1826 4463 accommodat,

238 4506 408 4560 quam
440 4488 745 4557 Scripturas
766 4498 980 4545 sanctas
1007 4488 1075 4543 ad
1102 4488 1433 4543 intellectum
1454 4503 1615 4543 suum
1631 4487 1834 4542 violen-

239 4590 326 4635 ter
354 4580 629 4633 attrahere
657 4587 711 4632 et
748 4580 1124 4649 praesumptins
1149 4578 1335 4633 nititur
1370 4579 1670 4647 applicare,
1693 4588 1751 4633 et
1779 4577 1835 4632 id

238 4672 345 4729 sibi
374 4688 474 4741 pro
511 4678 670 4739 captu
699 4683 799 4725 suo
820 4670 1017 4725 omissa
1046 4669 1465 4739 praecedentium
1492 4670 1574 4725 vel
1604 4682 1837 4739 sequen-

240 4763 378 4817 tium
412 4762 624 4817 ratione
654 4761 960 4832 persuadet,
985 4762 1124 4817 unde
1144 4761 1354 4832 penitus
1375 4760 1521 4829 loqui
1543 4760 1836 4827 Apostolus

241 4873 351 4911 non
381 4855 634 4909 instituit.
667 4856 816 4923 Quod
839 4858 883 4910 si
908 4855 977 4909 ad
1007 4854 1225 4923 capituli
1246 4853 1414 4923 ipsius
1438 4854 1507 4908 de
1530 4866 1637 4922 quo
1660 4851 1837 4921 agitur

241 4962 500 5003 recurras
528 4946 828 5015 exordium,
856 4961 1016 5001 omne
1038 4946 1238 5014 absque
1268 4945 1375 4999 ulla
1399 4943 1713 4999 difﬁcultate
1741 4942 1839 4997 de-

242 5039 484 5094 clinabis
514 5040 844 5108 ambiguum.
876 5038 931 5093 Si
980 5038 1232 5108 magister
1256 5037 1494 5107 gentium
1538 5036 1606 5092 de
1653 5037 1836 5106 genesi

246 5132 535 5187 hominum
575 5140 808 5185 tractare
836 5131 1110 5201 cmpisset,
1139 5139 1193 5184 et
1214 5130 1421 5184 diceret
1441 5129 1643 5184 homini
1675 5128 1838 5182 totius

249 5222 379 5278 vita:
410 5238 630 5278 cursum
657 5221 859 5291 origine
889 5221 1231 5293 przelinitum,
1260 5230 1313 5276 et
1344 5221 1515 5290 magis
1533 5218 1837 5276 necessitati

248 5314 554 5382 subditum,
579 5328 736 5383 quam
764 5314 931 5367 libero
953 5313 1175 5366 arbitrio
1197 5312 1363 5367 fuisse
1377 5312 1745 5381 commissum,
1773 5326 1840 5366 eo

249 5406 396 5477 quod
425 5406 679 5461 Dominus
709 5405 949 5461 omnium
976 5420 1072 5475 pro
1101 5408 1377 5475 potestatis
1419 5416 1552 5460 nutu
1580 5405 1839 5470 violento,

252 5516 363 5569 quo
396 5501 613 5554 decreto
642 5499 778 5553 alios
822 5498 1147 5565 relinqueret
1173 5498 1241 5551 ad
1273 5497 1626 5567 perditionem
1651 5538 1667 5565 ,
1709 5498 1845 5553 alios

252 5590 485 5659 eligeret
519 5590 584 5646 ad
615 5594 864 5656 salutem,
920 5598 1047 5643 tunc
1074 5588 1301 5644 forsitan
1339 5590 1487 5646 velut
1540 5604 1633 5659 per
1677 5592 1839 5649 lineas

254 5684 647 5751 decurrentes,
679 5683 914 5737 colorem
944 5680 1087 5736 hunc
1134 5681 1313 5751 iniqua
1354 5683 1633 5751 persuasio
1679 5699 1849 5753 pOSSll

256 5791 529 5830 asserere.
562 5776 689 5830 Cum
724 5790 847 5831 vero
873 5774 1159 5845 Apostolus
1185 5776 1568 5843 promissiones
1622 5776 1751 5845 Dei,
1792 5787 1849 5832 et

1861 4624 1931 4703 D‘

1925 3381 2103 3436 futura
2134 3382 2525 3451 prtenuntiatur
2553 3382 2765 3437 electio.
2811 3382 2941 3438 Nam
2972 3384 3151 3440 divina
3178 3388 3509 3457 providentia

1926 3480 2067 3529 sicut
2097 3474 2247 3529 novit
2263 3473 2503 3542 judicare
2524 3473 2592 3530 d‘e
2614 3476 2801 3544 gestis,
2834 3476 2905 3530 ita
2928 3476 3102 3533 adhuc
3132 3480 3380 3548 gerendis
3410 3482 3513 3535 scit

1928 3565 2302 3634 praeiudicare.
2334 3564 2502 3619 Nemo
2538 3566 2717 3636 itaque
2739 3574 2889 3635 plttet
2918 3566 3058 3637 quod
3086 3569 3342 3625 fratribus
3377 3586 3513 3626 non-

1930 3657 2059 3710 dum
2090 3657 2227 3710 natis
2256 3656 2587 3711 diversorum
2619 3658 2907 3712 necessitas
2938 3662 3008 3714 sit
3038 3661 3261 3730 praefixa"
3296 3666 3513 3719 merito-

1932 3758 2075 3813 rum,
2103 3764 2227 3803 cum
2256 3750 2357 3803 lroc
2401 3760 2520 3817 post
2548 3754 2871 3804 transactam
2908 3753 3027 3807 vine
3057 3753 3300 3809 militiam
3327 3756 3395 3811 de
3434 3757 3515 3813 eis

1934 3838 2225 3894 Malacinos
2269 3843 2529 3909 propheta
2552 3850 2969 3905 commemoret;
3020 3852 3073 3899 et
3120 3843 3188 3899 de
3246 3849 3515 3915 praeterito

1934 3944 2135 3985 eorum.
2184 3937 2335 3984 statu
2364 3930 2605 3983 divinum
2645 3930 2885 3999 proferat
2935 3928 3211 3988 manifesta
3265 3939 3517 4007 aequitate

1932 4024 2212 4093 jﬂdlClﬂl“.
2236 4023 2399 4078 Iacob
2428 4023 2615 4089 dilexi,
2650 4020 2793 4078 Esau
2815 4037 2984 4079 autem
3015 4029 3131 4081 odio
3158 4029 3330 4084 habui.
3378 4035 3516 4100 Quid

1936 4116 2140 4171 mirum
2173 4124 2257 4170 est
2287 4118 2330 4170 si
2356 4117 2561 4185 iustitia
2582 4114 2763 4186 diligat
2797 4115 3154 4174 innocentiam
3173 4161 3187 4186 ,
3218 4132 3274 4177 et
3303 4128 3520 4196 respuat

1938 4206 2321 4277 iniquitatem,
2370 4208 2519 4275 apud
2558 4220 2714 4278 quam
2754 4208 2912 4263 etiam
2944 4207 3120 4265 futura
3178 4211 3312 4268 facta
3358 4221 3519 4272 sunt?

1936 4299 2103 4365 Quod
2149 4308 2337 4355 autem
2376 4299 2555 4354 minor
2579 4299 2773 4369 majori
2799 4310 2864 4355 ex
2903 4301 3016 4372 le’ge
3066 4309 3422 4377 praeponitur,
3468 4322 3522 4366 et

1938 4392 2111 4448 Jacob
2132 4392 2379 4462 neglecto
2401 4392 2571 4447 fratre
2590 4392 2846 4463 diligitur,
2874 4393 2996 4449 hinc
3017 4397 3171 4464 paulo
3199 4398 3522 4458 tardioribus

1939 4478 2244 4541 obscuritas
2284 4487 2554 4553 nascitur,
2597 4487 2738 4557 quod
2783 4490 3044 4555 prolatum
3088 4489 3389 4547 dilectionis
3439 4497 3523 4549 vel

1941 4577 2053 4632 odii
2081 4578 2453 4632 testimonium
2472 4576 2707 4631 nondum
2732 4580 2867 4632 nalis
2893 4579 3148 4636 fratribus
3173 4584 3523 4652 arbitrantur,

1943 4670 2075 4725 dum
2103 4679 2156 4726 et
2206 4668 2482 4725 evidentes
2512 4680 2687 4724 causa:
2727 4671 2920 4739 quibus
2968 4688 3102 4729 unus
3153 4676 3521 4749 displicuerit,

1945 4764 2085 4818 alter
2105 4760 2363 4831 placuerit
2386 4761 2807 4831 supprimuntur.
2841 4763 2897 4817 ln
2920 4764 3000 4818 his
3026 4780 3155 4835 ergo
3184 4767 3390 4825 duobus
3418 4787 3523 4826 nun

1946 4864 2159 4911 natura:
2175 4856 2299 4925 jura
2328 4856 2632 4909 hominibus
2655 4855 3017 4925 prreliguntur,
3050 4860 3144 4915 sed
3173 4859 3241 4917 de
3270 4862 3375 4919 ﬁde
3396 4880 3527 4934 gen.

1947 4947 2080 5002 tium
2102 4955 2158 5001 et
2187 4944 2503 5001 infidelitate
2521 4944 2827 5002 Judmorum
2850 4950 3067 5018 justitite
3089 4960 3282 5007 statuta
3307 4970 3527 5011 narrau-
3616 4960 3621 5003 ἒ

1948 5046 2058 5093 tur.
2092 5037 2207 5093 Non
2239 5038 2389 5092 enim
2413 5038 2512 5093 lioc
2544 5040 2659 5094 loco
2686 5041 2834 5108 juxta
2865 5041 3095 5098 litteram
3135 5060 3375 5114 persona:
3405 5063 3527 5119 spe-

1947 5129 2163 5185 cialiter
2187 5143 2598 5199 germanorum,
2634 5130 2727 5185 sed
2756 5142 2932 5186 rerum
2971 5140 3146 5190 causa:
3180 5151 3244 5191 ac
3274 5141 3529 5209 mysteria

1949 5222 2349 5287 describuntur,
2383 5222 2599 5277 dicente
2625 5221 2850 5278 Domino
2896 5243 2907 5276 :
2959 5224 3085 5280 Duae
3118 5238 3288 5298 gentes
3323 5242 3440 5284 sunt
3477 5234 3529 5286 in

1948 5324 2092 5371 utero
2122 5326 2227 5381 tuo,
2261 5322 2306 5368 et
2343 5312 2449 5369 duo
2467 5317 2642 5387 populi
2670 5314 2737 5370 de
2751 5324 2918 5372 ventre
2948 5326 3035 5372 tuo
3059 5318 3344 5377 dividentur
3370 5324 3527 5395 (Gen.

1949 5407 2108 5479 xxv).
2153 5407 2305 5476 Quod
2332 5408 2379 5461 si
2413 5406 2480 5462 de
2505 5408 2725 5477 prtcllxa
2768 5409 2881 5478 l‘ege
2912 5411 3131 5481 originis
3182 5424 3528 5484 tractaretur,

1950 5497 2080 5568 quid
2105 5512 2240 5566 opus
2261 5506 2379 5551 erat
2406 5507 2463 5551 ut
2488 5498 2709 5566 majoris
2733 5508 2786 5553 et
2817 5501 3035 5555 minoris
3061 5511 3271 5559 aetatem
3294 5507 3435 5577 quod
3462 5513 3530 5566 ad

1953 5604 2070 5645 rem
2099 5604 2203 5644 non
2236 5588 2555 5658 pertinebat,
2583 5591 2859 5657 insereret,
2882 5592 2980 5646 nisi
3005 5595 3125 5663 quia
3153 5595 3292 5666 apud
3317 5597 3531 5657 Judazo-

1952 5700 2071 5739 rum
2105 5684 2406 5752 prosapiam
2436 5696 2647 5752 semper
2673 5684 2724 5737 in
2747 5683 2972 5740 duorum
2995 5688 3274 5745 vocatione
3301 5696 3529 5764 populo-

1955 5791 2074 5829 rum
2106 5775 2305 5829 seniori
2336 5775 2600 5843 }uniorem
2632 5774 2946 5832 antefertur.
2980 5777 3035 5833 ln
3065 5794 3167 5849 qua
3199 5791 3375 5840 tamen
3404 5801 3528 5855 par.

254 5868 603 5926 vocationem
634 5871 871 5938 gentium
911 5870 1067 5925 altius
1096 5869 1342 5940 repetitis
1372 5878 1521 5925 texat
1549 5871 1844 5942 exemplis,
1958 5869 2091 5924 tium
2121 5868 2428 5925 diversitate
2462 5868 2615 5925 multi
2645 5877 2698 5924 et
2719 5869 2786 5926 de
2827 5869 3023 5929 ludaefs
3051 5876 3298 5947 reprobis
3320 5875 3532 5950 elisum

484 6010 539 6027 νε,
584 6022 599 6025 ,ν

1886 5952 1942 6011 ἅ
