4090 6330
517 316 719 373 Μ’

1741 294 1802 353 s.
1841 294 2086 353 FAUS‘i‘l
2128 291 2531 375 BHEGIENSIS

3676 280 3795 356 ω

516 445 627 499 tur,
659 439 712 487 et
738 442 805 484 ue
834 427 1017 483 electis
1045 422 1290 494 gentibus
1320 419 1694 489 reprobantur,
1725 425 1781 470 ut
1826 414 2099 484 intelligas
2125 415 2177 470 Δ
2208 411 2466 479 perfectio
2498 408 2662 475 dedit,
2690 423 2794 479 quo
2824 411 3104 467 erudiente
3139 410 3357 481 justitiae
3399 422 3631 468 sectator
3671 429 3784 472 ext-

519 526 573 580 in
596 534 820 593 utroque
846 520 1041 591 populo
1058 518 1260 588 justum
1282 513 1515 585 judicem
1539 528 1643 567 non
1665 510 1879 565 decreta
1900 507 2094 563 obser-

518 632 666 684 vare,
697 615 790 670 sed
820 612 1027 669 merita.
1057 609 1323 667 Sed-dicis
1348 624 1362 662 :
1393 606 1521 661 Cum
1549 605 1719 659 adhuc
1745 619 1845 657 non
1876 601 2103 673 egissent

518 708 713 780 aliquid
737 707 855 761 boni
893 715 983 759 aut
1019 704 1171 771 mali,
1197 704 1306 773 jam
1338 698 1615 772 praefinitis
1644 696 1888 769 partibus
1935 694 2107 764 depu-

521 810 720 856 tantur.
745 799 882 868 Quid
911 798 1103 853 mirum
1129 796 1171 850 si
1200 809 1426 864 quorum
1453 799 1609 849 actus
1630 788 1896 860 praevidit,
1917 799 2103 842 eorum

522 896 697 951 exitus
719 878 1088 964 prtesig'navit?
1116 890 1183 944 Et
1214 888 1334 943 ideo
1360 886 1501 942 sicut
1522 900 1615 940 eos
1642 896 1863 938 cursum
1896 878 2111 936 vivendi

460 978 467 995 ⁵
523 1005 622 1060 pro
650 988 873 1044 arbitrio
901 985 1118 1055 proprio
1148 982 1509 1051 disposituras
1531 993 1653 1034 esse
1681 974 1967 1032 constabat
1991 1015 2007 1041 ,
2038 973 2113 1027 ita

525 1099 622 1154 pro
654 1084 748 1139 Dei
773 1080 1008 1152 potentia
1042 1085 1466 1149 praenoscuntur.
1504 1088 1599 1144 pro
1621 1070 1828 1141 justitia
1856 1066 2115 1139 praeordi-

526 1184 742 1241 nantur,
776 1160 1074 1228 boctOtum
1094 1171 1161 1225 de
1180 1170 1261 1225 eis
1288 1166 1620 1238 praedicitur,
1657 1178 1765 1218 non
1795 1159 2114 1231 praefinitur.

526 1268 583 1324 in
623 1268 790 1323 Jacob
840 1281 970 1337 ergo
1017 1264 1189 1320 ﬁdelis
1225 1261 1452 1334 populus
1484 1257 1827 1320 describitur,
1874 1254 1930 1308 in
1971 1252 2114 1307 Esau

530 1361 840 1418 incredulus
864 1360 1176 1430 designatur
1195 1399 1210 1424 ,
1255 1358 1324 1412 de
1344 1355 1539 1426 quibus
1562 1352 1804 1422 utrisque
1838 1350 1907 1404 ita
1940 1344 2073 1401 dicit
2102 1370 2118 1407 ι

535 1454 674 1522 Quid
697 1470 818 1524 ergo
843 1454 1070 1507 dicemus
1088 1491 1104 1518 ,
1134 1451 1272 1521 quod
1309 1456 1481 1520 gentes
1508 1460 1624 1517 qua:
1669 1460 1771 1498 non
1799 1440 2124 1497 sectabantur

532 1549 781 1621 justitiam
831 1545 1272 1615 apprehenderunt
1316 1540 1607 1613 justitiam,
1641 1536 1905 1610 justitiam
1956 1538 2124 1585 autem

533 1619 649 1709 qua:
678 1654 739 1693 ex
767 1637 870 1705 ﬁde
898 1645 970 1689 est
994 1653 1014 1702 ;
1045 1632 1211 1688 Israel
1248 1648 1365 1687 vero
1390 1640 1586 1687 sectans
1617 1630 1778 1699 legem
1795 1623 2041 1697 justitiaz,
2069 1619 2125 1674 in

537 1731 695 1800 legem
713 1728 933 1801 justitia:
961 1743 1063 1803 non
1083 1725 1326 1797 pervenit.
1364 1723 1577 1792 Quare?
1605 1720 1726 1790 quia
1767 1734 1868 1773 non
1901 1731 1964 1770 ea:
1988 1712 2126 1784 ﬁde,

814 1781 880 1875 ea:
895 1781 1165 1890 operibus.
1189 1781 1531 1885 Olfenderunt
1551 1781 1687 1867 enim
1712 1811 1765 1865 in
1789 1781 2012 1878 lapidem
2038 1808 2119 1875 οῖ·
2144 1781 2197 1844 Β

538 1914 783 1983 fensionis
826 1912 1002 1983 (Rom.
1038 1910 1137 1981 ιχ).
1181 1910 1315 1965 Dum
1352 1908 1571 1973 dicitur,
1621 1920 1727 1959 non
1754 1919 1818 1957 ex
1854 1899 2121 1971 operibus,

537 2008 686 2062 vides
706 2007 829 2076 quia
860 2005 992 2074 legis
1022 2017 1183 2074 opera
1214 2002 1589 2065 destruuntur,
1621 2006 1675 2054 et
1700 1995 1845 2068 quod
1879 1990 2125 2065 gentibus

539 2097 845 2154 obedientia
891 2098 1031 2152 viam
1061 2095 1274 2165 aperuit
1305 2095 1371 2149 ad
1411 2089 1835 2149 misericordiam
1868 2107 1881 2140 :
1924 2085 2127 2142 ludatis

540 2206 669 2246 vero
694 2190 1008 2260 praecedens
1041 2187 1292 2258 iniquitas
1334 2195 1390 2242 et
1429 2183 1777 2240 incredulitas
1806 2178 2130 2250 prteparavit

544 2282 839 2338 offensam?
885 2281 1010 2335 Non
1052 2297 1115 2334 ea:
1150 2279 1386 2349 aperibus
1432 2275 1674 2351 (inquit),
1717 2274 1804 2327 sed
1830 2288 1891 2326 ea:
1919 2278 2128 2325 vocante

548 2375 739 2426 dictum
760 2382 851 2426 est.
885 2371 999 2427 Non
1031 2369 1152 2424 illos
1181 2369 1311 2423 dicit
1339 2366 1570 2438 propriis
1600 2364 1853 2435 operibus
1894 2375 2129 2429 vacuos,

548 2464 645 2519 sed
686 2470 845 2532 negat
870 2476 936 2518 ex
963 2454 1219 2528 operibus
1247 2458 1381 2528 legis
1402 2457 1567 2513 fuisse
1590 2457 1845 2512 salvatos.
1889 2452 2043 2508 Absit
2071 2459 2133 2507 ut

548 2556 776 2627 preponi
808 2555 895 2611 hic
920 2555 1193 2610 damnatio
1219 2552 1440 2624 originis
1472 2551 1789 2620 teStimetur,
1820 2548 1909 2606 ubi
1935 2562 2133 2604 vocan-

550 2654 618 2707 tis
644 2650 946 2721 benignitas
968 2659 1023 2704 et
1043 2647 1467 2719 obtemperantis
1490 2645 1759 2702 humilitas
1786 2643 2130 2714 praedicatur,

550 2753 605 2799 et
634 2742 722 2799 ubi
750 2743 871 2799 lidei
898 2742 1109 2798 divitias
1130 2740 1375 2797 doctrina
1398 2739 1665 2811 generalis
1690 2737 1941 2804 inculcat,
1967 2750 2031 2791 ac
2052 2736 2133 2790 lu-

551 2851 677 2893 men
706 2834 1040 2891 credulitatis
1070 2834 1323 2889 insinuat.
1360 2832 1477 2889 Non
1505 2847 1633 2903 ergo
1663 2846 1723 2887 se
1757 2831 1856 2885 hoc
1878 2831 1999 2885 loco
2032 2827 2135 2883 ini-

552 2928 772 2999 quitatis
802 2928 1054 2994 assertio,
1085 2943 1204 2999 quae
1228 2929 1280 2984 in
1313 2928 1428 2998 ipsa
1455 2924 1766 3005 conditione
1797 2931 2005 2992 partem
2036 2920 2134 2974 bu-

553 3022 698 3078 mani
721 3024 934 3092 generis
965 3022 1271 3077 damnatam
1298 3020 1635 3091 loquebatur,
1661 3019 1969 3073 interserat.
1997 3012 2139 3070 Cau-

2205 514 2392 572 steret,
2442 505 2543 559 nisi
2568 518 2691 559 eum
2722 503 2809 559 lex
2861 505 3157 562 visceribus
3191 507 3449 578 inscripta
3479 510 3786 567 docuisset?

2206 609 2298 654 aut
2323 599 2464 655 unde
2489 600 2778 670 placituras
2800 599 2919 655 ‘Deo
2943 600 3175 668 hostias,
3219 611 3273 657 et
3303 617 3400 672 per
3430 604 3609 675 ignem
3639 606 3793 662 emti-

2210 701 2296 748 tus
2318 692 2678 749 absumendas
2722 692 2789 748 de
2813 692 3062 763 adipibus
3092 702 3149 751 et
3176 694 3425 764 primitiis
3467 697 3661 753 scisset
3694 699 3794 754 eli-

2211 802 2360 858 gere,
2380 787 2483 843 nisi
2507 787 2663 853 ﬁdes,
2685 802 2806 858 quae
2827 802 2949 843 eum
2966 798 3264 846 amatorem
3284 790 3542 847 virtutum
3566 792 3794 861 fecerat,

2215 881 2550 949 inspirasset,
2581 881 2720 937 sicut
2771 882 2995 953 legimus
3027 900 3042 937 :
3084 883 3219 939 Fide
3256 886 3533 956 plurimam
3575 888 3803 945 hostium

2215 976 2340 1031 Abel
2362 992 2516 1047 quam
2542 976 2667 1032 Cain
2693 975 2904 1043 obtulit,
2936 979 3274 1034 testimonium
3293 982 3584 1052 perhibente
3614 1001 3803 1041 mune-

2218 1075 2356 1130 ribus
2382 1075 2490 1144 ejus
2521 1072 2627 1127 Deo
2654 1072 2837 1142 (Hebr.
2865 1071 2963 1143 ut).
2995 1072 3148 1140 Quod
3189 1090 3528 1148 nequaquam
3553 1082 3807 1143 obtinere

2222 1167 2513 1239 potuisset,
2553 1166 2657 1221 nisi
2698 1168 2764 1220 ad
2797 1166 3009 1242 me'mi
3051 1167 3248 1225 donum
3278 1170 3462 1227 famuli
3486 1178 3810 1235 accessisset

2223 1259 2560 1330 obsequium.
2606 1257 2676 1313 Et
2700 1269 2755 1313 tu
2789 1257 2921 1313 nihil
2940 1274 3063 1314 eum
3103 1260 3442 1320 ordinatione
3469 1265 3566 1321 Dei
3604 1268 3812 1325 habere

2221 1354 2429 1425 judicas
2453 1355 2749 1425 proprium,
2781 1354 2934 1425 cujus
2953 1354 3228 1411 devotioni
3257 1356 3353 1412 Dei
3377 1360 3623 1428 perhibet
3656 1365 3812 1419 testi-

2227 1448 2501 1503 monium?
2548 1444 2710 1502 Vides
2765 1444 2966 1501 bonum
3007 1446 3339 1503 credulitatis
3376 1465 3487 1506 non
3535 1454 3812 1510 novellum

2228 1556 2351 1598 esse
2381 1541 2741 1611 privilegium,
2773 1540 2867 1596 sed
2898 1550 3188 1610 vetustum,
3213 1550 3269 1597 et
3314 1541 3455 1599 inter
3480 1544 3594 1615 ipsa
3623 1547 3818 1602 mundi

2230 1634 2582 1691 coalescentis
2601 1633 2829 1690 exordia
2857 1642 3094 1691 mentem
3121 1635 3354 1691 hominis
3376 1637 3516 1693 sicut
3536 1638 3821 1697 intellectu

2230 1737 2390 1798 atque
2414 1726 2652 1796 ratione,
2683 1727 2755 1781 ita
2781 1726 2943 1782 etiam
2975 1726 3081 1783 ﬁde
3109 1742 3139 1781 a
3169 1741 3381 1784 summo
3409 1741 3632 1787 auctore
3658 1732 3822 1789 dota-

2231 1822 2376 1877 tam?
2407 1820 2593 1891 itaque
2617 1820 2727 1890 jam
2776 1830 2886 1875 tum
2924 1819 3075 1876 dedit
3110 1820 3304 1876 animae
3332 1822 3577 1878 notitiam
3624 1840 3819 1894 suam,

2231 1912 2446 1985 quando
2482 1914 2533 1969 ei
2562 1912 2905 1969 committere
2931 1912 3179 1982 dignatus
3202 1922 3285 1970 est
3319 1912 3607 1986 imaginem
3635 1930 3821 1974 suam.

2835 2026 3064 2084 CAPUT
3105 2026 3213 2083 νη.

2233 2122 2313 2175 Ad
2348 2124 2495 2193 cujus
2528 2122 2799 2193 imaginem
2836 2132 2883 2176 et
2914 2122 3298 2196 similitudinem
3339 2125 3535 2196 primus
3564 2128 3718 2183 homo
3755 2130 3825 2185 sit

2894 2194 3149 2247 conditus.

2306 2286 2411 2341 Sed
2442 2286 2612 2342 dicis:
2642 2286 2775 2357 Quid
2807 2287 2936 2342 mihi
2971 2288 3039 2344 ad
3066 2287 3366 2344 libertatem
3405 2291 3615 2347 arbitrii
3638 2292 3823 2363 iungis

2237 2376 2519 2447 imaginem
2572 2378 2688 2443 Dei,
2738 2394 2860 2434 cum
2908 2380 2997 2435 ille
3036 2380 3272 2436 eximius
3315 2383 3564 2438 conditor
3613 2385 3824 2442 futurus

2236 2471 2500 2525 secuturis
2526 2471 2738 2527 saeculis
2779 2482 2834 2527 et
2859 2472 3188 2542 redemptor,
3221 2474 3286 2528 ad
3324 2474 3469 2530 illam
3500 2478 3670 2548 magis
3692 2479 3821 2533 ima-

2236 2562 2415 2631 ginem
2467 2562 2654 2618 fecerit
2695 2564 2985 2629 hominem,
3044 2580 3202 2635 quam
3248 2581 3345 2636 per
3390 2566 3659 2637 virginem
3708 2580 3821 2626 erat

2238 2665 2612 2727 assumptnrus
2642 2673 2707 2714 ex
2739 2659 2992 2715 homine?
3027 2660 3307 2716 Persuasio
3337 2660 3451 2717 htec
3481 2678 3512 2716 a
3555 2665 3817 2734 plerisque

2239 2751 2526 2820 profertur,
2571 2751 2665 2807 sed
2713 2752 2859 2807 omni
2910 2753 3117 2809 ratione
3158 2753 3407 2821 nudatur,
3450 2756 3576 2826 quia
3629 2756 3815 2827 prioris

2241 2843 2389 2898 initia
2441 2843 2722 2912 imaginem
2786 2844 2952 2898 multo
3010 2844 3323 2913 posterioris
3382 2846 3612 2903 induere
3682 2848 3822 2903 nullo

2242 2936 2403 2991 modo
2435 2943 2674 3006 possunt.
2726 2938 2832 2991 Aut
2860 2937 3128 3005 quomodo
3161 2938 3396 2993 nondum
3428 2942 3595 2996 creati
3638 2942 3822 2998 simili-

2245 3028 2480 3083 tudinem
2529 3030 2573 3083 is
2620 3027 2713 3098 qui
2764 3028 2968 3097 primus
3019 3029 3302 3084 creabatur
3343 3030 3634 3101 acciperet.
3689 3032 3821 3087 inter

554 3132 646 3227 tias
685 3132 814 3171 vero
870 3132 964 3172 cur
1014 3115 1457 3227 Jacobndilexel‘il
1508 3113 1701 3216 Denso.
1726 3121 1802 3227 θιι.
1826 3110 1967 3214 Εεθξι
2014 3108 2139 3165 οάίο
2170 3163 2217 3227 C
2247 3122 2363 3178 haec
2394 3121 2601 3178 facilius
2627 3122 2728 3177 hoc
2755 3122 2904 3177 credi
2937 3123 3127 3193 possit,
3160 3133 3219 3177 ut
3247 3123 3313 3177 ad
3335 3124 3628 3180 secundum
3655 3126 3824 3181 Adam

556 3209 828 3277 habuerit,
859 3210 1137 3264 evidenter
1161 3208 1435 3264 Geneseos
1462 3204 1729 3276 expressit
1752 3202 1972 3259 historia
1990 3246 2004 3271 ,
2035 3215 2143 3271 quo

558 3299 825 3370 intelligas
855 3315 960 3354 non
983 3300 1100 3354 sine
1128 3313 1352 3368 operum
1384 3296 1754 3371 discussione,
1785 3309 1885 3349 nec
1908 3294 2028 3350 sine
2058 3308 2146 3349 ra-

561 3393 707 3447 tione
736 3392 1015 3461 perspicua
1040 3390 1295 3445 divinitus
1327 3390 1726 3459 pronuntiatum
1751 3394 1808 3441 ut
1833 3385 1975 3440 Esau
1996 3383 2144 3449 odio,

560 3485 725 3540 Jacoh
754 3494 934 3540 autem
956 3484 1247 3540 dilectione
1277 3483 1375 3539 Dei
1396 3483 1591 3554 dignus
1623 3481 1935 3537 haberetur.
1970 3481 2149 3549 Appa-

561 3585 786 3632 ruerunt
827 3576 983 3647 plane
1037 3577 1092 3631 in
1130 3578 1237 3631 vita
1274 3575 1442 3631 Jacob
1486 3574 1761 3630 evidentes
1805 3586 1984 3628 causa:
2028 3585 2149 3642 qua:

561 3672 817 3742 judicium
849 3672 1059 3727 Domini
1083 3681 1290 3727 rectum
1323 3668 1652 3727 omnimodis
1676 3674 1923 3723 asserunt
1946 3707 1962 3731 ,
2007 3665 2151 3721 sicut

563 3763 694 3819 Cain
721 3764 919 3819 dicitur
947 3780 961 3817 :
992 3762 1100 3819 Sub
1125 3772 1172 3818 te
1201 3765 1296 3818 erit
1326 3763 1581 3833 appetitus
1606 3763 1719 3833 ejus
1752 3766 1801 3815 et
1832 3768 1886 3812 tu
1915 3756 2152 3812 domina-

565 3860 693 3913 beris
721 3859 862 3912 illius
894 3857 1045 3928 (Gen.
1078 3856 1175 3929 iv).
1209 3857 1325 3914 Non
1355 3856 1698 3928 superposuit
1726 3851 1929 3910 homini
1961 3865 2153 3921 pecca-

567 3960 700 4019 tum,
732 3950 833 4006 sub
862 3949 963 4004 hac
992 3950 1348 4005 ordinationis
1390 3964 1501 4003 sua:
1546 3948 1699 4019 lege,
1746 3945 1842 4002 sed
1889 3942 2149 4000 subdidit.

568 4043 709 4098 Ecce
750 4042 1023 4112 piissimus
1070 4040 1374 4096 moderator
1419 4054 1737 4110 generosam
1783 4050 1903 4092 esse
1932 4036 2154 4105 cupiens

569 4133 830 4186 facturam
854 4144 1039 4199 suam,
1072 4132 1231 4186 etiam
1261 4139 1383 4198 post
1411 4129 1618 4184 ruinam
1650 4126 1993 4195 inclinatam,
2025 4125 2153 4181 licet

570 4225 806 4280 hominis
833 4225 1167 4280 voluntatem
1194 4224 1354 4279 totius
1383 4221 1648 4292 passionis
1673 4229 1729 4276 et
1769 4217 2155 4289 concupiscen-

572 4318 682 4386 tia,
723 4331 831 4371 non
863 4316 1113 4369 famulam
1152 4315 1305 4386 jubet
1334 4328 1473 4380 esse,
1499 4312 1595 4370 sed
1634 4311 1907 4368 dominam
1937 4326 1953 4375 ;
1994 4308 2156 4364 sedu-

570 4413 738 4468 ctoris
780 4411 864 4469 vel
892 4409 1182 4465 amicitiam
1224 4408 1309 4464 vel
1349 4407 1617 4476 repulsam
1641 4406 1698 4461 in
1724 4418 1885 4459 manu
1918 4400 2153 4458 hominis

570 4504 782 4576 posuit,
820 4502 888 4557 ad
928 4516 1085 4567 quem
1138 4500 1552 4571 ejusjudicium
1592 4496 1898 4555 collocavit.
1930 4494 2156 4551 Videtur

572 4597 789 4667 quidem
834 4594 1114 4663 utriusque
1144 4590 1323 4663 operis
1349 4590 1642 4661 appetitum
1673 4587 1940 4645 electione
1984 4585 2175 4655 ipsius.

568 4688 910 4759 permisisse,
943 4685 1036 4742 sed
1060 4686 1182 4741 ideo
1210 4695 1268 4739 ut
1292 4684 1417 4739 mali
1447 4682 1667 4739 licentia
1705 4681 1831 4737 boni
1852 4678 2007 4735 ﬁeret
2034 4678 2177 4747 glo-,

571 4783 669 4837 ria.
700 4780 807 4836 Sed
847 4780 938 4833 sub
965 4790 1011 4833 te
1037 4780 1133 4834 erit
1163 4780 1418 4849 appetitus
1442 4780 1589 4849 ejus,
1636 4783 1685 4831 et
1719 4784 1773 4828 tu
1811 4772 2151 4827 dominaberis

567 4875 729 4930 illius.
764 4872 918 4929 Nulla
970 4872 1223 4942 peccandi
1265 4873 1587 4928 necessitate
1614 4867 1971 4933 concluditur,
1997 4866 2152 4936 cujus

569 4967 880 5023 discretioni
910 4964 1263 5021 committitur
1286 4972 1343 5019 ut
1364 4946 1585 5033 peccato
1606 4960 1885 5031 superiore
1903 4959 2154 5014 libertate

569 5060 897 5115 dominetur.
937 5057 1179 5129 Degener
1208 5069 1336 5112 vero
1363 5056 1597 5120 animus,
1624 5053 1859 5123 quicum
1890 5050 2152 5108 beneficio
2182 5098 2185 5101 .

570 5153 671 5208 Dei
720 5152 789 5208 de
824 5161 1045 5221 peccato
1084 5158 1264 5220 potest
1291 5148 1569 5204 victoriam
1609 5146 1901 5216 consequi,
1948 5144 2185 5199 mavult.

569 5260 692 5301 cum
738 5243 938 5300 offensa
971 5242 1065 5298 Dei
1104 5256 1291 5297 servus
1331 5254 1450 5295 esse
1476 5238 1703 5309 peccati.
1734 5238 1864 5306 Qua:
1906 5251 2029 5291 cum
2079 5236 2151 5291 ita
2186 5290 2187 5295 η

566 5340 698 5405 sint,
734 5320 853 5408 post
882 5335 1040 5407 primi
1068 5333 1300 5389 hominis
1331 5330 1848 5403 praevaricationem,
1871 5343 1978 5384 non
2006 5342 2153 5383 mors
2184 5384 2187 5387 .

567 5429 796 5496 arbitrii,
829 5428 923 5484 sed
951 5426 1268 5490 infirmitas;
1302 5439 1403 5481 nec
1434 5422 1860 5494 impossibilitas,
1889 5421 1982 5476 sed
2010 5420 2153 5475 diffl-
2188 5464 2189 5467 η

566 5520 737 5574 cultas
761 5522 1033 5591 pr0posito
1057 5508 1241 5577 labere
1270 5520 1554 5574 successit.
1589 5516 1695 5573 Sed
1716 5525 1770 5571 et
1795 5515 1932 5570 Abel
1955 5514 2152 5570 divinis

463 5682 485 5695 ρ
570 5613 785 5681 placere
815 5614 1190 5684 conspectibus
1216 5653 1231 5677 ,
1265 5627 1358 5680 per
1383 5612 1602 5665 insitum
1630 5624 1661 5664 a
1684 5607 1796 5663 Deo
1822 5606 2153 5677 generaliter

569 5708 792 5768 bonum,
826 5703 877 5759 id
918 5714 1019 5771 est,
1065 5720 1163 5773 per
1187 5704 1415 5773 propria:
1442 5701 1636 5757 meruit
1666 5700 1954 5755 voluntatis
1983 5697 2145 5753 affec-

569 5808 701 5875 tum.
736 5796 829 5852 llic
876 5811 1002 5869 ergo
1030 5798 1115 5854 cui
1142 5810 1437 5869 cognomen
1474 5795 1605 5869 justi
1629 5795 1984 5856 immaculata:
2027 5795 2150 5851 vitae

2250 3217 2453 3287 primus
2482 3215 2655 3270 Adim
2701 3214 2984 3285 imaginem
3015 3229 3189 3285 suam,
3243 3231 3342 3286 pro
3370 3218 3568 3272 ordinis
3591 3234 3657 3275 ac
3687 3228 3820 3274 tem-

2252 3308 2397 3377 poris
2436 3306 2644 3362 ratione
2684 3308 3092 3362 transmitteret.
3136 3305 3353 3364 Minime
3378 3319 3541 3363 autem
3576 3308 3691 3364 ﬁeri
3719 3324 3815 3379 po-

2252 3411 2388 3456 terat
2414 3409 2470 3455 ut
2498 3401 2675 3471 imago
2707 3400 2941 3455 nondum
2968 3401 3247 3457 existentis
3286 3402 3589 3457 substantiae
3612 3403 3821 3459 dicere-

2252 3502 2339 3549 tur
2364 3494 2408 3547 is
2440 3493 2527 3564 qui
2570 3502 2694 3548 ante
2720 3501 2796 3547 tot
2824 3493 3020 3548 saecula
3052 3491 3411 3550 formabatur:
3439 3504 3494 3550 et
3518 3494 3831 3565 imprudens

2252 3587 2478 3641 assertio
2504 3584 2837 3652 probaretur,
2868 3593 2927 3640 ut
2953 3584 3092 3641 sicut
3118 3586 3304 3640 dicunt
3345 3586 3712 3644 similitudinis
3739 3603 3831 3643 au-

2253 3687 2454 3735 ctorem
2485 3693 2551 3734 ex
2594 3678 2800 3749 virgine
2842 3678 3255 3749 procreandum,
3306 3679 3671 3751 antiquissimi
3712 3695 3833 3751 pro-

2257 3770 2468 3839 logilasti
2500 3783 2728 3839 persona
2759 3768 3105 3839 praecederet.
3139 3769 3255 3825 Huc
3284 3769 3491 3825 accedit
3523 3769 3671 3840 quod
3703 3770 3833 3824 mul-

2257 3874 2367 3918 tum
2396 3878 2483 3918 res
2509 3862 2598 3916 illa
2625 3860 2931 3931 humiliaret
2959 3861 3013 3915 in
3055 3862 3268 3917 homine
3302 3863 3489 3933 prima:
3515 3861 3840 3917 innocentia:

2254 3955 2440 4020 decus,
2489 3953 2535 4009 si
2564 3952 2937 4009 immaculatus
2963 3952 3030 4007 ad
3060 3953 3335 4023 exemplar
3377 3952 3525 4008 illius
3550 3954 3840 4024 fingeretur

2256 4048 2343 4117 qui
2375 4044 2645 4115 peccaturi
2674 4054 2791 4100 erat
2816 4046 3055 4100 maculas
3085 4053 3397 4111 curaturus;
3428 4055 3485 4099 ut
3504 4060 3632 4101 cum
3663 4054 3841 4100 trans-

2257 4136 2463 4206 gressio
2493 4134 2728 4190 nondum
2752 4135 3027 4202 existeret,
3053 4136 3162 4205 jam
3187 4143 3365 4191 tamen
3396 4134 3844 4206 transgressionis

2256 4227 2465 4297 culpam
2510 4225 2673 4283 futuri
2704 4227 3076 4282 intercessoris
3104 4226 3273 4282 forma
3299 4227 3601 4297 praeferret.
3646 4222 3853 4283 Censes

2258 4332 2429 4390 quens
2449 4318 2627 4390 itaque
2649 4334 2755 4373 non
2776 4327 2894 4374 erat
2915 4328 3339 4373 consummatum
3361 4328 3521 4389 atque
3544 4317 3847 4389 perfectum

2259 4411 2324 4465 ad
2353 4411 2638 4480 imaginem
2673 4410 2836 4477 Illius,
2869 4425 2963 4480 per
2992 4424 3149 4480 quem
3179 4424 3399 4465 necesse
3425 4419 3546 4464 erat
3573 4410 3847 4480 perditum

2177 4531 2236 4593 ι)
2261 4503 2519 4571 reparari,
2538 4517 2606 4558 ne
2636 4502 2738 4557 sub
2754 4504 2971 4557 nomine
2995 4501 3206 4557 venturi
3235 4500 3427 4558 medici
3454 4502 3573 4570 ipso
3602 4511 3852 4572 tempore

2262 4595 2434 4653 felicis
2460 4595 2687 4661 exordii,
2706 4594 3080 4665 supplantandi
3104 4594 3376 4650 videretur
3400 4593 3555 4649 ruina
3585 4595 3854 4665 praedici?

2265 4690 2321 4746 ld
2348 4704 2476 4759 ergo
2507 4688 2701 4743 rationi
2729 4687 2897 4758 magis
2921 4687 3187 4757 congruit,
3222 4696 3280 4743 ut
3304 4688 3356 4742 in
3402 4686 3650 4751 homine,
3680 4688 3767 4741 cui
3800 4686 3853 4740 in

2266 4783 2378 4852 ipsa
2408 4778 2758 4837 similitudine
2783 4794 2812 4833 a
2843 4778 2952 4833 Deo
2995 4781 3178 4847 gratia:
3218 4792 3307 4833 res
3337 4777 3567 4832 traditur
3612 4794 3731 4833 non
3763 4793 3859 4833 na-

2265 4886 2416 4941 turze,
2471 4874 2646 4942 imago
2677 4871 2778 4925 hoc
2807 4870 2982 4939 potius
3013 4878 3369 4939 uuncupetur,
3420 4868 3566 4937 quod
3605 4884 3636 4922 a
3671 4869 3861 4937 priore
3902 4897 3917 4937 ρ

2262 4980 2319 5026 et
2361 4967 2637 5038 superiore
2686 4964 2992 5033 suscipitur.
3055 4964 3120 5017 Et
3164 4962 3233 5018 de
3278 4962 3502 5019 veritate
3550 4961 3861 5016 similitudo
3907 4959 3913 4965 “

2262 5060 2429 5117 fuisse
2471 5059 2665 5113 collata
2706 5056 2917 5125 plenius
2962 5054 3254 5124 iudicetur,
3302 5070 3461 5123 quam
3502 5061 3692 5108 tamen
3731 5069 3857 5109 cum

2262 5152 2371 5206 filio
2401 5149 2627 5205 naturali
2661 5157 2808 5217 pater
2830 5147 2950 5218 jure
2995 5146 3373 5201 communicat.
3404 5144 3612 5200 Deinde
3639 5153 3700 5201 et
3727 5143 3858 5198 illud

2261 5245 2539 5302 sollicitius
2584 5241 2967 5298 advertendum
3020 5249 3122 5305 est,
3171 5238 3313 5310 quod
3355 5237 3622 5294 Dominus
3671 5247 3862 5293 noster

2261 5340 2417 5394 lesus
2441 5334 2686 5391 Christus
2714 5336 2763 5389 in
2791 5337 2960 5403 primo
2982 5341 3225 5403 tempore
3249 5331 3317 5387 de
3342 5345 3442 5386 suo
3471 5330 3707 5385 meliora
3731 5346 3860 5384 con-

2264 5430 2401 5486 tulit.
2436 5429 2490 5483 ln
2520 5427 2759 5484 secundo
2789 5434 2967 5481 autem
2997 5425 3065 5480 de
3088 5435 3273 5481 nostro
3294 5423 3567 5480 deteriora
3587 5422 3859 5492 suscepit.

2264 5524 2327 5577 Et
2356 5530 2637 5592 prepterea
2659 5519 2873 5590 quando
2896 5533 2958 5571 ex
2983 5517 3149 5572 nihilo
3173 5529 3271 5571 nos
3298 5515 3526 5585 paravit,
3556 5515 3862 5585 imaginem

2262 5630 2412 5668 suam
2443 5613 2615 5668 factor
2644 5611 2913 5682 apposuit.
2952 5609 3177 5677 Quando
3207 5623 3332 5665 vero
3359 5623 3456 5663 nos
3495 5606 3748 5676 perditos
3777 5621 3865 5660 re-

2264 5708 2489 5776 paravit,
2526 5707 2749 5761 formam
2778 5705 2919 5759 servi
2946 5704 3223 5757 restitutor
3262 5700 3572 5768 assumpsit,
3605 5700 3761 5752 sicut
3788 5698 3865 5750 ait

2260 5799 2548 5871 Apostolus
2590 5816 2601 5855 :
2646 5794 2888 5854 Formam
2918 5797 3044 5853 servi
3090 5793 3339 5861 accipiens
3378 5792 3432 5850 in
3458 5790 3867 5848 similitudinem
