4090 6330
275 363 372 421 833i

1368 352 1455 409 DE
1493 348 1745 407 GRATIA
1786 344 1930 412 DEI,
1976 344 2149 417 ETC.,
2196 352 2319 408 LIB.
2365 356 2423 410 Il.

3424 354 3529 414 820

276 476 531 532 hominum
555 470 808 542 {dctus,et
830 469 1246 523 habituinventus
1269 465 1732 537 uthamo(Philip.
1761 463 1843 533 ιι).
1954 467 2325 537 substantiam,
2374 474 2489 528 sine
2536 476 2728 545 quibus
2768 482 3039 548 utcunque
3087 486 3262 547 potest
3300 478 3446 533 vrtali
3477 478 3529 533 in

276 566 424 637 Quod
450 567 495 620 si
521 564 586 619 ad
616 563 762 619 illam
793 561 1344 619 exteriorishominis
1371 560 1605 632 speciem
1635 560 1845 615 formati

274 676 475 729 sumus,
519 659 573 714 in
618 658 771 727 cujus
818 656 1094 724 membris,
1138 657 1304 724 visus,
1357 656 1592 725 auditus,
1637 665 1846 727 gustus,

275 756 523 814 odoratus
550 763 606 813 et
632 761 806 811 tactus
833 763 938 821 est,
969 753 1095 825 quid
1125 754 1229 809 erit
1275 752 1495 809 honoris
1520 761 1614 808 aut
1640 752 1848 823 gratiae,

274 851 317 907 si
345 849 413 905 de
438 848 529 904 illa
552 848 932 919 participemus
957 846 1207 916 imagine,
1232 860 1392 917 quam
1419 843 1574 899 nobis
1602 858 1670 900 ex
1697 852 1849 914 parte

274 941 501 999 maxima
530 952 868 1003 communem
896 939 1093 993 scimus
1123 949 1243 992 esse
1288 949 1411 991 cum
1457 933 1691 1004 pecude?
1723 932 1851 989 Gra-

275 1034 352 1089 vis
391 1046 518 1102 ergo
551 1045 735 1086 eorum
776 1043 932 1085 error
975 1038 1058 1084 est
1109 1028 1199 1098 qui
1249 1025 1576 1082 arbitrantur
1622 1025 1850 1096 primum

273 1125 544 1182 hominem
584 1123 735 1194 juxta
784 1122 932 1178 illum
962 1122 1053 1193 qui
1083 1129 1199 1177 erat
1234 1120 1527 1177 sumendus
1564 1135 1636 1176 ex
1665 1118 1850 1185 Maria,

270 1219 335 1276 ab
383 1218 702 1287 incorporea
748 1215 1007 1272 Trinitate
1046 1216 1419 1297 compositum.
1467 1214 1651 1286 Neque
1709 1215 1853 1272 enim

273 1314 435 1368 Pater
462 1312 548 1367 vel
578 1309 808 1381 Spiritus
834 1317 1053 1365 sanctus
1078 1318 1228 1365 veste
1248 1309 1425 1366 carnis
1453 1318 1507 1365 et
1529 1308 1715 1364 habitu
1739 1316 1855 1364 erat

270 1408 505 1465 hominis
554 1405 874 1475 induendos,
916 1414 974 1461 ut
1015 1405 1083 1461 ad
1127 1404 1244 1475 ejus
1270 1404 1422 1476 quasi
1464 1403 1710 1474 imaginis
1740 1417 1853 1458 suae

268 1499 506 1570 speciem
540 1513 604 1555 ac
634 1498 893 1554 facturam
929 1497 1089 1569 primi
1129 1495 1361 1552 hominis
1393 1496 1712 1552 lineamenta
1743 1494 1847 1550 dis-

268 1601 515 1663 poneret,
560 1606 622 1647 ac
663 1590 903 1646 membra
951 1590 1265 1661 plasmaret,
1311 1597 1368 1644 ut
1416 1587 1587 1659 possit
1630 1586 1848 1642 dicere:

267 1683 556 1740 Faciamus
598 1683 870 1739 hominem
917 1682 985 1738 ad
1029 1682 1316 1753 imaginem
1347 1690 1405 1737 et
1448 1678 1853 1735 similitudinem

266 1792 431 1850 quam
457 1776 721 1848 sumpturi
747 1790 933 1832 sumus
958 1791 1023 1831 ex
1055 1774 1294 1845 Virgine.
1322 1774 1555 1844 ideoque
1579 1788 1646 1829 ex
1678 1771 1855 1827 Deita-

268 1838 332 1937 tis
360 1838 714 1929 similitudine
739 1870 1012 1926 derivatur
1032 1838 1291 1941 quidquid
1320 1838 1522 1923 homini
1544 1864 1780 1922 Trinitas
1800 1863 1855 1921 in

266 1979 558 2022 commune
587 1964 829 2035 largitur.
873 1962 984 2019 Nec
1027 1962 1106 2017 sic
1159 1960 1374 2030 quidem
1432 1960 1635 2029 primus
1693 1957 1856 2012 homo

264 2058 492 2116 secundi
538 2057 669 2113 Adae
733 2055 1036 2125 suscepisse
1103 2053 1385 2124 imaginem
1455 2051 1560 2106 dici
1633 2059 1852 2121 posset,

264 2153 434 2209 etiam
458 2151 506 2206 si
535 2150 703 2206 Filius
731 2147 828 2204 Dei
852 2147 999 2204 solus
1031 2146 1304 2202 hominem
1341 2142 1687 2200 condidisset.
1718 2140 1854 2196 Cum

264 2258 403 2301 vero
423 2240 569 2298 unita
596 2239 831 2297 Trinitas
854 2239 998 2295 dicat
1018 2257 1030 2292 :
1048 2237 1327 2292 Faciamus
1354 2236 1608 2292 hominem
1633 2236 1699 2289 ad
1724 2235 1856 2287 inta-

264 2338 440 2408 ginem
485 2345 532 2390 et
576 2334 967 2389 similitudinem
1012 2339 1238 2386 nostram
1286 2326 1436 2400 (Gen.
1480 2327 1614 2399 vin),
1662 2326 1855 2397 plurali

263 2430 564 2502 singulare,
582 2437 638 2484 et
661 2427 917 2497 singulari
934 2425 1138 2497 plurale
1159 2423 1515 2494 permiscens;
1545 2431 1599 2477 et
1627 2421 1851 2476 iterum:

266 2524 333 2580 Et
361 2525 486 2597 fecit
509 2522 651 2578 Deus
671 2522 929 2577 hominem
947 2520 1017 2574 ad
1038 2518 1424 2574 similitudinem
1448 2532 1616 2583 suam,
1638 2516 1706 2569 ad
1725 2514 1855 2567 ima-

265 2620 441 2689 ginem
472 2615 571 2672 Dei
598 2614 716 2683 fecit
756 2613 930 2682 illum,
964 2612 1122 2668 toties
1154 2611 1287 2681 legis
1322 2608 1597 2664 hominem
1626 2607 1692 2661 ad
1720 2607 1854 2661 ima-

265 2712 451 2783 ginem
473 2708 567 2765 Dei
586 2706 894 2771 conditum;
920 2714 976 2761 et
998 2718 1100 2775 qua
1124 2703 1441 2758 auctoritate
1460 2707 1646 2755 contra
1674 2697 1855 2752 divina

266 2804 482 2875 eloquia
509 2800 793 2872 praesumis
821 2812 1066 2854 asserere
1087 2796 1246 2866 juxta
1270 2793 1413 2850 servi
1438 2792 1664 2847 formam
1687 2790 1857 2845 fuisse

266 2895 665 2969 compositum?
695 2896 830 2950 Cum
857 2908 986 2963 ergo
1016 2892 1193 2961 imago
1223 2888 1339 2943 haec
1365 2903 1396 2941 a
1428 2886 1588 2940 Patre
1612 2892 1668 2939 et
1695 2883 1853 2950 Filio,

267 3003 323 3050 et
339 2992 549 3063 Spiritu
577 2998 766 3046 sancto
779 2986 1115 3050 conferatur,
1132 2984 1335 3054 absque
1358 2979 1522 3036 dubio
1546 2979 1707 3033 trium
1732 2991 1856 3051 per-

266 3101 527 3141 sonarum
564 3096 671 3137 una
700 3079 960 3136 Diviuitas
1004 3077 1180 3147 primo
1212 3073 1416 3129 homini
1454 3086 1567 3127 suae
1609 3069 1857 3140 imaginis

268 3175 453 3233 tribuit
481 3173 817 3246 dignitatem.
850 3171 982 3239 Quae
1024 3183 1144 3225 cum
1174 3168 1249 3224 ita
1286 3166 1413 3231 sint,
1446 3165 1623 3220 inesse
1652 3162 1855 3217 homini

268 3378 361 3418 me
404 3361 694 3427 dubitabis,
742 3360 791 3415 si
836 3358 1063 3429 primam
1113 3355 1362 3427 gratiam,
1412 3367 1516 3425 qua
1564 3368 1596 3407 a
1637 3352 1749 3408 Deo
1776 3360 1860 3407 est

267 3456 591 3517 honoratus,
630 3452 948 3521 inspexeris.
980 3448 1162 3518 Imago
1187 3462 1316 3517 ergo
1356 3445 1451 3501 Dei
1475 3445 1690 3507 dicitur,
1735 3444 1858 3514 quis

267 3546 322 3601 ei
350 3543 689 3613 indulgenter
714 3556 777 3596 ac
799 3540 1081 3607 dignanter
1103 3538 1331 3594 inseruit
1352 3537 1550 3592 veritas
1573 3537 1855 3605 justitiam,

269 3636 416 3692 ratio
430 3634 768 3705 sapientiam,
792 3631 1104 3703 perennitas
1131 3631 1509 3687 aeternitatem.
1528 3628 1605 3684 De
1629 3628 1862 3699 imagine

268 3726 374 3782 Dei
424 3733 527 3792 est,
579 3724 723 3796 quod
772 3722 1039 3793 intelligit,
1090 3720 1233 3793 quod
1273 3730 1480 3777 rectum
1518 3721 1679 3791 sapit,
1720 3719 1864 3789 quod

268 3821 418 3889 inter
438 3819 640 3875 malum
666 3826 721 3873 et
755 3817 955 3873 bonum
977 3815 1180 3886 judicio
1206 3814 1556 3870 examinante
1588 3812 1862 3869 discrimi-

270 3922 388 3968 nat.
418 3911 485 3967 Et
512 3925 634 3968 cum
661 3909 756 3966 Dei
778 3908 1022 3975 bonitas,
1067 3905 1461 3973 misericordia,
1494 3905 1749 3977 patientia
1783 3915 1864 3959 at-

269 4019 383 4077 que
430 4004 633 4075 justitia
691 4003 779 4070 sit,
838 4010 1040 4072 quanto
1089 4000 1316 4072 quisque
1365 3999 1537 4070 magis
1580 3998 1758 4069 justus
1801 4012 1866 4055 ac

271 4099 489 4171 patiens
515 4096 803 4166 invenitur,
837 4103 986 4153 tanto
1015 4094 1186 4167 magis
1220 4093 1333 4151 Deo
1367 4092 1560 4150 similis
1600 4091 1867 4164 approba-

274 4202 386 4248 tur.
415 4189 583 4262 Cujus
612 4194 797 4262 utique
820 4187 1137 4255 similitudo,
1170 4201 1280 4243 non
1308 4186 1362 4242 in
1387 4184 1642 4251 vultibus,
1689 4182 1785 4239 sed
1811 4184 1867 4239 in

274 4285 563 4342 virtutibus
605 4283 930 4355 possidetur.
979 4282 1049 4337 Et
1096 4276 1381 4352 propterea
1407 4278 1478 4336 de
1504 4277 1618 4335 Deo
1643 4276 1865 4344 dicitur,

274 4376 514 4443 subtilis,
568 4376 817 4447 simplex,
868 4374 1131 4431 sincerus.
1186 4370 1427 4443 Simplex
1478 4368 1685 4440 utique,
1742 4369 1867 4440 quia

275 4470 413 4525 nihil
435 4470 510 4526 illi
541 4469 880 4525 extrinsecus
905 4465 1260 4537 adjectitium,
1282 4464 1414 4544 nihil
1444 4463 1663 4521 aliunde
1696 4462 1866 4519 colla-

274 4576 415 4632 tum,
466 4562 562 4620 sed
593 4563 646 4618 in
684 4562 779 4618 illo
814 4560 1009 4627 virtus,
1051 4560 1309 4627 essentia,
1356 4566 1518 4629 atque
1564 4556 1866 4613 substantia

1878 3216 1929 3282 C

268 3274 398 3328 licet
424 3276 753 3326 attenuatam
780 3264 1073 3322 voluntatis
1103 3262 1335 3334 propria
1366 3260 1668 3317 libertatem
1699 3257 1857 3312 mini-
1878 3257 1907 3295 ‘

1894 4604 1950 4666 D

1944 572 2140 618 natura
2171 578 2266 619 sua
2292 566 2473 636 vigore
2498 568 2815 637 subsistere,
2841 569 2958 626 sine
2980 569 3171 640 quibus
3206 579 3261 626 et
3284 569 3530 625 diabolus

1953 658 2009 713 in
2035 667 2223 713 natura
2264 673 2361 714 sua
2402 674 2620 716 manere
2663 662 3013 733 dignoscitur.
3062 663 3346 720 Manifeste
3388 666 3531 720 enim

1954 752 2297 809 inveniuntur
2324 755 2592 825 apposita,
2632 755 2757 813 dum
2785 758 2959 829 culpis
2988 759 3382 816 invenientibus
3405 774 3535 815 exu-

1955 852 2136 899 untur.
2188 845 2373 901 Solum
2417 861 2549 903 vero
2573 847 2855 928 arbitrium
2886 860 2942 907 et
2969 850 3366 919 immortalitas,
3415 866 3536 923 quae

1955 940 2117 994 etiam
2148 938 2302 995 malis
2330 939 2489 994 insita
2526 949 2627 1007 est,
2657 955 2765 997 non
2791 943 3049 1011 aufertur,
3078 945 3205 1002 licet
3232 945 3462 1017 dignitas
3482 953 3537 1009 et

1956 1031 2229 1087 beatitudo
2278 1032 2699 1090 immortalitatis
2752 1037 2924 1104 possit
2974 1036 3194 1094 auferri.
3266 1038 3537 1106 Quantum

1956 1138 2085 1196 ergo
2112 1125 2179 1180 ad
2210 1125 2511 1182 libertatem
2562 1127 2768 1184 arbitrii
2807 1136 2864 1185 et
2892 1128 3347 1187 immortalitatem
3367 1133 3555 1202 perti-

1956 1226 2069 1283 net,
2100 1218 2385 1290 imaginem
2423 1219 2537 1287 Dei,
2587 1219 2713 1276 licet
2739 1234 2851 1276 ese
2877 1229 2932 1277 et
2960 1220 3013 1276 in
3054 1236 3114 1277 se
3151 1222 3534 1290 decoloratam,

1956 1312 2118 1367 etiam
2150 1312 2273 1368 mali
2303 1312 2501 1368 habere
2542 1321 2789 1384 possunt,
2832 1312 3236 1370 similitudinem
3282 1316 3385 1371 nisi
3411 1316 3540 1372 boni

1959 1404 2156 1461 habere
2176 1420 2283 1461 non
2307 1416 2553 1477 possunt.
2585 1406 2716 1476 Quae
2741 1422 2864 1464 cum
2892 1407 2965 1463 ita
2994 1408 3125 1478 sint,
3166 1424 3265 1464 cur
3292 1408 3541 1466 homines

1957 1497 2186 1570 imagine
2211 1508 2266 1555 et
2289 1499 2635 1555 similitudine
2675 1500 2768 1557 Dei
2802 1502 3060 1568 decorati,
3103 1501 3277 1573 angeli
3319 1516 3416 1559 seu
3447 1501 3543 1557 filii

1958 1590 2054 1647 Det
2074 1591 2368 1647 meruerint
2394 1592 2712 1662 nuncupari,
2756 1591 2840 1648 vel
2871 1594 3055 1663 paucis
3082 1592 3255 1649 adhuc
3281 1593 3542 1663 exemplis

1958 1687 2335 1755 praestringere
2364 1699 2464 1741 nos
2494 1694 2727 1756 oportet,
2758 1687 2944 1757 quanti
2974 1695 3097 1743 ante
3123 1688 3295 1757 legem
3324 1688 3540 1755 litterae,

1961 1776 2237 1833 erudiente
2268 1776 2403 1849 lege
2430 1786 2655 1845 naturae,
2697 1792 2817 1848 quae
2853 1779 3021 1847 prima
3054 1781 3134 1848 (ut
3162 1777 3419 1848 diximus)
3450 1779 3543 1833 Dei

1960 1869 2127 1939 gratia
2159 1878 2262 1934 est,
2280 1869 2540 1925 chIibula
2571 1869 2760 1925 salutis
2787 1869 3128 1934 intraverint,
3153 1884 3250 1940 per
3265 1869 3542 1925 Christum

1958 1962 2025 2017 ad
2053 1962 2163 2033 ipsi
2196 1963 2319 2018 vitaz
2346 1964 2641 2033 penetralia
2669 1963 3021 2033 perducendi.
3055 1962 3160 2019 Sed
3202 1962 3303 2019 hoc
3332 1978 3543 2036 quoque

1958 2058 2013 2113 in
2045 2057 2164 2113 loco
2187 2056 2321 2112 Abel
2349 2072 2560 2112 morum
2587 2071 2651 2113 ac
2687 2057 2999 2112 meritorum
3027 2056 3378 2113 similitudine
3415 2056 3545 2112 sub-

1958 2151 2196 2217 stitutus,
2251 2149 2391 2205 unde
2448 2148 2669 2219 profana
2720 2148 2901 2204 fratris
2954 2148 3193 2205 instituta
3240 2157 3541 2219 respueret,

1959 2244 2084 2299 inde
2130 2242 2353 2298 meliora
2387 2243 2650 2312 potuisset
2697 2241 2918 2313 eligere,
2974 2242 3078 2298 nisi
3126 2258 3247 2299 eum
3296 2243 3350 2299 in
3401 2242 3544 2299 viam

1958 2346 2163 2411 rectam,
2192 2335 2496 2391 intellectus
2525 2343 2579 2390 et
2608 2334 2747 2389 ratio
2778 2333 3085 2404 direxisset,
3126 2349 3229 2405 qua
3260 2334 3397 2390 duce
3422 2349 3546 2390 san-

1958 2440 2074 2492 ctas
2101 2428 2418 2485 traditiones
2447 2437 2503 2485 et
2532 2426 2903 2498 praedicabiles
2930 2428 3243 2499 disciplinas
3266 2429 3412 2485 velut
3438 2428 3548 2483 ha:-

1958 2524 2270 2580 reditarium
2313 2538 2508 2578 munus
2545 2522 2843 2578 transmisit
2872 2521 2940 2577 ad
2971 2532 3235 2593 posteros,
3289 2531 3345 2577 ut
3377 2536 3544 2592 ange-

1958 2617 2133 2671 lorum
2158 2614 2247 2670 vel
2277 2613 2506 2669 tiliorum
2530 2612 2626 2669 Dei
2663 2612 2880 2669 nomine
2908 2627 3004 2682 per
3033 2612 3229 2668 multas
3258 2626 3547 2669 censeren-

1959 2717 2048 2764 tur
2077 2706 2296 2763 aetates?
2313 2707 2444 2775 Quis
2465 2706 2674 2762 dubitet
2702 2707 3012 2762 innumeras
3038 2707 3155 2785 ejus
3184 2706 3411 2762 familias
3433 2707 3547 2763 Deo

1958 2800 2206 2872 placitas,
2254 2799 2504 2856 libertate
2542 2798 2749 2854 arbitrii
2789 2798 3061 2869 praeditas,
3094 2800 3165 2855 et'
3194 2814 3259 2855 ex
3298 2799 3548 2871 gentibus

1959 2895 2127 2951 fuisse
2154 2893 2405 2961 salvatas,
2437 2893 2505 2949 de
2530 2892 2723 2963 quibus
2747 2893 2898 2963 pauci
2927 2892 3237 2957 admodum,
3281 2893 3376 2948 sed
3413 2893 3546 2949 clari

1959 2996 2119 3057 atque
2145 2984 2369 3055 perfecti
2396 2983 2463 3038 ad
2499 2982 2946 3039 illuminationem
2988 2983 3171 3040 saeculi
3216 2984 3380 3039 sacris
3416 3000 3545 3054 pro-

1958 3081 2158 3135 duntur
2182 3076 2447 3148 eloquiis?
2490 3076 2641 3134 Unde
2680 3078 2824 3133 enim
2857 3077 3039 3133 Enoch
3068 3092 3193 3133 cum
3222 3076 3333 3133 Deo
3358 3076 3546 3132 ambu-

1961 3171 2095 3236 lare,
2122 3170 2209 3225 vel
2241 3167 2356 3225 Deo
2383 3168 2596 3239 placere
2623 3169 2904 3239 potuisset,
2935 3167 3038 3223 nisi
3069 3182 3189 3223 eum
3218 3169 3303 3224 lex
3329 3167 3547 3223 visceri.

1962 3263 2064 3321 bus
2093 3261 2266 3319 infusa
2308 3271 2518 3318 secreto
2555 3261 2865 3332 magisterio
2904 3260 3281 3327 illuminassct,
3326 3259 3380 3315 in
3428 3268 3548 3315 tan-

1965 3366 2099 3423 tum,
2146 3364 2207 3411 ut
2253 3350 2387 3411 nihil
2418 3364 2696 3411 terrenum
2737 3353 2955 3425 sapiens
2998 3354 3316 3410 mirabiliter
3342 3368 3371 3407 a
3400 3361 3549 3409 terra

1964 3450 2077 3507 Deo
2106 3457 2417 3506 assumente
2455 3448 2772 3519 raperetur?
2813 3446 2913 3516 Qui
2943 3446 3071 3503 dum
3121 3446 3243 3502 fidei
3276 3447 3465 3501 merito
3492 3446 3547 3501 in

1963 3545 2133 3615 prima
2188 3543 2369 3599 saeculi
2418 3542 2559 3597 illius
2604 3549 2764 3596 aetate
2800 3550 3028 3595 caeteros
3055 3539 3349 3605 antecellit,
3388 3538 3549 3596 fidem

1965 3638 2137 3706 ipsam
2158 3649 2277 3690 cum
2304 3634 2421 3704 lege
2447 3643 2652 3704 natura:
2681 3632 2783 3688 sibi
2811 3632 3058 3687 traditam
3085 3632 3251 3687 fuisse
3270 3630 3544 3701 perdocet.

1966 3726 2117 3784 Sicut
2144 3728 2403 3798 legimus:
2439 3723 2571 3779 Fide
2601 3722 2779 3778 Enoch
2809 3724 3086 3778 translatus
3112 3732 3206 3790 est,
3246 3733 3303 3776 ut
3346 3740 3447 3776 non
3476 3724 3549 3777 vi-

1969 3819 2109 3874 deret
2149 3828 2381 3873 mortem.
2444 3818 2574 3871 Ante
2608 3815 2994 3871 translationem
3033 3815 3166 3870 enim
3207 3815 3551 3869 testimonium

1971 3911 2149 3966 habuit
2178 3911 2430 3983 placuisse
2454 3908 2580 3963 Deo.
2631 3908 2757 3964 Sine
2798 3907 2901 3978 ﬁde
2930 3915 3101 3961 autent
3142 3907 3452 3977 impossibile
3478 3915 3552 3961 est

1969 4005 2170 4077 placere
2212 4001 2343 4057 Deo.
2396 3999 2614 4056 Credere
2656 4009 2828 4055 autem
2878 4005 3074 4070 Oportet
3121 3997 3441 4051 accedentem
3484 3996 3554 4050 ad

1971 4100 2157 4164 Deum,
2208 4098 2329 4168 quia
2373 4105 2467 4163 est,
2517 4105 2563 4150 et
2604 4091 2977 4163 inquirentibus
3013 4108 3067 4146 se
3107 4092 3173 4145 sit
3209 4101 3555 4146 remunerator

1972 4191 2155 4262 (Hebr.
2188 4187 2289 4256 xt).
2335 4187 2445 4244 Nisi
2491 4185 2848 4243 voluntariam
2882 4183 3226 4239 devotionem
3276 4192 3329 4237 et
3372 4182 3550 4237 inten-

1973 4288 2172 4342 tionem
2203 4292 2489 4356 quaareret,
2520 4281 3015 4337 remunerationem
3066 4276 3269 4332 homini
3315 4291 3419 4331 non
3461 4275 3556 4332 de-

1972 4379 2156 4444 ferret,
2197 4385 2253 4434 et
2296 4376 2399 4432 nisi
2428 4376 2477 4432 ei
2518 4371 2717 4444 aliquid
2749 4372 2896 4443 prius
2942 4371 3084 4427 unde
3127 4369 3296 4441 possit
3342 4370 3557 4440 placere

1973 4474 2265 4531 tribuisset.
2302 4472 2437 4526 Dum
2468 4480 2643 4525 autem
2670 4466 2820 4530 dicit,
2867 4475 2986 4521 ante
3009 4464 3394 4519 translationem
3425 4462 3558 4515 enim

1974 4567 2313 4624 testimonium
2350 4544 2541 4627 habuit,
2592 4560 2848 4628 placuisse
2886 4557 3018 4623 Deo,
3062 4555 3282 4610 dubium
3326 4566 3441 4627 non
3474 4559 3558 4606 est

273 4667 380 4714 εδει
417 4657 496 4713 ΑΟ
524 4655 603 4712 δίο
631 4655 775 4711 Deus
818 4653 961 4725 (ιιιοά
998 4652 1186 4719 hab“:
1228 4660 1340 4716 98‘;
1392 4649 1555 4705 1³0ωο
1592 4663 1724 4704 νθῐο
1752 4650 1869 4703 Ιιίεο
1895 4642 1949 4666 υ
1973 4657 2115 4728 quod
2148 4656 2295 4725 prius
2327 4654 2430 4707 vita
2459 4651 2818 4714 examinetur,
2845 4656 2900 4701 et
2933 4646 3011 4701 sic
3048 4644 3242 4700 electio
3267 4642 3559 4711 subsequa-

274 4749 424 4805 dona
453 4747 555 4804 nisi
584 4747 874 4818 acceperit,
920 4761 1024 4801 non
1056 4744 1238 4800 habet.
1280 4741 1414 4798 Cum
1457 4756 1588 4813 ergo
1617 4741 1758 4796 Deus
1780 4739 1869 4809 ju-

274 4852 397 4899 stus
424 4856 488 4897 ac
525 4841 757 4914 justitia,
812 4840 1123 4896 misericors
1150 4846 1205 4893 et
1231 4835 1634 4903 misericordia,
1672 4835 1790 4905 pius
1817 4844 1873 4890 et

274 4937 457 5006 pietas
486 4935 576 5002 sit,
607 4936 769 4990 homo
798 4933 978 5003 justus
1002 4944 1124 4987 esse
1148 4937 1347 5000 potest,
1383 4928 1586 4998 justitia
1615 4942 1735 4983 esse
1766 4942 1872 4983 non

278 5035 490 5098 potest;
516 5026 826 5082 misericors
845 5038 968 5080 esse
993 5030 1190 5094 potest,
1222 5019 1593 5078 misericordia
1618 5033 1740 5075 esse
1763 5033 1871 5074 non

279 5130 497 5192 potest;
531 5120 650 5191 pius
679 5133 799 5176 esse
828 5124 1024 5189 potest,
1057 5115 1225 5189 pietas
1244 5128 1365 5171 esse
1392 5129 1497 5169 non
1525 5121 1718 5185 potest,
1750 5113 1873 5184 quia

284 5229 399 5269 non
427 5213 740 5269 naturaliter
762 5210 924 5268 habet
946 5211 1071 5278 ista,
1094 5209 1188 5267 sed
1210 5207 1450 5279 largiter.
1486 5206 1649 5263 Verbi
1679 5206 1871 5278 gratia,

284 5305 378 5361 ille
427 5319 618 5360 aurum
666 5313 771 5371 est,
820 5302 986 5359 homo
1028 5317 1158 5358 vero
1201 5301 1516 5357 deauratum
1564 5315 1661 5355 vas
1702 5297 1873 5355 videri

284 5406 499 5465 potest;
543 5405 597 5454 et
639 5396 693 5452 in
722 5395 938 5453 homine
965 5394 1136 5466 gratia
1167 5402 1270 5461 est,
1300 5393 1443 5465 quod
1465 5392 1519 5448 in
1551 5393 1662 5449 Deo
1685 5403 1871 5449 natura

286 5498 405 5555 est;
463 5499 520 5546 et
566 5491 619 5546 in
652 5489 755 5545 hoc
784 5497 1024 5545 creatum
1054 5497 1158 5557 est,
1210 5488 1353 5560 quod
1394 5488 1448 5543 in
1490 5487 1583 5542 illo
1624 5486 1878 5556 probatur

1976 4759 2080 4803 tur.
2106 4748 2162 4803 In
2191 4742 2539 4815 persuasione
2566 4736 3055 4810 praedestinationis
3083 4734 3238 4791 facile
3266 4732 3560 4790 declinabi-

1977 4850 2063 4896 tur
2084 4853 2236 4895 error
2258 4834 2540 4901 accedens,
2579 4833 2624 4887 si
2651 4831 3013 4903 interrogetur
3039 4824 3199 4885 causa
3228 4825 3556 4896 praacedens.

1977 4928 2360 5001 Inquirentibus
2406 4943 2459 4981 se
2505 4910 2855 5003 remunerator-
2905 4924 2993 4991 sit,
3042 4937 3164 4978 cum
3211 4932 3405 4990 magno
3452 4930 3560 4972 non

1978 5024 2131 5080 deest
2157 5021 2384 5097 crimine
2434 5034 2539 5074 non
2577 5016 2862 5088 quaerenti,
2909 5014 3030 5087 quia
3072 5012 3219 5069 dedit
3268 5009 3409 5065 unde
3452 5021 3561 5063 non

1979 5115 2143 5186 possit
2167 5112 2384 5183 inquiri.
2434 5111 2658 5178 Qualem
2704 5118 3061 5176 quantamque
3090 5105 3251 5160 homo
3285 5118 3315 5157 a
3348 5101 3459 5156 Deo
3484 5100 3563 5155 le-

1978 5225 2097 5281 gem
2126 5206 2297 5279 prima
2324 5204 2631 5261 conditione
2658 5200 2973 5272 susceperit,
3007 5196 3239 5269 perfecta
3262 5195 3423 5251 etiam
3446 5192 3560 5249 Noe

1978 5301 2183 5374 justitia
2209 5298 2524 5364 declaravit,
2556 5300 2676 5369 quia
2707 5294 2971 5366 generalia
3007 5292 3127 5348 ﬁdei
3164 5291 3300 5346 dona
3338 5288 3563 5359 speciali

1981 5395 2034 5450 in
2066 5410 2124 5450 se
2153 5391 2331 5449 studio
2360 5392 2615 5447 virtutum
2662 5396 2896 5443 sectator
2927 5384 3177 5441 excoluit.
3228 5382 3394 5454 Cujus
3424 5389 3563 5437 tem-

1984 5501 2113 5557 pore
2143 5500 2263 5541 cum
2304 5482 2635 5553 corrupisset
2662 5478 2838 5533 omnis
2886 5490 3013 5532 caro
3036 5474 3175 5531 viam
3218 5488 3367 5530 suam
3400 5486 3566 5542 super

4053 4990 4055 5051 l

4054 5150 4055 5199 l

4052 5304 4055 5347 l

288 5583 602 5653 ingenitum.
660 5582 728 5638 Et
771 5582 893 5639 ideo
927 5582 1084 5651 juxta
1115 5582 1253 5637 hanc
1290 5582 1555 5636 rationem
1582 5579 1752 5651 magis
1782 5580 1881 5635 du-
1932 5613 1948 5635 .
1984 5590 2206 5645 terram,
2246 5576 2518 5632 damnatio
2558 5580 2737 5628 secuta
2786 5586 2891 5627 non
2941 5579 3106 5636 esset,
3164 5568 3265 5623 nisi
3308 5563 3564 5638 praevari-

226 5694 235 5699 ’
288 5675 418 5745 plex
438 5684 607 5732 status
631 5675 868 5732 hominis
892 5683 1136 5746 apparet,
1177 5676 1263 5730 cui
1301 5673 1419 5730 haec
1448 5674 1518 5729 ita
1545 5675 1874 5741 inseruntur,
1956 5672 2122 5765 ,catio
2166 5685 2234 5725 ex
2280 5667 2503 5724 arbitrio
2546 5665 2779 5720 hominis
2821 5663 3207 5735 praecessisset.
3258 5658 3406 5715 Sicut
3432 5670 3565 5726 ergo

294 5776 353 5821 ut
378 5777 693 5838 separentur
721 5768 917 5839 saepius
941 5778 996 5825 et
1026 5768 1357 5824 auferantur.
1400 5766 1593 5822 Errant
1632 5782 1760 5837 ergo
1786 5767 1877 5837 qui
1956 5756 2137 5832 ‘culpa
2167 5775 2377 5832 pmnam
2428 5766 2684 5823 meretur,
2733 5756 2803 5812 ita
2848 5758 3004 5827 culpa
3052 5768 3262 5827 poenam
3310 5758 3555 5814 testatur,

293 5857 552 5933 justitiam
610 5860 951 5936 reliquasque
998 5860 1225 5920 virtutes
1272 5861 1465 5920 anima:
1523 5867 1707 5932 putant
1752 5872 1874 5917 esse
1982 5873 2100 5932 qun
2132 5871 2229 5930 pro
2255 5854 2506 5926 aequitate
2533 5852 2884 5911 moderatoris
2922 5851 3167 5911 infertur.
3210 5848 3346 5907 Dum
3377 5852 3560 5903 autent
