4090 6330
162 374 250 436 899

1236 370 1319 424 os
1360 368 1615 426 GRATIA
1654 365 1794 435 ost,
1835 340 2008 435 ere,
2052 367 2176 423 un.
2218 367 2281 423 n.

3275 140 3297 165 6

3288 362 3390 421 830

165 490 267 544 dem
290 483 388 538 Job
414 480 753 552 prmcipicnte
786 480 1009 535 Domino
1040 481 1388 551 supplicasso,
1419 491 1476 538 et
1499 466 1716 536 exaudi-
1744 482 1799 543 Δ
1823 481 1875 534 in
1899 480 2086 535 eadem
2117 470 2350 550 Epistula
2379 480 2507 536 dicit
2538 498 2551 535 :
2584 480 2710 535 Cum
2736 480 2869 534 enim
2898 487 3063 549 gentes
3091 493 3205 547 quin
3234 478 3390 547 legent

167 591 236 635 tus
264 590 379 633 esse
406 583 750 638 memoratur,
786 573 868 627 bis
893 589 1103 645 quoque
1133 574 1305 630 adhuc
1332 577 1385 629 in
1424 577 1717 645 gentilitate

166 670 448 728 viventibus
472 667 617 722 salus
649 666 941 721 indubitata
968 668 1267 723 confertur.
1301 668 1485 723 Rahab‘
1510 682 1720 736 quoque

166 767 209 820 in
239 770 436 818 tantum
487 758 715 814 nationis
769 758 1043 829 gentilitiat
1087 758 1205 823 fuit.
1263 770 1319 812 ut
1363 774 1427 813 ex
1477 760 1723 829 gentibus

79 842 128 930 ξ’
166 850 537 925 congreganda:
564 860 747 921 typum
770 850 1043 921 praeferret
1074 850 1351 919 Ecclesiae.
1396 851 1523 905 llznc
1560 851 1721 906 etiam

88 940 105 1009 ἒς
166 950 210 1001 in
235 945 457 999 salutem
487 957 608 996 cum
639 940 783 995 omni
810 940 969 995 domo
1002 955 1099 995 sua
1129 941 1230 1009 ﬁde
1255 951 1513 1011 operante
1551 940 1722 997 snsei.

167 1038 313 1104 pitur.
350 1033 422 1087 De
443 1047 544 1102 qua
574 1031 832 1100 legimus;
866 1026 999 1085 Fide
1026 1029 1203 1084 Raltob
1233 1032 1476 1085 meretrix
1504 1046 1602 1084 non
1640 1046 1726 1098 με.

166 1130 241 1183 riit
268 1144 378 1179 cum
408 1124 706 1180 incredulis.
732 1123 881 1180 Unde
908 1125 992 1179 hic
1012 1134 1161 1179 extra
1188 1127 1359 1195 legem
1393 1124 1551 1195 positi
1570 1138 1728 1177 accu-

166 1227 341 1275 santur
371 1214 759 1272 incredulitatis
794 1233 806 1268 :
839 1216 941 1271 nisi
984 1216 1109 1284 quia
1149 1216 1317 1285 legem
1366 1228 1595 1287 natum,
1644 1213 1729 1268 cui

168 1309 286 1365 tides
309 1309 496 1378 juncta
527 1316 631 1372 est,
674 1321 891 1361 servare
921 1308 1241 1363 noluerunt?
1276 1308 1438 1383 Unde
1482 1306 1730 1375 obiicitur

168 1401 525 1469 incredulitas,
577 1400 677 1454 nisi
719 1400 838 1470 quia
879 1400 931 1454 in
976 1410 1220 1477 promptu
1251 1398 1346 1454 fuit
1371 1400 1620 1455 credendi
1653 1399 1730 1452 fa-

168 1493 366 1549 cultas?
405 1491 582 1547 Liberi
610 1492 786 1562 itaque
811 1492 1016 1546 arbitrii
1050 1494 1185 1547 ratio
1226 1492 1353 1547 facit
1390 1505 1445 1547 ut
1486 1508 1737 1547 remune-

167 1594 302 1641 retur
331 1584 559 1639 credens
604 1594 657 1639 et
700 1584 980 1639 damnetur
1013 1583 1338 1639 incredulus.
1390 1583 1637 1655 Legimus
1677 1584 1729 1637 in

168 1676 291 1731 libro
322 1674 599 1731 Gcneseos
625 1693 637 1729 :
673 1660 917 1729 Nondum
946 1677 1079 1730 enim
1105 1678 1358 1742 completa
1388 1684 1500 1729 sunt
1535 1685 1738 1745 peccata

168 1768 573 1847 Anton/urorum
596 1783 612 1819 :
634 1766 878 1837 przcdicit
896 1766 1149 1821 Dominus
1180 1752 1316 1820 lilios
1346 1766 1503 1821 Israel
1521 1766 1572 1819 in
1597 1776 1737 1819 terra

1824 593 1925 633 nan
1956 576 2137 635 natent
2167 575 2463 629 naturaliter
2493 591 2606 644 quia
2625 576 2751 645 legis
2772 580 2885 629 sunt
2916 574 3288 642 faciunl(RODt.
3306 571 3389 642 tt).

1824 665 1947 722 Non
1977 680 2105 735 ergo
2153 645 2696 732 remnti‘ntagisterio
2739 667 2803 721 ad
2835 663 3391 734 comprehendendam

1827 761 1998 830 legem
2033 760 2126 814 Dei
2163 758 2413 814 credatur
2443 758 2698 823 imbutus,
2723 758 2817 827 qui
2842 758 2893 813 id
2914 759 3055 827 quod
3083 757 3396 813 naturaliter

1829 852 1991 909 habet
2018 855 2070 907 in
2105 851 2265 920 primi
2303 850 2488 917 utique
2536 850 2765 904 hominis
2796 849 3105 905 conditione
3136 846 3392 917 percepit.

1830 943 2259 1009 Immutareruttt,
2304 942 2473 1012 inquit
2507 943 2819 1010 Apostolus,
2846 944 3067 1011 glorians
3094 942 3400 1010 incorrupti-

1834 1038 1949 1093 bilio
1981 1037 2073 1091 Dei
2113 1038 2173 1092 in
2204 1035 2597 1091 similitudinem
2642 1034 2899 1101 imaginis,
2947 1043 2999 1086 et
3041 1034 3319 1096 volucrum,
3354 1040 3403 1085 et

1832 1118 2244 1199 quadrupedum,
2275 1137 2323 1183 et
2353 1128 2664 1193 serpentium
2693 1124 2879 1196 (Rom.
2913 1123 2985 1191 ι).
3020 1125 3155 1179 ῦιιω
3201 1125 3402 1189 impru-

1836 1223 1973 1277 dens
1992 1221 2200 1290 abiecta
2222 1228 2279 1275 et
2300 1218 2512 1287 indigna
2536 1224 2841 1279 veneratur,
2861 1215 3123 1271 debuisse
3143 1229 3209 1271 se
3228 1214 3404 1271 omni.-

1838 1313 2232 1371 mndiscultum
2259 1310 2589 1380 dignioribus
2614 1311 2913 1379 proﬁtetur.
2948 1308 3408 1376 Dumqnelignuln

1838 1406 2029 1463 adorat
2063 1415 2117 1460 et
2165 1402 2431 1471 lapidem,
2476 1402 2529 1457 in
2579 1410 2827 1470 promptu
2870 1400 3063 1455 habuit
3094 1408 3159 1455 ut
3197 1406 3411 1468 saperet

1840 1495 2065 1550 adorare
2104 1493 2443 1549 terrestrium
2468 1503 2519 1547 et
2554 1491 2855 1547 caelestium
2895 1489 3253 1545 conditorem.
3280 1487 3413 1542 Nam

1842 1585 1969 1639 dum
1996 1584 2157 1637 homo
2185 1582 2466 1639 colendum
2497 1595 2618 1637 esse
2647 1580 2845 1650 aliquid
2876 1580 3084 1649 probat,
3114 1579 3229 1649 ipse
3258 1580 3416 1633 intel-

1842 1678 2013 1733 lectus
2033 1675 2247 1733 colendi
2274 1675 2477 1730 crimen
2511 1672 2805 1729 conditoris
2850 1671 3103 1728 ostendit.
3137 1670 3418 1739 amotio

1845 1769 1989 1822 enim
2014 1766 2283 1835 religionis
2329 1766 2519 1821 habuit
2566 1765 2820 1821 censum?
2871 1763 3167 1820 invenisset-
3216 1762 3419 1831 abstpto

167 1857 377 1928 Αῐςγιηί
406 1854 782 1919 humiliandos,
806 1864 964 1925 atque
995 1857 1117 1912 inde
1138 1857 1202 1910 ad
1227 1854 1521 1925 perdendas
1544 1856 1733 1924 impias
1763 1860 1812 1921 B
1839 1862 2002 1925 dubio
2037 1862 2227 1926 Deum,
2259 1861 2307 1917 si
2336 1859 2639 1928 inquErendi
2666 1870 2937 1927 apponere
2985 1858 3240 1912 voluisset
3290 1855 3419 1909 alie-

167 1950 411 2003 nationes
452 1957 503 2000 et
551 1946 918 2016 percipiendas
960 1948 1248 2015 promissas
1285 1949 1439 2001 sedes
1488 1947 1539 2000 in
1570 1948 1735 2015 signis

168 2053 211 2097 et
231 2038 504 2095 miraculis
526 2034 853 2104 educendos,
878 2037 972 2093 sed
1004 2037 1105 2094 hoc
1135 2040 1280 2108 prius
1310 2038 1422 2092 lieri
1449 2054 1553 2092 non
1581 2054 1743 2107 posse

169 2142 416 2200 testatur,
448 2147 603 2203 quam
630 2139 815 2202 gentes
844 2146 975 2200 quas
1006 2132 1085 2187 eis
1127 2132 1414 2187 traditurus
1441 2142 1579 2197 erat,
1620 2146 1743 2201 pec-

169 2236 405 2283 catorum
434 2227 856 2281 excrescentium
888 2224 1276 2291 magnitudine,
1304 2224 1523 2295 ﬂagellis
1550 2224 1743 2278 debitis

170 2305 337 2375 locum
384 2318 604 2383 faciant,
653 2330 705 2374 et
734 2317 949 2375 extendi
986 2318 1036 2372 in
1078 2333 1135 2374 se
1178 2333 1399 2372 manum
1436 2316 1743 2371 afﬂictionis

169 2421 425 2473 extremae
451 2420 832 2469 consummatae
881 2410 1172 2481 iniquitatis
1220 2412 1359 2465 mole
1398 2410 1742 2480 compellant.

172 2506 267 2561 Ubi
311 2514 658 2575 exspectatur
698 2504 1061 2575 multiplicatio
1106 2515 1469 2575 peccatorum,
1512 2502 1746 2572 pravitas

169 2598 407 2667 arguitur
429 2597 787 2652 voluntatum.
812 2594 911 2661 Qui
939 2597 1124 2666 gentili
1151 2596 1394 2651 absoluto
1418 2611 1444 2648 a
1472 2598 1584 2665 lege
1612 2610 1745 2665 prae-

170 2689 302 2759 ccpti
336 2688 565 2756 imponit
595 2703 689 2755 pro
730 2672 979 2756 aequitate
1025 2687 1367 2750 sententiam,
1401 2686 1571 2757 legem
1597 2692 1746 2738 natu-

170 2797 241 2835 ra:
283 2781 464 2850 arguit
510 2779 669 2835 fuisse
731 2781 1021 2845 calcatam;
1067 2782 1332 2851 simulque
1378 2780 1750 2851 longanimitas

173 2873 486 2929 sustinentis
519 2871 781 2942 juStitiam
824 2873 1077 2942 probatur
1118 2873 1749 2935 manifestaredamnan-

172 2966 260 3022 tis.
310 2965 485 3024 Nemo
529 2968 669 3021 enim
714 2980 918 3019 moram
959 2980 1024 3019 ex
1055 2964 1421 3020 moderatione
1450 2965 1750 3036 prccmittit,

174 3058 261 3127 qui
310 3074 376 3113 ex
433 3056 896 3125 przedcstinatione
954 3054 1142 3124 punire
1185 3055 1438 3133 disponit.
1508 3055 1754 3109 Nondum

174 3149 394 3219 (inquit)
433 3150 637 3219 impleta
690 3150 801 3201 sunt
839 3157 1047 3216 peccata
1077 3148 1508 3204 Amorrltteorum.
1545 3148 1676 3202 Dum
1701 3148 1755 3202 itt

1846 1966 2012 2021 ctum,
2042 1954 2251 2009 dicente
2295 1953 2560 2008 Domino:
2594 1950 2817 2017 Qumite
2858 1958 2906 2007 et
2956 1949 3236 2004 invenietis.
3287 1945 3421 2001 Cum

1846 2047 1992 2103 enim
2024 2060 2177 2103 mens
2207 2046 2437 2111 humana
2467 2044 2534 2097 ad
2566 2042 2853 2097 videndum
2895 2042 3082 2097 ocu‘os
3124 2040 3416 2108 aperuerit,

1847 2141 2024 2195 statim
2076 2153 2133 2193 se
2184 2135 2511 2193 desideranti
2560 2135 2779 2205 quaesita
2815 2134 2899 2193 lux
2953 2134 3163 2202 ingerit.
3195 2131 3425 2199 Ideoque

1850 2234 1933 2287 les
1966 2233 2112 2287 intus
2144 2232 2343 2291 incerta
2374 2230 2557 2284 docuit
2581 2227 3013 2289 venerationem,
3032 2226 3133 2281 sui
3151 2225 3423 2294 negligen-

1849 2329 1919 2381 tia
1946 2338 1997 2383 et
2027 2324 2360 2383 contumacia
2404 2324 2645 2381 invenire
2670 2335 2773 2377 non
2802 2320 2994 2375 meruit
3026 2318 3326 2373 veritatem.
3362 2316 3431 2371 Et

1851 2429 2132 2488 propterea
2164 2417 2290 2475 dum
2334 2429 2394 2470 se
2436 2414 2661 2471 taurinis
2688 2412 2989 2469 simulacris
3030 2420 3085 2465 et
3134 2409 3425 2479 ﬁgurisilt-

1850 2511 2527 2573 sensibilibnsligutentum
2559 2506 2780 2561 caeleste
2823 2503 3145 2571 prosternit,
3172 2500 3423 2569 iniuriam

1853 2619 1957 2657 non
1987 2603 2157 2663 solum
2179 2599 2493 2663 laetori,sed
2524 2598 2654 2655 etin
2685 2612 2744 2652 se
2766 2596 2983 2651 factum:
3010 2609 3125 2649 sua
3147 2592 3344 2654 intulit,
3372 2601 3427 2645 et

1853 2693 2237 2750 erubescendis
2278 2692 2625 2760 semetipsum
2672 2688 3039 2751 contumeliis,
3068 2686 3305 2755 propria:
3323 2685 3421 2738 im.

1855 2800 2061 2841 memor
2090 2782 2463 2853 generositatis
2512 2780 2709 2847 atlecit,
2754 2786 2917 2844 atque
2954 2794 3023 2832 en
3073 2792 3257 2832 errore
3307 2777 3423 2847 ipso

1857 2890 2071 2946 paruam
2091 2874 2299 2943 recepit
2325 2872 2545 2934 erroris,
2570 2872 2710 2926 sicut
2733 2871 2805 2924 ait
2834 2870 3117 2938 Apostolus
3143 2887 3157 2920 :
3191 2866 3258 2921 Et
3289 2882 3425 2920 mr-

1859 2970 2029 3024 cedem
2054 2984 2203 3033 quem
2225 2967 2450 3035 oportuit
2471 2966 2660 3019 erroris
2687 2970 2769 3018 uti
2796 2965 2853 3018 in
2868 2965 3153 3037 semetipsis
3170 2964 3425 3031 recipien-

1861 3074 1950 3117 tes.
1974 3062 2040 3117 Et
2061 3063 2191 3117 sicut
2220 3077 2319 3115 non
2343 3059 2679 3129 probaverunt
2701 3059 2863 3112 Deum
2880 3058 3063 3111 habere
3094 3056 3149 3110 in
3174 3056 3426 3123 notitiam,

1863 3156 2077 3211 tradidit
2101 3171 2189 3210 eos
2219 3153 2356 3207 Deus
2380 3154 2432 3207 in
2461 3152 2737 3220 reprobuue
2760 3166 2964 3206 sensum
2999 3151 3017 3223 (
3040 3148 3190 3204 Rom.
3224 3153 3310 3216 ν).
3337 3150 3433 3203 Hie

173 3240 510 3309 plenitudine
551 3248 890 3310 peccatorum
937 3249 1394 3295 commemoratur
1440 3240 1755 3310 perditionis
1778 3230 2073 3306 C'rebenas
2100 3262 2287 3303 sensus
2316 3257 2506 3316 εροιιιε
2536 3258 2840 3313 corruptus,
2874 3260 2977 3299 non
3006 3244 3266 3298 νίοιρηιει»
3284 3241 3435 3295 ama-

172 3345 359 3397 causa,
392 3330 629 3386 aufertur
658 3332 886 3399 prmlixa:
917 3332 1249 3386 necessitatis
1280 3331 1497 3387 invidia.
1524 3332 1751 3395 Divina:

174 3421 279 3476 hoc
310 3424 431 3478 loco
461 3424 727 3491 parientis:
767 3438 995 3493 agnosce
1031 3427 1302 3479 virtutem.
1344 3424 1679 3481 Liberandus
1698 3432 1753 3479 et

172 3516 539 3567 subversurus
570 3514 756 3581 impias
782 3524 989 3581 gentes,
1022 3515 1247 3585 populus
1278 3515 1437 3569 lsrael
1468 3517 1678 3571 interim
1702 3518 1753 3570 in

172 3604 343 3659 servit
359 3614 447 3656 nte
471 3604 747 3667 retinetur,
766 3603 935 3657 donec
961 3605 1209 3673 iniquitas
1237 3605 1471 3673 gentium
1489 3607 1758 3675 complea-

173 3708 287 3752 tur.
324 3696 533 3750 Tandiu
559 3698 812 3750 ultionem
841 3695 993 3751 aﬂ'ert
1034 3698 1107 3751 ira
1135 3697 1344 3765 judicii,
1375 3697 1608 3768 quandiu
1638 3713 1756 3752 cre-

172 3798 299 3845 scat
343 3787 397 3841 in
428 3786 698 3841 cumulum
749 3801 995 3863 mensura
1029 3788 1252 3856 peccati.
1301 3787 1369 3842 Ut
1407 3795 1759 3841 concurrente

174 3879 281 3935 sibi
317 3878 557 3931 bonitate
602 3888 655 3932 et
685 3880 967 3933 severitate
1001 3878 1101 3933 sub
1139 3895 1244 3935 uno
1282 3882 1577 3948 eodemque
1621 3890 1760 3933 teut-

178 3987 338 4042 porc,
389 3969 509 4024 hinc
550 3970 813 4026 absolutio
846 3969 961 4039 lilii,
1005 3968 1126 4026 inde
1152 3973 1404 4026 contritio
1446 3984 1759 4026 exerceatur

181 4066 415 4120 inimici.

790 4154 1012 4210 CAPUT
1072 4155 1157 4209 ΙΧ.

185 4245 380 4301 Contra
410 4243 504 4318 Itoc
529 4244 665 4318 quod
684 4244 885 4318 dicunt,
913 4247 1032 4318 quia
1060 4256 1176 4299 ante
1201 4248 1379 4316 gratia:
1403 4255 1601 4312 tempus
1622 4250 1765 4318 agni-

393 4316 462 4368 tt'o
484 4317 635 4370 unius
667 4316 761 4369 Dei
790 4317 1021 4387 gentibus
1047 4331 1280 4370 concessa
1305 4333 1404 4370 non
1432 4318 1602 4386 fuerit.

259 4428 317 4481 ln
334 4428 522 4498 grandi
540 4427 802 4496 profundo
819 4429 1129 4497 ignorantia:
1152 4429 1455 4485 volutantur
1476 4430 1564 4499 qui
1585 4430 1767 4487 dicunt

187 4518 332 4588 quod
365 4518 524 4571 unius
548 4517 640 4572 Dei
673 4518 911 4571 notitiam
940 4520 1137 4574 habere
1161 4536 1264 4575 ttOtt
1292 4523 1557 4590 potuerint
1579 4532 1768 4592 gentes

1860 3353 1946 3397 tus
1973 3349 2076 3396 est.
2110 3340 2253 3395 Sicut
2279 3337 2495 3409 (inquit)
2540 3353 2641 3389 non
2672 3336 3005 3404 probaverunt
3049 3333 3209 3387 Deum
3247 3332 3432 3385 habere

1857 3436 1912 3488 in
1962 3433 2217 3496 notitiam,
2251 3429 2462 3483 tradidit
2490 3443 2581 3482 eos
2608 3425 2747 3481 Deus
2794 3428 2847 3481 in
2884 3425 3154 3496 "probum
3206 3439 3427 3478 sensum.
3466 3411 3485 3429 ’

1858 3525 1957 3592 Qui
1984 3538 2079 3593 pro
2105 3523 2280 3577 causis
2311 3519 2733 3587 [excedentibus
2760 3518 3166 3587 derelinqnitur,
3188 3530 3295 3570 non
3323 3516 3431 3569 lato

1862 3616 2149 3682 premitur,
2178 3612 2275 3668 sed
2294 3611 2499 3679 judicio
2522 3610 2859 3677 conprobatur.
2891 3608 3049 3674 Quid
3081 3608 3131 3661 si
3169 3605 3428 3672 requiras,

1862 3706 2005 3761 unde
2050 3705 2279 3759 indoctis
2329 3702 2637 3757 nationibus
2690 3702 2745 3756 in
2792 3701 2893 3755 illa.
2937 3701 3169 3767 ingenita
3226 3696 3437 3750 feritate

1863 3796 2177 3867 peccatum?
2209 3791 2365 3850 Unde
2388 3791 2489 3849 nisi
2520 3806 2614 3861 per
2662 3792 2827 3857 animi
2879 3772 3101 3845 motun'
3137 3788 3438 3855 mentisque

1865 3884 2223 3942 consensum?
2257 3882 2493 3949 Denique
2534 3880 2769 3950 pecudes
2804 3888 2859 3936 et
2899 3879 3053 3934 bruta
3083 3876 3375 3933 manantia
3405 3892 3435 3931 a

1866 3989 2088 4050 peccato
2113 3975 2434 4033 omnimodis
2457 3975 2623 4031 libera
2646 3983 2791 4039 sunt,
2821 3974 2943 4042 quia
2978 3971 3323 4039 discretionis
3345 3984 3439 4023 ne-

1865 4072 1997 4137 scia,
2028 4081 2081 4125 et
2110 4068 2333 4123 rationis
2354 4068 2533 4135 ignara
2576 4074 2720 4121 sunt.
2762 4064 2840 4119 Tu
2868 4062 3187 4119 deteriorem
3234 4060 3439 4129 pecude

1867 4164 2135 4217 hominem
2162 4160 2313 4215 facis.
2334 4158 2442 4213 Cur
2468 4158 2613 4213 enim
2637 4156 2689 4211 ei
2721 4155 2979 4225 relinquis
3003 4159 3279 4225 peccatum
3305 4195 3318 4219 ,
3349 4150 3437 4205 cui
3504 4222 3505 4225 η

1869 4255 2012 4310 tollis
2032 4252 2344 4317 arbitrium;
2369 4260 2461 4305 aut
2488 4248 2534 4303 si
2561 4261 2682 4305 eum
2722 4246 2909 4303 subdis
2935 4254 3173 4315 peccato,
3198 4243 3304 4299 noli
3335 4242 3441 4313 pri-

1866 4362 1997 4401 vare
2021 4343 2243 4414 judicio.
2266 4341 2379 4395 Non
2414 4355 2539 4409 ergo
2562 4339 2850 4394 mentiatur
2867 4337 3118 4407 iniquitas
3143 4335 3266 4400 sibi,
3298 4334 3444 4387 novit

1869 4439 1994 4510 quid
2024 4442 2075 4491 in
2105 4436 2316 4492 occulto
2348 4434 2549 4489 homini
2583 4433 2793 4488 dederit
2816 4432 3061 4502 cognitor
3087 4424 3439 4485 occultorum.

1874 4532 1940 4585 Et
1970 4530 2090 4584 ideo
2124 4527 2338 4598 quando
2363 4526 2431 4581 ab
2457 4541 2523 4581 eo
2552 4525 2782 4593 quisque
2824 4539 2921 4589 pro
2953 4523 3094 4576 malo
3122 4534 3285 4588 Opere
3324 4534 3445 4572 cor-

188 4617 312 4663 ante
336 4606 634 4662 Ξειωιοῖίε
666 4608 973 4674 adventum,
999 4626 1118 4664 CUI“
1146 4613 1432 4678 Λροεῑυιυε
1456 4621 1663 4668 asserat
1695 4615 1773 4666 fa.
1877 4622 2069 4689 τίμξιυι-
2100 4628 2153 4673 ει
2181 4618 2589 4677 ροιηιθιηηεηιιιιν
2621 4615 2819 4668 bonum
2852 4613 3029 4668 facere
3056 4612 3289 4679 potuisse
3314 4624 3445 4662 ροη-

186 4710 396 4754 ctoretn
415 4698 597 4752 mundi
614 4714 702 4768 per
718 4700 787 4753 l’at
802 4710 930 4755 tura:
948 4717 1056 4755 suae
1071 4702 1512 4771 magniﬁcentiam
1534 4705 1769 4772 potuisse

186 4793 552 4862 cognosci,ita
592 4792 820 4847 dicendo
849 4811 862 4847 :
900 4790 1048 4861 Quod
1079 4803 1252 4848 notum
1288 4806 1359 4848 est
1398 4795 1512 4861 Dei,
1546 4797 1762 4865 manife-

185 4897 317 4939 stum
349 4890 433 4941 est
454 4888 503 4939 in
525 4886 661 4951 illis;
690 4886 961 4940 invisibilia
985 4889 1117 4940 enim
1144 4890 1253 4958 ejus
1274 4905 1305 4939 α
1327 4898 1559 4942 creatura
1590 4890 1769 4943 mundi

188 4995 277 5047 per
312 4996 374 5032 ea
407 4996 521 5048 qua:
549 4983 684 5049 facta
714 4987 831 5032 sunt
864 4980 1113 5032 intellecta
1145 4981 1546 5050 conspiciuntur,
1574 4982 1766 5051 sempi-

188 5079 333 5124 terna
376 5087 579 5141 quoque
619 5072 776 5124 virtus
816 5073 927 5143 ejus
956 5081 1001 5125 et
1040 5071 1301 5137 divinitas,
1343 5082 1399 5126 ut
1436 5072 1533 5126 sint
1563 5074 1772 5126 inexcu-

188 5162 372 5216 sabile:
406 5160 600 5233 (Rem.
628 5161 696 5230 l).
729 5161 1007 5229 Quomodo
1040 5173 1093 5216 tu
1125 5162 1458 5217 excusabiles
1500 5163 1633 5218 dicis
1660 5204 1677 5231 ,
1704 5179 1771 5220 eo

187 5253 332 5321 quod
359 5252 523 5307 alieni
554 5253 750 5306 fuerint
780 5268 807 5305 a
840 5251 1146 5308 coelestibus
1169 5253 1344 5321 donis,
1372 5271 1504 5324 quos
1534 5255 1670 5311 Deus
1700 5273 1770 5312 ex

192 5344 293 5399 huc
315 5344 713 5401 inexcusabiles
745 5356 1093 5413 pretestatur,
1117 5347 1255 5416 quod
1274 5342 1439 5401 'abusi
1474 5350 1772 5419 probantur

190 5437 453 5507 acceptis,
502 5449 555 5492 et
606 5437 810 5505 opilicis
861 5436 1240 5493 sublimitatem
1292 5442 1409 5493 sine
1459 5440 1771 5498 ditlicultate

191 5532 332 5585 8(νίιέ
366 5530 682 5601 potuissent,
724 5530 767 5583 si
794 5544 928 5599 Opus
959 5528 1385 5598 interrogassent
1413 5531 1434 5582 ’ἶ
1464 5533 1643 5600 Longe
1692 5543 1775 5587 est

193 5620 296 5676 hoc
315 5621 389 5676 ab
417 5621 562 5676 omni
592 5621 796 5676 ratione
821 5631 978 5689 atque
1002 5621 1216 5687 pietate,
1244 5630 1297 5673 ut
1341 5620 1499 5675 homo
1536 5614 1609 5675 ad
1645 5636 1775 5690 cog-

194 5714 527 5768 noscendum
562 5714 725 5769 Deum
778 5728 948 5783 nuper
978 5722 1188 5782 putetur
1217 5712 1483 5780 eruditos,
1512 5715 1597 5770 cui
1646 5717 1771 5770 uni-

196 5823 385 5865 verSus
427 5808 492 5864 ab
522 5810 740 5865 exordio
787 5823 964 5863 rerum
1012 5806 1160 5867 testis
1194 5816 1277 5862 est
1307 5808 1553 5878 mundus,
1580 5819 1633 5867 ct
1654 5810 1774 5868 ideo

1875 4711 2119 4766 vincitur.
2154 4710 2337 4775 Magna
2363 4718 2449 4760 est
2474 4719 2603 4772 ergo
2634 4706 2710 4757 vis
2738 4702 2905 4757 animi
2934 4703 2987 4756 in
3016 4710 3298 4768 utramque
3329 4714 3448 4769 par-

1880 4813 2011 4867 tem,
2051 4802 2175 4854 dum
2208 4808 2261 4853 et
2309 4812 2468 4865 sutili!
2500 4796 2859 4861 honestatem,
2886 4794 3154 4858 tundatur,
3207 4801 3261 4848 et
3288 4806 3450 4860 super

1880 4892 2216 4947 inbonestatc
2241 4886 2603 4943 confunditur.
2633 4885 2697 4943 Et
2724 4887 2847 4945 ideo
2872 4884 3067 4941 dicitur
3095 4900 3189 4953 per
3215 4884 3449 4953 propinc-

1882 4994 1987 5040 tam
2020 5000 2032 5036 :
2064 4982 2336 5052 Palpebrae
2363 4983 2473 5053 ejus
2499 4981 2811 5049 interrogant
2856 4979 2989 5046 ﬁlios
3027 4976 3311 5041 hominum,
3346 4976 3448 5028 Do-

1880 5076 2049 5128 minus
2075 5066 2359 5143 inierrogat-
2392 5074 2595 5143 justum
2641 5078 2687 5125 et
2732 5070 2946 5139 impium
2976 5066 3455 5139 (Psol.1).Quid

1882 5180 1969 5220 me
1990 5164 2186 5233 judicis
2216 5171 2375 5218 natus
2419 5162 2713 5231 interrogat
2746 5161 2815 5216 de
2841 5168 3084 5229 peccato,
3115 5160 3158 5215 si
3185 5174 3297 5213 sua:
3322 5156 3451 5213 deti-

1880 5259 2098 5313 nitionis
2133 5266 2215 5312 est
2244 5256 2387 5328 quod
2415 5256 2690 5326 delinquo.
2715 5255 2897 5324 Itaque
2925 5253 3017 5322 qui
3043 5252 3203 5308 tinxit
3218 5250 3450 5319 singilla-

1882 5351 1974 5405 tim
2004 5348 2167 5405 corda
2195 5349 2494 5414 hominum,
2521 5350 2637 5402 vias
2657 5346 2937 5401 hominum;
2972 5352 3028 5399 et
3064 5344 3293 5399 emerita.
3325 5356 3450 5397 eun-

1880 5441 2225 5497 scientiarum
2265 5448 2505 5495 secretus
2547 5437 2821 5492 discussor
2850 5436 3162 5502 interrogat.
3193 5432 3303 5487 Sed
3330 5431 3373 5485 si
3401 5438 3455 5484 te

1881 5542 1937 5589 ct
1975 5535 2090 5603 ipse
2132 5532 2407 5596 discutias,
2437 5531 2482 5585 si
2532 5528 2750 5599 quando
2781 5528 2834 5581 in
2865 5527 3137 5582 sinistram
3183 5524 3455 5579 declinare

1885 5618 2123 5693 voluisti,
2148 5641 2324 5681 nonne
2355 5622 2561 5695 trepida
2598 5620 2924 5677 conscientia
2956 5634 3023 5675 ne
3065 5632 3314 5689 peccares
3356 5614 3454 5668 ad-

1886 5720 2122 5774 monuit?
2143 5716 2328 5773 Nonne
2360 5725 2433 5782 te,
2470 5715 2617 5770 velut
2645 5729 2833 5771 censor
2862 5712 3127 5776 occultus,
3159 5709 3325 5765 tristis
3358 5721 3455 5761 co-

1885 5814 2069 5885 gitatio
2098 5809 2407 5880 castigavit?
2436 5809 2510 5863 Ac
2539 5810 2616 5866 sic
2648 5812 2889 5867 homines
2914 5810 3120 5876 seipsos
3150 5806 3319 5863 latere
3346 5816 3454 5858 non
