4090 6330
224 332 320 389 855

1325 321 1413 379 DE
1453 315 1712 377 GBATIA
1752 313 1897 381 DEI,
1939 314 2111 385 ETC.,
2155 317 2279 373 UB.
2324 318 2387 374 ll.

3377 320 3477 377 δδι

204 444 335 502 cum
371 441 682 499 remanendi
726 434 930 509 justitia
964 452 1067 493 non
1101 437 1339 493 haoebit.
1390 438 1457 489 Et
1504 443 1786 504 prOpterca
1818 433 1871 491 Α
1899 428 2155 485 faciamus
2210 441 2465 488 astutum.
2501 434 2835 504 Simplicem,
2888 448 2954 488 ne
3007 435 3203 489 malum
3250 435 3478 492 callidus

223 552 393 594 sermo
423 535 635 591 divinus
676 535 730 588 in
777 548 873 603 spe
904 533 1100 587 laboris
1129 533 1209 586 sui
1260 530 1488 600 positum
1537 525 1795 582 describit

227 628 529 698 agricolam,
564 627 636 681 ita
658 625 841 681 dicens
866 640 881 679 :
910 623 1042 677 Ecce
1065 623 1295 694 agricola
1323 627 1576 690 exspectat
1602 617 1793 687 pretiu-

223 738 329 779 sttm
346 731 493 775 teme
514 720 757 789 fructum,
774 707 828 771 ut
842 716 1051 786 recipiat
1082 715 1432 785 temporivum,
1448 720 1494 767 et
1511 711 1792 765 serotinum

224 812 364 883 (lac.
390 810 630 882 v).Quid
644 819 725 866 est
745 806 1268 880 temporivuin‘tquid
1292 802 1795 862 ser0tinum‘l'l‘em-

226 903 395 976 porivi
421 903 625 959 fructus
655 910 778 957 sunt
804 917 941 972 quos
962 899 1243 970 stipendiis
1286 897 1487 951 militia!
1516 893 1795 965 prasentis

222 997 565 1068 acquirimus.
599 993 832 1051 Serotini
864 1004 987 1049 sunt
1015 1008 1147 1064 quos
1172 1001 1291 1061 post
1319 991 1595 1045 emeritam
1625 987 1795 1042 servi-

226 1098 391 1146 tutem
416 1088 467 1142 in
497 1088 639 1142 illius
669 1087 850 1141 sseculi
875 1086 1224 1141 retributione
1247 1084 1538 1154 capiemus.
1564 1080 1796 1148 Tempo-

222 1181 320 1239 rivi
348 1190 473 1237 sunt
500 1181 632 1236 ﬁdes
672 1190 832 1249 atque
860 1179 1139 1234 sinceritas
1168 1178 1368 1241 cordis,
1402 1175 1794 1237 benevolentia,

228 1275 468 1343 corporis
517 1273 901 1343 temperantia,
950 1279 1286 1340 contemptus
1339 1267 1485 1335 mali,
1532 1267 1798 1337 appetitus

223 1366 373 1434 boni,
421 1365 774 1436 tranquillitas
812 1362 1258 1427 mansuetudinis,
1291 1361 1491 1432 puritas
1519 1360 1798 1415 castitatis.

221 1457 452 1513 Serotini
487 1455 688 1511 fructus
718 1464 842 1510 sunt
876 1454 1156 1524 acquisitio
1182 1469 1360 1509 rerum
1393 1451 1793 1516 immortalium,

219 1548 510 1605 btcreditas
533 1549 855 1613 caelestium,
887 1548 1181 1618 proprietas
1206 1558 1550 1601 :cternorum.
1573 1546 1645 1600 De
1675 1544 1797 1615 qui-

219 1644 316 1695 bus
350 1640 587 1696 dicitur:
623 1639 733 1693 Nec
762 1640 936 1693 oculus
964 1640 1113 1707 uidit,
1154 1654 1244 1693 nec
1288 1639 1429 1692 auris
1457 1638 1675 1701 audivit,
1709 1651 1799 1690 nec

217 1734 265 1787 in
287 1748 381 1786 cor
406 1732 626 1787 hominis
654 1732 903 1799 ascendit,
934 1748 1046 1802 qua:
1075 1722 1381 1803 prwp’aravit
1430 1730 1569 1784 Deus
1615 1730 1694 1782 his
1714 1729 1800 1798 qui

1900 522 2388 588 inferat;astutum
2435 541 2502 580 ne
2552 527 2795 581 incautus
2845 526 3102 582 incurrat.
3140 526 3474 583 lnsiuuemus

1896 617 1942 670 ei
1973 616 2222 673 allectum
2256 618 2401 683 boni,
2442 618 2773 675 intellectum
2829 620 2978 684 mali,
3012 630 3066 674 ct
3102 620 3251 690 juxta
3283 622 3479 689 guber-

1897 710 2171 765 nationem
2205 720 2444 765 nostram
2478 711 2848 781 permittamus
2869 727 2989 766 eum
3024 713 3073 766 in
3108 729 3267 767 manu
3296 713 3475 768 consi«

1900 806 1958 860 lii
1987 806 2070 861 sui
2110 821 2174 861 ac
2202 806 2403 876 proprii
2444 806 2496 860 in
2538 804 2781 861 libertate
2822 806 3031 875 judicii.
3075 806 3293 864 Tractat
3338 808 3477 863 inter

1900 906 2016 960 hsce
2045 919 2228 962 secum
2261 903 2545 975 sapientia,
2592 904 2676 959 cui
2714 905 2853 958 inest
2880 914 2934 959 et
2958 904 3313 974 praescientia.
3337 902 3476 971 Quid

1898 998 2127 1069 agimus,
2148 997 2288 1066 quod
2313 1011 2438 1052 eum
2466 994 2689 1051 arbitrio
2710 1011 2808 1050 suo
2831 995 3188 1064 permittimus
3212 995 3477 1051 liberum?

1898 1090 1956 1144 ln
1987 1089 2190 1159 peccati
2221 1087 2372 1144 devia
2425 1086 2812 1157 pramoscimus
2848 1087 3215 1152 transiturum,
3260 1095 3313 1141 et
3340 1102 3481 1157 pra:-

1900 1181 2048 1235 tiosa:
2075 1179 2215 1234 dona
2240 1179 2460 1234 factura:
2489 1194 2876 1235 conversurum
2894 1192 3015 1233 esse
3039 1178 3395 1248 praevidemus
3412 1176 3478 1232 ad

1901 1270 2255 1326 instrumenta
2280 1271 2549 1341 nequitiae.
2586 1270 2651 1324 Et
2682 1270 2804 1325 ideo
2830 1270 2874 1324 si
2903 1283 3037 1340 opus
3059 1269 3110 1324 in
3141 1284 3209 1325 eo
3236 1277 3477 1323 nostrum

1900 1363 2147 1419 volumus
2194 1378 2314 1419 esse
2364 1372 2703 1433 perpetuum,
2738 1362 2990 1417 tollamus
3038 1359 3086 1416 ei
3118 1360 3186 1416 de
3218 1368 3480 1431 potestate

1900 1465 2198 1526 peccatum.
2238 1455 2639 1524 Dicitjustitia:
2677 1453 2792 1509 Non
2821 1454 2891 1509 ita
2931 1463 3032 1508 est.
3061 1453 3178 1508 Non
3223 1450 3484 1522 competit

1900 1547 2108 1618 legibus
2145 1547 2343 1602 nostris
2381 1556 2437 1601 ut
2467 1549 2514 1601 is
2539 1561 2697 1615 quem
2735 1562 2765 1600 a
2791 1545 3075 1600 contrariis
3119 1551 3333 1614 oportet
3364 1557 3486 1612 pro-

1899 1640 2037 1707 bari,
2069 1639 2138 1696 de
2171 1640 2375 1695 viribus
2422 1638 2533 1694 suis
2575 1655 2681 1694 non
2713 1639 2886 1708 possit
2914 1638 3152 1709 agnosci.
3185 1635 3300 1691 Non
3332 1649 3484 1690 com-

1904 1732 2062 1802 petit,
2089 1731 2450 1802 inquam,hoc
2470 1731 2676 1801 legibus
2704 1730 2928 1800 nostris,
2952 1739 3008 1785 ut
3030 1744 3152 1785 eum
3182 1743 3340 1799 quem
3369 1726 3484 1798 glo-

217 1826 442 1896 diligunt
461 1824 610 1879 illum
638 1824 698 1895 (l
729 1825 848 1879 Cor.
883 1824 978 1894 ιι).
1021 1825 1095 1879 De
1122 1824 1312 1895 quibus
1341 1838 1430 1892 per
1454 1821 1726 1892 apostolos
1747 1830 1801 1877 et
1830 1810 1880 1870 Β
1909 1826 2104 1880 rificari
2132 1828 2291 1880 etiam
2320 1840 2387 1879 ex
2423 1823 2604 1879 ollicio
2644 1838 2741 1878 suo
2779 1823 3043 1889 volumus,
3097 1820 3379 1876 materiam
3428 1826 3484 1874 et

217 1928 485 1990 martyres
514 1918 708 1973 dicitur
727 1935 739 1969 :
760 1916 881 1972 Non
911 1927 1029 1971 sunt
1057 1918 1326 1988 condigna:
1353 1917 1613 1987 passiones
1642 1916 1800 1986 Imjus

218 2010 462 2080 temporis
501 2010 568 2063 ad
603 2011 831 2081 futuram
866 2010 1081 2080 gloriam
1118 2025 1231 2079 qua:
1273 2008 1575 2062 revelabitur
1612 2007 1665 2061 in
1709 2025 1803 2062 no-

218 2103 288 2157 bis
316 2102 339 2173 (
367 2100 519 2155 Rom.
548 2103 675 2171 vn).
700 2101 1006 2170 Temporivi
1056 2101 1233 2169 itaque
1272 2100 1474 2155 fructus
1518 2099 1569 2153 in
1600 2099 1808 2153 virtuti-

217 2194 314 2251 bus
345 2203 495 2259 sunt,
521 2195 742 2250 serotini
770 2193 822 2248 in
854 2182 1284 2248 remuneratione
1320 2194 1603 2248 virtutum.
1638 2192 1804 2247 Tem-

215 2290 391 2360 porivi
440 2299 566 2344 sunt
602 2303 738 2360 quos
785 2288 872 2343 hic
900 2303 1062 2358 opera
1113 2289 1331 2357 capiunt
1378 2287 1429 2341 in
1489 2287 1804 2356 praeceptis;

217 2382 461 2438 serotini
500 2396 633 2450 quos
690 2380 797 2435 illic
851 2390 973 2435 vota
1024 2387 1423 2447 consequentur
1468 2378 1519 2432 in
1550 2379 1803 2447 praemiis.

221 2475 495 2543 Quantum
522 2487 649 2544 ergo
675 2472 972 2527 delectetur
1002 2473 1143 2527 Deus
1188 2471 1301 2527 fieri
1345 2487 1577 2536 murum,
1610 2471 1661 2525 id
1702 2482 1804 2538 est,

225 2565 620 2621 validissimum
649 2573 834 2618 contra
869 2563 1125 2619 ollensam
1151 2563 1243 2619 Dei
1283 2562 1687 2633 supplicationis
1714 2564 1811 2618 ob-

232 2658 524 2723 staculum,
556 2658 694 2713 sicut
725 2657 848 2713 fecit
877 2656 965 2712 ille
986 2656 1053 2712 de
1083 2672 1189 2727 quo
1213 2657 1438 2726 legimus
1469 2673 1484 2711 :
1515 2655 1811 2725 Pr0peruvit

225 2753 367 2807 enim
391 2750 540 2805 homo
558 2751 668 2805 sine
689 2751 896 2816 querela
918 2750 1179 2819 deprecari
1200 2766 1291 2815 pro
1313 2750 1523 2819 populo,
1550 2755 1812 2820 proferens

230 2844 487 2897 servitutis
508 2858 613 2897 sum
640 2852 865 2907 scutum,
889 2842 1073 2896 restitit
1104 2843 1193 2895 irtc
1208 2851 1255 2893 et
1277 2842 1431 2908 ﬁnem
1454 2842 1696 2910 imposuit
1724 2859 1815 2896 ne-

225 2934 457 2989 cessitati
486 2934 641 3005 (Sap.
666 2932 782 3004 xv).
815 2931 916 2999 Qui
941 2942 1119 2998 staret,
1147 2932 1335 3002 inquit,
1356 2934 1616 3004 appositus
1638 2944 1815 2987 contra

226 3046 329 3097 me,
359 3035 648 3100 prapterea,
684 3044 745 3082 ne
794 3026 1138 3096 disperdere»:
1182 3044 1293 3080 eam
1346 3026 1469 3098 (Es.
1524 3027 1676 3098 uti).
1711 3028 1812 3095 Qui

226 3120 468 3177 ostendit
481 3119 749 3189 quomodo
760 3120 876 3189 ejus
894 3120 967 3173 ira
984 3128 1279 3189 separetur,
1296 3119 1690 3188 quodammodo
1705 3121 1819 3191 pla-

1907 1932 2122 1972 causam
2156 1917 2343 1988 gloriae
2385 1916 2743 1987 denegemus;
2776 1926 2834 1971 ut
2872 1931 2991 1970 cum
3035 1929 3197 1985 quem
3239 1913 3485 1983 cupimus

1909 2010 2177 2064 munerari
2226 2024 2319 2078 per
2351 2007 2549 2063 nudam
2596 2009 2843 2079 gratiam,
2881 2006 3139 2062 iaciamus
3187 2006 3254 2061 de
3302 2004 3488 2060 labore

1910 2109 2126 2179 preprio
2155 2108 2226 2162 nil
2258 2107 2473 2162 mereri.
2509 2105 2751 2161 Exerant
2782 2106 2960 2177 potius
2989 2106 3042 2159 in
3074 2119 3140 2159 eo
3179 2102 3488 2173 singillatim

1908 2202 2071 2256 socia:
2099 2202 2213 2255 istae
2239 2215 2616 2271 germanaeque
2631 2202 2881 2266 virtutes,
2896 2207 3118 2255 exerant
3139 2206 3317 2269 partes
3337 2210 3486 2251 suas.

1911 2293 2169 2349 Potentia:
2196 2295 2265 2348 sit
2295 2296 2434 2350 inter
2479 2301 2669 2349 cuncta
2721 2292 2975 2359 visibilia,
3008 2291 3305 2363 praesertim
3351 2290 3490 2345 inter

1914 2386 2097 2442 hostes
2144 2387 2507 2442 habitaturum
2538 2400 2726 2441 creare
2755 2384 3060 2452 sublimem,
3099 2383 3374 2452 sapientiae
3406 2396 3493 2438 or-

1912 2478 2102 2533 dinare
2128 2478 2471 2549 prudentem,
2497 2477 2749 2532 bonitatis
2776 2476 3030 2547 adjuvare
3061 2483 3384 2539 certantem,
3418 2474 3494 2544 ju~

1896 2556 2080 2627 stitia:
2102 2587 2366 2628 coronare
2392 2572 2720 2627 vincentem.
2746 2569 2928 2625 Talem
2953 2585 3084 2640 ergo
3104 2569 3376 2624 hominem
3402 2583 3496 2639 pro

1916 2666 2146 2721 utilitate
2174 2667 2276 2731 sui,
2308 2681 2370 2726 ac
2395 2682 2489 2734 pro
2519 2665 2690 2719 nostri
2719 2663 2977 2734 dignitate
3014 2663 3294 2732 faciamus,
3332 2677 3490 2733 quem

1917 2759 1970 2813 in
1996 2757 2271 2814 dexteram
2298 2766 2503 2827 partem
2532 2773 2637 2811 non
2662 2755 2837 2811 trahat
2862 2755 3172 2822 necessitas,
3192 2755 3285 2811 sed
3312 2756 3496 2810 volun~

1920 2859 2031 2915 tas;
2056 2854 2144 2920 qui
2170 2849 2367 2905 malum
2397 2849 2603 2905 ratione
2631 2847 2915 2917 intelligat,
2937 2848 3134 2903 bonum
3158 2847 3353 2903 virtute
3377 2862 3497 2917 per~

1921 2942 2083 2997 liciat.
2114 2926 2297 2997 Talem
2331 2941 2609 3006 iaciamus,
2638 2939 2724 2995 cui
2755 2939 2968 2995 bonitas
3007 2941 3059 2994 in
3100 2947 3311 3005 natura,
3345 2939 3497 2994 ntali-

1922 3036 1990 3089 tia
2019 3049 2150 3090 vero
2180 3043 2330 3089 extra
2354 3044 2601 3115 naturam
2637 3034 2735 3097 sit;
2764 3034 2855 3104 qui
2886 3034 3084 3089 bonum
3115 3033 3166 3087 in
3201 3033 3498 3101 voluntate,

1923 3127 2120 3182 malum
2160 3127 2352 3184 habeat
2384 3127 2437 3181 in
2475 3136 2774 3197 potestate;
2800 3128 2891 3198 qui
2933 3129 3132 3184 bonum
3184 3128 3498 3184 naturaliter

226 3224 387 3268 catus
415 3213 683 3268 irascitur.
717 3213 856 3268 Inter
884 3212 1019 3280 haac,
1052 3213 1357 3283 quicunque
1381 3229 1409 3268 a
1441 3214 1814 3282 potentissimo
1840 3190 1888 3253 (ἶ
1922 3220 2071 3286 velit,
2101 3220 2300 3275 malum
2333 3220 2615 3276 actualiter
2641 3190 2838 3290 possit;
2867 3220 2956 3290 qui
3010 3221 3261 3275 mandata
3312 3230 3494 3276 nostra

231 3319 299 3359 ac
324 3305 627 3375 justissimo
661 3306 940 3362 conditore
965 3306 1036 3361 ita
1061 3307 1254 3362 iactum
1284 3306 1554 3363 hominem
1578 3308 1725 3376 dicit,
1757 3318 1816 3364 ut

224 3411 372 3453 unus
424 3397 478 3452 in
543 3397 814 3453 sinistram
863 3399 981 3454 sine
1022 3403 1237 3470 proprio
1281 3401 1540 3468 crimine,
1583 3400 1812 3470 impulsu

221 3498 437 3543 tantum
484 3490 832 3556 pnescientize
879 3490 1196 3559 deputetur;
1240 3490 1376 3546 alter
1424 3492 1476 3545 in
1531 3491 1810 3547 dexteram

230 3578 556 3633 indiscussis
597 3578 800 3632 meritis
831 3581 1152 3648 attrahatur,
1187 3580 1288 3635 hoc
1335 3590 1521 3650 aperte
1567 3596 1814 3638 asserere

221 3668 671 3739 deprehenditur,
699 3669 1028 3726 inordinatas
1077 3672 1160 3727 vel
1184 3673 1391 3749 iniquas
1424 3688 1544 3728 esse
1586 3674 1815 3744 disposi-

218 3764 409 3819 tiones
436 3772 491 3817 et
516 3761 734 3818 factoris
775 3773 830 3819 et
871 3764 1087 3835 judicis.
1122 3764 1227 3822 Sed
1268 3766 1369 3821 hoc
1410 3766 1528 3821 loco
1554 3768 1815 3824 sollicitus

216 3854 379 3910 indat
423 3854 635 3910 auditor
673 3856 879 3913 auctori
918 3871 1151 3923 summo,
1182 3874 1301 3913 cum
1352 3859 1622 3915 hominem
1671 3862 1814 3931 plas-

218 3962 383 4003 mare
413 3947 747 4018 disponeret,
777 3949 1004 4017 auctori,
1049 3951 1285 4021 inquam,
1319 3967 1529 4007 summo
1574 3953 1627 4007 in
1658 3953 1816 4008 mini-

219 4040 452 4096 sterium
508 4048 564 4096 et
615 4040 901 4096 consilium
948 4043 1177 4098 hominis
1220 4044 1546 4112 fabricandi,
1587 4056 1815 4115 quatuor

221 4130 451 4184 astitere
505 4131 751 4186 virtutes.
804 4133 933 4201 Quae
986 4137 1247 4204 quatuor?
1295 4135 1540 4191 Potentia
1606 4138 1812 4207 utique,

221 4222 462 4289 bonitas,
495 4222 777 4292 sapientia,
807 4235 968 4293 atque
993 4225 1220 4295 justitia.
1248 4227 1330 4282 Tu
1353 4227 1474 4282 vide
1502 4243 1660 4298 quam
1694 4228 1807 4284 Deo

222 4324 295 4371 ex
324 4314 410 4369 his
450 4325 678 4385 quatuor
705 4317 940 4373 defuisse
976 4333 1266 4389 prtesumas
1311 4335 1577 4376 asserere.
1626 4322 1810 4392 Itaque

222 4405 293 4460 ad
328 4405 663 4461 intellectum
695 4409 996 4465 evidentius
1025 4411 1401 4481 colligendum,
1435 4412 1734 4481 proferant,
1766 4413 1811 4468 si

220 4497 427 4567 placet,
453 4497 678 4566 singula:
715 4499 829 4554 ista:
848 4501 1093 4567 virtutes,
1124 4501 1275 4571 quasi
1310 4511 1563 4557 tractatus
1590 4513 1642 4558 et
1679 4504 1810 4557 allo.

1918 3311 2187 3367 custodiat
2211 3310 2565 3378 voluntarius,
2595 3321 2650 3366 et
2680 3312 2968 3382 periclitari
3004 3327 3110 3367 non
3141 3312 3309 3383 possit
3353 3312 3495 3367 invi.

1919 3410 2035 3467 tus;
2064 3403 2148 3458 cui
2183 3403 2350 3472 prima
2385 3402 2483 3456 ista
2512 3403 2582 3457 sit
2618 3402 2788 3457 laudis
2824 3402 3060 3470 occasio,
3095 3411 3153 3458 ut
3190 3417 3414 3474 peccare
3439 3410 3497 3459 et

1918 3496 2087 3565 possit
2115 3504 2172 3551 et
2199 3496 2352 3550 nolit.
2388 3495 2636 3551 Sufficiat
2668 3505 2887 3563 autemy
2915 3496 3057 3567 quod
3100 3497 3152 3551 in
3189 3496 3500 3566 quadrupe-

1918 3593 2074 3646 dibus
2097 3600 2151 3647 et
2174 3591 2342 3646 brutis
2362 3590 2701 3660 subjicienda
2737 3600 2858 3646 sunt
2890 3590 3118 3657 homini,
3144 3590 3254 3659 jam
3280 3589 3502 3645 fecimus

1919 3682 2021 3735 tale
2068 3681 2300 3746 animal,
2336 3681 2478 3750 quod
2522 3681 2646 3735 dum
2674 3696 2803 3753 non
2845 3690 2925 3737 est
2964 3681 3254 3736 obnoxium
3304 3681 3496 3750 culpae,

1917 3774 2143 3829 fructum
2176 3789 2280 3828 non
2311 3783 2488 3843 potest
2518 3773 2720 3829 habere
2744 3773 2987 3841 justitizc.
3021 3774 3169 3829 Hunc
3190 3784 3366 3829 autem
3396 3788 3501 3829 non

1916 3873 2128 3933 oportet
2153 3880 2273 3921 esse
2304 3866 2522 3935 pecudis
2552 3865 2802 3929 similem,
2830 3866 2916 3920 cui
2949 3866 3286 3922 commissuri
3318 3881 3501 3922 sumus

1919 3968 2117 4012 nostra:
2164 3957 2409 4028 imaginis
2461 3956 2794 4027 dignitatem.
2848 3956 3246 4026 luterrogemus
3289 3971 3351 4011 ea
3382 3971 3502 4027 qua:

1918 4051 2121 4121 peccati
2146 4052 2345 4117 nescia,
2366 4065 2429 4106 ac
2453 4051 2679 4106 rationis
2696 4050 2902 4121 ignara,
2924 4052 3124 4118 absque
3145 4050 3252 4105 ullo
3271 4050 3500 4121 pruden-

1918 4146 2002 4199 tia:
2053 4144 2257 4201 honore
2310 4144 2681 4199 formavimus.
2726 4143 2972 4214 Nunquid
3026 4143 3265 4212 proderit
3311 4143 3501 4212 pecudi

1914 4237 2228 4307 simplicitas
2255 4253 2372 4303 sua,
2407 4247 2500 4292 aut
2527 4237 2703 4293 arbori
2745 4236 3046 4294 fecunditas
3073 4238 3205 4293 sua?
3240 4237 3374 4308 Erga
3404 4238 3503 4292 ho-

1916 4329 2114 4383 minem
2145 4338 2386 4384 nostrum
2436 4344 2541 4383 non
2582 4328 2879 4399 poterimus
2928 4328 3073 4383 laudi
3104 4328 3349 4385 conferre
3389 4328 3501 4399 pul-

1914 4436 2078 4488 mam,
2111 4422 2157 4476 si
2190 4422 2436 4477 volumus
2466 4422 2773 4483 necessitati
2824 4421 3028 4476 servire
3056 4406 3322 4476 naturam.
3352 4421 3502 4476 Ilunc

1915 4496 2041 4584 ergo
2070 4513 2378 4570 conditione
2415 4513 2712 4579 subditum,
2766 4513 3089 4568 discretione
3121 4512 3369 4576 liberum,
3408 4526 3500 4567 ra-

221 4589 477 4645 cutiones
519 4605 663 4646 snas.
694 4593 935 4648 Potentia
979 4593 1163 4650 dicat:
1193 4594 1471 4651 Faciamus
1518 4606 1639 4665 post
1685 4597 1807 4652 εοειί
1837 4563 1893 4625 D
1920 4563 2065 4661 iisne
2120 4606 2411 4672 perfectum
2438 4646 2454 4670 ν
2497 4607 2568 4659 ita
2598 4606 2850 4659 ordinare
2888 4621 2987 4659 nos
3030 4618 3240 4672 miluum
3271 4613 3352 4657 est
3401 4605 3502 4658 sub

220 4686 455 4754 regnum
486 4682 537 4739 in
564 4684 813 4741 secundis
844 4686 1137 4743 mirabilem
1169 4697 1491 4752 creaturam,
1525 4704 1592 4743 ne
1620 4690 1671 4743 in
1702 4690 1805 4744 im-

219 4774 359 4842 perii
393 4776 566 4829 nostri
595 4777 1087 4848 possessione,qure
1116 4779 1284 4847 prima
1318 4789 1470 4845 sunt,
1506 4779 1619 4833 haec
1648 4781 1809 4835 etiam

221 4866 516 4923 videantur
543 4878 803 4925 extrema.
833 4870 991 4925 Istam
1026 4872 1327 4941 speciosam
1381 4874 1564 4927 mundi
1611 4874 1813 4929 machi-

219 4972 348 5014 nam
378 4952 839 5029 consummemus,
870 4972 929 5017 ut
956 4963 1009 5016 in
1041 4977 1105 5018 ea
1135 4965 1402 5019 hominem
1445 4964 1725 5031 faciamus,
1759 4978 1813 5021 et

220 5056 583 5123 praeﬁciamus
618 5072 712 5126 per
739 5072 897 5126 quem
945 5057 1177 5113 mundus
1206 5058 1504 5128 ordinetur,
1537 5061 1811 5131 possidea-

221 5160 333 5219 tur,
369 5162 616 5208 ornetur.
676 5154 894 5210 Bonitas
933 5154 1078 5210 dicat
1119 5172 1134 5211 :
1170 5155 1271 5211 Fas
1315 5172 1419 5212 non
1462 5166 1548 5213 est
1590 5166 1648 5211 ut
1698 5159 1810 5214 sola

221 5243 508 5301 beneﬁciis
540 5247 739 5302 nostris
765 5247 1004 5303 coelestia
1037 5248 1403 5317 perfruantur.
1432 5250 1713 5307 Faciamus
1756 5262 1811 5307 et

222 5334 277 5389 in
309 5345 456 5391 terra
486 5336 777 5404 hominem,
823 5339 963 5394 circa
1015 5355 1176 5408 quem
1210 5341 1584 5397 abundantiam
1624 5344 1809 5413 gratiae

224 5439 434 5486 nostra:
479 5435 1020 5498 exerceamus,‘circa
1066 5449 1223 5504 quem
1256 5435 1646 5491 benevolentia:
1691 5452 1808 5491 mu-

225 5536 361 5577 nera
394 5522 696 5591 dilatemus,
745 5523 796 5578 in
842 5537 1000 5594 quem
1042 5526 1258 5595 pietatis
1308 5527 1555 5594 ingenitae
1596 5527 1810 5584 divitias

226 5614 638 5686 profundamus.
673 5616 944 5687 Sapientia
976 5618 1120 5674 dicat
1148 5636 1158 5672 :
1194 5617 1304 5673 Non
1331 5620 1502 5674 solum
1527 5619 1807 5688 faciamus,

228 5706 327 5762 sed
351 5707 513 5762 etiam
541 5723 699 5763 sensu
736 5708 957 5764 rationis
989 5725 1050 5763 ac
1086 5710 1423 5765 discretionis
1458 5710 1806 5775 honoremus,

228 5796 529 5863 prudentia:
580 5800 775 5856 lumine
820 5801 1137 5869 repleamus,
1175 5802 1430 5879 iaciamus
1483 5803 1801 5872 simplicem.

1919 4703 2185 4766 potestate
2232 4694 2525 4763 permissa,
2568 4703 2624 4748 et
2653 4696 2769 4764 lege
2817 4695 3123 4762 proposita,
3158 4703 3213 4748 ut
3259 4693 3500 4748 custodia

1921 4786 2204 4854 prtecepzi,
2238 4783 2414 4839 aditus
2460 4793 2514 4838 et
2563 4798 2723 4838 causa
2768 4783 2841 4837 sit
2883 4784 3107 4852 praemii.
3142 4786 3272 4838 Nam
3301 4786 3343 4838 si
3375 4785 3497 4840 mali
3542 4818 3547 4829 -

1919 4877 2129 4943 copiam
2161 4892 2223 4931 ac
2251 4876 2520 4930 licentiam
2551 4890 2657 4930 non
2686 4874 2955 4941 habuerit,
2990 4875 3111 4931 boni
3137 4875 3361 4945 gloriam
3394 4892 3498 4930 non

1920 4968 2156 5023 habebit.
2193 4968 2248 5024 Si
2272 4968 2431 5038 juxta
2466 4966 2891 5023 benevolentiam
2926 4976 3161 5024 nostram
3202 4984 3308 5024 non
3336 4971 3499 5025 etiam

1915 5076 2013 5141 suo
2043 5060 2220 5115 studio
2251 5061 2333 5115 vel
2363 5059 2549 5115 labore
2601 5059 2997 5130 praedicabiletn
3031 5061 3259 5115 tenuerit
3302 5062 3501 5116 sanita-

1874 5184 1879 5231 ί
1916 5163 2046 5220 tem,
2081 5168 2187 5208 non
2236 5154 2339 5208 erit
2387 5154 2724 5220 innocentia,
2759 5151 2854 5208 sed
2885 5153 3116 5219 inertia;
3157 5162 3211 5209 et
3239 5162 3496 5221 praeterea

1916 5247 2192 5317 prmmium
2222 5245 2384 5316 perit,
2412 5246 2500 5301 ubi
2525 5248 2771 5301 meritum
2798 5260 2902 5300 non
2927 5245 3201 5315 praecedit.
3231 5246 3376 5302 Bona
3401 5261 3498 5300 no-

1914 5350 2024 5397 stra
2055 5356 2163 5395 non
2187 5348 2364 5411 potest
2383 5353 2609 5395 servare.
2626 5340 2717 5409 qui
2745 5338 2914 5413 nescit
2938 5341 3240 5409 acquirere.

1923 5462 1928 5493 τ
1992 5432 2103 5487 Nisi
2126 5433 2283 5514 fuerit
2308 5432 2627 5487 obedientia:
2650 5432 2924 5501 praemissa
2949 5432 3183 5498 devotio,
3208 5433 3394 5503 gratim
3427 5434 3496 5487 vi-

1918 5526 2071 5582 lescit
2090 5526 2310 5582 oblatio.
2333 5524 2610 5595 Simulque
2627 5525 2945 5581 verecundia
2969 5526 3361 5581 remunerantis
3388 5534 3491 5591 est,

1917 5618 1963 5675 si
1994 5619 2286 5674 honoretur
2315 5619 2518 5673 otiosus
2539 5660 2555 5684 ,
2588 5619 2633 5672 si
2677 5629 3050 5674 remuneretur
3080 5620 3317 5689 ignavus.
3352 5619 3494 5687 Quin

1916 5712 2093 5777 potius
2143 5718 2463 5779 cooperante
2509 5708 2777 5778 adjutorio
2826 5710 2987 5764 etiam
3043 5726 3142 5766 suo
3188 5726 3357 5780 opere
3406 5713 3497 5765 list

1916 5790 2125 5872 dignus,
2155 5814 2207 5860 ct
2231 5820 2349 5859 cum
2375 5805 2508 5859 bona
2539 5805 2867 5860 conscientia
2901 5805 2969 5861 sit
2996 5807 3201 5862 beatus.
3232 5803 3363 5859 Nam
3392 5805 3491 5858 nisi
