  <div class='ocr_page' id='page_1' title='image "/cluster/home/n/w/nwhite01/storage/ocr_20150623/58/hvd.32044015706401/425.png"; bbox 0 0 4090 6330; ppageno 0'>
   <div class='ocr_carea' id='block_1_1' title="bbox 590 239 2183 308">
    <p class='ocr_par' dir='ltr' id='par_1_1' title="bbox 590 240 2177 308">
     <span class='ocr_line' id='line_1_1' title="bbox 590 240 2177 308; baseline -0.008 0"><span class='ocrx_word' id='word_1_1' title='bbox 590 249 690 308; x_wconf 77' lang='grc'><strong>859</strong></span> <span class='ocrx_word' id='word_1_2' title='bbox 1829 243 1886 300; x_wconf 90' lang='lat' dir='ltr'><strong>S.</strong></span> <span class='ocrx_word' id='word_1_3' title='bbox 1931 240 2177 299; x_wconf 79' lang='lat' dir='ltr'><strong>FAUSTI</strong></span> 
     </span>
    </p>
   </div>
   <div class='ocr_carea' id='block_1_2' title="bbox 2286 239 3861 308">
    <p class='ocr_par' dir='ltr' id='par_1_2' title="bbox 2286 239 3861 300">
     <span class='ocr_line' id='line_1_2' title="bbox 2286 239 3861 300; baseline 0.003 -4"><span class='ocrx_word' id='word_1_4' title='bbox 2286 239 2625 297; x_wconf 68' lang='lat' dir='ltr'><strong>iEGIENSlS</strong></span> <span class='ocrx_word' id='word_1_5' title='bbox 3753 241 3861 300; x_wconf 71' lang='grc'><strong>840</strong></span> 
     </span>
    </p>
   </div>
   <div class='ocr_carea' id='block_1_3' title="bbox 658 352 3858 431">
    <p class='ocr_par' dir='ltr' id='par_1_3' title="bbox 658 352 3858 431">
     <span class='ocr_line' id='line_1_3' title="bbox 658 352 3858 431; baseline -0.003 -10"><span class='ocrx_word' id='word_1_6' title='bbox 658 364 793 421; x_wconf 85' lang='lat' dir='ltr'><strong>Cum</strong></span> <span class='ocrx_word' id='word_1_7' title='bbox 822 352 1008 420; x_wconf 84' lang='lat' dir='ltr'><strong>autem</strong></span> <span class='ocrx_word' id='word_1_8' title='bbox 1050 362 1116 417; x_wconf 91' lang='lat' dir='ltr'><strong>ad</strong></span> <span class='ocrx_word' id='word_1_9' title='bbox 1159 362 1325 417; x_wconf 88' lang='lat' dir='ltr'><strong>Deum</strong></span> <span class='ocrx_word' id='word_1_10' title='bbox 1349 359 1639 429; x_wconf 61' lang='lat' dir='ltr'><strong>fvemmus,</strong></span> <span class='ocrx_word' id='word_1_11' title='bbox 1683 361 1785 416; x_wconf 89' lang='lat' dir='ltr'><strong>hoc</strong></span> <span class='ocrx_word' id='word_1_12' title='bbox 1829 369 1910 415; x_wconf 87' lang='lat' dir='ltr'><strong>cst</strong></span> <span class='ocrx_word' id='word_1_13' title='bbox 1941 358 2162 431; x_wconf 70' lang='lat' dir='ltr'><strong>{genitus</strong></span> <span class='ocrx_word' id='word_1_14' title='bbox 2190 356 2246 419; x_wconf 82' lang='grc' dir='ltr'><strong>Α</strong></span> <span class='ocrx_word' id='word_1_15' title='bbox 2270 355 2549 424; x_wconf 84' lang='lat' dir='ltr'><strong>dilexisse,</strong></span> <span class='ocrx_word' id='word_1_16' title='bbox 2594 365 2649 413; x_wconf 90' lang='lat' dir='ltr'><strong>et</strong></span> <span class='ocrx_word' id='word_1_17' title='bbox 2676 356 2817 412; x_wconf 84' lang='lat' dir='ltr'><strong>Esau</strong></span> <span class='ocrx_word' id='word_1_18' title='bbox 2848 356 2970 412; x_wconf 90' lang='lat' dir='ltr'><strong>odio</strong></span> <span class='ocrx_word' id='word_1_19' title='bbox 2998 369 3248 413; x_wconf 82' lang='lat' dir='ltr'><strong>nanutsse</strong></span> <span class='ocrx_word' id='word_1_20' title='bbox 3277 356 3619 412; x_wconf 76' lang='lat' dir='ltr'><strong>describitur.</strong></span> <span class='ocrx_word' id='word_1_21' title='bbox 3648 355 3858 413; x_wconf 88' lang='lat' dir='ltr'><strong>Contri-</strong></span> 
     </span>
    </p>
   </div>
   <div class='ocr_carea' id='block_1_4' title="bbox 590 450 2169 529">
    <p class='ocr_par' dir='ltr' id='par_1_4' title="bbox 590 450 2169 529">
     <span class='ocr_line' id='line_1_4' title="bbox 590 450 2169 529; baseline -0.005 -17"><span class='ocrx_word' id='word_1_22' title='bbox 590 458 731 529; x_wconf 92' lang='lat' dir='ltr'><strong>quod</strong></span> <span class='ocrx_word' id='word_1_23' title='bbox 752 457 933 513; x_wconf 80' lang='lat' dir='ltr'><strong>Justus</strong></span> <span class='ocrx_word' id='word_1_24' title='bbox 961 464 1018 511; x_wconf 89' lang='lat' dir='ltr'><strong>et</strong></span> <span class='ocrx_word' id='word_1_25' title='bbox 1037 454 1271 519; x_wconf 85' lang='lat' dir='ltr'><strong>Justitia,</strong></span> <span class='ocrx_word' id='word_1_26' title='bbox 1318 453 1533 522; x_wconf 80' lang='lat' dir='ltr'><strong>sapiens</strong></span> <span class='ocrx_word' id='word_1_27' title='bbox 1558 464 1613 508; x_wconf 90' lang='lat' dir='ltr'><strong>et</strong></span> <span class='ocrx_word' id='word_1_28' title='bbox 1633 453 1918 522; x_wconf 88' lang='lat' dir='ltr'><strong>sapientia,</strong></span> <span class='ocrx_word' id='word_1_29' title='bbox 1964 450 2169 505; x_wconf 80' lang='lat' dir='ltr'><strong>miseri-</strong></span> 
     </span>
    </p>
   </div>
   <div class='ocr_carea' id='block_1_5' title="bbox 590 545 2173 615">
    <p class='ocr_par' dir='ltr' id='par_1_5' title="bbox 590 545 2173 615">
     <span class='ocr_line' id='line_1_5' title="bbox 590 545 2173 615; baseline -0.006 -10"><span class='ocrx_word' id='word_1_30' title='bbox 590 565 711 606; x_wconf 85' lang='lat' dir='ltr'><strong>cors</strong></span> <span class='ocrx_word' id='word_1_31' title='bbox 758 557 812 604; x_wconf 90' lang='lat' dir='ltr'><strong>et</strong></span> <span class='ocrx_word' id='word_1_32' title='bbox 851 546 1243 615; x_wconf 79' lang='lat' dir='ltr'><strong>misericordia,</strong></span> <span class='ocrx_word' id='word_1_33' title='bbox 1285 545 1537 601; x_wconf 78' lang='lat' dir='ltr'><strong>absolute</strong></span> <span class='ocrx_word' id='word_1_34' title='bbox 1576 561 1642 600; x_wconf 77' lang='lat' dir='ltr'><strong>ex</strong></span> <span class='ocrx_word' id='word_1_35' title='bbox 1690 546 1801 600; x_wconf 89' lang='lat' dir='ltr'><strong>Deo</strong></span> <span class='ocrx_word' id='word_1_36' title='bbox 1827 545 1971 614; x_wconf 91' lang='lat' dir='ltr'><strong>justo</strong></span> <span class='ocrx_word' id='word_1_37' title='bbox 2014 552 2173 613; x_wconf 90' lang='lat' dir='ltr'><strong>atque</strong></span> 
     </span>
    </p>
   </div>
   <div class='ocr_carea' id='block_1_6' title="bbox 589 634 2173 715">
    <p class='ocr_par' dir='ltr' id='par_1_6' title="bbox 589 634 2173 715">
     <span class='ocr_line' id='line_1_6' title="bbox 589 634 2173 715; baseline -0.005 -20"><span class='ocrx_word' id='word_1_38' title='bbox 589 640 833 708; x_wconf 85' lang='lat' dir='ltr'><strong>sapiente</strong></span> <span class='ocrx_word' id='word_1_39' title='bbox 873 637 1168 715; x_wconf 82' lang='lat' dir='ltr'><strong>secundum</strong></span> <span class='ocrx_word' id='word_1_40' title='bbox 1214 635 1526 707; x_wconf 76' lang='lat' dir='ltr'><strong>Apostolum</strong></span> <span class='ocrx_word' id='word_1_41' title='bbox 1560 635 1687 691; x_wconf 92' lang='lat' dir='ltr'><strong>oriri</strong></span> <span class='ocrx_word' id='word_1_42' title='bbox 1720 635 2067 705; x_wconf 79' lang='lat' dir='ltr'><strong>intelligimus</strong></span> <span class='ocrx_word' id='word_1_43' title='bbox 2086 634 2173 702; x_wconf 86' lang='lat' dir='ltr'><strong>ju-</strong></span> 
     </span>
    </p>
   </div>
   <div class='ocr_carea' id='block_1_7' title="bbox 587 725 2173 803">
    <p class='ocr_par' dir='ltr' id='par_1_7' title="bbox 587 725 2173 803">
     <span class='ocr_line' id='line_1_7' title="bbox 587 725 2173 803; baseline -0.006 -17"><span class='ocrx_word' id='word_1_44' title='bbox 587 732 787 786; x_wconf 88' lang='lat' dir='ltr'><strong>stitiam</strong></span> <span class='ocrx_word' id='word_1_45' title='bbox 828 737 990 801; x_wconf 91' lang='lat' dir='ltr'><strong>atque</strong></span> <span class='ocrx_word' id='word_1_46' title='bbox 1018 731 1360 800; x_wconf 85' lang='lat' dir='ltr'><strong>sapientiam.</strong></span> <span class='ocrx_word' id='word_1_47' title='bbox 1415 728 1483 783; x_wconf 85' lang='lat' dir='ltr'><strong>Et</strong></span> <span class='ocrx_word' id='word_1_48' title='bbox 1524 727 1662 783; x_wconf 83' lang='lat' dir='ltr'><strong>sicut</strong></span> <span class='ocrx_word' id='word_1_49' title='bbox 1691 741 1959 803; x_wconf 81' lang='lat' dir='ltr'><strong>nunquam</strong></span> <span class='ocrx_word' id='word_1_50' title='bbox 2000 725 2173 795; x_wconf 89' lang='lat' dir='ltr'><strong>justus</strong></span> 
     </span>
    </p>
   </div>
   <div class='ocr_carea' id='block_1_8' title="bbox 586 815 2171 893">
    <p class='ocr_par' dir='ltr' id='par_1_8' title="bbox 586 815 2171 893">
     <span class='ocr_line' id='line_1_8' title="bbox 586 815 2171 893; baseline -0.004 -17"><span class='ocrx_word' id='word_1_51' title='bbox 586 823 703 879; x_wconf 87' lang='lat' dir='ltr'><strong>sine</strong></span> <span class='ocrx_word' id='word_1_52' title='bbox 723 822 955 892; x_wconf 90' lang='lat' dir='ltr'><strong>justitia,</strong></span> <span class='ocrx_word' id='word_1_53' title='bbox 978 835 1249 893; x_wconf 89' lang='lat' dir='ltr'><strong>nunquam</strong></span> <span class='ocrx_word' id='word_1_54' title='bbox 1279 821 1496 889; x_wconf 85' lang='lat' dir='ltr'><strong>sapiens</strong></span> <span class='ocrx_word' id='word_1_55' title='bbox 1519 821 1636 874; x_wconf 87' lang='lat' dir='ltr'><strong>sine</strong></span> <span class='ocrx_word' id='word_1_56' title='bbox 1661 819 1923 887; x_wconf 88' lang='lat' dir='ltr'><strong>sapientia</strong></span> <span class='ocrx_word' id='word_1_57' title='bbox 1952 816 2075 881; x_wconf 80' lang='lat' dir='ltr'><strong>fuit;</strong></span> <span class='ocrx_word' id='word_1_58' title='bbox 2100 815 2171 871; x_wconf 84' lang='lat' dir='ltr'><strong>i&#39;a</strong></span> 
     </span>
    </p>
   </div>
   <div class='ocr_carea' id='block_1_9' title="bbox 589 908 2170 993">
    <p class='ocr_par' dir='ltr' id='par_1_9' title="bbox 589 908 2170 993">
     <span class='ocr_line' id='line_1_9' title="bbox 589 908 2170 993; baseline -0.005 -24"><span class='ocrx_word' id='word_1_59' title='bbox 589 914 759 969; x_wconf 87' lang='lat' dir='ltr'><strong>Filius</strong></span> <span class='ocrx_word' id='word_1_60' title='bbox 786 930 851 993; x_wconf 78' lang='lat' dir='ltr'><strong>ex</strong></span> <span class='ocrx_word' id='word_1_61' title='bbox 889 915 1066 981; x_wconf 86' lang='lat' dir='ltr'><strong>Patre,</strong></span> <span class='ocrx_word' id='word_1_62' title='bbox 1108 912 1203 969; x_wconf 92' lang='lat' dir='ltr'><strong>sed</strong></span> <span class='ocrx_word' id='word_1_63' title='bbox 1227 927 1497 984; x_wconf 89' lang='lat' dir='ltr'><strong>nunquam</strong></span> <span class='ocrx_word' id='word_1_64' title='bbox 1523 912 1694 981; x_wconf 84' lang='lat' dir='ltr'><strong>potuit</strong></span> <span class='ocrx_word' id='word_1_65' title='bbox 1723 925 1843 966; x_wconf 90' lang='lat' dir='ltr'><strong>esse</strong></span> <span class='ocrx_word' id='word_1_66' title='bbox 1870 910 1987 965; x_wconf 89' lang='lat' dir='ltr'><strong>sine</strong></span> <span class='ocrx_word' id='word_1_67' title='bbox 2014 908 2170 963; x_wconf 87' lang='lat' dir='ltr'><strong>Filio.</strong></span> 
     </span>
    </p>
   </div>
   <div class='ocr_carea' id='block_1_10' title="bbox 662 1004 2174 1076">
    <p class='ocr_par' dir='ltr' id='par_1_10' title="bbox 662 1004 2174 1076">
     <span class='ocr_line' id='line_1_10' title="bbox 662 1004 2174 1076; baseline -0.005 -14"><span class='ocrx_word' id='word_1_68' title='bbox 662 1006 884 1076; x_wconf 81' lang='lat' dir='ltr'><strong>Absque</strong></span> <span class='ocrx_word' id='word_1_69' title='bbox 922 1006 1087 1061; x_wconf 93' lang='lat' dir='ltr'><strong>dubio</strong></span> <span class='ocrx_word' id='word_1_70' title='bbox 1125 1004 1311 1060; x_wconf 85' lang='lat' dir='ltr'><strong>Ariani</strong></span> <span class='ocrx_word' id='word_1_71' title='bbox 1335 1005 1666 1061; x_wconf 89' lang='lat' dir='ltr'><strong>Salvatorem</strong></span> <span class='ocrx_word' id='word_1_72' title='bbox 1707 1012 1947 1058; x_wconf 90' lang='lat' dir='ltr'><strong>nostrum</strong></span> <span class='ocrx_word' id='word_1_73' title='bbox 1980 1013 2174 1071; x_wconf 84' lang='lat' dir='ltr'><strong>negare</strong></span> 
     </span>
    </p>
   </div>
   <div class='ocr_carea' id='block_1_11' title="bbox 596 1096 2175 1163">
    <p class='ocr_par' dir='ltr' id='par_1_11' title="bbox 596 1096 2175 1163">
     <span class='ocr_line' id='line_1_11' title="bbox 596 1096 2175 1163; baseline -0.003 -9"><span class='ocrx_word' id='word_1_74' title='bbox 596 1115 705 1154; x_wconf 90' lang='lat' dir='ltr'><strong>non</strong></span> <span class='ocrx_word' id='word_1_75' title='bbox 746 1099 965 1155; x_wconf 88' lang='lat' dir='ltr'><strong>audent.</strong></span> <span class='ocrx_word' id='word_1_76' title='bbox 1000 1098 1106 1155; x_wconf 91' lang='lat' dir='ltr'><strong>Sed</strong></span> <span class='ocrx_word' id='word_1_77' title='bbox 1136 1100 1262 1154; x_wconf 90' lang='lat' dir='ltr'><strong>dum</strong></span> <span class='ocrx_word' id='word_1_78' title='bbox 1294 1098 1556 1153; x_wconf 86' lang='lat' dir='ltr'><strong>minorem</strong></span> <span class='ocrx_word' id='word_1_79' title='bbox 1585 1096 1789 1163; x_wconf 90' lang='lat' dir='ltr'><strong>dicunt,</strong></span> <span class='ocrx_word' id='word_1_80' title='bbox 1825 1096 1987 1150; x_wconf 90' lang='lat' dir='ltr'><strong>Deum</strong></span> <span class='ocrx_word' id='word_1_81' title='bbox 2030 1107 2175 1149; x_wconf 87' lang='lat' dir='ltr'><strong>asse-</strong></span> 
     </span>
    </p>
   </div>
   <div class='ocr_carea' id='block_1_12' title="bbox 591 1186 2175 1262">
    <p class='ocr_par' dir='ltr' id='par_1_12' title="bbox 591 1186 2175 1262">
     <span class='ocr_line' id='line_1_12' title="bbox 591 1186 2175 1262; baseline -0.003 -15"><span class='ocrx_word' id='word_1_82' title='bbox 591 1207 715 1248; x_wconf 87' lang='lat' dir='ltr'><strong>rere</strong></span> <span class='ocrx_word' id='word_1_83' title='bbox 750 1207 853 1248; x_wconf 91' lang='lat' dir='ltr'><strong>non</strong></span> <span class='ocrx_word' id='word_1_84' title='bbox 886 1199 1130 1262; x_wconf 90' lang='lat' dir='ltr'><strong>possunt.</strong></span> <span class='ocrx_word' id='word_1_85' title='bbox 1156 1192 1296 1247; x_wconf 86' lang='lat' dir='ltr'><strong>Deus</strong></span> <span class='ocrx_word' id='word_1_86' title='bbox 1322 1189 1465 1246; x_wconf 90' lang='lat' dir='ltr'><strong>enim</strong></span> <span class='ocrx_word' id='word_1_87' title='bbox 1489 1190 1802 1244; x_wconf 88' lang='lat' dir='ltr'><strong>naturaliter</strong></span> <span class='ocrx_word' id='word_1_88' title='bbox 1827 1186 2175 1258; x_wconf 85' lang='lat' dir='ltr'><strong>plenitudinis</strong></span> 
     </span>
    </p>
   </div>
   <div class='ocr_carea' id='block_1_13' title="bbox 593 1279 2172 1354">
    <p class='ocr_par' dir='ltr' id='par_1_13' title="bbox 593 1279 2172 1354">
     <span class='ocr_line' id='line_1_13' title="bbox 593 1279 2172 1354; baseline -0.004 -15"><span class='ocrx_word' id='word_1_89' title='bbox 593 1283 853 1354; x_wconf 84' lang='lat' dir='ltr'><strong>dignitate</strong></span> <span class='ocrx_word' id='word_1_90' title='bbox 882 1283 1147 1351; x_wconf 87' lang='lat' dir='ltr'><strong>subsistit,</strong></span> <span class='ocrx_word' id='word_1_91' title='bbox 1179 1292 1235 1338; x_wconf 90' lang='lat' dir='ltr'><strong>et</strong></span> <span class='ocrx_word' id='word_1_92' title='bbox 1255 1297 1439 1338; x_wconf 91' lang='lat' dir='ltr'><strong>eorum</strong></span> <span class='ocrx_word' id='word_1_93' title='bbox 1464 1281 1707 1351; x_wconf 80' lang='lat' dir='ltr'><strong>impietas</strong></span> <span class='ocrx_word' id='word_1_94' title='bbox 1737 1295 1899 1334; x_wconf 92' lang='lat' dir='ltr'><strong>unum</strong></span> <span class='ocrx_word' id='word_1_95' title='bbox 1923 1294 1983 1334; x_wconf 91' lang='lat' dir='ltr'><strong>se</strong></span> <span class='ocrx_word' id='word_1_96' title='bbox 2002 1279 2172 1334; x_wconf 81' lang='lat' dir='ltr'><strong>Deum</strong></span> 
     </span>
    </p>
   </div>
   <div class='ocr_carea' id='block_1_14' title="bbox 595 1369 2171 1443">
    <p class='ocr_par' dir='ltr' id='par_1_14' title="bbox 595 1369 2171 1443">
     <span class='ocr_line' id='line_1_14' title="bbox 595 1369 2171 1443; baseline -0.004 -14"><span class='ocrx_word' id='word_1_97' title='bbox 595 1375 776 1430; x_wconf 88' lang='lat' dir='ltr'><strong>colere</strong></span> <span class='ocrx_word' id='word_1_98' title='bbox 805 1373 979 1443; x_wconf 90' lang='lat' dir='ltr'><strong>prima</strong></span> <span class='ocrx_word' id='word_1_99' title='bbox 1002 1371 1340 1430; x_wconf 81' lang='lat' dir='ltr'><strong>confessione</strong></span> <span class='ocrx_word' id='word_1_100' title='bbox 1367 1380 1615 1427; x_wconf 86' lang='lat' dir='ltr'><strong>testatur.</strong></span> <span class='ocrx_word' id='word_1_101' title='bbox 1652 1370 1757 1427; x_wconf 90' lang='lat' dir='ltr'><strong>Sed</strong></span> <span class='ocrx_word' id='word_1_102' title='bbox 1785 1370 1875 1440; x_wconf 90' lang='lat' dir='ltr'><strong>qui</strong></span> <span class='ocrx_word' id='word_1_103' title='bbox 1906 1369 2171 1439; x_wconf 82' lang='lat' dir='ltr'><strong>iuniorem</strong></span> 
     </span>
    </p>
   </div>
   <div class='ocr_carea' id='block_1_15' title="bbox 508 1458 2173 1537">
    <p class='ocr_par' dir='ltr' id='par_1_15' title="bbox 508 1458 2173 1537">
     <span class='ocr_line' id='line_1_15' title="bbox 508 1458 2173 1537; baseline -0.004 -15"><span class='ocrx_word' id='word_1_104' title='bbox 508 1458 516 1465; x_wconf 78' lang='grc'><em>’</em></span> <span class='ocrx_word' id='word_1_105' title='bbox 595 1481 690 1536; x_wconf 86' lang='lat' dir='ltr'><strong>per</strong></span> <span class='ocrx_word' id='word_1_106' title='bbox 736 1481 858 1521; x_wconf 91' lang='lat' dir='ltr'><strong>eum</strong></span> <span class='ocrx_word' id='word_1_107' title='bbox 894 1465 984 1536; x_wconf 88' lang='lat' dir='ltr'><strong>qui</strong></span> <span class='ocrx_word' id='word_1_108' title='bbox 1022 1473 1241 1537; x_wconf 86' lang='lat' dir='ltr'><strong>putatur</strong></span> <span class='ocrx_word' id='word_1_109' title='bbox 1292 1463 1473 1520; x_wconf 88' lang='lat' dir='ltr'><strong>senior</strong></span> <span class='ocrx_word' id='word_1_110' title='bbox 1500 1461 1634 1517; x_wconf 90' lang='lat' dir='ltr'><strong>duos</strong></span> <span class='ocrx_word' id='word_1_111' title='bbox 1668 1462 1812 1529; x_wconf 73' lang='lat' dir='ltr'><strong>facit,</strong></span> <span class='ocrx_word' id='word_1_112' title='bbox 1841 1471 1895 1517; x_wconf 91' lang='lat' dir='ltr'><strong>et</strong></span> <span class='ocrx_word' id='word_1_113' title='bbox 1927 1460 2173 1517; x_wconf 74' lang='lat' dir='ltr'><strong>solidita-</strong></span> 
     </span>
    </p>
   </div>
   <div class='ocr_carea' id='block_1_16' title="bbox 594 1552 2174 1625">
    <p class='ocr_par' dir='ltr' id='par_1_16' title="bbox 594 1552 2174 1625">
     <span class='ocr_line' id='line_1_16' title="bbox 594 1552 2174 1625; baseline -0.005 -11"><span class='ocrx_word' id='word_1_114' title='bbox 594 1559 955 1614; x_wconf 25' lang='lat' dir='ltr'><strong>temrunitatis</strong></span> <span class='ocrx_word' id='word_1_115' title='bbox 996 1558 1304 1613; x_wconf 85' lang='lat' dir='ltr'><strong>intersecat.</strong></span> <span class='ocrx_word' id='word_1_116' title='bbox 1334 1554 1467 1611; x_wconf 85' lang='lat' dir='ltr'><strong>Nam</strong></span> <span class='ocrx_word' id='word_1_117' title='bbox 1495 1554 1669 1625; x_wconf 89' lang='lat' dir='ltr'><strong>ipsum</strong></span> <span class='ocrx_word' id='word_1_118' title='bbox 1711 1568 1905 1610; x_wconf 87' lang='lat' dir='ltr'><strong>nomen</strong></span> <span class='ocrx_word' id='word_1_119' title='bbox 1946 1552 2174 1608; x_wconf 90' lang='lat' dir='ltr'><strong>minoris</strong></span> 
     </span>
    </p>
   </div>
   <div class='ocr_carea' id='block_1_17' title="bbox 595 1643 2174 1719">
    <p class='ocr_par' dir='ltr' id='par_1_17' title="bbox 595 1643 2174 1719">
     <span class='ocr_line' id='line_1_17' title="bbox 595 1643 2174 1719; baseline -0.004 -15"><span class='ocrx_word' id='word_1_120' title='bbox 595 1650 954 1719; x_wconf 19' lang='lat' dir='ltr'><strong>alterumlqui</strong></span> <span class='ocrx_word' id='word_1_121' title='bbox 984 1648 1078 1703; x_wconf 91' lang='lat' dir='ltr'><strong>illo</strong></span> <span class='ocrx_word' id='word_1_122' title='bbox 1123 1647 1191 1703; x_wconf 88' lang='lat' dir='ltr'><strong>sit</strong></span> <span class='ocrx_word' id='word_1_123' title='bbox 1233 1647 1406 1717; x_wconf 88' lang='lat' dir='ltr'><strong>major</strong></span> <span class='ocrx_word' id='word_1_124' title='bbox 1437 1645 1691 1702; x_wconf 90' lang='lat' dir='ltr'><strong>ostendit.</strong></span> <span class='ocrx_word' id='word_1_125' title='bbox 1746 1644 1879 1711; x_wconf 83' lang='lat' dir='ltr'><strong>Quis</strong></span> <span class='ocrx_word' id='word_1_126' title='bbox 1920 1644 2011 1699; x_wconf 91' lang='lat' dir='ltr'><strong>illo</strong></span> <span class='ocrx_word' id='word_1_127' title='bbox 2035 1643 2174 1698; x_wconf 86' lang='lat' dir='ltr'><strong>anti-</strong></span> 
     </span>
    </p>
   </div>
   <div class='ocr_carea' id='block_1_18' title="bbox 2280 448 3858 521">
    <p class='ocr_par' dir='ltr' id='par_1_18' title="bbox 2280 448 3858 521">
     <span class='ocr_line' id='line_1_18' title="bbox 2280 448 3858 521; baseline 0.003 -18"><span class='ocrx_word' id='word_1_128' title='bbox 2280 448 2410 504; x_wconf 90' lang='lat' dir='ltr'><strong>stari</strong></span> <span class='ocrx_word' id='word_1_129' title='bbox 2444 449 2497 504; x_wconf 91' lang='lat' dir='ltr'><strong>in</strong></span> <span class='ocrx_word' id='word_1_130' title='bbox 2521 451 2755 518; x_wconf 88' lang='lat' dir='ltr'><strong>peccatis</strong></span> <span class='ocrx_word' id='word_1_131' title='bbox 2776 450 2976 507; x_wconf 90' lang='lat' dir='ltr'><strong>nostris</strong></span> <span class='ocrx_word' id='word_1_132' title='bbox 3007 458 3063 505; x_wconf 90' lang='lat' dir='ltr'><strong>et</strong></span> <span class='ocrx_word' id='word_1_133' title='bbox 3091 450 3259 506; x_wconf 68' lang='lat' dir='ltr'><strong>lartari</strong></span> <span class='ocrx_word' id='word_1_134' title='bbox 3304 451 3498 507; x_wconf 87' lang='lat' dir='ltr'><strong>dicitur</strong></span> <span class='ocrx_word' id='word_1_135' title='bbox 3526 453 3580 506; x_wconf 92' lang='lat' dir='ltr'><strong>in</strong></span> <span class='ocrx_word' id='word_1_136' title='bbox 3609 454 3858 521; x_wconf 82' lang='lat' dir='ltr'><strong>operibus</strong></span> 
     </span>
    </p>
   </div>
   <div class='ocr_carea' id='block_1_19' title="bbox 2283 540 3864 616">
    <p class='ocr_par' dir='ltr' id='par_1_19' title="bbox 2283 540 3864 616">
     <span class='ocr_line' id='line_1_19' title="bbox 2283 540 3864 616; baseline 0.001 -16"><span class='ocrx_word' id='word_1_137' title='bbox 2283 546 2415 610; x_wconf 89' lang='lat' dir='ltr'><strong>suis,</strong></span> <span class='ocrx_word' id='word_1_138' title='bbox 2456 555 2516 601; x_wconf 92' lang='lat' dir='ltr'><strong>et</strong></span> <span class='ocrx_word' id='word_1_139' title='bbox 2542 545 2818 603; x_wconf 86' lang='lat' dir='ltr'><strong>atl‘ectibus</strong></span> <span class='ocrx_word' id='word_1_140' title='bbox 2847 547 3131 616; x_wconf 89' lang='lat' dir='ltr'><strong>subjacens</strong></span> <span class='ocrx_word' id='word_1_141' title='bbox 3156 545 3225 601; x_wconf 90' lang='lat' dir='ltr'><strong>de</strong></span> <span class='ocrx_word' id='word_1_142' title='bbox 3252 560 3310 602; x_wconf 89' lang='lat' dir='ltr'><strong>se</strong></span> <span class='ocrx_word' id='word_1_143' title='bbox 3338 540 3454 616; x_wconf 88' lang='lat' dir='ltr'><strong>ipse</strong></span> <span class='ocrx_word' id='word_1_144' title='bbox 3474 546 3609 602; x_wconf 90' lang='lat' dir='ltr'><strong>dicit</strong></span> <span class='ocrx_word' id='word_1_145' title='bbox 3638 563 3655 602; x_wconf 90' lang='lat'><strong>:</strong></span> <span class='ocrx_word' id='word_1_146' title='bbox 3691 545 3864 602; x_wconf 66' lang='lat' dir='ltr'><strong>Paeni-</strong></span> 
     </span>
    </p>
   </div>
   <div class='ocr_carea' id='block_1_20' title="bbox 2248 635 3864 709">
    <p class='ocr_par' dir='ltr' id='par_1_20' title="bbox 2248 635 3864 709">
     <span class='ocr_line' id='line_1_20' title="bbox 2248 635 3864 709; baseline 0.001 -17"><span class='ocrx_word' id='word_1_147' title='bbox 2248 708 2251 709; x_wconf 16' lang='grc' dir='ltr'><em>ν</em></span> <span class='ocrx_word' id='word_1_148' title='bbox 2284 648 2351 694; x_wconf 85' lang='lat' dir='ltr'><strong>tet</strong></span> <span class='ocrx_word' id='word_1_149' title='bbox 2397 654 2480 693; x_wconf 85' lang='lat' dir='ltr'><strong>me</strong></span> <span class='ocrx_word' id='word_1_150' title='bbox 2519 638 2696 709; x_wconf 75' lang='lat' dir='ltr'><strong>fecisse</strong></span> <span class='ocrx_word' id='word_1_151' title='bbox 2724 637 2974 692; x_wconf 77' lang='lat' dir='ltr'><strong>hominm</strong></span> <span class='ocrx_word' id='word_1_152' title='bbox 3001 635 3157 708; x_wconf 87' lang='lat' dir='ltr'><strong>(Gen.</strong></span> <span class='ocrx_word' id='word_1_153' title='bbox 3201 652 3275 703; x_wconf 85' lang='lat' dir='ltr'><strong>vr,</strong></span> <span class='ocrx_word' id='word_1_154' title='bbox 3314 636 3396 707; x_wconf 86' lang='lat'><strong>7).</strong></span> <span class='ocrx_word' id='word_1_155' title='bbox 3428 638 3495 692; x_wconf 87' lang='lat' dir='ltr'><strong>Et</strong></span> <span class='ocrx_word' id='word_1_156' title='bbox 3540 637 3611 692; x_wconf 88' lang='lat' dir='ltr'><strong>de</strong></span> <span class='ocrx_word' id='word_1_157' title='bbox 3650 654 3864 694; x_wconf 87' lang='lat' dir='ltr'><strong>summa</strong></span> 
     </span>
    </p>
   </div>
   <div class='ocr_carea' id='block_1_21' title="bbox 2282 729 3865 802">
    <p class='ocr_par' dir='ltr' id='par_1_21' title="bbox 2282 729 3865 802">
     <span class='ocr_line' id='line_1_21' title="bbox 2282 729 3865 802; baseline -0.003 -13"><span class='ocrx_word' id='word_1_158' title='bbox 2282 732 2407 790; x_wconf 65' lang='lat' dir='ltr'><strong>caeli</strong></span> <span class='ocrx_word' id='word_1_159' title='bbox 2450 733 2578 788; x_wconf 89' lang='lat' dir='ltr'><strong>sede</strong></span> <span class='ocrx_word' id='word_1_160' title='bbox 2619 732 2930 802; x_wconf 88' lang='lat' dir='ltr'><strong>pronuntiat</strong></span> <span class='ocrx_word' id='word_1_161' title='bbox 2969 748 2983 786; x_wconf 94' lang='lat'><strong>:</strong></span> <span class='ocrx_word' id='word_1_162' title='bbox 3034 730 3217 795; x_wconf 88' lang='lat' dir='ltr'><strong>Saute,</strong></span> <span class='ocrx_word' id='word_1_163' title='bbox 3265 729 3388 799; x_wconf 87' lang='lat' dir='ltr'><strong>quid</strong></span> <span class='ocrx_word' id='word_1_164' title='bbox 3429 745 3507 785; x_wconf 88' lang='lat' dir='ltr'><strong>me</strong></span> <span class='ocrx_word' id='word_1_165' title='bbox 3547 732 3865 800; x_wconf 83' lang='lat' dir='ltr'><strong>persequeris</strong></span> 
     </span>
    </p>
   </div>
   <div class='ocr_carea' id='block_1_22' title="bbox 2278 821 3865 897">
    <p class='ocr_par' dir='ltr' id='par_1_22' title="bbox 2278 821 3865 897">
     <span class='ocr_line' id='line_1_22' title="bbox 2278 821 3865 897; baseline -0.002 -17"><span class='ocrx_word' id='word_1_166' title='bbox 2278 827 2418 897; x_wconf 84' lang='lat' dir='ltr'><strong>(Act.</strong></span> <span class='ocrx_word' id='word_1_167' title='bbox 2445 841 2521 891; x_wconf 79' lang='grc' dir='ltr'><strong>ιι,</strong></span> <span class='ocrx_word' id='word_1_168' title='bbox 2545 825 2639 895; x_wconf 75' lang='grc' dir='ltr'><strong>ιγρ</strong></span> <span class='ocrx_word' id='word_1_169' title='bbox 2670 824 2801 879; x_wconf 87' lang='lat' dir='ltr'><strong>Nam</strong></span> <span class='ocrx_word' id='word_1_170' title='bbox 2822 832 2879 879; x_wconf 91' lang='lat' dir='ltr'><strong>et</strong></span> <span class='ocrx_word' id='word_1_171' title='bbox 2898 821 3273 893; x_wconf 88' lang='lat' dir='ltr'><strong>compatientis</strong></span> <span class='ocrx_word' id='word_1_172' title='bbox 3300 824 3589 878; x_wconf 86' lang='lat' dir='ltr'><strong>ostendere</strong></span> <span class='ocrx_word' id='word_1_173' title='bbox 3617 821 3865 877; x_wconf 73' lang='lat' dir='ltr'><strong>allectum</strong></span> 
     </span>
    </p>
   </div>
   <div class='ocr_carea' id='block_1_23' title="bbox 2274 912 3867 979">
    <p class='ocr_par' dir='ltr' id='par_1_23' title="bbox 2274 912 3867 979">
     <span class='ocr_line' id='line_1_23' title="bbox 2274 912 3867 979; baseline -0.003 -8"><span class='ocrx_word' id='word_1_174' title='bbox 2274 916 2489 972; x_wconf 90' lang='lat' dir='ltr'><strong>videtur</strong></span> <span class='ocrx_word' id='word_1_175' title='bbox 2517 932 2637 973; x_wconf 91' lang='lat' dir='ltr'><strong>cum</strong></span> <span class='ocrx_word' id='word_1_176' title='bbox 2668 915 2838 972; x_wconf 89' lang='lat' dir='ltr'><strong>dicit:</strong></span> <span class='ocrx_word' id='word_1_177' title='bbox 2874 914 3107 979; x_wconf 81' lang='lat' dir='ltr'><strong>Esurivi,</strong></span> <span class='ocrx_word' id='word_1_178' title='bbox 3148 922 3197 968; x_wconf 86' lang='lat' dir='ltr'><strong>et</strong></span> <span class='ocrx_word' id='word_1_179' title='bbox 3227 912 3441 967; x_wconf 74' lang='lat' dir='ltr'><strong>dedistis</strong></span> <span class='ocrx_word' id='word_1_180' title='bbox 3480 913 3608 967; x_wconf 88' lang='lat' dir='ltr'><strong>mihi</strong></span> <span class='ocrx_word' id='word_1_181' title='bbox 3652 915 3867 967; x_wconf 78' lang='lat' dir='ltr'><strong>mandu-</strong></span> 
     </span>
    </p>
   </div>
   <div class='ocr_carea' id='block_1_24' title="bbox 2275 1001 3865 1076">
    <p class='ocr_par' dir='ltr' id='par_1_24' title="bbox 2275 1001 3865 1076">
     <span class='ocr_line' id='line_1_24' title="bbox 2275 1001 3865 1076; baseline -0.003 -15"><span class='ocrx_word' id='word_1_182' title='bbox 2275 1024 2391 1062; x_wconf 86' lang='lat' dir='ltr'><strong>care</strong></span> <span class='ocrx_word' id='word_1_183' title='bbox 2408 1023 2428 1072; x_wconf 86' lang='lat'><strong><em>;</em></strong></span> <span class='ocrx_word' id='word_1_184' title='bbox 2456 1008 2613 1073; x_wconf 86' lang='lat' dir='ltr'><strong>sitivi,</strong></span> <span class='ocrx_word' id='word_1_185' title='bbox 2645 1016 2691 1062; x_wconf 86' lang='lat' dir='ltr'><strong>et</strong></span> <span class='ocrx_word' id='word_1_186' title='bbox 2716 1006 2929 1061; x_wconf 80' lang='lat' dir='ltr'><strong>dedistis</strong></span> <span class='ocrx_word' id='word_1_187' title='bbox 2975 1003 3101 1059; x_wconf 88' lang='lat' dir='ltr'><strong>mihi</strong></span> <span class='ocrx_word' id='word_1_188' title='bbox 3138 1003 3303 1058; x_wconf 84' lang='lat' dir='ltr'><strong>bibere</strong></span> <span class='ocrx_word' id='word_1_189' title='bbox 3327 1001 3547 1076; x_wconf 78' lang='lat' dir='ltr'><strong>(Matth.</strong></span> <span class='ocrx_word' id='word_1_190' title='bbox 3577 1019 3706 1071; x_wconf 75' lang='lat' dir='ltr'><strong>xxv,</strong></span> <span class='ocrx_word' id='word_1_191' title='bbox 3737 1004 3832 1074; x_wconf 74' lang='lat'><strong>35)</strong></span> <span class='ocrx_word' id='word_1_192' title='bbox 3851 1046 3865 1071; x_wconf 88' lang='lat'><strong>,</strong></span> 
     </span>
    </p>
   </div>
   <div class='ocr_carea' id='block_1_25' title="bbox 2248 1094 3869 1169">
    <p class='ocr_par' dir='ltr' id='par_1_25' title="bbox 2248 1094 3869 1169">
     <span class='ocr_line' id='line_1_25' title="bbox 2248 1094 3869 1169; baseline -0.004 -13"><span class='ocrx_word' id='word_1_193' title='bbox 2248 1102 2331 1156; x_wconf 65' lang='lat' dir='ltr'><strong>‘et</strong></span> <span class='ocrx_word' id='word_1_194' title='bbox 2358 1100 2562 1169; x_wconf 84' lang='lat' dir='ltr'><strong>reliqua</strong></span> <span class='ocrx_word' id='word_1_195' title='bbox 2601 1097 2909 1167; x_wconf 89' lang='lat' dir='ltr'><strong>hujusmodi</strong></span> <span class='ocrx_word' id='word_1_196' title='bbox 2938 1111 3060 1167; x_wconf 69' lang='lat' dir='ltr'><strong>quin</strong></span> <span class='ocrx_word' id='word_1_197' title='bbox 3086 1094 3373 1167; x_wconf 62' lang='lat' dir='ltr'><strong>jmemoriae</strong></span> <span class='ocrx_word' id='word_1_198' title='bbox 3402 1094 3746 1151; x_wconf 82' lang='lat' dir='ltr'><strong>abundanter</strong></span> <span class='ocrx_word' id='word_1_199' title='bbox 3783 1109 3869 1150; x_wconf 83' lang='lat' dir='ltr'><strong>oc-</strong></span> 
     </span>
    </p>
   </div>
   <div class='ocr_carea' id='block_1_26' title="bbox 2275 1203 2525 1249">
    <p class='ocr_par' dir='ltr' id='par_1_26' title="bbox 2275 1203 2525 1249">
     <span class='ocr_line' id='line_1_26' title="bbox 2275 1203 2525 1249; baseline -0.008 0"><span class='ocrx_word' id='word_1_200' title='bbox 2275 1203 2525 1249; x_wconf 77' lang='lat' dir='ltr'><strong>Clll‘l‘llﬂl.</strong></span> 
     </span>
    </p>
   </div>
   <div class='ocr_carea' id='block_1_27' title="bbox 2346 1282 3867 1355">
    <p class='ocr_par' dir='ltr' id='par_1_27' title="bbox 2346 1282 3867 1355">
     <span class='ocr_line' id='line_1_27' title="bbox 2346 1282 3867 1355; baseline -0.001 -15"><span class='ocrx_word' id='word_1_201' title='bbox 2346 1284 2626 1353; x_wconf 84' lang='lat' dir='ltr'><strong>Quomodo</strong></span> <span class='ocrx_word' id='word_1_202' title='bbox 2667 1298 2831 1355; x_wconf 87' lang='lat' dir='ltr'><strong>ergo,</strong></span> <span class='ocrx_word' id='word_1_203' title='bbox 2863 1284 2909 1340; x_wconf 90' lang='lat' dir='ltr'><strong>si</strong></span> <span class='ocrx_word' id='word_1_204' title='bbox 2956 1284 3233 1354; x_wconf 86' lang='lat' dir='ltr'><strong>quisquam</strong></span> <span class='ocrx_word' id='word_1_205' title='bbox 3281 1283 3535 1341; x_wconf 84' lang='lat' dir='ltr'><strong>sacerdos</strong></span> <span class='ocrx_word' id='word_1_206' title='bbox 3578 1282 3867 1353; x_wconf 84' lang='lat' dir='ltr'><strong>multiplici</strong></span> 
     </span>
    </p>
   </div>
   <div class='ocr_carea' id='block_1_28' title="bbox 2276 1376 3866 1450">
    <p class='ocr_par' dir='ltr' id='par_1_28' title="bbox 2276 1376 3866 1450">
     <span class='ocr_line' id='line_1_28' title="bbox 2276 1376 3866 1450; baseline -0.002 -15"><span class='ocrx_word' id='word_1_207' title='bbox 2276 1378 2574 1450; x_wconf 79' lang='lat' dir='ltr'><strong>linguarum</strong></span> <span class='ocrx_word' id='word_1_208' title='bbox 2605 1378 2827 1433; x_wconf 88' lang='lat' dir='ltr'><strong>scientia</strong></span> <span class='ocrx_word' id='word_1_209' title='bbox 2856 1377 3132 1448; x_wconf 69' lang='lat' dir='ltr'><strong>praeditus,</strong></span> <span class='ocrx_word' id='word_1_210' title='bbox 3152 1388 3208 1435; x_wconf 91' lang='lat' dir='ltr'><strong>et</strong></span> <span class='ocrx_word' id='word_1_211' title='bbox 3230 1380 3284 1436; x_wconf 90' lang='lat' dir='ltr'><strong>in</strong></span> <span class='ocrx_word' id='word_1_212' title='bbox 3316 1378 3495 1435; x_wconf 91' lang='lat' dir='ltr'><strong>medio</strong></span> <span class='ocrx_word' id='word_1_213' title='bbox 3522 1376 3866 1433; x_wconf 80' lang='lat' dir='ltr'><strong>diversarum</strong></span> 
     </span>
    </p>
   </div>
   <div class='ocr_carea' id='block_1_29' title="bbox 2285 1468 3873 1543">
    <p class='ocr_par' dir='ltr' id='par_1_29' title="bbox 2285 1468 3873 1543">
     <span class='ocr_line' id='line_1_29' title="bbox 2285 1468 3873 1543; baseline -0.001 -16"><span class='ocrx_word' id='word_1_214' title='bbox 2285 1473 2522 1543; x_wconf 89' lang='lat' dir='ltr'><strong>gentium</strong></span> <span class='ocrx_word' id='word_1_215' title='bbox 2571 1471 2889 1528; x_wconf 88' lang='lat' dir='ltr'><strong>constitutus</strong></span> <span class='ocrx_word' id='word_1_216' title='bbox 2916 1514 2933 1538; x_wconf 94' lang='lat'><strong>,</strong></span> <span class='ocrx_word' id='word_1_217' title='bbox 2980 1472 3265 1529; x_wconf 82' lang='lat' dir='ltr'><strong>Hebraeum</strong></span> <span class='ocrx_word' id='word_1_218' title='bbox 3309 1472 3571 1539; x_wconf 68' lang='lat' dir='ltr'><strong>Hebraeo,</strong></span> <span class='ocrx_word' id='word_1_219' title='bbox 3625 1468 3873 1526; x_wconf 67' lang='lat' dir='ltr'><strong>Graecum</strong></span> 
     </span>
    </p>
   </div>
   <div class='ocr_carea' id='block_1_30' title="bbox 2284 1562 3874 1632">
    <p class='ocr_par' dir='ltr' id='par_1_30' title="bbox 2284 1562 3874 1632">
     <span class='ocr_line' id='line_1_30' title="bbox 2284 1562 3874 1632; baseline -0.001 -14"><span class='ocrx_word' id='word_1_220' title='bbox 2284 1562 2475 1619; x_wconf 65' lang='lat' dir='ltr'><strong>Graeco</strong></span> <span class='ocrx_word' id='word_1_221' title='bbox 2502 1605 2517 1630; x_wconf 94' lang='lat'><strong>,</strong></span> <span class='ocrx_word' id='word_1_222' title='bbox 2566 1562 2869 1619; x_wconf 80' lang='lat' dir='ltr'><strong>Romanum</strong></span> <span class='ocrx_word' id='word_1_223' title='bbox 2929 1563 3171 1620; x_wconf 81' lang='lat' dir='ltr'><strong>Romano</strong></span> <span class='ocrx_word' id='word_1_224' title='bbox 3225 1565 3585 1620; x_wconf 89' lang='lat' dir='ltr'><strong>instructurus</strong></span> <span class='ocrx_word' id='word_1_225' title='bbox 3639 1562 3874 1632; x_wconf 81' lang='lat' dir='ltr'><strong>alloquio</strong></span> 
     </span>
    </p>
   </div>
   <div class='ocr_carea' id='block_1_31' title="bbox 2258 1654 3872 1727">
    <p class='ocr_par' dir='ltr' id='par_1_31' title="bbox 2258 1654 3872 1727">
     <span class='ocr_line' id='line_1_31' title="bbox 2258 1654 3872 1727; baseline -0.001 -16"><span class='ocrx_word' id='word_1_226' title='bbox 2258 1654 2589 1713; x_wconf 71' lang='lat' dir='ltr'><strong>secundum</strong></span> <span class='ocrx_word' id='word_1_227' title='bbox 2620 1656 2949 1727; x_wconf 90' lang='lat' dir='ltr'><strong>singulorum</strong></span> <span class='ocrx_word' id='word_1_228' title='bbox 2988 1656 3321 1712; x_wconf 89' lang='lat' dir='ltr'><strong>intellectum</strong></span> <span class='ocrx_word' id='word_1_229' title='bbox 3360 1654 3529 1711; x_wconf 91' lang='lat' dir='ltr'><strong>verba</strong></span> <span class='ocrx_word' id='word_1_230' title='bbox 3570 1654 3872 1721; x_wconf 88' lang='lat' dir='ltr'><strong>conlirmet,</strong></span> 
     </span>
    </p>
   </div>
   <div class='ocr_carea' id='block_1_32' title="bbox 596 1733 2183 1819">
    <p class='ocr_par' dir='ltr' id='par_1_32' title="bbox 596 1736 2171 1811">
     <span class='ocr_line' id='line_1_32' title="bbox 596 1736 2171 1811; baseline -0.003 -15"><span class='ocrx_word' id='word_1_231' title='bbox 596 1741 753 1811; x_wconf 89' lang='lat' dir='ltr'><strong>quior</strong></span> <span class='ocrx_word' id='word_1_232' title='bbox 782 1741 871 1811; x_wconf 91' lang='lat' dir='ltr'><strong>qui</strong></span> <span class='ocrx_word' id='word_1_233' title='bbox 921 1740 990 1796; x_wconf 90' lang='lat' dir='ltr'><strong>de</strong></span> <span class='ocrx_word' id='word_1_234' title='bbox 1029 1741 1209 1810; x_wconf 84' lang='lat' dir='ltr'><strong>seipse</strong></span> <span class='ocrx_word' id='word_1_235' title='bbox 1247 1739 1594 1809; x_wconf 86' lang='lat' dir='ltr'><strong>pronuntiat:</strong></span> <span class='ocrx_word' id='word_1_236' title='bbox 1628 1736 1741 1808; x_wconf 87' lang='lat' dir='ltr'><strong>Ego</strong></span> <span class='ocrx_word' id='word_1_237' title='bbox 1783 1753 1896 1791; x_wconf 89' lang='lat' dir='ltr'><strong>sum</strong></span> <span class='ocrx_word' id='word_1_238' title='bbox 1934 1738 2092 1807; x_wconf 84' lang='lat' dir='ltr'><strong>alpha</strong></span> <span class='ocrx_word' id='word_1_239' title='bbox 2121 1745 2171 1791; x_wconf 90' lang='lat' dir='ltr'><strong>et</strong></span> 
     </span>
    </p>
   </div>
   <div class='ocr_carea' id='block_1_33' title="bbox 2286 1733 3871 1819">
    <p class='ocr_par' dir='ltr' id='par_1_33' title="bbox 2286 1742 3871 1819">
     <span class='ocr_line' id='line_1_33' title="bbox 2286 1742 3871 1819; baseline -0.004 -16"><span class='ocrx_word' id='word_1_240' title='bbox 2286 1758 2329 1805; x_wconf 81' lang='lat' dir='ltr'><strong>et</strong></span> <span class='ocrx_word' id='word_1_241' title='bbox 2350 1749 2500 1819; x_wconf 80' lang='lat' dir='ltr'><strong>juxta</strong></span> <span class='ocrx_word' id='word_1_242' title='bbox 2531 1747 2949 1818; x_wconf 88' lang='lat' dir='ltr'><strong>uniuscujusque</strong></span> <span class='ocrx_word' id='word_1_243' title='bbox 2977 1762 3193 1803; x_wconf 89' lang='lat' dir='ltr'><strong>sensum</strong></span> <span class='ocrx_word' id='word_1_244' title='bbox 3224 1747 3337 1803; x_wconf 90' lang='lat' dir='ltr'><strong>oris</strong></span> <span class='ocrx_word' id='word_1_245' title='bbox 3359 1745 3441 1801; x_wconf 90' lang='lat' dir='ltr'><strong>sui</strong></span> <span class='ocrx_word' id='word_1_246' title='bbox 3470 1754 3693 1815; x_wconf 89' lang='lat' dir='ltr'><strong>coaptet</strong></span> <span class='ocrx_word' id='word_1_247' title='bbox 3739 1742 3871 1800; x_wconf 84' lang='lat' dir='ltr'><strong>allo-</strong></span> 
     </span>
    </p>
   </div>
   <div class='ocr_carea' id='block_1_34' title="bbox 592 1826 2218 1902">
    <p class='ocr_par' dir='ltr' id='par_1_34' title="bbox 592 1826 2218 1902">
     <span class='ocr_line' id='line_1_34' title="bbox 592 1826 2218 1902; baseline -0.003 -16"><span class='ocrx_word' id='word_1_248' title='bbox 592 1848 787 1902; x_wconf 84' lang='lat' dir='ltr'><strong>omcga,</strong></span> <span class='ocrx_word' id='word_1_249' title='bbox 814 1832 1009 1901; x_wconf 85' lang='lat' dir='ltr'><strong>primus</strong></span> <span class='ocrx_word' id='word_1_250' title='bbox 1030 1840 1078 1885; x_wconf 88' lang='lat' dir='ltr'><strong>et</strong></span> <span class='ocrx_word' id='word_1_251' title='bbox 1108 1831 1408 1885; x_wconf 88' lang='lat' dir='ltr'><strong>novissimus</strong></span> <span class='ocrx_word' id='word_1_252' title='bbox 1433 1828 1567 1901; x_wconf 89' lang='lat' dir='ltr'><strong>(Isa.</strong></span> <span class='ocrx_word' id='word_1_253' title='bbox 1594 1844 1745 1895; x_wconf 74' lang='lat' dir='ltr'><strong>XLIV;</strong></span> <span class='ocrx_word' id='word_1_254' title='bbox 1776 1828 1937 1899; x_wconf 84' lang='lat' dir='ltr'><strong>Apoc.</strong></span> <span class='ocrx_word' id='word_1_255' title='bbox 1974 1829 2050 1897; x_wconf 88' lang='lat' dir='ltr'><strong>t)?</strong></span> <span class='ocrx_word' id='word_1_256' title='bbox 2069 1826 2171 1893; x_wconf 86' lang='lat' dir='ltr'><strong>Qui</strong></span> <span class='ocrx_word' id='word_1_257' title='bbox 2213 1847 2218 1851; x_wconf 55' lang='grc' dir='ltr'>ν</span> 
     </span>
    </p>
   </div>
   <div class='ocr_carea' id='block_1_35' title="bbox 590 1920 2175 1993">
    <p class='ocr_par' dir='ltr' id='par_1_35' title="bbox 590 1920 2175 1993">
     <span class='ocr_line' id='line_1_35' title="bbox 590 1920 2175 1993; baseline -0.004 -14"><span class='ocrx_word' id='word_1_258' title='bbox 590 1934 730 1979; x_wconf 85' lang='lat' dir='ltr'><strong>esset</strong></span> <span class='ocrx_word' id='word_1_259' title='bbox 755 1925 1131 1993; x_wconf 82' lang='lat' dir='ltr'><strong>interrogatus,</strong></span> <span class='ocrx_word' id='word_1_260' title='bbox 1168 1922 1240 1976; x_wconf 90' lang='lat' dir='ltr'><strong>ita</strong></span> <span class='ocrx_word' id='word_1_261' title='bbox 1269 1922 1580 1992; x_wconf 87' lang='lat' dir='ltr'><strong>respondit:</strong></span> <span class='ocrx_word' id='word_1_262' title='bbox 1611 1920 1947 1990; x_wconf 84' lang='lat' dir='ltr'><strong>Principium,</strong></span> <span class='ocrx_word' id='word_1_263' title='bbox 1973 1924 2109 1990; x_wconf 85' lang='lat' dir='ltr'><strong>quod</strong></span> <span class='ocrx_word' id='word_1_264' title='bbox 2131 1927 2175 1973; x_wconf 90' lang='lat' dir='ltr'><strong>et</strong></span> 
     </span>
    </p>
   </div>
   <div class='ocr_carea' id='block_1_36' title="bbox 591 2009 2168 2085">
    <p class='ocr_par' dir='ltr' id='par_1_36' title="bbox 591 2009 2168 2085">
     <span class='ocr_line' id='line_1_36' title="bbox 591 2009 2168 2085; baseline -0.004 -15"><span class='ocrx_word' id='word_1_265' title='bbox 591 2030 710 2070; x_wconf 90' lang='lat' dir='ltr'><strong>cum</strong></span> <span class='ocrx_word' id='word_1_266' title='bbox 728 2014 921 2071; x_wconf 75' lang='lat' dir='ltr'><strong>Judteis</strong></span> <span class='ocrx_word' id='word_1_267' title='bbox 935 2016 1025 2085; x_wconf 90' lang='lat' dir='ltr'><strong>qui</strong></span> <span class='ocrx_word' id='word_1_268' title='bbox 1044 2015 1225 2085; x_wconf 88' lang='lat' dir='ltr'><strong>loquor</strong></span> <span class='ocrx_word' id='word_1_269' title='bbox 1239 2016 1374 2067; x_wconf 80' lang='lat' dir='ltr'><strong>vobis</strong></span> <span class='ocrx_word' id='word_1_270' title='bbox 1390 2012 1569 2084; x_wconf 86' lang='lat' dir='ltr'><strong>(Joan.</strong></span> <span class='ocrx_word' id='word_1_271' title='bbox 1583 2009 1923 2082; x_wconf 71' lang='lat' dir='ltr'><strong>vut,25).Qui</strong></span> <span class='ocrx_word' id='word_1_272' title='bbox 1937 2009 2168 2066; x_wconf 84' lang='lat' dir='ltr'><strong>veridica</strong></span> 
     </span>
    </p>
   </div>
   <div class='ocr_carea' id='block_1_37' title="bbox 591 2101 2176 2178">
    <p class='ocr_par' dir='ltr' id='par_1_37' title="bbox 591 2101 2176 2178">
     <span class='ocr_line' id='line_1_37' title="bbox 591 2101 2176 2178; baseline -0.004 -15"><span class='ocrx_word' id='word_1_273' title='bbox 591 2122 689 2178; x_wconf 90' lang='lat' dir='ltr'><strong>per</strong></span> <span class='ocrx_word' id='word_1_274' title='bbox 710 2106 1024 2177; x_wconf 86' lang='lat' dir='ltr'><strong>prephetam</strong></span> <span class='ocrx_word' id='word_1_275' title='bbox 1053 2121 1184 2161; x_wconf 86' lang='lat' dir='ltr'><strong>voce</strong></span> <span class='ocrx_word' id='word_1_276' title='bbox 1207 2106 1491 2161; x_wconf 88' lang='lat' dir='ltr'><strong>conﬁrmat</strong></span> <span class='ocrx_word' id='word_1_277' title='bbox 1511 2123 1522 2158; x_wconf 92' lang='lat'><strong>:</strong></span> <span class='ocrx_word' id='word_1_278' title='bbox 1539 2108 1667 2159; x_wconf 80' lang='lat' dir='ltr'><strong>Ante</strong></span> <span class='ocrx_word' id='word_1_279' title='bbox 1684 2119 1765 2158; x_wconf 88' lang='lat' dir='ltr'><strong>me</strong></span> <span class='ocrx_word' id='word_1_280' title='bbox 1785 2120 1885 2158; x_wconf 90' lang='lat' dir='ltr'><strong>non</strong></span> <span class='ocrx_word' id='word_1_281' title='bbox 1902 2103 2001 2171; x_wconf 79' lang='lat' dir='ltr'><strong>fuit</strong></span> <span class='ocrx_word' id='word_1_282' title='bbox 2017 2101 2176 2169; x_wconf 82' lang='lat' dir='ltr'><strong>Deus,</strong></span> 
     </span>
    </p>
   </div>
   <div class='ocr_carea' id='block_1_38' title="bbox 592 2194 2176 2270">
    <p class='ocr_par' dir='ltr' id='par_1_38' title="bbox 592 2194 2176 2270">
     <span class='ocr_line' id='line_1_38' title="bbox 592 2194 2176 2270; baseline -0.002 -18"><span class='ocrx_word' id='word_1_283' title='bbox 592 2207 638 2252; x_wconf 87' lang='lat' dir='ltr'><strong>et</strong></span> <span class='ocrx_word' id='word_1_284' title='bbox 661 2212 772 2270; x_wconf 86' lang='lat' dir='ltr'><strong>post</strong></span> <span class='ocrx_word' id='word_1_285' title='bbox 800 2215 878 2253; x_wconf 88' lang='lat' dir='ltr'><strong>me</strong></span> <span class='ocrx_word' id='word_1_286' title='bbox 909 2214 1011 2253; x_wconf 91' lang='lat' dir='ltr'><strong>non</strong></span> <span class='ocrx_word' id='word_1_287' title='bbox 1042 2199 1135 2252; x_wconf 89' lang='lat' dir='ltr'><strong>erit</strong></span> <span class='ocrx_word' id='word_1_288' title='bbox 1158 2196 1311 2268; x_wconf 87' lang='lat' dir='ltr'><strong>(Isai.</strong></span> <span class='ocrx_word' id='word_1_289' title='bbox 1337 2213 1489 2265; x_wconf 72' lang='lat' dir='ltr'><strong>sun,</strong></span> <span class='ocrx_word' id='word_1_290' title='bbox 1508 2196 1619 2267; x_wconf 80' lang='grc'><strong>10).</strong></span> <span class='ocrx_word' id='word_1_291' title='bbox 1643 2196 1700 2252; x_wconf 88' lang='lat' dir='ltr'><strong>Si</strong></span> <span class='ocrx_word' id='word_1_292' title='bbox 1728 2194 1888 2251; x_wconf 84' lang='lat' dir='ltr'><strong>Pater</strong></span> <span class='ocrx_word' id='word_1_293' title='bbox 1904 2196 2005 2251; x_wconf 85' lang='lat' dir='ltr'><strong>hoc</strong></span> <span class='ocrx_word' id='word_1_294' title='bbox 2028 2194 2176 2262; x_wconf 87' lang='lat' dir='ltr'><strong>dicit,</strong></span> 
     </span>
    </p>
   </div>
   <div class='ocr_carea' id='block_1_39' title="bbox 618 2287 2177 2361">
    <p class='ocr_par' dir='ltr' id='par_1_39' title="bbox 618 2287 2177 2361">
     <span class='ocr_line' id='line_1_39' title="bbox 618 2287 2177 2361; baseline -0.003 -14"><span class='ocrx_word' id='word_1_295' title='bbox 618 2290 922 2347; x_wconf 81' lang='lat' dir='ltr'><strong>inferiorem</strong></span> <span class='ocrx_word' id='word_1_296' title='bbox 940 2298 1061 2361; x_wconf 82' lang='lat' dir='ltr'><strong>post</strong></span> <span class='ocrx_word' id='word_1_297' title='bbox 1092 2303 1152 2345; x_wconf 92' lang='lat' dir='ltr'><strong>se</strong></span> <span class='ocrx_word' id='word_1_298' title='bbox 1184 2303 1289 2344; x_wconf 91' lang='lat' dir='ltr'><strong>non</strong></span> <span class='ocrx_word' id='word_1_299' title='bbox 1316 2289 1545 2358; x_wconf 75' lang='lat' dir='ltr'><strong>cmpisse</strong></span> <span class='ocrx_word' id='word_1_300' title='bbox 1575 2287 1891 2354; x_wconf 89' lang='lat' dir='ltr'><strong>conﬁrmat;</strong></span> <span class='ocrx_word' id='word_1_301' title='bbox 1915 2288 1961 2343; x_wconf 91' lang='lat' dir='ltr'><strong>si</strong></span> <span class='ocrx_word' id='word_1_302' title='bbox 1990 2287 2177 2357; x_wconf 84' lang='lat' dir='ltr'><strong>Filius,</strong></span> 
     </span>
    </p>
   </div>
   <div class='ocr_carea' id='block_1_40' title="bbox 602 2381 2181 2454">
    <p class='ocr_par' dir='ltr' id='par_1_40' title="bbox 602 2381 2181 2454">
     <span class='ocr_line' id='line_1_40' title="bbox 602 2381 2181 2454; baseline -0.002 -15"><span class='ocrx_word' id='word_1_303' title='bbox 602 2394 728 2441; x_wconf 87' lang='lat' dir='ltr'><strong>ante</strong></span> <span class='ocrx_word' id='word_1_304' title='bbox 771 2399 830 2440; x_wconf 90' lang='lat' dir='ltr'><strong>se</strong></span> <span class='ocrx_word' id='word_1_305' title='bbox 857 2385 1071 2454; x_wconf 87' lang='lat' dir='ltr'><strong>penitus</strong></span> <span class='ocrx_word' id='word_1_306' title='bbox 1107 2397 1214 2438; x_wconf 91' lang='lat' dir='ltr'><strong>non</strong></span> <span class='ocrx_word' id='word_1_307' title='bbox 1257 2381 1421 2438; x_wconf 82' lang='lat' dir='ltr'><strong>fuisse</strong></span> <span class='ocrx_word' id='word_1_308' title='bbox 1449 2383 1776 2451; x_wconf 89' lang='lat' dir='ltr'><strong>pronuntiat.</strong></span> <span class='ocrx_word' id='word_1_309' title='bbox 1820 2381 1896 2435; x_wconf 90' lang='lat' dir='ltr'><strong>De</strong></span> <span class='ocrx_word' id='word_1_310' title='bbox 1926 2381 2029 2436; x_wconf 90' lang='lat' dir='ltr'><strong>hoc</strong></span> <span class='ocrx_word' id='word_1_311' title='bbox 2057 2396 2181 2452; x_wconf 90' lang='lat' dir='ltr'><strong>pro-</strong></span> 
     </span>
    </p>
   </div>
   <div class='ocr_carea' id='block_1_41' title="bbox 593 2473 2182 2550">
    <p class='ocr_par' dir='ltr' id='par_1_41' title="bbox 593 2473 2182 2550">
     <span class='ocr_line' id='line_1_41' title="bbox 593 2473 2182 2550; baseline -0.003 -16"><span class='ocrx_word' id='word_1_312' title='bbox 593 2479 838 2550; x_wconf 89' lang='lat' dir='ltr'><strong>pheticus</strong></span> <span class='ocrx_word' id='word_1_313' title='bbox 867 2491 1049 2533; x_wconf 87' lang='lat' dir='ltr'><strong>sermo</strong></span> <span class='ocrx_word' id='word_1_314' title='bbox 1073 2474 1353 2532; x_wconf 82' lang='lat' dir='ltr'><strong>evidenter</strong></span> <span class='ocrx_word' id='word_1_315' title='bbox 1389 2475 1625 2530; x_wconf 89' lang='lat' dir='ltr'><strong>insinuat</strong></span> <span class='ocrx_word' id='word_1_316' title='bbox 1650 2489 1665 2529; x_wconf 88' lang='lat'><strong>:</strong></span> <span class='ocrx_word' id='word_1_317' title='bbox 1696 2473 1798 2528; x_wconf 81' lang='lat' dir='ltr'><strong>Ilia</strong></span> <span class='ocrx_word' id='word_1_318' title='bbox 1825 2482 1897 2527; x_wconf 90' lang='lat' dir='ltr'><strong>est</strong></span> <span class='ocrx_word' id='word_1_319' title='bbox 1926 2473 2064 2528; x_wconf 88' lang='lat' dir='ltr'><strong>Deus</strong></span> <span class='ocrx_word' id='word_1_320' title='bbox 2088 2492 2182 2529; x_wconf 89' lang='lat' dir='ltr'><strong>no-</strong></span> 
     </span>
    </p>
   </div>
   <div class='ocr_carea' id='block_1_42' title="bbox 593 2566 2183 2643">
    <p class='ocr_par' dir='ltr' id='par_1_42' title="bbox 593 2566 2183 2643">
     <span class='ocr_line' id='line_1_42' title="bbox 593 2566 2183 2643; baseline -0.004 -13"><span class='ocrx_word' id='word_1_321' title='bbox 593 2581 717 2641; x_wconf 82' lang='lat' dir='ltr'><strong>ster,</strong></span> <span class='ocrx_word' id='word_1_322' title='bbox 741 2581 788 2626; x_wconf 86' lang='lat' dir='ltr'><strong>et</strong></span> <span class='ocrx_word' id='word_1_323' title='bbox 817 2588 919 2626; x_wconf 90' lang='lat' dir='ltr'><strong>non</strong></span> <span class='ocrx_word' id='word_1_324' title='bbox 950 2569 1273 2643; x_wconf 83' lang='lat' dir='ltr'><strong>reputabitur</strong></span> <span class='ocrx_word' id='word_1_325' title='bbox 1289 2569 1423 2623; x_wconf 86' lang='lat' dir='ltr'><strong>alius</strong></span> <span class='ocrx_word' id='word_1_326' title='bbox 1452 2570 1520 2623; x_wconf 90' lang='lat' dir='ltr'><strong>ad</strong></span> <span class='ocrx_word' id='word_1_327' title='bbox 1545 2585 1662 2622; x_wconf 84' lang='lat' dir='ltr'><strong>cum</strong></span> <span class='ocrx_word' id='word_1_328' title='bbox 1684 2567 1832 2639; x_wconf 87' lang='lat' dir='ltr'><strong>(Bar.</strong></span> <span class='ocrx_word' id='word_1_329' title='bbox 1859 2583 1938 2635; x_wconf 84' lang='lat' dir='ltr'><strong>lli,</strong></span> <span class='ocrx_word' id='word_1_330' title='bbox 1972 2566 2085 2637; x_wconf 80' lang='grc'><strong>56).</strong></span> <span class='ocrx_word' id='word_1_331' title='bbox 2114 2567 2183 2623; x_wconf 83' lang='grc' dir='ltr'><strong>Ει</strong></span> 
     </span>
    </p>
   </div>
   <div class='ocr_carea' id='block_1_43' title="bbox 596 2658 2181 2736">
    <p class='ocr_par' dir='ltr' id='par_1_43' title="bbox 596 2658 2181 2736">
     <span class='ocr_line' id='line_1_43' title="bbox 596 2658 2181 2736; baseline -0.004 -16"><span class='ocrx_word' id='word_1_332' title='bbox 596 2675 719 2736; x_wconf 88' lang='lat' dir='ltr'><strong>post</strong></span> <span class='ocrx_word' id='word_1_333' title='bbox 738 2663 854 2718; x_wconf 68' lang='lat' dir='ltr'><strong>haec</strong></span> <span class='ocrx_word' id='word_1_334' title='bbox 881 2681 893 2717; x_wconf 92' lang='lat'><strong>:</strong></span> <span class='ocrx_word' id='word_1_335' title='bbox 923 2663 1056 2718; x_wconf 88' lang='lat' dir='ltr'><strong>inter</strong></span> <span class='ocrx_word' id='word_1_336' title='bbox 1095 2661 1328 2715; x_wconf 84' lang='lat' dir='ltr'><strong>homines</strong></span> <span class='ocrx_word' id='word_1_337' title='bbox 1365 2660 1501 2715; x_wconf 77' lang='lat' dir='ltr'><strong>visus</strong></span> <span class='ocrx_word' id='word_1_338' title='bbox 1534 2668 1627 2727; x_wconf 87' lang='lat' dir='ltr'><strong>est,</strong></span> <span class='ocrx_word' id='word_1_339' title='bbox 1660 2669 1705 2713; x_wconf 84' lang='lat' dir='ltr'><strong>et</strong></span> <span class='ocrx_word' id='word_1_340' title='bbox 1750 2675 1866 2712; x_wconf 89' lang='lat' dir='ltr'><strong>cum</strong></span> <span class='ocrx_word' id='word_1_341' title='bbox 1896 2658 2181 2713; x_wconf 88' lang='lat' dir='ltr'><strong>hominibus</strong></span> 
     </span>
    </p>
   </div>
   <div class='ocr_carea' id='block_1_44' title="bbox 596 2752 2183 2827">
    <p class='ocr_par' dir='ltr' id='par_1_44' title="bbox 596 2752 2183 2827">
     <span class='ocr_line' id='line_1_44' title="bbox 596 2752 2183 2827; baseline -0.006 -12"><span class='ocrx_word' id='word_1_342' title='bbox 596 2765 922 2815; x_wconf 76' lang='lat' dir='ltr'><strong>conversatus</strong></span> <span class='ocrx_word' id='word_1_343' title='bbox 978 2763 1052 2811; x_wconf 87' lang='lat' dir='ltr'><strong>est</strong></span> <span class='ocrx_word' id='word_1_344' title='bbox 1082 2753 1272 2827; x_wconf 88' lang='lat' dir='ltr'><strong>(Ibid.,</strong></span> <span class='ocrx_word' id='word_1_345' title='bbox 1306 2753 1421 2826; x_wconf 79' lang='grc'><strong>58).</strong></span> <span class='ocrx_word' id='word_1_346' title='bbox 1446 2752 1908 2809; x_wconf 72' lang='lat' dir='ltr'><strong>Secundum&#39;lttec</strong></span> <span class='ocrx_word' id='word_1_347' title='bbox 1947 2766 2074 2822; x_wconf 86' lang='lat' dir='ltr'><strong>ergo</strong></span> <span class='ocrx_word' id='word_1_348' title='bbox 2100 2752 2183 2806; x_wconf 87' lang='lat' dir='ltr'><strong>in-</strong></span> 
     </span>
    </p>
   </div>
   <div class='ocr_carea' id='block_1_45' title="bbox 582 2844 2182 2921">
    <p class='ocr_par' dir='ltr' id='par_1_45' title="bbox 582 2844 2182 2921">
     <span class='ocr_line' id='line_1_45' title="bbox 582 2844 2182 2921; baseline -0.006 -15"><span class='ocrx_word' id='word_1_349' title='bbox 582 2859 684 2906; x_wconf 48' lang='lat' dir='ltr'><strong>‘ter</strong></span> <span class='ocrx_word' id='word_1_350' title='bbox 709 2850 946 2921; x_wconf 89' lang='lat' dir='ltr'><strong>genitum</strong></span> <span class='ocrx_word' id='word_1_351' title='bbox 976 2857 1032 2905; x_wconf 91' lang='lat' dir='ltr'><strong>et</strong></span> <span class='ocrx_word' id='word_1_352' title='bbox 1074 2848 1368 2920; x_wconf 89' lang='lat' dir='ltr'><strong>ingenitum</strong></span> <span class='ocrx_word' id='word_1_353' title='bbox 1424 2861 1523 2901; x_wconf 91' lang='lat' dir='ltr'><strong>nec</strong></span> <span class='ocrx_word' id='word_1_354' title='bbox 1568 2846 1700 2901; x_wconf 89' lang='lat' dir='ltr'><strong>ordo</strong></span> <span class='ocrx_word' id='word_1_355' title='bbox 1745 2853 1848 2912; x_wconf 88' lang='lat' dir='ltr'><strong>est,</strong></span> <span class='ocrx_word' id='word_1_356' title='bbox 1881 2844 2003 2915; x_wconf 89' lang='lat' dir='ltr'><strong>quia</strong></span> <span class='ocrx_word' id='word_1_357' title='bbox 2043 2857 2182 2899; x_wconf 90' lang='lat' dir='ltr'><strong>unus</strong></span> 
     </span>
    </p>
   </div>
   <div class='ocr_carea' id='block_1_46' title="bbox 598 2937 2181 3011">
    <p class='ocr_par' dir='ltr' id='par_1_46' title="bbox 598 2937 2181 3011">
     <span class='ocr_line' id='line_1_46' title="bbox 598 2937 2181 3011; baseline -0.005 -14"><span class='ocrx_word' id='word_1_358' title='bbox 598 2950 715 3007; x_wconf 86' lang='lat' dir='ltr'><strong>est;</strong></span> <span class='ocrx_word' id='word_1_359' title='bbox 745 2956 843 2997; x_wconf 91' lang='lat' dir='ltr'><strong>nec</strong></span> <span class='ocrx_word' id='word_1_360' title='bbox 866 2949 1077 3011; x_wconf 89' lang='lat' dir='ltr'><strong>tempus</strong></span> <span class='ocrx_word' id='word_1_361' title='bbox 1100 2938 1347 3004; x_wconf 88' lang='lat' dir='ltr'><strong>interest,</strong></span> <span class='ocrx_word' id='word_1_362' title='bbox 1381 2937 1501 3007; x_wconf 90' lang='lat' dir='ltr'><strong>quia</strong></span> <span class='ocrx_word' id='word_1_363' title='bbox 1531 2937 1735 3006; x_wconf 89' lang='lat' dir='ltr'><strong>primus</strong></span> <span class='ocrx_word' id='word_1_364' title='bbox 1766 2944 1883 3001; x_wconf 90' lang='lat' dir='ltr'><strong>est;</strong></span> <span class='ocrx_word' id='word_1_365' title='bbox 1909 2950 2008 2990; x_wconf 88' lang='lat' dir='ltr'><strong>nec</strong></span> <span class='ocrx_word' id='word_1_366' title='bbox 2038 2943 2181 3004; x_wconf 89' lang='lat' dir='ltr'><strong>post-</strong></span> 
     </span>
    </p>
   </div>
   <div class='ocr_carea' id='block_1_47' title="bbox 598 3024 2181 3109">
    <p class='ocr_par' dir='ltr' id='par_1_47' title="bbox 598 3024 2181 3109">
     <span class='ocr_line' id='line_1_47' title="bbox 598 3024 2181 3109; baseline -0.005 -16"><span class='ocrx_word' id='word_1_367' title='bbox 598 3037 878 3109; x_wconf 86' lang='lat' dir='ltr'><strong>ponendus</strong></span> <span class='ocrx_word' id='word_1_368' title='bbox 921 3045 1025 3104; x_wconf 90' lang='lat' dir='ltr'><strong>est,</strong></span> <span class='ocrx_word' id='word_1_369' title='bbox 1069 3034 1190 3105; x_wconf 89' lang='lat' dir='ltr'><strong>quia</strong></span> <span class='ocrx_word' id='word_1_370' title='bbox 1214 3024 1369 3088; x_wconf 19' lang='lat' dir='ltr'><strong>‘solus</strong></span> <span class='ocrx_word' id='word_1_371' title='bbox 1407 3041 1522 3099; x_wconf 92' lang='lat' dir='ltr'><strong>est;</strong></span> <span class='ocrx_word' id='word_1_372' title='bbox 1575 3047 1674 3088; x_wconf 90' lang='lat' dir='ltr'><strong>nec</strong></span> <span class='ocrx_word' id='word_1_373' title='bbox 1715 3032 1891 3086; x_wconf 90' lang='lat' dir='ltr'><strong>minor</strong></span> <span class='ocrx_word' id='word_1_374' title='bbox 1919 3030 2181 3086; x_wconf 89' lang='lat' dir='ltr'><strong>dicendus</strong></span> 
     </span>
    </p>
   </div>
   <div class='ocr_carea' id='block_1_48' title="bbox 2279 1836 3873 1910">
    <p class='ocr_par' dir='ltr' id='par_1_48' title="bbox 2279 1836 3873 1910">
     <span class='ocr_line' id='line_1_48' title="bbox 2279 1836 3873 1910; baseline -0.001 -15"><span class='ocrx_word' id='word_1_375' title='bbox 2279 1840 2483 1910; x_wconf 90' lang='lat' dir='ltr'><strong>quium,</strong></span> <span class='ocrx_word' id='word_1_376' title='bbox 2515 1847 2571 1895; x_wconf 90' lang='lat' dir='ltr'><strong>et</strong></span> <span class='ocrx_word' id='word_1_377' title='bbox 2596 1838 2828 1895; x_wconf 89' lang='lat' dir='ltr'><strong>dissonis</strong></span> <span class='ocrx_word' id='word_1_378' title='bbox 2869 1838 3028 1894; x_wconf 90' lang='lat' dir='ltr'><strong>unius</strong></span> <span class='ocrx_word' id='word_1_379' title='bbox 3058 1839 3239 1895; x_wconf 91' lang='lat' dir='ltr'><strong>cordis</strong></span> <span class='ocrx_word' id='word_1_380' title='bbox 3268 1847 3607 1909; x_wconf 82' lang='lat' dir='ltr'><strong>exspectatas</strong></span> <span class='ocrx_word' id='word_1_381' title='bbox 3639 1836 3873 1907; x_wconf 82' lang='lat' dir='ltr'><strong>pectoris</strong></span> 
     </span>
    </p>
   </div>
   <div class='ocr_carea' id='block_1_49' title="bbox 2280 1928 3871 2001">
    <p class='ocr_par' dir='ltr' id='par_1_49' title="bbox 2280 1928 3871 2001">
     <span class='ocr_line' id='line_1_49' title="bbox 2280 1928 3871 2001; baseline -0.003 -14"><span class='ocrx_word' id='word_1_382' title='bbox 2280 1945 2440 1987; x_wconf 78' lang='lat' dir='ltr'><strong>voces</strong></span> <span class='ocrx_word' id='word_1_383' title='bbox 2470 1930 2521 1985; x_wconf 93' lang='lat' dir='ltr'><strong>in</strong></span> <span class='ocrx_word' id='word_1_384' title='bbox 2566 1931 2745 1985; x_wconf 90' lang='lat' dir='ltr'><strong>varios</strong></span> <span class='ocrx_word' id='word_1_385' title='bbox 2791 1929 3068 2001; x_wconf 89' lang='lat' dir='ltr'><strong>dispenset</strong></span> <span class='ocrx_word' id='word_1_386' title='bbox 3105 1930 3338 1995; x_wconf 88' lang='lat' dir='ltr'><strong>auditus,</strong></span> <span class='ocrx_word' id='word_1_387' title='bbox 3379 1928 3452 1984; x_wconf 92' lang='lat' dir='ltr'><strong>ita</strong></span> <span class='ocrx_word' id='word_1_388' title='bbox 3489 1937 3546 1984; x_wconf 94' lang='lat' dir='ltr'><strong>et</strong></span> <span class='ocrx_word' id='word_1_389' title='bbox 3577 1929 3725 1984; x_wconf 88' lang='lat' dir='ltr'><strong>Deus</strong></span> <span class='ocrx_word' id='word_1_390' title='bbox 3762 1943 3871 1984; x_wconf 85' lang='lat' dir='ltr'><strong>cum</strong></span> 
     </span>
    </p>
   </div>
   <div class='ocr_carea' id='block_1_50' title="bbox 2283 2020 3872 2092">
    <p class='ocr_par' dir='ltr' id='par_1_50' title="bbox 2283 2020 3872 2092">
     <span class='ocr_line' id='line_1_50' title="bbox 2283 2020 3872 2092; baseline -0.003 -14"><span class='ocrx_word' id='word_1_391' title='bbox 2283 2021 2501 2078; x_wconf 75' lang='lat' dir='ltr'><strong>homine</strong></span> <span class='ocrx_word' id='word_1_392' title='bbox 2529 2022 2830 2090; x_wconf 88' lang='lat' dir='ltr'><strong>locuturus,</strong></span> <span class='ocrx_word' id='word_1_393' title='bbox 2879 2035 3157 2077; x_wconf 89' lang='lat' dir='ltr'><strong>assumere</strong></span> <span class='ocrx_word' id='word_1_394' title='bbox 3203 2021 3455 2092; x_wconf 78' lang='lat' dir='ltr'><strong>dignatur</strong></span> <span class='ocrx_word' id='word_1_395' title='bbox 3505 2020 3748 2075; x_wconf 87' lang='lat' dir='ltr'><strong>hominis</strong></span> <span class='ocrx_word' id='word_1_396' title='bbox 3777 2021 3872 2076; x_wconf 89' lang='lat' dir='ltr'><strong>lin-</strong></span> 
     </span>
    </p>
   </div>
   <div class='ocr_carea' id='block_1_51' title="bbox 2294 2113 3869 2185">
    <p class='ocr_par' dir='ltr' id='par_1_51' title="bbox 2294 2113 3869 2185">
     <span class='ocr_line' id='line_1_51' title="bbox 2294 2113 3869 2185; baseline 0 -16"><span class='ocrx_word' id='word_1_397' title='bbox 2294 2129 2475 2185; x_wconf 85' lang='lat' dir='ltr'><strong>guam,</strong></span> <span class='ocrx_word' id='word_1_398' title='bbox 2507 2113 2732 2169; x_wconf 85' lang='lat' dir='ltr'><strong>formam</strong></span> <span class='ocrx_word' id='word_1_399' title='bbox 2762 2114 2923 2170; x_wconf 91' lang='lat' dir='ltr'><strong>etiam</strong></span> <span class='ocrx_word' id='word_1_400' title='bbox 2952 2123 3303 2184; x_wconf 87' lang='lat' dir='ltr'><strong>suscepturus</strong></span> <span class='ocrx_word' id='word_1_401' title='bbox 3348 2114 3636 2169; x_wconf 85' lang='lat' dir='ltr'><strong>humanam</strong></span> <span class='ocrx_word' id='word_1_402' title='bbox 3669 2129 3775 2185; x_wconf 86' lang='lat' dir='ltr'><strong>per</strong></span> <span class='ocrx_word' id='word_1_403' title='bbox 3799 2114 3869 2169; x_wconf 88' lang='lat' dir='ltr'><strong>in-</strong></span> 
     </span>
    </p>
   </div>
   <div class='ocr_carea' id='block_1_52' title="bbox 2289 2206 3867 2262">
    <p class='ocr_par' dir='ltr' id='par_1_52' title="bbox 2289 2206 3867 2262">
     <span class='ocr_line' id='line_1_52' title="bbox 2289 2206 3867 2262; baseline -0.001 0"><span class='ocrx_word' id='word_1_404' title='bbox 2289 2206 2561 2262; x_wconf 90' lang='lat' dir='ltr'><strong>tellectum</strong></span> <span class='ocrx_word' id='word_1_405' title='bbox 2618 2213 2861 2260; x_wconf 89' lang='lat' dir='ltr'><strong>nostrum</strong></span> <span class='ocrx_word' id='word_1_406' title='bbox 2915 2219 3079 2262; x_wconf 91' lang='lat' dir='ltr'><strong>sonos</strong></span> <span class='ocrx_word' id='word_1_407' title='bbox 3120 2206 3518 2261; x_wconf 84' lang='lat' dir='ltr'><strong>ordinationum</strong></span> <span class='ocrx_word' id='word_1_408' title='bbox 3564 2216 3867 2261; x_wconf 84' lang='lat' dir='ltr'><strong>nostrarum</strong></span> 
     </span>
    </p>
   </div>
   <div class='ocr_carea' id='block_1_53' title="bbox 2287 2295 3868 2367">
    <p class='ocr_par' dir='ltr' id='par_1_53' title="bbox 2287 2295 3868 2367">
     <span class='ocr_line' id='line_1_53' title="bbox 2287 2295 3868 2367; baseline 0.001 -16"><span class='ocrx_word' id='word_1_409' title='bbox 2287 2305 2511 2353; x_wconf 89' lang='lat' dir='ltr'><strong>testatur</strong></span> <span class='ocrx_word' id='word_1_410' title='bbox 2536 2295 2777 2353; x_wconf 72' lang='lat' dir='ltr'><strong>affectus.</strong></span> <span class='ocrx_word' id='word_1_411' title='bbox 2805 2296 2934 2352; x_wconf 87' lang='lat' dir='ltr'><strong>Nam</strong></span> <span class='ocrx_word' id='word_1_412' title='bbox 2955 2297 3081 2352; x_wconf 92' lang='lat' dir='ltr'><strong>dum</strong></span> <span class='ocrx_word' id='word_1_413' title='bbox 3114 2297 3348 2367; x_wconf 89' lang='lat' dir='ltr'><strong>quinque</strong></span> <span class='ocrx_word' id='word_1_414' title='bbox 3372 2296 3736 2352; x_wconf 85' lang='lat' dir='ltr'><strong>humanorum</strong></span> <span class='ocrx_word' id='word_1_415' title='bbox 3759 2312 3868 2353; x_wconf 88' lang='lat' dir='ltr'><strong>sen-</strong></span> 
     </span>
    </p>
   </div>
   <div class='ocr_carea' id='block_1_54' title="bbox 2285 2388 3868 2459">
    <p class='ocr_par' dir='ltr' id='par_1_54' title="bbox 2285 2388 3868 2459">
     <span class='ocr_line' id='line_1_54' title="bbox 2285 2388 3868 2459; baseline 0 -15"><span class='ocrx_word' id='word_1_416' title='bbox 2285 2405 2437 2444; x_wconf 74' lang='lat' dir='ltr'><strong>suum</strong></span> <span class='ocrx_word' id='word_1_417' title='bbox 2456 2388 2633 2445; x_wconf 79' lang='lat' dir='ltr'><strong>ofﬁcia</strong></span> <span class='ocrx_word' id='word_1_418' title='bbox 2662 2390 3000 2458; x_wconf 84' lang='lat' dir='ltr'><strong>describens,</strong></span> <span class='ocrx_word' id='word_1_419' title='bbox 3031 2390 3101 2444; x_wconf 91' lang='lat' dir='ltr'><strong>ita</strong></span> <span class='ocrx_word' id='word_1_420' title='bbox 3123 2389 3286 2445; x_wconf 88' lang='lat' dir='ltr'><strong>dicit:</strong></span> <span class='ocrx_word' id='word_1_421' title='bbox 3319 2390 3467 2443; x_wconf 82' lang='lat' dir='ltr'><strong>Oculi</strong></span> <span class='ocrx_word' id='word_1_422' title='bbox 3495 2389 3707 2445; x_wconf 82' lang='lat' dir='ltr'><strong>Domini</strong></span> <span class='ocrx_word' id='word_1_423' title='bbox 3727 2406 3868 2459; x_wconf 77' lang='lat' dir='ltr'><strong>super</strong></span> 
     </span>
    </p>
   </div>
   <div class='ocr_carea' id='block_1_55' title="bbox 2276 2480 3862 2554">
    <p class='ocr_par' dir='ltr' id='par_1_55' title="bbox 2276 2480 3862 2554">
     <span class='ocr_line' id='line_1_55' title="bbox 2276 2480 3862 2554; baseline -0.002 -18"><span class='ocrx_word' id='word_1_424' title='bbox 2276 2483 2468 2554; x_wconf 84' lang='lat' dir='ltr'><strong>justas,</strong></span> <span class='ocrx_word' id='word_1_425' title='bbox 2490 2492 2540 2537; x_wconf 89' lang='lat' dir='ltr'><strong>et</strong></span> <span class='ocrx_word' id='word_1_426' title='bbox 2560 2499 2708 2538; x_wconf 85' lang='lat' dir='ltr'><strong>aures</strong></span> <span class='ocrx_word' id='word_1_427' title='bbox 2732 2484 2841 2553; x_wconf 87' lang='lat' dir='ltr'><strong>ejus</strong></span> <span class='ocrx_word' id='word_1_428' title='bbox 2859 2483 2927 2536; x_wconf 87' lang='lat' dir='ltr'><strong>ad</strong></span> <span class='ocrx_word' id='word_1_429' title='bbox 2947 2498 3120 2553; x_wconf 88' lang='lat' dir='ltr'><strong>preces</strong></span> <span class='ocrx_word' id='word_1_430' title='bbox 3141 2498 3315 2536; x_wconf 87' lang='lat' dir='ltr'><strong>eorum</strong></span> <span class='ocrx_word' id='word_1_431' title='bbox 3340 2480 3516 2546; x_wconf 86' lang='lat' dir='ltr'><strong>(Psal.</strong></span> <span class='ocrx_word' id='word_1_432' title='bbox 3544 2497 3740 2550; x_wconf 78' lang='lat' dir='ltr'><strong>xxstn,</strong></span> <span class='ocrx_word' id='word_1_433' title='bbox 3763 2481 3862 2551; x_wconf 76' lang='grc'><strong>16).</strong></span> 
     </span>
    </p>
   </div>
   <div class='ocr_carea' id='block_1_56' title="bbox 2286 2572 3862 2646">
    <p class='ocr_par' dir='ltr' id='par_1_56' title="bbox 2286 2572 3862 2646">
     <span class='ocr_line' id='line_1_56' title="bbox 2286 2572 3862 2646; baseline -0.001 -16"><span class='ocrx_word' id='word_1_434' title='bbox 2286 2576 2353 2630; x_wconf 87' lang='lat' dir='ltr'><strong>Et</strong></span> <span class='ocrx_word' id='word_1_435' title='bbox 2372 2576 2590 2631; x_wconf 88' lang='lat' dir='ltr'><strong>iterum:</strong></span> <span class='ocrx_word' id='word_1_436' title='bbox 2612 2575 2683 2631; x_wconf 90' lang='lat' dir='ltr'><strong>0s</strong></span> <span class='ocrx_word' id='word_1_437' title='bbox 2697 2575 2905 2630; x_wconf 83' lang='lat' dir='ltr'><strong>Domini</strong></span> <span class='ocrx_word' id='word_1_438' title='bbox 2926 2576 3145 2630; x_wconf 86' lang='lat' dir='ltr'><strong>locutum</strong></span> <span class='ocrx_word' id='word_1_439' title='bbox 3174 2574 3415 2646; x_wconf 87' lang='lat' dir='ltr'><strong>est(lsai.</strong></span> <span class='ocrx_word' id='word_1_440' title='bbox 3434 2575 3604 2643; x_wconf 69' lang='lat'><strong>1,20).</strong></span> <span class='ocrx_word' id='word_1_441' title='bbox 3626 2576 3782 2631; x_wconf 86' lang='lat' dir='ltr'><strong>item:</strong></span> <span class='ocrx_word' id='word_1_442' title='bbox 3804 2572 3862 2628; x_wconf 82' lang='lat' dir='ltr'><strong>Et</strong></span> 
     </span>
    </p>
   </div>
   <div class='ocr_carea' id='block_1_57' title="bbox 2274 2665 3859 2747">
    <p class='ocr_par' dir='ltr' id='par_1_57' title="bbox 2274 2665 3859 2747">
     <span class='ocr_line' id='line_1_57' title="bbox 2274 2665 3859 2747; baseline -0.002 -25"><span class='ocrx_word' id='word_1_443' title='bbox 2274 2668 2531 2747; x_wconf 62' lang='lat' dir='ltr'><strong>adoratus</strong></span> <span class='ocrx_word' id='word_1_444' title='bbox 2548 2677 2621 2723; x_wconf 86' lang='lat' dir='ltr'><strong>est</strong></span> <span class='ocrx_word' id='word_1_445' title='bbox 2637 2669 2845 2723; x_wconf 88' lang='lat' dir='ltr'><strong>odorem</strong></span> <span class='ocrx_word' id='word_1_446' title='bbox 2857 2668 3122 2737; x_wconf 80' lang='lat' dir='ltr'><strong>suavitatis</strong></span> <span class='ocrx_word' id='word_1_447' title='bbox 3139 2666 3297 2737; x_wconf 76' lang='lat' dir='ltr'><strong>(Gen.</strong></span> <span class='ocrx_word' id='word_1_448' title='bbox 3318 2682 3405 2721; x_wconf 76' lang='lat' dir='ltr'><strong>Vlll</strong></span> <span class='ocrx_word' id='word_1_449' title='bbox 3417 2708 3431 2732; x_wconf 95' lang='lat'><strong>,</strong></span> <span class='ocrx_word' id='word_1_450' title='bbox 3443 2666 3561 2738; x_wconf 70' lang='lat'><strong>21).</strong></span> <span class='ocrx_word' id='word_1_451' title='bbox 3580 2666 3672 2722; x_wconf 83' lang='lat' dir='ltr'><strong>Et:</strong></span> <span class='ocrx_word' id='word_1_452' title='bbox 3691 2665 3859 2720; x_wconf 66' lang='lat' dir='ltr'><strong>laus</strong></span> 
     </span>
    </p>
   </div>
   <div class='ocr_carea' id='block_1_58' title="bbox 2286 2760 3858 2835">
    <p class='ocr_par' dir='ltr' id='par_1_58' title="bbox 2286 2760 3858 2835">
     <span class='ocr_line' id='line_1_58' title="bbox 2286 2760 3858 2835; baseline 0 -22"><span class='ocrx_word' id='word_1_453' title='bbox 2286 2776 2398 2813; x_wconf 85' lang='lat' dir='ltr'><strong>mea</strong></span> <span class='ocrx_word' id='word_1_454' title='bbox 2420 2761 2536 2828; x_wconf 82' lang='lat' dir='ltr'><strong>fecit</strong></span> <span class='ocrx_word' id='word_1_455' title='bbox 2557 2761 2663 2815; x_wconf 66' lang='lat' dir='ltr'><strong>hinc</strong></span> <span class='ocrx_word' id='word_1_456' title='bbox 2687 2760 2877 2815; x_wconf 84' lang='lat' dir='ltr'><strong>omnia.</strong></span> <span class='ocrx_word' id='word_1_457' title='bbox 2903 2760 3094 2835; x_wconf 81' lang='lat' dir='ltr'><strong>Caelum</strong></span> <span class='ocrx_word' id='word_1_458' title='bbox 3119 2760 3244 2813; x_wconf 88' lang='lat' dir='ltr'><strong>mihi</strong></span> <span class='ocrx_word' id='word_1_459' title='bbox 3272 2761 3489 2815; x_wconf 85' lang='lat' dir='ltr'><strong>thronus</strong></span> <span class='ocrx_word' id='word_1_460' title='bbox 3508 2771 3602 2825; x_wconf 88' lang='lat' dir='ltr'><strong>est,</strong></span> <span class='ocrx_word' id='word_1_461' title='bbox 3626 2770 3749 2813; x_wconf 71' lang='lat' dir='ltr'><strong>terra</strong></span> <span class='ocrx_word' id='word_1_462' title='bbox 3775 2776 3858 2813; x_wconf 81' lang='lat' dir='ltr'><strong>au-</strong></span> 
     </span>
    </p>
   </div>
   <div class='ocr_carea' id='block_1_59' title="bbox 2288 2852 3863 2925">
    <p class='ocr_par' dir='ltr' id='par_1_59' title="bbox 2288 2852 3863 2925">
     <span class='ocr_line' id='line_1_59' title="bbox 2288 2852 3863 2925; baseline 0.001 -19"><span class='ocrx_word' id='word_1_463' title='bbox 2288 2860 2394 2907; x_wconf 90' lang='lat' dir='ltr'><strong>tem</strong></span> <span class='ocrx_word' id='word_1_464' title='bbox 2412 2852 2688 2908; x_wconf 87' lang='lat' dir='ltr'><strong>scabellum</strong></span> <span class='ocrx_word' id='word_1_465' title='bbox 2709 2854 2892 2924; x_wconf 77' lang='lat' dir='ltr'><strong>pedum</strong></span> <span class='ocrx_word' id='word_1_466' title='bbox 2916 2869 3145 2908; x_wconf 88' lang='lat' dir='ltr'><strong>meorum</strong></span> <span class='ocrx_word' id='word_1_467' title='bbox 3167 2852 3318 2925; x_wconf 83' lang='lat' dir='ltr'><strong>(Isai.</strong></span> <span class='ocrx_word' id='word_1_468' title='bbox 3346 2869 3492 2922; x_wconf 75' lang='lat' dir='ltr'><strong>uvr,</strong></span> <span class='ocrx_word' id='word_1_469' title='bbox 3513 2854 3589 2919; x_wconf 83' lang='lat' dir='ltr'><strong>l).</strong></span> <span class='ocrx_word' id='word_1_470' title='bbox 3617 2852 3863 2909; x_wconf 81' lang='lat' dir='ltr'><strong>Cordibus</strong></span> 
     </span>
    </p>
   </div>
   <div class='ocr_carea' id='block_1_60' title="bbox 2288 2944 3863 3013">
    <p class='ocr_par' dir='ltr' id='par_1_60' title="bbox 2288 2944 3863 3013">
     <span class='ocr_line' id='line_1_60' title="bbox 2288 2944 3863 3013; baseline -0.001 -14"><span class='ocrx_word' id='word_1_471' title='bbox 2288 2945 2487 3000; x_wconf 89' lang='lat' dir='ltr'><strong>nostris</strong></span> <span class='ocrx_word' id='word_1_472' title='bbox 2516 2944 2831 3000; x_wconf 81' lang='lat' dir='ltr'><strong>efﬁcientias</strong></span> <span class='ocrx_word' id='word_1_473' title='bbox 2878 2944 3113 2999; x_wconf 88' lang='lat' dir='ltr'><strong>insinuat</strong></span> <span class='ocrx_word' id='word_1_474' title='bbox 3141 2960 3318 3001; x_wconf 89' lang='lat' dir='ltr'><strong>rerum</strong></span> <span class='ocrx_word' id='word_1_475' title='bbox 3356 2944 3457 2999; x_wconf 88' lang='lat' dir='ltr'><strong>sub</strong></span> <span class='ocrx_word' id='word_1_476' title='bbox 3486 2944 3863 3013; x_wconf 81' lang='lat' dir='ltr'><strong>signiﬁcatione</strong></span> 
     </span>
    </p>
   </div>
   <div class='ocr_carea' id='block_1_61' title="bbox 2287 3036 3861 3107">
    <p class='ocr_par' dir='ltr' id='par_1_61' title="bbox 2287 3036 3861 3107">
     <span class='ocr_line' id='line_1_61' title="bbox 2287 3036 3861 3107; baseline -0.003 -14"><span class='ocrx_word' id='word_1_477' title='bbox 2287 3038 2671 3093; x_wconf 81' lang='lat' dir='ltr'><strong>membrorum.</strong></span> <span class='ocrx_word' id='word_1_478' title='bbox 2710 3037 2859 3093; x_wconf 89' lang='lat' dir='ltr'><strong>Unde</strong></span> <span class='ocrx_word' id='word_1_479' title='bbox 2888 3051 2985 3107; x_wconf 90' lang='lat' dir='ltr'><strong>pro</strong></span> <span class='ocrx_word' id='word_1_480' title='bbox 3022 3036 3297 3092; x_wconf 85' lang='lat' dir='ltr'><strong>efﬁciabili</strong></span> <span class='ocrx_word' id='word_1_481' title='bbox 3342 3036 3459 3105; x_wconf 86' lang='lat' dir='ltr'><strong>ejus</strong></span> <span class='ocrx_word' id='word_1_482' title='bbox 3487 3036 3633 3091; x_wconf 87' lang='lat' dir='ltr'><strong>circa</strong></span> <span class='ocrx_word' id='word_1_483' title='bbox 3681 3038 3861 3090; x_wconf 85' lang='lat' dir='ltr'><strong>huma-</strong></span> 
     </span>
    </p>
   </div>
   <div class='ocr_carea' id='block_1_62' title="bbox 601 3118 2183 3202">
    <p class='ocr_par' dir='ltr' id='par_1_62' title="bbox 601 3121 2179 3200">
     <span class='ocr_line' id='line_1_62' title="bbox 601 3121 2179 3200; baseline -0.005 -15"><span class='ocrx_word' id='word_1_484' title='bbox 601 3139 707 3197; x_wconf 87' lang='lat' dir='ltr'><strong>cst,</strong></span> <span class='ocrx_word' id='word_1_485' title='bbox 738 3130 859 3200; x_wconf 89' lang='lat' dir='ltr'><strong>quia</strong></span> <span class='ocrx_word' id='word_1_486' title='bbox 891 3128 1083 3199; x_wconf 90' lang='lat' dir='ltr'><strong>plenus</strong></span> <span class='ocrx_word' id='word_1_487' title='bbox 1112 3136 1215 3183; x_wconf 90' lang='lat' dir='ltr'><strong>est.</strong></span> <span class='ocrx_word' id='word_1_488' title='bbox 1247 3125 1387 3195; x_wconf 91' lang='lat' dir='ltr'><strong>Ergo</strong></span> <span class='ocrx_word' id='word_1_489' title='bbox 1421 3124 1615 3180; x_wconf 84' lang='lat' dir='ltr'><strong>dicitur</strong></span> <span class='ocrx_word' id='word_1_490' title='bbox 1643 3123 1935 3193; x_wconf 83' lang='lat' dir='ltr'><strong>perfectus,</strong></span> <span class='ocrx_word' id='word_1_491' title='bbox 1973 3121 2179 3191; x_wconf 85' lang='lat' dir='ltr'><strong>simpli-</strong></span> 
     </span>
    </p>
   </div>
   <div class='ocr_carea' id='block_1_63' title="bbox 2286 3118 3864 3202">
    <p class='ocr_par' dir='ltr' id='par_1_63' title="bbox 2289 3129 3864 3202">
     <span class='ocr_line' id='line_1_63' title="bbox 2289 3129 3864 3202; baseline -0.003 -17"><span class='ocrx_word' id='word_1_492' title='bbox 2289 3146 2415 3185; x_wconf 91' lang='lat' dir='ltr'><strong>num</strong></span> <span class='ocrx_word' id='word_1_493' title='bbox 2442 3145 2611 3202; x_wconf 90' lang='lat' dir='ltr'><strong>genus</strong></span> <span class='ocrx_word' id='word_1_494' title='bbox 2639 3130 2967 3200; x_wconf 85' lang='lat' dir='ltr'><strong>dignatione,</strong></span> <span class='ocrx_word' id='word_1_495' title='bbox 3001 3143 3208 3195; x_wconf 81' lang='lat' dir='ltr'><strong>servos,</strong></span> <span class='ocrx_word' id='word_1_496' title='bbox 3256 3129 3461 3184; x_wconf 88' lang='lat' dir='ltr'><strong>amicos</strong></span> <span class='ocrx_word' id='word_1_497' title='bbox 3508 3143 3571 3183; x_wconf 88' lang='lat' dir='ltr'><strong>ac</strong></span> <span class='ocrx_word' id='word_1_498' title='bbox 3600 3129 3734 3184; x_wconf 86' lang='lat' dir='ltr'><strong>ﬁlios</strong></span> <span class='ocrx_word' id='word_1_499' title='bbox 3776 3144 3864 3182; x_wconf 87' lang='lat' dir='ltr'><strong>no-</strong></span> 
     </span>
    </p>
   </div>
   <div class='ocr_carea' id='block_1_64' title="bbox 600 3214 2179 3293">
    <p class='ocr_par' dir='ltr' id='par_1_64' title="bbox 600 3214 2179 3293">
     <span class='ocr_line' id='line_1_64' title="bbox 600 3214 2179 3293; baseline -0.004 -16"><span class='ocrx_word' id='word_1_500' title='bbox 600 3224 783 3293; x_wconf 88' lang='lat' dir='ltr'><strong>cisque</strong></span> <span class='ocrx_word' id='word_1_501' title='bbox 803 3230 1027 3286; x_wconf 80' lang='lat' dir='ltr'><strong>naturae,</strong></span> <span class='ocrx_word' id='word_1_502' title='bbox 1059 3217 1447 3275; x_wconf 80' lang='lat' dir='ltr'><strong>ituestimabilis</strong></span> <span class='ocrx_word' id='word_1_503' title='bbox 1466 3228 1520 3272; x_wconf 92' lang='lat' dir='ltr'><strong>et</strong></span> <span class='ocrx_word' id='word_1_504' title='bbox 1545 3216 1911 3286; x_wconf 89' lang='lat' dir='ltr'><strong>impassibilis,</strong></span> <span class='ocrx_word' id='word_1_505' title='bbox 1936 3214 2035 3270; x_wconf 90' lang='lat' dir='ltr'><strong>etsi</strong></span> <span class='ocrx_word' id='word_1_506' title='bbox 2059 3229 2179 3270; x_wconf 90' lang='lat' dir='ltr'><strong>eum</strong></span> 
     </span>
    </p>
   </div>
   <div class='ocr_carea' id='block_1_65' title="bbox 600 3308 2181 3385">
    <p class='ocr_par' dir='ltr' id='par_1_65' title="bbox 600 3308 2181 3385">
     <span class='ocr_line' id='line_1_65' title="bbox 600 3308 2181 3385; baseline -0.004 -16"><span class='ocrx_word' id='word_1_507' title='bbox 600 3314 891 3371; x_wconf 90' lang='lat' dir='ltr'><strong>secundum</strong></span> <span class='ocrx_word' id='word_1_508' title='bbox 940 3328 1156 3369; x_wconf 89' lang='lat' dir='ltr'><strong>carnem</strong></span> <span class='ocrx_word' id='word_1_509' title='bbox 1201 3326 1417 3385; x_wconf 89' lang='lat' dir='ltr'><strong>passum</strong></span> <span class='ocrx_word' id='word_1_510' title='bbox 1454 3324 1576 3367; x_wconf 90' lang='lat' dir='ltr'><strong>esse</strong></span> <span class='ocrx_word' id='word_1_511' title='bbox 1606 3323 1703 3379; x_wconf 90' lang='lat' dir='ltr'><strong>pro</strong></span> <span class='ocrx_word' id='word_1_512' title='bbox 1731 3308 1888 3364; x_wconf 89' lang='lat' dir='ltr'><strong>nobis</strong></span> <span class='ocrx_word' id='word_1_513' title='bbox 1918 3309 2181 3365; x_wconf 86' lang='lat' dir='ltr'><strong>veraciter</strong></span> 
     </span>
    </p>
   </div>
   <div class='ocr_carea' id='block_1_66' title="bbox 602 3405 1331 3463">
    <p class='ocr_par' dir='ltr' id='par_1_66' title="bbox 602 3405 1331 3463">
     <span class='ocr_line' id='line_1_66' title="bbox 602 3405 1331 3463; baseline -0.004 0"><span class='ocrx_word' id='word_1_514' title='bbox 602 3415 655 3463; x_wconf 85' lang='lat' dir='ltr'><strong>et</strong></span> <span class='ocrx_word' id='word_1_515' title='bbox 678 3405 965 3461; x_wconf 89' lang='lat' dir='ltr'><strong>salubriter</strong></span> <span class='ocrx_word' id='word_1_516' title='bbox 994 3406 1331 3463; x_wconf 89' lang='lat' dir='ltr'><strong>conﬁtemur.</strong></span> 
     </span>
    </p>
   </div>
   <div class='ocr_carea' id='block_1_67' title="bbox 673 3497 2183 3570">
    <p class='ocr_par' dir='ltr' id='par_1_67' title="bbox 673 3497 2183 3570">
     <span class='ocr_line' id='line_1_67' title="bbox 673 3497 2183 3570; baseline 0 -15"><span class='ocrx_word' id='word_1_517' title='bbox 673 3498 801 3555; x_wconf 83' lang='lat' dir='ltr'><strong>Post</strong></span> <span class='ocrx_word' id='word_1_518' title='bbox 840 3497 957 3554; x_wconf 73' lang='lat' dir='ltr'><strong>haec</strong></span> <span class='ocrx_word' id='word_1_519' title='bbox 1001 3500 1245 3570; x_wconf 90' lang='lat' dir='ltr'><strong>sequenti</strong></span> <span class='ocrx_word' id='word_1_520' title='bbox 1297 3500 1416 3554; x_wconf 90' lang='lat' dir='ltr'><strong>loco</strong></span> <span class='ocrx_word' id='word_1_521' title='bbox 1466 3497 1664 3568; x_wconf 61' lang='lat' dir='ltr'><strong>quieris</strong></span> <span class='ocrx_word' id='word_1_522' title='bbox 1709 3512 1740 3553; x_wconf 91' lang='lat' dir='ltr'><strong>a</strong></span> <span class='ocrx_word' id='word_1_523' title='bbox 1792 3513 1879 3553; x_wconf 94' lang='lat' dir='ltr'><strong>me</strong></span> <span class='ocrx_word' id='word_1_524' title='bbox 1912 3499 2183 3569; x_wconf 89' lang='lat' dir='ltr'><strong>quomodo</strong></span> 
     </span>
    </p>
   </div>
   <div class='ocr_carea' id='block_1_68' title="bbox 601 3589 2181 3663">
    <p class='ocr_par' dir='ltr' id='par_1_68' title="bbox 601 3589 2181 3663">
     <span class='ocr_line' id='line_1_68' title="bbox 601 3589 2181 3663; baseline 0.001 -16"><span class='ocrx_word' id='word_1_525' title='bbox 601 3591 752 3661; x_wconf 80' lang='lat' dir='ltr'><strong>juxta</strong></span> <span class='ocrx_word' id='word_1_526' title='bbox 792 3590 1143 3646; x_wconf 87' lang='lat' dir='ltr'><strong>substantiam</strong></span> <span class='ocrx_word' id='word_1_527' title='bbox 1173 3590 1269 3647; x_wconf 90' lang='lat' dir='ltr'><strong>Dei</strong></span> <span class='ocrx_word' id='word_1_528' title='bbox 1310 3590 1364 3645; x_wconf 91' lang='lat' dir='ltr'><strong>in</strong></span> <span class='ocrx_word' id='word_1_529' title='bbox 1408 3589 1634 3661; x_wconf 90' lang='lat' dir='ltr'><strong>epistola</strong></span> <span class='ocrx_word' id='word_1_530' title='bbox 1662 3589 1892 3661; x_wconf 88' lang='lat' dir='ltr'><strong>quadam</strong></span> <span class='ocrx_word' id='word_1_531' title='bbox 1922 3592 2181 3663; x_wconf 90' lang='lat' dir='ltr'><strong>scriptum</strong></span> 
     </span>
    </p>
   </div>
   <div class='ocr_carea' id='block_1_69' title="bbox 603 3682 2185 3757">
    <p class='ocr_par' dir='ltr' id='par_1_69' title="bbox 603 3682 2185 3757">
     <span class='ocr_line' id='line_1_69' title="bbox 603 3682 2185 3757; baseline 0.001 -17"><span class='ocrx_word' id='word_1_532' title='bbox 603 3685 714 3740; x_wconf 89' lang='lat' dir='ltr'><strong>sit:</strong></span> <span class='ocrx_word' id='word_1_533' title='bbox 744 3682 886 3739; x_wconf 84' lang='lat' dir='ltr'><strong>Nihil</strong></span> <span class='ocrx_word' id='word_1_534' title='bbox 927 3684 1097 3740; x_wconf 89' lang='lat' dir='ltr'><strong>sensit</strong></span> <span class='ocrx_word' id='word_1_535' title='bbox 1130 3683 1364 3753; x_wconf 90' lang='lat' dir='ltr'><strong>patiente</strong></span> <span class='ocrx_word' id='word_1_536' title='bbox 1393 3696 1578 3750; x_wconf 91' lang='lat' dir='ltr'><strong>sensu,</strong></span> <span class='ocrx_word' id='word_1_537' title='bbox 1612 3682 1706 3739; x_wconf 89' lang='lat' dir='ltr'><strong>sed</strong></span> <span class='ocrx_word' id='word_1_538' title='bbox 1752 3684 1922 3740; x_wconf 91' lang='lat' dir='ltr'><strong>sensit</strong></span> <span class='ocrx_word' id='word_1_539' title='bbox 1966 3699 2185 3757; x_wconf 87' lang='lat' dir='ltr'><strong>compa-</strong></span> 
     </span>
    </p>
   </div>
   <div class='ocr_carea' id='block_1_70' title="bbox 602 3777 1074 3834">
    <p class='ocr_par' dir='ltr' id='par_1_70' title="bbox 602 3777 1074 3834">
     <span class='ocr_line' id='line_1_70' title="bbox 602 3777 1074 3834; baseline -0.002 -2"><span class='ocrx_word' id='word_1_540' title='bbox 602 3778 768 3834; x_wconf 89' lang='lat' dir='ltr'><strong>tiente</strong></span> <span class='ocrx_word' id='word_1_541' title='bbox 803 3777 997 3833; x_wconf 86' lang='lat' dir='ltr'><strong>aﬁ&#39;ectu</strong></span> <span class='ocrx_word' id='word_1_542' title='bbox 1027 3786 1074 3831; x_wconf 77' lang='grc' dir='ltr'><strong>ο.</strong></span> 
     </span>
    </p>
   </div>
   <div class='ocr_carea' id='block_1_71' title="bbox 675 3869 2186 3942">
    <p class='ocr_par' dir='ltr' id='par_1_71' title="bbox 675 3869 2186 3942">
     <span class='ocr_line' id='line_1_71' title="bbox 675 3869 2186 3942; baseline 0.001 -17"><span class='ocrx_word' id='word_1_543' title='bbox 675 3871 855 3925; x_wconf 87' lang='lat' dir='ltr'><strong>Primo</strong></span> <span class='ocrx_word' id='word_1_544' title='bbox 904 3869 1028 3935; x_wconf 89' lang='lat' dir='ltr'><strong>hoc,</strong></span> <span class='ocrx_word' id='word_1_545' title='bbox 1078 3869 1217 3942; x_wconf 90' lang='lat' dir='ltr'><strong>quod</strong></span> <span class='ocrx_word' id='word_1_546' title='bbox 1268 3883 1368 3925; x_wconf 91' lang='lat' dir='ltr'><strong>nec</strong></span> <span class='ocrx_word' id='word_1_547' title='bbox 1418 3869 1771 3941; x_wconf 90' lang='lat' dir='ltr'><strong>philosophos</strong></span> <span class='ocrx_word' id='word_1_548' title='bbox 1820 3871 1997 3939; x_wconf 88' lang='lat' dir='ltr'><strong>latuit,</strong></span> <span class='ocrx_word' id='word_1_549' title='bbox 2044 3871 2186 3928; x_wconf 81' lang='lat' dir='ltr'><strong>scire</strong></span> 
     </span>
    </p>
   </div>
   <div class='ocr_carea' id='block_1_72' title="bbox 601 3959 2186 4033">
    <p class='ocr_par' dir='ltr' id='par_1_72' title="bbox 601 3959 2186 4033">
     <span class='ocr_line' id='line_1_72' title="bbox 601 3959 2186 4033; baseline 0.001 -17"><span class='ocrx_word' id='word_1_550' title='bbox 601 3961 1084 4033; x_wconf 89' lang='lat' dir='ltr'><strong>promptissimum.</strong></span> <span class='ocrx_word' id='word_1_551' title='bbox 1134 3960 1191 4016; x_wconf 92' lang='lat' dir='ltr'><strong>ln</strong></span> <span class='ocrx_word' id='word_1_552' title='bbox 1239 3959 1460 4016; x_wconf 84' lang='lat' dir='ltr'><strong>homine</strong></span> <span class='ocrx_word' id='word_1_553' title='bbox 1488 3960 1717 4016; x_wconf 70' lang='lat' dir='ltr'><strong>diversm</strong></span> <span class='ocrx_word' id='word_1_554' title='bbox 1762 3960 2091 4028; x_wconf 85' lang='lat' dir='ltr'><strong>aﬁ‘ectiones,</strong></span> <span class='ocrx_word' id='word_1_555' title='bbox 2134 3962 2186 4017; x_wconf 91' lang='lat' dir='ltr'><strong>id</strong></span> 
     </span>
    </p>
   </div>
   <div class='ocr_carea' id='block_1_73' title="bbox 604 4050 2183 4121">
    <p class='ocr_par' dir='ltr' id='par_1_73' title="bbox 604 4050 2183 4121">
     <span class='ocr_line' id='line_1_73' title="bbox 604 4050 2183 4121; baseline 0.001 -15"><span class='ocrx_word' id='word_1_556' title='bbox 604 4061 706 4113; x_wconf 90' lang='lat' dir='ltr'><strong>est,</strong></span> <span class='ocrx_word' id='word_1_557' title='bbox 754 4051 981 4119; x_wconf 87' lang='lat' dir='ltr'><strong>justitia,</strong></span> <span class='ocrx_word' id='word_1_558' title='bbox 1032 4050 1423 4118; x_wconf 89' lang='lat' dir='ltr'><strong>misericordia,</strong></span> <span class='ocrx_word' id='word_1_559' title='bbox 1472 4052 1748 4117; x_wconf 88' lang='lat' dir='ltr'><strong>sanctitas,</strong></span> <span class='ocrx_word' id='word_1_560' title='bbox 1787 4052 2183 4121; x_wconf 87' lang='lat' dir='ltr'><strong>benevolentia,</strong></span> 
     </span>
    </p>
   </div>
   <div class='ocr_carea' id='block_1_74' title="bbox 500 4142 2187 4211">
    <p class='ocr_par' dir='ltr' id='par_1_74' title="bbox 500 4142 2187 4211">
     <span class='ocr_line' id='line_1_74' title="bbox 500 4142 2187 4211; baseline 0.005 -17"><span class='ocrx_word' id='word_1_561' title='bbox 500 4144 501 4149; x_wconf 75' lang='lat'>‘</span> <span class='ocrx_word' id='word_1_562' title='bbox 603 4144 798 4211; x_wconf 86' lang='lat' dir='ltr'><strong>pietas,</strong></span> <span class='ocrx_word' id='word_1_563' title='bbox 827 4157 914 4197; x_wconf 91' lang='lat' dir='ltr'><strong>res</strong></span> <span class='ocrx_word' id='word_1_564' title='bbox 949 4142 1269 4197; x_wconf 88' lang='lat' dir='ltr'><strong>accedentes</strong></span> <span class='ocrx_word' id='word_1_565' title='bbox 1312 4150 1454 4208; x_wconf 90' lang='lat' dir='ltr'><strong>sunt,</strong></span> <span class='ocrx_word' id='word_1_566' title='bbox 1484 4153 1538 4199; x_wconf 92' lang='lat' dir='ltr'><strong>et</strong></span> <span class='ocrx_word' id='word_1_567' title='bbox 1578 4144 1700 4199; x_wconf 92' lang='lat' dir='ltr'><strong>ideo</strong></span> <span class='ocrx_word' id='word_1_568' title='bbox 1745 4144 1968 4200; x_wconf 84' lang='lat' dir='ltr'><strong>aﬁ‘ectus</strong></span> <span class='ocrx_word' id='word_1_569' title='bbox 1992 4161 2187 4202; x_wconf 58' lang='lat' dir='ltr'><strong>vocano</strong></span> 
     </span>
    </p>
   </div>
   <div class='ocr_carea' id='block_1_75' title="bbox 603 4234 2188 4309">
    <p class='ocr_par' dir='ltr' id='par_1_75' title="bbox 603 4234 2188 4309">
     <span class='ocr_line' id='line_1_75' title="bbox 603 4234 2188 4309; baseline 0.006 -20"><span class='ocrx_word' id='word_1_570' title='bbox 603 4244 710 4289; x_wconf 90' lang='lat' dir='ltr'><strong>tur.</strong></span> <span class='ocrx_word' id='word_1_571' title='bbox 738 4235 878 4288; x_wconf 91' lang='lat' dir='ltr'><strong>Deus</strong></span> <span class='ocrx_word' id='word_1_572' title='bbox 909 4249 1037 4289; x_wconf 88' lang='lat' dir='ltr'><strong>vero</strong></span> <span class='ocrx_word' id='word_1_573' title='bbox 1066 4234 1149 4288; x_wconf 87' lang='lat' dir='ltr'><strong>his</strong></span> <span class='ocrx_word' id='word_1_574' title='bbox 1189 4249 1295 4288; x_wconf 91' lang='lat' dir='ltr'><strong>non</strong></span> <span class='ocrx_word' id='word_1_575' title='bbox 1334 4234 1665 4304; x_wconf 88' lang='lat' dir='ltr'><strong>possibiliter</strong></span> <span class='ocrx_word' id='word_1_576' title='bbox 1694 4236 1946 4307; x_wconf 78' lang='lat' dir='ltr'><strong>afﬁcitur,</strong></span> <span class='ocrx_word' id='word_1_577' title='bbox 1973 4241 2095 4309; x_wconf 89' lang='lat' dir='ltr'><strong>quia</strong></span> <span class='ocrx_word' id='word_1_578' title='bbox 2136 4241 2188 4297; x_wconf 88' lang='lat' dir='ltr'><strong>ei</strong></span> 
     </span>
    </p>
   </div>
   <div class='ocr_carea' id='block_1_76' title="bbox 609 4324 2185 4407">
    <p class='ocr_par' dir='ltr' id='par_1_76' title="bbox 609 4324 2185 4407">
     <span class='ocr_line' id='line_1_76' title="bbox 609 4324 2185 4407; baseline 0.004 -27"><span class='ocrx_word' id='word_1_579' title='bbox 609 4326 787 4380; x_wconf 88' lang='lat' dir='ltr'><strong>inesse</strong></span> <span class='ocrx_word' id='word_1_580' title='bbox 806 4325 997 4407; x_wconf 81' lang='lat' dir='ltr'><strong>iugiter</strong></span> <span class='ocrx_word' id='word_1_581' title='bbox 1018 4333 1076 4379; x_wconf 91' lang='lat' dir='ltr'><strong>et</strong></span> <span class='ocrx_word' id='word_1_582' title='bbox 1102 4325 1420 4379; x_wconf 84' lang='lat' dir='ltr'><strong>naturaliter</strong></span> <span class='ocrx_word' id='word_1_583' title='bbox 1443 4324 1847 4396; x_wconf 89' lang='lat' dir='ltr'><strong>dignoscuntur.</strong></span> <span class='ocrx_word' id='word_1_584' title='bbox 1872 4327 2014 4399; x_wconf 83' lang='lat' dir='ltr'><strong>Ergo</strong></span> <span class='ocrx_word' id='word_1_585' title='bbox 2043 4330 2185 4400; x_wconf 87' lang='lat' dir='ltr'><strong>quod</strong></span> 
     </span>
    </p>
   </div>
   <div class='ocr_carea' id='block_1_77' title="bbox 611 4414 2185 4487">
    <p class='ocr_par' dir='ltr' id='par_1_77' title="bbox 611 4414 2185 4487">
     <span class='ocr_line' id='line_1_77' title="bbox 611 4414 2185 4487; baseline 0.005 -16"><span class='ocrx_word' id='word_1_586' title='bbox 611 4416 667 4471; x_wconf 92' lang='lat' dir='ltr'><strong>in</strong></span> <span class='ocrx_word' id='word_1_587' title='bbox 693 4414 908 4470; x_wconf 86' lang='lat' dir='ltr'><strong>homine</strong></span> <span class='ocrx_word' id='word_1_588' title='bbox 929 4417 1151 4472; x_wconf 73' lang='lat' dir='ltr'><strong>allectus</strong></span> <span class='ocrx_word' id='word_1_589' title='bbox 1182 4431 1247 4472; x_wconf 84' lang='lat' dir='ltr'><strong>ex</strong></span> <span class='ocrx_word' id='word_1_590' title='bbox 1270 4417 1462 4487; x_wconf 90' lang='lat' dir='ltr'><strong>gratia,</strong></span> <span class='ocrx_word' id='word_1_591' title='bbox 1484 4420 1534 4471; x_wconf 94' lang='lat' dir='ltr'><strong>in</strong></span> <span class='ocrx_word' id='word_1_592' title='bbox 1562 4417 1673 4473; x_wconf 91' lang='lat' dir='ltr'><strong>Deo</strong></span> <span class='ocrx_word' id='word_1_593' title='bbox 1692 4418 1861 4476; x_wconf 89' lang='lat' dir='ltr'><strong>virtus</strong></span> <span class='ocrx_word' id='word_1_594' title='bbox 1881 4432 1965 4477; x_wconf 91' lang='lat' dir='ltr'><strong>est</strong></span> <span class='ocrx_word' id='word_1_595' title='bbox 1992 4438 2058 4478; x_wconf 82' lang='lat' dir='ltr'><strong>ex</strong></span> <span class='ocrx_word' id='word_1_596' title='bbox 2087 4439 2185 4479; x_wconf 87' lang='lat' dir='ltr'><strong>na-</strong></span> 
     </span>
    </p>
   </div>
   <div class='ocr_carea' id='block_1_78' title="bbox 2290 3219 3862 3291">
    <p class='ocr_par' dir='ltr' id='par_1_78' title="bbox 2290 3219 3862 3291">
     <span class='ocr_line' id='line_1_78' title="bbox 2290 3219 3862 3291; baseline -0.001 -15"><span class='ocrx_word' id='word_1_597' title='bbox 2290 3222 2497 3276; x_wconf 71' lang='lat' dir='ltr'><strong>minare</strong></span> <span class='ocrx_word' id='word_1_598' title='bbox 2544 3230 2599 3275; x_wconf 89' lang='lat' dir='ltr'><strong>et</strong></span> <span class='ocrx_word' id='word_1_599' title='bbox 2641 3219 2967 3289; x_wconf 89' lang='lat' dir='ltr'><strong>compellare</strong></span> <span class='ocrx_word' id='word_1_600' title='bbox 3014 3234 3120 3276; x_wconf 93' lang='lat' dir='ltr'><strong>non</strong></span> <span class='ocrx_word' id='word_1_601' title='bbox 3171 3219 3421 3291; x_wconf 89' lang='lat' dir='ltr'><strong>despicit,</strong></span> <span class='ocrx_word' id='word_1_602' title='bbox 3448 3232 3501 3273; x_wconf 93' lang='lat' dir='ltr'><strong>ut</strong></span> <span class='ocrx_word' id='word_1_603' title='bbox 3548 3220 3703 3274; x_wconf 88' lang='lat' dir='ltr'><strong>homo</strong></span> <span class='ocrx_word' id='word_1_604' title='bbox 3743 3234 3862 3275; x_wconf 85' lang='lat' dir='ltr'><strong>cum</strong></span> 
     </span>
    </p>
   </div>
   <div class='ocr_carea' id='block_1_79' title="bbox 2288 3311 3718 3381">
    <p class='ocr_par' dir='ltr' id='par_1_79' title="bbox 2288 3311 3718 3381">
     <span class='ocr_line' id='line_1_79' title="bbox 2288 3311 3718 3381; baseline -0.004 -13"><span class='ocrx_word' id='word_1_605' title='bbox 2288 3312 2478 3368; x_wconf 88' lang='lat' dir='ltr'><strong>eodem</strong></span> <span class='ocrx_word' id='word_1_606' title='bbox 2508 3311 2740 3367; x_wconf 88' lang='lat' dir='ltr'><strong>vicissim</strong></span> <span class='ocrx_word' id='word_1_607' title='bbox 2775 3313 3008 3367; x_wconf 87' lang='lat' dir='ltr'><strong>humano</strong></span> <span class='ocrx_word' id='word_1_608' title='bbox 3037 3326 3131 3367; x_wconf 92' lang='lat' dir='ltr'><strong>ore</strong></span> <span class='ocrx_word' id='word_1_609' title='bbox 3161 3321 3213 3366; x_wconf 83' lang='lat' dir='ltr'><strong>et</strong></span> <span class='ocrx_word' id='word_1_610' title='bbox 3242 3326 3390 3381; x_wconf 87' lang='lat' dir='ltr'><strong>more</strong></span> <span class='ocrx_word' id='word_1_611' title='bbox 3417 3311 3718 3366; x_wconf 87' lang='lat' dir='ltr'><strong>collocutus.</strong></span> 
     </span>
    </p>
   </div>
   <div class='ocr_carea' id='block_1_80' title="bbox 2357 3402 3863 3474">
    <p class='ocr_par' dir='ltr' id='par_1_80' title="bbox 2357 3402 3863 3474">
     <span class='ocr_line' id='line_1_80' title="bbox 2357 3402 3863 3474; baseline -0.001 -14"><span class='ocrx_word' id='word_1_612' title='bbox 2357 3405 2623 3461; x_wconf 65' lang='lat' dir='ltr'><strong>Caeterum</strong></span> <span class='ocrx_word' id='word_1_613' title='bbox 2653 3405 2745 3459; x_wconf 89' lang='lat' dir='ltr'><strong>Dei</strong></span> <span class='ocrx_word' id='word_1_614' title='bbox 2772 3405 2847 3459; x_wconf 88' lang='lat' dir='ltr'><strong>ira</strong></span> <span class='ocrx_word' id='word_1_615' title='bbox 2873 3404 3077 3474; x_wconf 88' lang='lat' dir='ltr'><strong>justitia</strong></span> <span class='ocrx_word' id='word_1_616' title='bbox 3109 3414 3211 3473; x_wconf 89' lang='lat' dir='ltr'><strong>est,</strong></span> <span class='ocrx_word' id='word_1_617' title='bbox 3258 3405 3349 3460; x_wconf 89' lang='lat' dir='ltr'><strong>Dei</strong></span> <span class='ocrx_word' id='word_1_618' title='bbox 3387 3405 3523 3459; x_wconf 75' lang='lat' dir='ltr'><strong>furor</strong></span> <span class='ocrx_word' id='word_1_619' title='bbox 3561 3402 3863 3459; x_wconf 81' lang='lat' dir='ltr'><strong>severitatis</strong></span> 
     </span>
    </p>
   </div>
   <div class='ocr_carea' id='block_1_81' title="bbox 2303 3494 3866 3567">
    <p class='ocr_par' dir='ltr' id='par_1_81' title="bbox 2303 3494 3866 3567">
     <span class='ocr_line' id='line_1_81' title="bbox 2303 3494 3866 3567; baseline 0 -15"><span class='ocrx_word' id='word_1_620' title='bbox 2303 3497 2454 3566; x_wconf 87' lang='lat' dir='ltr'><strong>vigor</strong></span> <span class='ocrx_word' id='word_1_621' title='bbox 2485 3506 2586 3564; x_wconf 87' lang='lat' dir='ltr'><strong>est,</strong></span> <span class='ocrx_word' id='word_1_622' title='bbox 2616 3496 2708 3552; x_wconf 89' lang='lat' dir='ltr'><strong>Dei</strong></span> <span class='ocrx_word' id='word_1_623' title='bbox 2750 3497 2969 3567; x_wconf 57' lang='lat' dir='ltr'><strong>jurasse’</strong></span> <span class='ocrx_word' id='word_1_624' title='bbox 2991 3497 3243 3553; x_wconf 82' lang='lat' dir='ltr'><strong>deﬁnisse</strong></span> <span class='ocrx_word' id='word_1_625' title='bbox 3270 3505 3370 3564; x_wconf 89' lang='lat' dir='ltr'><strong>est,</strong></span> <span class='ocrx_word' id='word_1_626' title='bbox 3405 3498 3495 3552; x_wconf 87' lang='lat' dir='ltr'><strong>Dei</strong></span> <span class='ocrx_word' id='word_1_627' title='bbox 3540 3494 3866 3567; x_wconf 69' lang='lat' dir='ltr'><strong>paenituisse,</strong></span> 
     </span>
    </p>
   </div>
   <div class='ocr_carea' id='block_1_82' title="bbox 2292 3587 3868 3660">
    <p class='ocr_par' dir='ltr' id='par_1_82' title="bbox 2292 3587 3868 3660">
     <span class='ocr_line' id='line_1_82' title="bbox 2292 3587 3868 3660; baseline 0.001 -16"><span class='ocrx_word' id='word_1_628' title='bbox 2292 3591 2582 3654; x_wconf 88' lang='lat' dir='ltr'><strong>sententia,</strong></span> <span class='ocrx_word' id='word_1_629' title='bbox 2600 3597 2779 3644; x_wconf 90' lang='lat' dir='ltr'><strong>tamen</strong></span> <span class='ocrx_word' id='word_1_630' title='bbox 2808 3587 2990 3660; x_wconf 77' lang='lat' dir='ltr'><strong>saepeb</strong></span> <span class='ocrx_word' id='word_1_631' title='bbox 3013 3599 3189 3656; x_wconf 90' lang='lat' dir='ltr'><strong>muta;</strong></span> <span class='ocrx_word' id='word_1_632' title='bbox 3217 3600 3272 3645; x_wconf 91' lang='lat' dir='ltr'><strong>et</strong></span> <span class='ocrx_word' id='word_1_633' title='bbox 3296 3604 3421 3645; x_wconf 91' lang='lat' dir='ltr'><strong>cum</strong></span> <span class='ocrx_word' id='word_1_634' title='bbox 3443 3604 3502 3645; x_wconf 89' lang='lat' dir='ltr'><strong>se</strong></span> <span class='ocrx_word' id='word_1_635' title='bbox 3523 3598 3868 3660; x_wconf 85' lang='lat' dir='ltr'><strong>persequente</strong></span> 
     </span>
    </p>
   </div>
   <div class='ocr_carea' id='block_1_83' title="bbox 2290 3682 3868 3754">
    <p class='ocr_par' dir='ltr' id='par_1_83' title="bbox 2290 3682 3868 3754">
     <span class='ocr_line' id='line_1_83' title="bbox 2290 3682 3868 3754; baseline 0.001 -17"><span class='ocrx_word' id='word_1_636' title='bbox 2290 3682 2491 3754; x_wconf 90' lang='lat' dir='ltr'><strong>aliquo,</strong></span> <span class='ocrx_word' id='word_1_637' title='bbox 2520 3682 2640 3738; x_wconf 84' lang='lat' dir='ltr'><strong>laedi</strong></span> <span class='ocrx_word' id='word_1_638' title='bbox 2687 3682 2832 3748; x_wconf 90' lang='lat' dir='ltr'><strong>dicit,</strong></span> <span class='ocrx_word' id='word_1_639' title='bbox 2867 3683 3073 3738; x_wconf 90' lang='lat' dir='ltr'><strong>crimen</strong></span> <span class='ocrx_word' id='word_1_640' title='bbox 3117 3682 3364 3738; x_wconf 70' lang='lat' dir='ltr'><strong>lmdentis</strong></span> <span class='ocrx_word' id='word_1_641' title='bbox 3405 3683 3662 3739; x_wconf 89' lang='lat' dir='ltr'><strong>ostendit.</strong></span> <span class='ocrx_word' id='word_1_642' title='bbox 3709 3683 3868 3739; x_wconf 82' lang='lat' dir='ltr'><strong>Inter-</strong></span> 
     </span>
    </p>
   </div>
   <div class='ocr_carea' id='block_1_84' title="bbox 2292 3775 3866 3843">
    <p class='ocr_par' dir='ltr' id='par_1_84' title="bbox 2292 3775 3866 3843">
     <span class='ocr_line' id='line_1_84' title="bbox 2292 3775 3866 3843; baseline -0.001 -11"><span class='ocrx_word' id='word_1_643' title='bbox 2292 3776 2527 3833; x_wconf 89' lang='lat' dir='ltr'><strong>cluditur</strong></span> <span class='ocrx_word' id='word_1_644' title='bbox 2590 3776 2745 3831; x_wconf 91' lang='lat' dir='ltr'><strong>nobis</strong></span> <span class='ocrx_word' id='word_1_645' title='bbox 2792 3776 3117 3831; x_wconf 88' lang='lat' dir='ltr'><strong>omnimodis</strong></span> <span class='ocrx_word' id='word_1_646' title='bbox 3170 3775 3431 3832; x_wconf 86' lang='lat' dir='ltr'><strong>orationis</strong></span> <span class='ocrx_word' id='word_1_647' title='bbox 3499 3776 3866 3843; x_wconf 83' lang='lat' dir='ltr'><strong>ministerium,</strong></span> 
     </span>
    </p>
   </div>
   <div class='ocr_carea' id='block_1_85' title="bbox 2291 3868 3870 3942">
    <p class='ocr_par' dir='ltr' id='par_1_85' title="bbox 2291 3868 3870 3942">
     <span class='ocr_line' id='line_1_85' title="bbox 2291 3868 3870 3942; baseline -0.003 -14"><span class='ocrx_word' id='word_1_648' title='bbox 2291 3872 2573 3942; x_wconf 77' lang='lat' dir='ltr'><strong>annisque</strong></span> <span class='ocrx_word' id='word_1_649' title='bbox 2601 3870 2761 3936; x_wconf 89' lang='lat' dir='ltr'><strong>ratio,</strong></span> <span class='ocrx_word' id='word_1_650' title='bbox 2785 3884 2890 3941; x_wconf 87' lang='lat' dir='ltr'><strong>qua</strong></span> <span class='ocrx_word' id='word_1_651' title='bbox 2912 3869 3126 3936; x_wconf 89' lang='lat' dir='ltr'><strong>dicitur,</strong></span> <span class='ocrx_word' id='word_1_652' title='bbox 3154 3870 3234 3924; x_wconf 93' lang='lat' dir='ltr'><strong>vel</strong></span> <span class='ocrx_word' id='word_1_653' title='bbox 3265 3868 3613 3939; x_wconf 88' lang='lat' dir='ltr'><strong>intelligitur,</strong></span> <span class='ocrx_word' id='word_1_654' title='bbox 3639 3869 3724 3924; x_wconf 89' lang='lat' dir='ltr'><strong>vel</strong></span> <span class='ocrx_word' id='word_1_655' title='bbox 3747 3883 3870 3939; x_wconf 75' lang='lat' dir='ltr'><strong>pra:-</strong></span> 
     </span>
    </p>
   </div>
   <div class='ocr_carea' id='block_1_86' title="bbox 2291 3962 3871 4033">
    <p class='ocr_par' dir='ltr' id='par_1_86' title="bbox 2291 3962 3871 4033">
     <span class='ocr_line' id='line_1_86' title="bbox 2291 3962 3871 4033; baseline -0.004 -11"><span class='ocrx_word' id='word_1_656' title='bbox 2291 3966 2500 4023; x_wconf 84' lang='lat' dir='ltr'><strong>dicatur</strong></span> <span class='ocrx_word' id='word_1_657' title='bbox 2519 4008 2534 4032; x_wconf 92' lang='lat'><strong>,</strong></span> <span class='ocrx_word' id='word_1_658' title='bbox 2567 3965 2611 4020; x_wconf 91' lang='lat' dir='ltr'><strong>si</strong></span> <span class='ocrx_word' id='word_1_659' title='bbox 2640 3964 2755 4019; x_wconf 62' lang='lat' dir='ltr'><strong>haec</strong></span> <span class='ocrx_word' id='word_1_660' title='bbox 2784 3963 2999 4019; x_wconf 87' lang='lat' dir='ltr'><strong>humani</strong></span> <span class='ocrx_word' id='word_1_661' title='bbox 3027 3963 3289 4019; x_wconf 87' lang='lat' dir='ltr'><strong>sermonis</strong></span> <span class='ocrx_word' id='word_1_662' title='bbox 3314 3964 3645 4033; x_wconf 75' lang='lat' dir='ltr'><strong>commercia</strong></span> <span class='ocrx_word' id='word_1_663' title='bbox 3669 3962 3871 4019; x_wconf 82' lang='lat' dir='ltr'><strong>subtra-</strong></span> 
     </span>
    </p>
   </div>
   <div class='ocr_carea' id='block_1_87' title="bbox 2295 4054 3871 4125">
    <p class='ocr_par' dir='ltr' id='par_1_87' title="bbox 2295 4054 3871 4125">
     <span class='ocr_line' id='line_1_87' title="bbox 2295 4054 3871 4125; baseline -0.002 -14"><span class='ocrx_word' id='word_1_664' title='bbox 2295 4057 2513 4112; x_wconf 89' lang='lat' dir='ltr'><strong>huntur.</strong></span> <span class='ocrx_word' id='word_1_665' title='bbox 2544 4055 2652 4111; x_wconf 86' lang='lat' dir='ltr'><strong>Cur</strong></span> <span class='ocrx_word' id='word_1_666' title='bbox 2681 4070 2809 4125; x_wconf 87' lang='lat' dir='ltr'><strong>ergo</strong></span> <span class='ocrx_word' id='word_1_667' title='bbox 2833 4054 2937 4110; x_wconf 92' lang='lat' dir='ltr'><strong>dici</strong></span> <span class='ocrx_word' id='word_1_668' title='bbox 2969 4054 3107 4109; x_wconf 91' lang='lat' dir='ltr'><strong>inter</strong></span> <span class='ocrx_word' id='word_1_669' title='bbox 3137 4055 3237 4109; x_wconf 90' lang='lat' dir='ltr'><strong>ista</strong></span> <span class='ocrx_word' id='word_1_670' title='bbox 3295 4068 3399 4109; x_wconf 91' lang='lat' dir='ltr'><strong>non</strong></span> <span class='ocrx_word' id='word_1_671' title='bbox 3434 4056 3628 4123; x_wconf 86' lang='lat' dir='ltr'><strong>possit,</strong></span> <span class='ocrx_word' id='word_1_672' title='bbox 3661 4054 3750 4109; x_wconf 86' lang='lat' dir='ltr'><strong>sed</strong></span> <span class='ocrx_word' id='word_1_673' title='bbox 3774 4068 3871 4108; x_wconf 76' lang='lat' dir='ltr'><strong>san-</strong></span> 
     </span>
    </p>
   </div>
   <div class='ocr_carea' id='block_1_88' title="bbox 2294 4147 2997 4219">
    <p class='ocr_par' dir='ltr' id='par_1_88' title="bbox 2294 4147 2997 4219">
     <span class='ocr_line' id='line_1_88' title="bbox 2294 4147 2997 4219; baseline -0.007 -14"><span class='ocrx_word' id='word_1_674' title='bbox 2294 4152 2362 4205; x_wconf 88' lang='lat' dir='ltr'><strong>sit</strong></span> <span class='ocrx_word' id='word_1_675' title='bbox 2393 4149 2745 4219; x_wconf 82' lang='lat' dir='ltr'><strong>compatientis</strong></span> <span class='ocrx_word' id='word_1_676' title='bbox 2771 4147 2997 4216; x_wconf 73' lang='lat' dir='ltr'><strong>a/fectu?</strong></span> 
     </span>
    </p>
   </div>
   <div class='ocr_carea' id='block_1_89' title="bbox 2363 4239 3875 4313">
    <p class='ocr_par' dir='ltr' id='par_1_89' title="bbox 2363 4239 3875 4313">
     <span class='ocr_line' id='line_1_89' title="bbox 2363 4239 3875 4313; baseline -0.002 -15"><span class='ocrx_word' id='word_1_677' title='bbox 2363 4242 2419 4299; x_wconf 90' lang='lat' dir='ltr'><strong>Si</strong></span> <span class='ocrx_word' id='word_1_678' title='bbox 2446 4257 2574 4313; x_wconf 88' lang='lat' dir='ltr'><strong>ergo</strong></span> <span class='ocrx_word' id='word_1_679' title='bbox 2608 4241 2913 4298; x_wconf 89' lang='lat' dir='ltr'><strong>discutienti</strong></span> <span class='ocrx_word' id='word_1_680' title='bbox 2940 4241 3197 4309; x_wconf 89' lang='lat' dir='ltr'><strong>magistro</strong></span> <span class='ocrx_word' id='word_1_681' title='bbox 3225 4239 3454 4309; x_wconf 80' lang='lat' dir='ltr'><strong>simplex</strong></span> <span class='ocrx_word' id='word_1_682' title='bbox 3484 4249 3541 4295; x_wconf 92' lang='lat' dir='ltr'><strong>et</strong></span> <span class='ocrx_word' id='word_1_683' title='bbox 3587 4249 3776 4311; x_wconf 85' lang='lat' dir='ltr'><strong>aperta</strong></span> <span class='ocrx_word' id='word_1_684' title='bbox 3802 4254 3875 4295; x_wconf 87' lang='lat' dir='ltr'><strong>re-</strong></span> 
     </span>
    </p>
   </div>
   <div class='ocr_carea' id='block_1_90' title="bbox 2292 4334 3875 4409">
    <p class='ocr_par' dir='ltr' id='par_1_90' title="bbox 2292 4334 3875 4409">
     <span class='ocr_line' id='line_1_90' title="bbox 2292 4334 3875 4409; baseline -0.003 -16"><span class='ocrx_word' id='word_1_685' title='bbox 2292 4338 2510 4409; x_wconf 88' lang='lat' dir='ltr'><strong>sponsio</strong></span> <span class='ocrx_word' id='word_1_686' title='bbox 2529 4336 2809 4403; x_wconf 79' lang='lat' dir='ltr'><strong>satisfecit,</strong></span> <span class='ocrx_word' id='word_1_687' title='bbox 2828 4345 3162 4391; x_wconf 87' lang='lat' dir='ltr'><strong>transeamus</strong></span> <span class='ocrx_word' id='word_1_688' title='bbox 3181 4334 3248 4390; x_wconf 92' lang='lat' dir='ltr'><strong>ad</strong></span> <span class='ocrx_word' id='word_1_689' title='bbox 3271 4335 3484 4390; x_wconf 88' lang='lat' dir='ltr'><strong>tertiam</strong></span> <span class='ocrx_word' id='word_1_690' title='bbox 3506 4335 3875 4404; x_wconf 66' lang='lat' dir='ltr'><strong>quaestionem.</strong></span> 
     </span>
    </p>
   </div>
   <div class='ocr_carea' id='block_1_91' title="bbox 2292 4426 3878 4504">
    <p class='ocr_par' dir='ltr' id='par_1_91' title="bbox 2292 4426 3878 4504">
     <span class='ocr_line' id='line_1_91' title="bbox 2292 4426 3878 4504; baseline -0.004 -16"><span class='ocrx_word' id='word_1_691' title='bbox 2292 4449 2396 4504; x_wconf 91' lang='lat' dir='ltr'><strong>qua</strong></span> <span class='ocrx_word' id='word_1_692' title='bbox 2426 4444 2448 4472; x_wconf 73' lang='grc' dir='ltr'>α</span> <span class='ocrx_word' id='word_1_693' title='bbox 2482 4441 2539 4487; x_wconf 81' lang='grc' dir='ltr'><strong>ιιι</strong></span> <span class='ocrx_word' id='word_1_694' title='bbox 2568 4430 2919 4502; x_wconf 87' lang='lat' dir='ltr'><strong>respondeam</strong></span> <span class='ocrx_word' id='word_1_695' title='bbox 2940 4427 2967 4467; x_wconf 65' lang='grc'><strong>*³</strong></span> <span class='ocrx_word' id='word_1_696' title='bbox 2997 4430 3246 4500; x_wconf 65' lang='lat' dir='ltr'><strong>praecipis</strong></span> <span class='ocrx_word' id='word_1_697' title='bbox 3278 4447 3289 4483; x_wconf 90' lang='lat'><strong>:</strong></span> <span class='ocrx_word' id='word_1_698' title='bbox 3324 4428 3458 4496; x_wconf 62' lang='lat' dir='ltr'><strong>Quae</strong></span> <span class='ocrx_word' id='word_1_699' title='bbox 3485 4429 3539 4483; x_wconf 94' lang='lat' dir='ltr'><strong>in</strong></span> <span class='ocrx_word' id='word_1_700' title='bbox 3580 4429 3753 4484; x_wconf 87' lang='lat' dir='ltr'><strong>rebus</strong></span> <span class='ocrx_word' id='word_1_701' title='bbox 3793 4426 3878 4482; x_wconf 86' lang='lat' dir='ltr'><strong>bu-</strong></span> 
     </span>
    </p>
   </div>
   <div class='ocr_carea' id='block_1_92' title="bbox 606 4507 3789 4605">
    <p class='ocr_par' dir='ltr' id='par_1_92' title="bbox 606 4507 3789 4605">
     <span class='ocr_line' id='line_1_92' title="bbox 606 4507 3789 4605; baseline 0.005 -42"><span class='ocrx_word' id='word_1_702' title='bbox 606 4508 890 4564; x_wconf 88' lang='lat' dir='ltr'><strong>tura.Nam</strong></span> <span class='ocrx_word' id='word_1_703' title='bbox 906 4510 1043 4578; x_wconf 91' lang='lat' dir='ltr'><strong>quod</strong></span> <span class='ocrx_word' id='word_1_704' title='bbox 1059 4509 1258 4565; x_wconf 90' lang='lat' dir='ltr'><strong>dictum</strong></span> <span class='ocrx_word' id='word_1_705' title='bbox 1271 4520 1352 4565; x_wconf 90' lang='lat' dir='ltr'><strong>est</strong></span> <span class='ocrx_word' id='word_1_706' title='bbox 1372 4529 1383 4563; x_wconf 88' lang='lat'><strong>:</strong></span> <span class='ocrx_word' id='word_1_707' title='bbox 1400 4509 1721 4567; x_wconf 85' lang='lat' dir='ltr'><strong>Nihilsensit</strong></span> <span class='ocrx_word' id='word_1_708' title='bbox 1738 4513 1985 4582; x_wconf 87' lang='lat' dir='ltr'><strong>patientis</strong></span> <span class='ocrx_word' id='word_1_709' title='bbox 1998 4530 2182 4587; x_wconf 90' lang='lat' dir='ltr'><strong>sensu,</strong></span> <span class='ocrx_word' id='word_1_710' title='bbox 2296 4526 2470 4582; x_wconf 82' lang='lat' dir='ltr'><strong>manis</strong></span> <span class='ocrx_word' id='word_1_711' title='bbox 2492 4538 2774 4594; x_wconf 85' lang='lat' dir='ltr'><strong>corporea,</strong></span> <span class='ocrx_word' id='word_1_712' title='bbox 2806 4537 2994 4594; x_wconf 65' lang='lat' dir='ltr'><strong>quaeve</strong></span> <span class='ocrx_word' id='word_1_713' title='bbox 3022 4522 3340 4592; x_wconf 87' lang='lat' dir='ltr'><strong>incorporea</strong></span> <span class='ocrx_word' id='word_1_714' title='bbox 3367 4519 3655 4577; x_wconf 84' lang='lat' dir='ltr'><strong>sentienda</strong></span> <span class='ocrx_word' id='word_1_715' title='bbox 3680 4520 3789 4576; x_wconf 78' lang='lat' dir='ltr'><strong>sint</strong></span> 
     </span>
    </p>
   </div>
   <div class='ocr_carea' id='block_1_93' title="bbox 605 4601 2186 4676">
    <p class='ocr_par' dir='ltr' id='par_1_93' title="bbox 605 4601 2186 4676">
     <span class='ocr_line' id='line_1_93' title="bbox 605 4601 2186 4676; baseline 0.006 -19"><span class='ocrx_word' id='word_1_716' title='bbox 605 4601 698 4657; x_wconf 85' lang='lat' dir='ltr'><strong>sed</strong></span> <span class='ocrx_word' id='word_1_717' title='bbox 716 4603 883 4657; x_wconf 89' lang='lat' dir='ltr'><strong>sensit</strong></span> <span class='ocrx_word' id='word_1_718' title='bbox 900 4603 1275 4673; x_wconf 88' lang='lat' dir='ltr'><strong>compatientis</strong></span> <span class='ocrx_word' id='word_1_719' title='bbox 1288 4602 1502 4671; x_wconf 85' lang='lat' dir='ltr'><strong>atl‘ectu,</strong></span> <span class='ocrx_word' id='word_1_720' title='bbox 1516 4620 1612 4660; x_wconf 91' lang='lat' dir='ltr'><strong>cur</strong></span> <span class='ocrx_word' id='word_1_721' title='bbox 1624 4607 1902 4676; x_wconf 88' lang='lat' dir='ltr'><strong>quisquam</strong></span> <span class='ocrx_word' id='word_1_722' title='bbox 1921 4607 2011 4664; x_wconf 90' lang='lat' dir='ltr'><strong>illo</strong></span> <span class='ocrx_word' id='word_1_723' title='bbox 2022 4604 2186 4667; x_wconf 90' lang='lat' dir='ltr'><strong>sensu</strong></span> 
     </span>
    </p>
   </div>
   <div class='ocr_carea' id='block_1_94' title="bbox 602 4693 2191 4768">
    <p class='ocr_par' dir='ltr' id='par_1_94' title="bbox 602 4693 2191 4768">
     <span class='ocr_line' id='line_1_94' title="bbox 602 4693 2191 4768; baseline 0.005 -20"><span class='ocrx_word' id='word_1_724' title='bbox 602 4693 786 4749; x_wconf 90' lang='lat' dir='ltr'><strong>dicere</strong></span> <span class='ocrx_word' id='word_1_725' title='bbox 803 4708 907 4749; x_wconf 91' lang='lat' dir='ltr'><strong>non</strong></span> <span class='ocrx_word' id='word_1_726' title='bbox 923 4703 1231 4765; x_wconf 75' lang='lat' dir='ltr'><strong>praesumat,</strong></span> <span class='ocrx_word' id='word_1_727' title='bbox 1247 4695 1389 4766; x_wconf 92' lang='lat' dir='ltr'><strong>quod</strong></span> <span class='ocrx_word' id='word_1_728' title='bbox 1404 4695 1564 4752; x_wconf 90' lang='lat' dir='ltr'><strong>etiam</strong></span> <span class='ocrx_word' id='word_1_729' title='bbox 1580 4697 1947 4768; x_wconf 89' lang='lat' dir='ltr'><strong>propheticum</strong></span> <span class='ocrx_word' id='word_1_730' title='bbox 1962 4714 2191 4757; x_wconf 87' lang='lat' dir='ltr'><strong>comme-</strong></span> 
     </span>
    </p>
   </div>
   <div class='ocr_carea' id='block_1_95' title="bbox 602 4786 2231 4865">
    <p class='ocr_par' dir='ltr' id='par_1_95' title="bbox 602 4786 2231 4865">
     <span class='ocr_line' id='line_1_95' title="bbox 602 4786 2231 4865; baseline 0.005 -24"><span class='ocrx_word' id='word_1_731' title='bbox 602 4794 776 4841; x_wconf 86' lang='lat' dir='ltr'><strong>morat</strong></span> <span class='ocrx_word' id='word_1_732' title='bbox 802 4803 815 4839; x_wconf 90' lang='lat'><strong>:</strong></span> <span class='ocrx_word' id='word_1_733' title='bbox 844 4786 1079 4853; x_wconf 86' lang='lat' dir='ltr'><strong>Domine,</strong></span> <span class='ocrx_word' id='word_1_734' title='bbox 1106 4803 1168 4841; x_wconf 88' lang='lat' dir='ltr'><strong>ne</strong></span> <span class='ocrx_word' id='word_1_735' title='bbox 1196 4790 1248 4842; x_wconf 90' lang='lat' dir='ltr'><strong>in</strong></span> <span class='ocrx_word' id='word_1_736' title='bbox 1278 4789 1358 4842; x_wconf 89' lang='lat' dir='ltr'><strong>ira</strong></span> <span class='ocrx_word' id='word_1_737' title='bbox 1382 4799 1472 4843; x_wconf 89' lang='lat' dir='ltr'><strong>tua</strong></span> <span class='ocrx_word' id='word_1_738' title='bbox 1497 4806 1684 4861; x_wconf 85' lang='lat' dir='ltr'><strong>arguas</strong></span> <span class='ocrx_word' id='word_1_739' title='bbox 1711 4807 1810 4854; x_wconf 88' lang='lat' dir='ltr'><strong>me.</strong></span> <span class='ocrx_word' id='word_1_740' title='bbox 1842 4808 2003 4862; x_wconf 87' lang='lat' dir='ltr'><strong>neque</strong></span> <span class='ocrx_word' id='word_1_741' title='bbox 2031 4795 2083 4848; x_wconf 88' lang='lat' dir='ltr'><strong>in</strong></span> <span class='ocrx_word' id='word_1_742' title='bbox 2107 4795 2190 4865; x_wconf 79' lang='lat' dir='ltr'><strong>fu—</strong></span> <span class='ocrx_word' id='word_1_743' title='bbox 2220 4822 2231 4833; x_wconf 73' lang='grc' dir='ltr'><em>ι</em></span> 
     </span>
    </p>
   </div>
   <div class='ocr_carea' id='block_1_96' title="bbox 602 4880 2192 4957">
    <p class='ocr_par' dir='ltr' id='par_1_96' title="bbox 602 4880 2192 4957">
     <span class='ocr_line' id='line_1_96' title="bbox 602 4880 2192 4957; baseline 0.006 -24"><span class='ocrx_word' id='word_1_744' title='bbox 602 4896 717 4934; x_wconf 86' lang='lat' dir='ltr'><strong>rore</strong></span> <span class='ocrx_word' id='word_1_745' title='bbox 744 4890 831 4933; x_wconf 88' lang='lat' dir='ltr'><strong>tuo</strong></span> <span class='ocrx_word' id='word_1_746' title='bbox 853 4880 1100 4952; x_wconf 80' lang='lat' dir='ltr'><strong>corripias</strong></span> <span class='ocrx_word' id='word_1_747' title='bbox 1125 4898 1202 4935; x_wconf 88' lang='lat' dir='ltr'><strong>me</strong></span> <span class='ocrx_word' id='word_1_748' title='bbox 1226 4882 1398 4951; x_wconf 83' lang='lat' dir='ltr'><strong>(Psal.</strong></span> <span class='ocrx_word' id='word_1_749' title='bbox 1428 4899 1502 4947; x_wconf 78' lang='lat' dir='ltr'><strong>vr,</strong></span> <span class='ocrx_word' id='word_1_750' title='bbox 1524 4884 1589 4949; x_wconf 77' lang='lat'><strong>2;</strong></span> <span class='ocrx_word' id='word_1_751' title='bbox 1614 4900 1819 4951; x_wconf 77' lang='lat' dir='ltr'><strong>xxxv&quot;,</strong></span> <span class='ocrx_word' id='word_1_752' title='bbox 1846 4886 1924 4957; x_wconf 77' lang='grc'><strong>1).</strong></span> <span class='ocrx_word' id='word_1_753' title='bbox 1950 4887 2019 4943; x_wconf 88' lang='lat' dir='ltr'><strong>Et</strong></span> <span class='ocrx_word' id='word_1_754' title='bbox 2049 4904 2064 4943; x_wconf 91' lang='lat'><strong>:</strong></span> <span class='ocrx_word' id='word_1_755' title='bbox 2094 4887 2192 4943; x_wconf 87' lang='lat' dir='ltr'><strong>Ju-</strong></span> 
     </span>
    </p>
   </div>
   <div class='ocr_carea' id='block_1_97' title="bbox 603 4974 2198 5052">
    <p class='ocr_par' dir='ltr' id='par_1_97' title="bbox 603 4974 2198 5052">
     <span class='ocr_line' id='line_1_97' title="bbox 603 4974 2198 5052; baseline 0.006 -24"><span class='ocrx_word' id='word_1_756' title='bbox 603 4977 733 5028; x_wconf 78' lang='lat' dir='ltr'><strong>ravit</strong></span> <span class='ocrx_word' id='word_1_757' title='bbox 766 4974 1039 5040; x_wconf 72' lang='lat' dir='ltr'><strong>Dominus,</strong></span> <span class='ocrx_word' id='word_1_758' title='bbox 1073 4992 1164 5029; x_wconf 86' lang='lat' dir='ltr'><strong>nec</strong></span> <span class='ocrx_word' id='word_1_759' title='bbox 1184 4978 1439 5046; x_wconf 74' lang='lat' dir='ltr'><strong>pwnitebit</strong></span> <span class='ocrx_word' id='word_1_760' title='bbox 1467 4993 1580 5031; x_wconf 87' lang='lat' dir='ltr'><strong>eum</strong></span> <span class='ocrx_word' id='word_1_761' title='bbox 1604 4977 1724 5047; x_wconf 86' lang='lat' dir='ltr'><strong>(Ps.</strong></span> <span class='ocrx_word' id='word_1_762' title='bbox 1754 4994 1863 5045; x_wconf 76' lang='lat' dir='ltr'><strong>cu,</strong></span> <span class='ocrx_word' id='word_1_763' title='bbox 1887 4980 1965 5052; x_wconf 73' lang='grc'><strong>4).</strong></span> <span class='ocrx_word' id='word_1_764' title='bbox 2003 4983 2070 5036; x_wconf 84' lang='grc' dir='ltr'><strong>Ει</strong></span> <span class='ocrx_word' id='word_1_765' title='bbox 2097 4982 2198 5038; x_wconf 90' lang='lat' dir='ltr'><strong>ite-</strong></span> 
     </span>
    </p>
   </div>
   <div class='ocr_carea' id='block_1_98' title="bbox 608 5063 2204 5138">
    <p class='ocr_par' dir='ltr' id='par_1_98' title="bbox 608 5063 2204 5138">
     <span class='ocr_line' id='line_1_98' title="bbox 608 5063 2204 5138; baseline 0.008 -19"><span class='ocrx_word' id='word_1_766' title='bbox 608 5081 723 5119; x_wconf 82' lang='lat' dir='ltr'><strong>rum</strong></span> <span class='ocrx_word' id='word_1_767' title='bbox 747 5081 760 5117; x_wconf 93' lang='lat'><strong>:</strong></span> <span class='ocrx_word' id='word_1_768' title='bbox 788 5064 962 5118; x_wconf 85' lang='lat' dir='ltr'><strong>Iratus</strong></span> <span class='ocrx_word' id='word_1_769' title='bbox 994 5074 1065 5119; x_wconf 85' lang='lat' dir='ltr'><strong>est</strong></span> <span class='ocrx_word' id='word_1_770' title='bbox 1088 5063 1339 5119; x_wconf 87' lang='lat' dir='ltr'><strong>Dominus</strong></span> <span class='ocrx_word' id='word_1_771' title='bbox 1359 5068 1548 5138; x_wconf 87' lang='lat' dir='ltr'><strong>popqu</strong></span> <span class='ocrx_word' id='word_1_772' title='bbox 1581 5085 1695 5135; x_wconf 91' lang='lat' dir='ltr'><strong>suo,</strong></span> <span class='ocrx_word' id='word_1_773' title='bbox 1720 5080 1764 5123; x_wconf 87' lang='lat' dir='ltr'><strong>et</strong></span> <span class='ocrx_word' id='word_1_774' title='bbox 1784 5071 2103 5129; x_wconf 84' lang='lat' dir='ltr'><strong>abominatus</strong></span> <span class='ocrx_word' id='word_1_775' title='bbox 2129 5085 2204 5130; x_wconf 88' lang='lat' dir='ltr'><strong>est</strong></span> 
     </span>
    </p>
   </div>
   <div class='ocr_carea' id='block_1_99' title="bbox 2300 4613 3883 4685">
    <p class='ocr_par' dir='ltr' id='par_1_99' title="bbox 2300 4613 3883 4685">
     <span class='ocr_line' id='line_1_99' title="bbox 2300 4613 3883 4685; baseline -0.003 -13"><span class='ocrx_word' id='word_1_776' title='bbox 2300 4662 2301 4665; x_wconf 54' lang='grc' dir='ltr'><strong>η</strong></span> <span class='ocrx_word' id='word_1_777' title='bbox 2371 4616 2454 4672; x_wconf 84' lang='lat' dir='ltr'><strong>Ad</strong></span> <span class='ocrx_word' id='word_1_778' title='bbox 2483 4615 2598 4671; x_wconf 68' lang='lat' dir='ltr'><strong>haec</strong></span> <span class='ocrx_word' id='word_1_779' title='bbox 2643 4614 2818 4685; x_wconf 88' lang='lat' dir='ltr'><strong>aliqua</strong></span> <span class='ocrx_word' id='word_1_780' title='bbox 2852 4630 2958 4670; x_wconf 91' lang='lat' dir='ltr'><strong>non</strong></span> <span class='ocrx_word' id='word_1_781' title='bbox 2993 4630 3088 4685; x_wconf 92' lang='lat' dir='ltr'><strong>pro</strong></span> <span class='ocrx_word' id='word_1_782' title='bbox 3117 4628 3308 4671; x_wconf 89' lang='lat' dir='ltr'><strong>sensus</strong></span> <span class='ocrx_word' id='word_1_783' title='bbox 3338 4613 3444 4669; x_wconf 91' lang='lat' dir='ltr'><strong>mei</strong></span> <span class='ocrx_word' id='word_1_784' title='bbox 3468 4613 3883 4685; x_wconf 61' lang='lat' dir='ltr'><strong>praesumptione</strong></span> 
     </span>
    </p>
   </div>
   <div class='ocr_carea' id='block_1_100' title="bbox 2300 4704 3881 4781">
    <p class='ocr_par' dir='ltr' id='par_1_100' title="bbox 2300 4704 3881 4781">
     <span class='ocr_line' id='line_1_100' title="bbox 2300 4704 3881 4781; baseline -0.003 -17"><span class='ocrx_word' id='word_1_785' title='bbox 2300 4723 2543 4781; x_wconf 89' lang='lat' dir='ltr'><strong>promam</strong></span> <span class='ocrx_word' id='word_1_786' title='bbox 2569 4747 2585 4773; x_wconf 93' lang='lat'><strong>,</strong></span> <span class='ocrx_word' id='word_1_787' title='bbox 2635 4706 2731 4761; x_wconf 89' lang='lat' dir='ltr'><strong>sed</strong></span> <span class='ocrx_word' id='word_1_788' title='bbox 2781 4720 2878 4776; x_wconf 91' lang='lat' dir='ltr'><strong>pro</strong></span> <span class='ocrx_word' id='word_1_789' title='bbox 2925 4714 3229 4761; x_wconf 89' lang='lat' dir='ltr'><strong>sanctorum</strong></span> <span class='ocrx_word' id='word_1_790' title='bbox 3278 4704 3533 4776; x_wconf 87' lang='lat' dir='ltr'><strong>opinione</strong></span> <span class='ocrx_word' id='word_1_791' title='bbox 3583 4708 3881 4763; x_wconf 83' lang='lat' dir='ltr'><strong>seniorum.</strong></span> 
     </span>
    </p>
   </div>
   <div class='ocr_carea' id='block_1_101' title="bbox 2304 4784 3888 4872">
    <p class='ocr_par' dir='ltr' id='par_1_101' title="bbox 2304 4784 3888 4872">
     <span class='ocr_line' id='line_1_101' title="bbox 2304 4784 3888 4872; baseline -0.003 -13"><span class='ocrx_word' id='word_1_792' title='bbox 2304 4801 2607 4859; x_wconf 64' lang='lat' dir='ltr'><strong>Praesertim</strong></span> <span class='ocrx_word' id='word_1_793' title='bbox 2635 4815 2757 4855; x_wconf 89' lang='lat' dir='ltr'><strong>cum</strong></span> <span class='ocrx_word' id='word_1_794' title='bbox 2788 4784 2903 4855; x_wconf 63' lang='lat' dir='ltr'><strong>hinc</strong></span> <span class='ocrx_word' id='word_1_795' title='bbox 2941 4800 3178 4855; x_wconf 90' lang='lat' dir='ltr'><strong>animum</strong></span> <span class='ocrx_word' id='word_1_796' title='bbox 3217 4800 3414 4855; x_wconf 65' lang='lat' dir='ltr'><strong>laedere</strong></span> <span class='ocrx_word' id='word_1_797' title='bbox 3442 4814 3550 4854; x_wconf 91' lang='lat' dir='ltr'><strong>non</strong></span> <span class='ocrx_word' id='word_1_798' title='bbox 3578 4801 3813 4872; x_wconf 88' lang='lat' dir='ltr'><strong>possint,</strong></span> <span class='ocrx_word' id='word_1_799' title='bbox 3840 4806 3888 4855; x_wconf 87' lang='lat' dir='ltr'><strong>et</strong></span> 
     </span>
    </p>
   </div>
   <div class='ocr_carea' id='block_1_102' title="bbox 2303 4876 3890 4964">
    <p class='ocr_par' dir='ltr' id='par_1_102' title="bbox 2303 4876 3890 4964">
     <span class='ocr_line' id='line_1_102' title="bbox 2303 4876 3890 4964; baseline -0.001 -15"><span class='ocrx_word' id='word_1_800' title='bbox 2303 4895 2372 4950; x_wconf 87' lang='lat' dir='ltr'><strong>ad</strong></span> <span class='ocrx_word' id='word_1_801' title='bbox 2401 4894 2558 4950; x_wconf 89' lang='lat' dir='ltr'><strong>ﬁdem</strong></span> <span class='ocrx_word' id='word_1_802' title='bbox 2585 4894 2793 4949; x_wconf 89' lang='lat' dir='ltr'><strong>nutrire</strong></span> <span class='ocrx_word' id='word_1_803' title='bbox 2812 4876 3043 4962; x_wconf 85' lang='lat' dir='ltr'><strong>possint,</strong></span> <span class='ocrx_word' id='word_1_804' title='bbox 3074 4900 3130 4948; x_wconf 89' lang='lat' dir='ltr'><strong>et</strong></span> <span class='ocrx_word' id='word_1_805' title='bbox 3171 4907 3342 4964; x_wconf 90' lang='lat' dir='ltr'><strong>usque</strong></span> <span class='ocrx_word' id='word_1_806' title='bbox 3368 4892 3434 4948; x_wconf 88' lang='lat' dir='ltr'><strong>ad</strong></span> <span class='ocrx_word' id='word_1_807' title='bbox 3467 4892 3545 4959; x_wconf 93' lang='lat' dir='ltr'><strong>id,</strong></span> <span class='ocrx_word' id='word_1_808' title='bbox 3574 4894 3718 4964; x_wconf 87' lang='lat' dir='ltr'><strong>quod</strong></span> <span class='ocrx_word' id='word_1_809' title='bbox 3748 4891 3890 4949; x_wconf 86' lang='lat' dir='ltr'><strong>Patri</strong></span> 
     </span>
    </p>
   </div>
   <div class='ocr_carea' id='block_1_103' title="bbox 2305 4984 3890 5056">
    <p class='ocr_par' dir='ltr' id='par_1_103' title="bbox 2305 4984 3890 5056">
     <span class='ocr_line' id='line_1_103' title="bbox 2305 4984 3890 5056; baseline -0.001 -15"><span class='ocrx_word' id='word_1_810' title='bbox 2305 4986 2474 5042; x_wconf 85' lang='lat' dir='ltr'><strong>Filius</strong></span> <span class='ocrx_word' id='word_1_811' title='bbox 2516 4985 2739 5056; x_wconf 68' lang='lat' dir='ltr'><strong>aequalis</strong></span> <span class='ocrx_word' id='word_1_812' title='bbox 2782 4994 3076 5055; x_wconf 81' lang='lat' dir='ltr'><strong>appareat,</strong></span> <span class='ocrx_word' id='word_1_813' title='bbox 3148 4993 3332 5040; x_wconf 85' lang='lat' dir='ltr'><strong>contra</strong></span> <span class='ocrx_word' id='word_1_814' title='bbox 3391 4984 3624 5039; x_wconf 84' lang='lat' dir='ltr'><strong>Arianas</strong></span> <span class='ocrx_word' id='word_1_815' title='bbox 3678 5000 3890 5041; x_wconf 86' lang='lat' dir='ltr'><strong>armare</strong></span> 
     </span>
    </p>
   </div>
   <div class='ocr_carea' id='block_1_104' title="bbox 2310 5078 3890 5150">
    <p class='ocr_par' dir='ltr' id='par_1_104' title="bbox 2310 5078 3890 5150">
     <span class='ocr_line' id='line_1_104' title="bbox 2310 5078 3890 5150; baseline -0.001 -15"><span class='ocrx_word' id='word_1_816' title='bbox 2310 5091 2335 5120; x_wconf 79' lang='grc' dir='ltr'><strong><em>ο</em></strong></span> <span class='ocrx_word' id='word_1_817' title='bbox 2364 5089 2524 5150; x_wconf 90' lang='lat' dir='ltr'><strong>atque</strong></span> <span class='ocrx_word' id='word_1_818' title='bbox 2568 5094 2755 5150; x_wconf 87' lang='lat' dir='ltr'><strong>regere</strong></span> <span class='ocrx_word' id='word_1_819' title='bbox 2797 5079 3009 5135; x_wconf 86' lang='lat' dir='ltr'><strong>valeant</strong></span> <span class='ocrx_word' id='word_1_820' title='bbox 3039 5079 3351 5149; x_wconf 86' lang='lat' dir='ltr'><strong>pravitates.</strong></span> <span class='ocrx_word' id='word_1_821' title='bbox 3394 5078 3540 5150; x_wconf 87' lang='lat' dir='ltr'><strong>Ergo</strong></span> <span class='ocrx_word' id='word_1_822' title='bbox 3567 5080 3791 5150; x_wconf 87' lang='lat' dir='ltr'><strong>quando</strong></span> <span class='ocrx_word' id='word_1_823' title='bbox 3828 5080 3890 5134; x_wconf 88' lang='lat' dir='ltr'><strong>de</strong></span> 
     </span>
    </p>
   </div>
   <div class='ocr_carea' id='block_1_105' title="bbox 605 5156 3887 5239">
    <p class='ocr_par' dir='ltr' id='par_1_105' title="bbox 605 5156 3887 5239">
     <span class='ocr_line' id='line_1_105' title="bbox 605 5156 3887 5239; baseline 0.006 -32"><span class='ocrx_word' id='word_1_824' title='bbox 605 5156 2202 5229; x_wconf 58' lang='lat' dir='ltr'><strong>Imreditatemsuam(Ps.cv).Etitemdiversoat&#39;fectulacob</strong></span> <span class='ocrx_word' id='word_1_825' title='bbox 2298 5165 2741 5227; x_wconf 45' lang='lat' dir='ltr'><strong>&#39;tractatualtiori</strong></span> <span class='ocrx_word' id='word_1_826' title='bbox 2769 5169 2984 5227; x_wconf 78' lang='lat' dir='ltr'><strong>collatio</strong></span> <span class='ocrx_word' id='word_1_827' title='bbox 3023 5178 3125 5239; x_wconf 91' lang='lat' dir='ltr'><strong>est,</strong></span> <span class='ocrx_word' id='word_1_828' title='bbox 3169 5169 3238 5226; x_wconf 87' lang='lat' dir='ltr'><strong>ad</strong></span> <span class='ocrx_word' id='word_1_829' title='bbox 3283 5169 3623 5227; x_wconf 89' lang='lat' dir='ltr'><strong>subtiliorem</strong></span> <span class='ocrx_word' id='word_1_830' title='bbox 3678 5171 3887 5229; x_wconf 85' lang='lat' dir='ltr'><strong>intelle-</strong></span> 
     </span>
    </p>
   </div>
   <div class='ocr_carea' id='block_1_106' title="bbox 678 5367 2189 5439">
    <p class='ocr_par' dir='ltr' id='par_1_106' title="bbox 678 5367 2189 5439">
     <span class='ocr_line' id='line_1_106' title="bbox 678 5367 2189 5439; baseline 0.003 -16"><span class='ocrx_word' id='word_1_831' title='bbox 678 5379 701 5407; x_wconf 72' lang='grc' dir='ltr'>ι</span> <span class='ocrx_word' id='word_1_832' title='bbox 733 5369 843 5424; x_wconf 82' lang='lat' dir='ltr'><strong>Hoc</strong></span> <span class='ocrx_word' id='word_1_833' title='bbox 882 5369 1081 5426; x_wconf 91' lang='lat' dir='ltr'><strong>dictum</strong></span> <span class='ocrx_word' id='word_1_834' title='bbox 1120 5376 1295 5426; x_wconf 78' lang='lat' dir='ltr'><strong>exstat</strong></span> <span class='ocrx_word' id='word_1_835' title='bbox 1337 5367 1475 5424; x_wconf 77' lang='lat' dir='ltr'><strong>intra</strong></span> <span class='ocrx_word' id='word_1_836' title='bbox 1527 5368 1582 5423; x_wconf 93' lang='lat' dir='ltr'><strong>in</strong></span> <span class='ocrx_word' id='word_1_837' title='bbox 1623 5367 1780 5439; x_wconf 89' lang='lat' dir='ltr'><strong>epist.</strong></span> <span class='ocrx_word' id='word_1_838' title='bbox 1838 5370 1903 5425; x_wconf 90' lang='lat' dir='ltr'><strong>ad</strong></span> <span class='ocrx_word' id='word_1_839' title='bbox 1946 5370 2189 5429; x_wconf 88' lang='lat' dir='ltr'><strong>Gratum.</strong></span> 
     </span>
    </p>
   </div>
   <div class='ocr_carea' id='block_1_107' title="bbox 679 5439 1569 5495">
    <p class='ocr_par' dir='ltr' id='par_1_107' title="bbox 679 5439 1569 5495">
     <span class='ocr_line' id='line_1_107' title="bbox 679 5439 1569 5495; baseline 0.006 -4"><span class='ocrx_word' id='word_1_840' title='bbox 679 5440 704 5476; x_wconf 67' lang='grc' dir='ltr'>δ</span> <span class='ocrx_word' id='word_1_841' title='bbox 737 5439 895 5495; x_wconf 86' lang='lat' dir='ltr'><strong>Forte</strong></span> <span class='ocrx_word' id='word_1_842' title='bbox 921 5450 1135 5494; x_wconf 89' lang='lat' dir='ltr'><strong>mutata.</strong></span> <span class='ocrx_word' id='word_1_843' title='bbox 1560 5466 1569 5475; x_wconf 85' lang='lat'><strong>-</strong></span> 
     </span>
    </p>
   </div>
   <div class='ocr_carea' id='block_1_108' title="bbox 646 5502 2195 5585">
    <p class='ocr_par' dir='ltr' id='par_1_108' title="bbox 646 5502 2195 5585">
     <span class='ocr_line' id='line_1_108' title="bbox 646 5502 2195 5585; baseline 0.005 -22"><span class='ocrx_word' id='word_1_844' title='bbox 646 5502 649 5505; x_wconf 68' lang='grc'><em>’</em></span> <span class='ocrx_word' id='word_1_845' title='bbox 683 5520 707 5585; x_wconf 59' lang='grc' dir='ltr'>ς</span> <span class='ocrx_word' id='word_1_846' title='bbox 738 5510 818 5585; x_wconf 48' lang='lat' dir='ltr'><strong>ab</strong></span> <span class='ocrx_word' id='word_1_847' title='bbox 849 5512 950 5585; x_wconf 78' lang='lat' dir='ltr'><strong>hoc</strong></span> <span class='ocrx_word' id='word_1_848' title='bbox 972 5512 1134 5585; x_wconf 85' lang='lat' dir='ltr'><strong>verbo</strong></span> <span class='ocrx_word' id='word_1_849' title='bbox 1161 5526 1282 5585; x_wconf 66' lang='lat' dir='ltr'><strong>quae</strong></span> <span class='ocrx_word' id='word_1_850' title='bbox 1309 5521 1629 5581; x_wconf 82' lang='lat' dir='ltr'><strong>sequuntur,</strong></span> <span class='ocrx_word' id='word_1_851' title='bbox 1677 5510 1755 5585; x_wconf 91' lang='lat' dir='ltr'><strong>in_</strong></span> <span class='ocrx_word' id='word_1_852' title='bbox 1768 5510 1987 5585; x_wconf 72' lang='lat' dir='ltr'><strong>modum</strong></span> <span class='ocrx_word' id='word_1_853' title='bbox 2006 5584 2019 5585; x_wconf 21' lang='grc' dir='ltr'><em>γ</em></span> <span class='ocrx_word' id='word_1_854' title='bbox 2040 5528 2195 5585; x_wconf 86' lang='lat' dir='ltr'><strong>sepa-</strong></span> 
     </span>
    </p>
   </div>
   <div class='ocr_carea' id='block_1_109' title="bbox 611 5579 2195 5654">
    <p class='ocr_par' dir='ltr' id='par_1_109' title="bbox 611 5579 2195 5654">
     <span class='ocr_line' id='line_1_109' title="bbox 611 5579 2195 5654; baseline 0.006 -21"><span class='ocrx_word' id='word_1_855' title='bbox 611 5579 709 5654; x_wconf 72' lang='lat' dir='ltr'><strong>rati</strong></span> <span class='ocrx_word' id='word_1_856' title='bbox 742 5580 900 5654; x_wconf 71' lang='lat' dir='ltr'><strong>libelli</strong></span> <span class='ocrx_word' id='word_1_857' title='bbox 920 5596 1021 5654; x_wconf 73' lang='lat' dir='ltr'><strong>seu</strong></span> <span class='ocrx_word' id='word_1_858' title='bbox 1052 5579 1314 5654; x_wconf 63' lang='lat' dir='ltr'><strong>epistolae,</strong></span> <span class='ocrx_word' id='word_1_859' title='bbox 1345 5579 1556 5638; x_wconf 68' lang='lat' dir='ltr'><strong>exstant</strong></span> <span class='ocrx_word' id='word_1_860' title='bbox 1584 5594 1711 5636; x_wconf 89' lang='lat' dir='ltr'><strong>tom.</strong></span> <span class='ocrx_word' id='word_1_861' title='bbox 1741 5581 1803 5654; x_wconf 64' lang='grc' dir='ltr'><strong>ιγ</strong></span> <span class='ocrx_word' id='word_1_862' title='bbox 1833 5582 1970 5654; x_wconf 83' lang='lat' dir='ltr'><strong>Bibl.</strong></span> <span class='ocrx_word' id='word_1_863' title='bbox 2002 5579 2135 5654; x_wconf 55' lang='lat' dir='ltr'><strong>PPI,</strong></span> <span class='ocrx_word' id='word_1_864' title='bbox 2161 5589 2195 5641; x_wconf 74' lang='lat'><strong>‘2</strong></span> 
     </span>
    </p>
   </div>
   <div class='ocr_carea' id='block_1_110' title="bbox 611 5650 2199 5727">
    <p class='ocr_par' dir='ltr' id='par_1_110' title="bbox 611 5650 2199 5727">
     <span class='ocr_line' id='line_1_110' title="bbox 611 5650 2199 5727; baseline 0.006 -24"><span class='ocrx_word' id='word_1_865' title='bbox 611 5650 763 5727; x_wconf 73' lang='lat' dir='ltr'><strong>edit.,</strong></span> <span class='ocrx_word' id='word_1_866' title='bbox 799 5650 888 5727; x_wconf 72' lang='lat' dir='ltr'><strong>fol.</strong></span> <span class='ocrx_word' id='word_1_867' title='bbox 916 5652 1039 5727; x_wconf 10' lang='lat' dir='ltr'><strong>r759.</strong></span> <span class='ocrx_word' id='word_1_868' title='bbox 1076 5653 1420 5727; x_wconf 82' lang='lat' dir='ltr'><strong>Turpissane</strong></span> <span class='ocrx_word' id='word_1_869' title='bbox 1448 5668 1598 5709; x_wconf 90' lang='lat' dir='ltr'><strong>error</strong></span> <span class='ocrx_word' id='word_1_870' title='bbox 1630 5654 1714 5707; x_wconf 87' lang='lat' dir='ltr'><strong>hic</strong></span> <span class='ocrx_word' id='word_1_871' title='bbox 1743 5652 1947 5721; x_wconf 84' lang='lat' dir='ltr'><strong>Fausti,</strong></span> <span class='ocrx_word' id='word_1_872' title='bbox 1978 5657 2043 5711; x_wconf 88' lang='lat' dir='ltr'><strong>de</strong></span> <span class='ocrx_word' id='word_1_873' title='bbox 2086 5650 2199 5727; x_wconf 85' lang='lat' dir='ltr'><strong>quo</strong></span> 
     </span>
    </p>
   </div>
   <div class='ocr_carea' id='block_1_111' title="bbox 614 5718 1589 5791">
    <p class='ocr_par' dir='ltr' id='par_1_111' title="bbox 614 5718 1589 5791">
     <span class='ocr_line' id='line_1_111' title="bbox 614 5718 1589 5791; baseline 0.004 -22"><span class='ocrx_word' id='word_1_874' title='bbox 614 5719 734 5775; x_wconf 88' lang='lat' dir='ltr'><strong>vidc</strong></span> <span class='ocrx_word' id='word_1_875' title='bbox 766 5718 1161 5777; x_wconf 83' lang='lat' dir='ltr'><strong>adnotationem</strong></span> <span class='ocrx_word' id='word_1_876' title='bbox 1188 5718 1247 5777; x_wconf 81' lang='lat' dir='ltr'><strong>iu</strong></span> <span class='ocrx_word' id='word_1_877' title='bbox 1274 5725 1411 5777; x_wconf 88' lang='lat' dir='ltr'><strong>hanc</strong></span> <span class='ocrx_word' id='word_1_878' title='bbox 1437 5727 1589 5791; x_wconf 77' lang='lat' dir='ltr'><strong>epist.</strong></span> 
     </span>
    </p>
   </div>
   <div class='ocr_carea' id='block_1_112' title="bbox 2368 5370 3889 5443">
    <p class='ocr_par' dir='ltr' id='par_1_112' title="bbox 2368 5370 3889 5443">
     <span class='ocr_line' id='line_1_112' title="bbox 2368 5370 3889 5443; baseline -0.002 -14"><span class='ocrx_word' id='word_1_879' title='bbox 2368 5370 2395 5411; x_wconf 72' lang='grc' dir='ltr'>ἀ</span> <span class='ocrx_word' id='word_1_880' title='bbox 2426 5374 2482 5429; x_wconf 90' lang='lat' dir='ltr'><strong>ln</strong></span> <span class='ocrx_word' id='word_1_881' title='bbox 2506 5373 2746 5443; x_wconf 88' lang='lat' dir='ltr'><strong>margine</strong></span> <span class='ocrx_word' id='word_1_882' title='bbox 2770 5388 2869 5431; x_wconf 90' lang='lat' dir='ltr'><strong>ms.</strong></span> <span class='ocrx_word' id='word_1_883' title='bbox 2895 5373 3094 5429; x_wconf 85' lang='lat' dir='ltr'><strong>codicis</strong></span> <span class='ocrx_word' id='word_1_884' title='bbox 3115 5371 3365 5441; x_wconf 87' lang='lat' dir='ltr'><strong>adjuncta</strong></span> <span class='ocrx_word' id='word_1_885' title='bbox 3390 5378 3543 5427; x_wconf 90' lang='lat' dir='ltr'><strong>erant</strong></span> <span class='ocrx_word' id='word_1_886' title='bbox 3568 5370 3754 5443; x_wconf 84' lang='lat' dir='ltr'><strong>aliqua</strong></span> <span class='ocrx_word' id='word_1_887' title='bbox 3778 5385 3889 5443; x_wconf 72' lang='lat' dir='ltr'><strong>qua:</strong></span> 
     </span>
    </p>
   </div>
   <div class='ocr_carea' id='block_1_113' title="bbox 2299 5442 3891 5515">
    <p class='ocr_par' dir='ltr' id='par_1_113' title="bbox 2299 5442 3891 5515">
     <span class='ocr_line' id='line_1_113' title="bbox 2299 5442 3891 5515; baseline -0.002 -14"><span class='ocrx_word' id='word_1_888' title='bbox 2299 5447 2446 5502; x_wconf 86' lang='lat' dir='ltr'><strong>hunc</strong></span> <span class='ocrx_word' id='word_1_889' title='bbox 2473 5442 2687 5500; x_wconf 81' lang='lat' dir='ltr'><strong>sensum</strong></span> <span class='ocrx_word' id='word_1_890' title='bbox 2717 5445 2965 5511; x_wconf 79' lang='lat' dir='ltr'><strong>videntur</strong></span> <span class='ocrx_word' id='word_1_891' title='bbox 3009 5444 3234 5515; x_wconf 84' lang='lat' dir='ltr'><strong>reddere</strong></span> <span class='ocrx_word' id='word_1_892' title='bbox 3267 5446 3465 5515; x_wconf 91' lang='lat' dir='ltr'><strong>(neque</strong></span> <span class='ocrx_word' id='word_1_893' title='bbox 3495 5442 3646 5498; x_wconf 88' lang='lat' dir='ltr'><strong>enim</strong></span> <span class='ocrx_word' id='word_1_894' title='bbox 3668 5442 3891 5515; x_wconf 36' lang='lat' dir='ltr'><strong>’alio’in-</strong></span> 
     </span>
    </p>
   </div>
   <div class='ocr_carea' id='block_1_114' title="bbox 2301 5514 3892 5586">
    <p class='ocr_par' dir='ltr' id='par_1_114' title="bbox 2301 5514 3892 5586">
     <span class='ocr_line' id='line_1_114' title="bbox 2301 5514 3892 5586; baseline -0.003 -14"><span class='ocrx_word' id='word_1_895' title='bbox 2301 5519 2405 5573; x_wconf 90' lang='lat' dir='ltr'><strong>seri</strong></span> <span class='ocrx_word' id='word_1_896' title='bbox 2436 5525 2677 5586; x_wconf 91' lang='lat' dir='ltr'><strong>possunt,</strong></span> <span class='ocrx_word' id='word_1_897' title='bbox 2727 5516 2826 5570; x_wconf 90' lang='lat' dir='ltr'><strong>nisi</strong></span> <span class='ocrx_word' id='word_1_898' title='bbox 2855 5515 2977 5581; x_wconf 91' lang='lat' dir='ltr'><strong>huc,</strong></span> <span class='ocrx_word' id='word_1_899' title='bbox 3008 5524 3060 5570; x_wconf 92' lang='lat' dir='ltr'><strong>et</strong></span> <span class='ocrx_word' id='word_1_900' title='bbox 3086 5514 3298 5584; x_wconf 87' lang='lat' dir='ltr'><strong>quidem</strong></span> <span class='ocrx_word' id='word_1_901' title='bbox 3326 5515 3478 5586; x_wconf 85' lang='lat' dir='ltr'><strong>signo</strong></span> <span class='ocrx_word' id='word_1_902' title='bbox 3507 5514 3812 5585; x_wconf 87' lang='lat' dir='ltr'><strong>apposito),</strong></span> <span class='ocrx_word' id='word_1_903' title='bbox 3843 5524 3892 5568; x_wconf 77' lang='lat' dir='ltr'><strong>ut</strong></span> 
     </span>
    </p>
   </div>
   <div class='ocr_carea' id='block_1_115' title="bbox 2300 5586 3869 5657">
    <p class='ocr_par' dir='ltr' id='par_1_115' title="bbox 2300 5586 3869 5657">
     <span class='ocr_line' id='line_1_115' title="bbox 2300 5586 3869 5657; baseline -0.001 -16"><span class='ocrx_word' id='word_1_904' title='bbox 2300 5589 2658 5657; x_wconf 87' lang='lat' dir='ltr'><strong>respondeam,</strong></span> <span class='ocrx_word' id='word_1_905' title='bbox 2690 5590 2927 5657; x_wconf 66' lang='lat' dir='ltr'><strong>praecipis</strong></span> <span class='ocrx_word' id='word_1_906' title='bbox 2966 5588 3340 5640; x_wconf 81' lang='lat' dir='ltr'><strong>ventilationem</strong></span> <span class='ocrx_word' id='word_1_907' title='bbox 3388 5586 3543 5653; x_wconf 87' lang='lat' dir='ltr'><strong>hujus</strong></span> <span class='ocrx_word' id='word_1_908' title='bbox 3590 5586 3869 5654; x_wconf 70' lang='lat' dir='ltr'><strong>qrtwstioni</strong></span> 
     </span>
    </p>
   </div>
   <div class='ocr_carea' id='block_1_116' title="bbox 2305 5659 2856 5723">
    <p class='ocr_par' dir='ltr' id='par_1_116' title="bbox 2305 5659 2856 5723">
     <span class='ocr_line' id='line_1_116' title="bbox 2305 5659 2856 5723; baseline -0.004 -12"><span class='ocrx_word' id='word_1_909' title='bbox 2305 5660 2544 5713; x_wconf 69' lang='lat' dir='ltr'><strong>minima’.</strong></span> <span class='ocrx_word' id='word_1_910' title='bbox 2579 5659 2727 5723; x_wconf 70' lang='lat' dir='ltr'><strong>Qna’,</strong></span> <span class='ocrx_word' id='word_1_911' title='bbox 2752 5665 2856 5713; x_wconf 62' lang='lat' dir='ltr'><strong>etc.</strong></span> 
     </span>
    </p>
   </div>
   <div class='ocr_carea' id='block_1_117' title="bbox 2382 5727 3777 5799">
    <p class='ocr_par' dir='ltr' id='par_1_117' title="bbox 2382 5727 3777 5799">
     <span class='ocr_line' id='line_1_117' title="bbox 2382 5727 3777 5799; baseline -0.001 -16"><span class='ocrx_word' id='word_1_912' title='bbox 2382 5740 2402 5765; x_wconf 70' lang='grc' dir='ltr'>ε</span> <span class='ocrx_word' id='word_1_913' title='bbox 2438 5730 2685 5799; x_wconf 57' lang='lat' dir='ltr'><strong>Mergum,</strong></span> <span class='ocrx_word' id='word_1_914' title='bbox 2713 5738 2863 5798; x_wconf 80' lang='lat' dir='ltr'><strong>atque</strong></span> <span class='ocrx_word' id='word_1_915' title='bbox 2884 5730 3071 5795; x_wconf 68' lang='lat' dir='ltr'><strong>erigere</strong></span> <span class='ocrx_word' id='word_1_916' title='bbox 3098 5728 3229 5798; x_wconf 71' lang='lat' dir='ltr'><strong>exigi</strong></span> <span class='ocrx_word' id='word_1_917' title='bbox 3256 5728 3450 5781; x_wconf 79' lang='lat' dir='ltr'><strong>valeant</strong></span> <span class='ocrx_word' id='word_1_918' title='bbox 3471 5727 3777 5797; x_wconf 77' lang='lat' dir='ltr'><strong>pravitates.</strong></span> 
     </span>
    </p>
   </div>
   <div class='ocr_carea' id='block_1_118' title="bbox 3388 5584 3891 5654">
    <p class='ocr_par' dir='ltr' id='par_1_118' title="bbox 3388 5584 3891 5654">
     <span class='ocr_line' id='line_1_118' title="bbox 3388 5584 3891 5654; baseline 0.006 -18"><span class='ocrx_word' id='word_1_919' title='bbox 3388 5584 3543 5653; x_wconf 86' lang='lat' dir='ltr'><strong>hujus</strong></span> <span class='ocrx_word' id='word_1_920' title='bbox 3590 5586 3891 5654; x_wconf 75' lang='lat' dir='ltr'><strong>qmestionis</strong></span> 
     </span>
    </p>
   </div>
  </div>
