4090 6330
287 363 379 422 841

1718 348 2097 407 ΕΡΙδΤΟῑιΛΕ.
2198 362 2205 373 ·

3432 358 3536 418 842

287 486 426 537 ctum
454 488 643 534 sensus
670 452 743 532 et.
768 475 976 533 animus
1021 471 1402 545 praeparandus
1447 477 1549 527 est.
1595 468 1847 525 Nonnulli
1874 469 1926 530 Δ
1954 471 2206 541 motibus,
2235 482 2544 544 occupatur,
2572 483 2624 531 et
2652 476 2696 533 si
2726 477 2851 549 quid
2883 479 2896 529 t
2937 477 3065 534 illud
3095 454 3197 545 est,
3221 479 3365 552 quod
3392 484 3535 553 aspi-

287 557 628 628 eruditissi'mi
673 566 888 623 Patrum
935 565 1037 622 alia
1085 572 1333 621 asserunt
1378 575 1499 620 esse
1547 559 1855 627 invisibilia,

286 662 382 717 alia
411 674 542 716 vero
568 659 900 729 incorporea.
927 655 1195 727 Quidquid
1220 663 1460 712 creatum
1483 662 1566 710 est
1588 660 1614 690 α
1637 652 1856 708 materia

287 754 469 821 videri,
499 761 555 811 et
583 750 767 810 lactori
796 765 895 808 suo
942 748 1424 821 comprebensibile
1450 756 1505 804 et
1538 761 1854 817 corporeum

286 859 402 902 esse
429 844 712 900 deliniant.
742 842 874 899 Nam
902 852 956 898 et
984 844 1304 908 animarum,
1343 848 1398 896 et
1421 840 1728 909 angelorum
1760 854 1858 893 na-

289 947 459 993 turam
489 944 736 994 asserunt
776 951 896 994 esse
931 950 1271 1006 corpoream,
1318 950 1415 1004 pro
1442 950 1508 991 eo
1539 933 1680 1004 quod
1711 933 1860 988 initio

286 1028 792 1086 circumscribantur
840 1038 893 1084 et
935 1030 1129 1098 spatio.
1174 1026 1307 1082 Nam
1353 1026 1492 1082 sicut
1532 1025 1587 1080 in
1629 1024 1857 1096 quodam

284 1120 338 1178 S.
370 1119 678 1191 Hieronymi
709 1127 932 1175 tractatu
958 1120 1209 1190 legimus,
1233 1118 1441 1188 globos,
1479 1117 1671 1187 inquit,
1713 1115 1858 1172 side-

285 1227 402 1267 rum
432 1210 458 1250 ιι
488 1220 799 1283 corporales
826 1224 946 1266 esse
971 1210 1188 1279 spiritus
1216 1208 1566 1266 arbitrantur.
1598 1208 1666 1263 Et
1691 1208 1817 1264 item
1845 1224 1857 1261 :

285 1302 337 1358 Si
372 1303 568 1374 angeli,
600 1302 792 1374 inquit,
815 1300 1053 1358 caelestia
1072 1314 1296 1371 corpora
1317 1299 1384 1356 ad
1406 1299 1859 1370 comparationem

286 1397 382 1453 Dei
413 1397 682 1452 immunda
714 1411 834 1453 esse
865 1395 1135 1462 dicuntur,
1180 1394 1305 1464 quid
1346 1401 1500 1463 putas
1529 1393 1692 1448 homo
1720 1391 1861 1447 aesti-

284 1487 557 1543 mandus?
588 1487 681 1543 sed
710 1486 852 1543 inter
879 1486 995 1541 haec
1041 1495 1096 1540 tu
1126 1483 1358 1539 animam
1405 1497 1569 1552 negas
1595 1472 1714 1539 esse
1741 1497 1862 1538 cor-

284 1595 505 1652 poream
528 1582 651 1649 quia
678 1581 827 1650 juxta
857 1579 1158 1648 aliquorum
1202 1577 1510 1647 opinionem
1540 1592 1640 1632 nec
1680 1575 1862 1632 localis

206 1708 217 1715 -
283 1675 378 1738 sit,
410 1686 508 1727 nec
541 1682 560 1709 ο
595 1671 847 1741 qualitate
871 1669 1016 1725 credi
1042 1668 1238 1724 debere
1266 1666 1604 1723 manifestum
1633 1674 1737 1722 est.
1761 1666 1863 1721 Le-

281 1764 461 1834 gimus
480 1762 622 1818 enim
646 1763 696 1816 in
719 1761 948 1831 quodam
971 1759 1338 1829 receptissimo
1358 1759 1576 1814 Patrum
1599 1764 1857 1812 tractatu:

1962 582 2085 624 cere
2113 567 2346 634 videtur,
2377 567 2403 607 ’τ
2430 568 2601 640 magis
2632 570 2683 626 ei
2722 570 2775 627 in
2823 573 3147 630 cordationis
3173 575 3392 645 speculo
3438 575 3533 632 de-

1960 661 2248 716 scribatur.
2280 661 2411 715 Nam
2440 662 2653 731 quando
2679 664 2953 721 absentem
2996 681 3151 722 suum
3176 680 3361 724 carum
3388 670 3535 739 cogi-

1961 761 2058 822 tat,
2094 752 2328 822 nunquid
2356 752 2466 822 jam
2488 753 2635 809 velut
2683 755 2800 826 ipso
2834 765 3121 826 conspectu
3151 758 3421 826 desiderio
3450 775 3536 816 sa-

1961 844 2198 921 tisfecit?
2234 846 2339 900 Aut
2365 859 2507 913 cum,
2538 845 2688 902 verbi
2706 824 2911 918 gratia,
2940 824 3084 905 Poni
3114 860 3205 905 aut
3230 824 3380 906 P‘auli
3410 865 3535 921 spe-

1962 937 2099 993 ciem
2136 937 2273 993 intra
2304 937 2498 993 mentis
2527 951 2719 992 arcana
2766 937 3023 1009 depingit,
3076 941 3312 1011 nunquid
3355 943 3532 997 statim

1963 1029 2179 1085 intimas
2205 1030 2434 1101 paradisi
2463 1028 2637 1096 sedes,
2670 1029 2757 1086 ubi
2797 1044 2890 1086 eos
2930 1046 3050 1088 esse
3076 1033 3343 1099 novimus,
3377 1050 3537 1103 pene-

1965 1121 2158 1178 travit?
2186 1124 2294 1179 Aut
2321 1138 2441 1180 cum
2489 1123 2590 1179 sibi
2620 1123 2671 1179 iu
2702 1124 2864 1179 corde
2892 1124 3071 1181 divitis
3118 1126 3256 1183 illius
3296 1106 3569 1209 ﬂammas:

1964 1229 2033 1272 ex
2059 1216 2287 1273 lectione
2317 1217 2617 1287 proposuit,
2646 1216 2885 1287 nunquid
2922 1216 3033 1286 jam
3058 1216 3124 1271 ad
3154 1218 3268 1287 ejus
3290 1227 3510 1275 'tormen
3552 1212 3564 1276 l

1964 1318 2141 1364 torum
2191 1311 2308 1364 loca
2352 1308 2521 1364 cuivis
2574 1308 2964 1365 inaecessibilia
3030 1309 3226 1366 inferni
3276 1310 3537 1380 profunda

1967 1401 2292 1458 descendit?
2322 1401 2449 1458 Haec
2473 1402 2647 1458 omnia
2680 1403 2863 1472 procul
2892 1403 3055 1459 dubio
3076 1413 3168 1459 aut
3188 1418 3368 1460 secum
3401 1404 3537 1460 intra

1965 1494 2198 1563 pectoris
2238 1508 2432 1550 arcana
2463 1509 2558 1564 per
2599 1494 2773 1549 varias
2811 1494 3186 1551 similitudines
3219 1496 3402 1566 lingit;
3450 1503 3537 1550 aut

1967 1597 2112 1642 certe
2157 1587 2201 1642 si
2247 1596 2395 1642 extra
2428 1586 2621 1642 anima:
2650 1586 2831 1643 sedem
2877 1587 3141 1642 instabilis
3171 1588 3425 1658 cogitatio
3460 1588 3515 1641 lu

1966 1679 2115 1734 brico
2173 1686 2322 1733 motu
2369 1678 2563 1748 agitata
2609 1677 2882 1745 discurrit,
2930 1676 3031 1732 hoc
3079 1679 3250 1746 ipsum
3302 1677 3532 1732 localiter

1968 1772 2094 1842 agit.
2123 1772 2188 1827 Et
2212 1772 2326 1827 sive
2355 1770 2567 1836 urbem,
2600 1771 2714 1825 sive
2742 1784 3110 1840 quamcunque
3141 1770 3409 1840 regionem
3452 1783 3519 1823 eo

284 1853 520 1924 lngredi,
554 1854 743 1924 inquit,
766 1861 820 1908 et
843 1852 1066 1922 implere
1095 1852 1296 1919 omnia,
1330 1850 1432 1905 soli
1487 1857 1570 1906 est
1613 1847 1865 1919 possibile

1968 1839 2119 1935 gitet,
2149 1861 2221 1917 ibi
2262 1872 2465 1918 tantum
2520 1878 2678 1917 sensu
2728 1870 3091 1917 commorante
3138 1839 3403 1931 deligitur,
3436 1875 3540 1929 quo

279 1946 532 2003 Trinitati
564 1964 576 1999 :
606 1960 726 2017 qua:
770 1946 908 2000 sicut
946 1946 1209 2001 universae
1238 1942 1609 1999 intellectualis
1653 1948 1859 1997 natura:

278 2038 513 2093 ellicitur
538 2036 882 2106 penetratrix,
918 2048 974 2091 ut
1001 2050 1106 2092 non
1138 2036 1311 2091 solum
1347 2034 1715 2104 circumplecti
1741 2048 1857 2090 eam

277 2138 445 2201 atque
474 2128 697 2197 ambire,
725 2129 818 2185 sed
842 2129 1005 2184 etiam
1032 2128 1176 2183 illabi
1198 2128 1269 2198 ei,
1294 2136 1350 2182 et
1377 2127 1523 2183 velut
1546 2126 1859 2196 incorporea

278 2219 501 2291 corpori
550 2219 716 2289 possit
759 2218 983 2274 infundi.
1054 2218 1203 2274 Licet
1265 2218 1408 2274 enim
1458 2217 1860 2287 pronuntiemus

281 2311 581 2369 nonnullas
627 2310 932 2382 spirituales
979 2326 1100 2368 esse
1144 2319 1382 2378 naturas,
1414 2319 1471 2365 ut
1514 2318 1641 2366 sunt
1667 2308 1857 2380 angeli,

277 2404 615 2473 archangeli,
663 2412 977 2473 caulemque
1022 2403 1265 2469 virtutes,
1307 2401 1420 2471 ipsa
1449 2416 1660 2472 quoque
1685 2401 1859 2455 anima

275 2507 491 2563 nostra,
519 2496 602 2553 vel
632 2506 778 2553 certe
805 2511 898 2552 aer
924 2497 1024 2553 iste
1052 2496 1297 2562 subtilis;
1323 2505 1501 2553 tamen
1532 2486 1862 2566 incorporea:

278 2592 596 2649 nullatenus
622 2589 948 2647 aestimanda:
977 2598 1121 2645 sunt.
1170 2589 1377 2645 llabent
1401 2589 1543 2644 enim
1569 2589 1860 2645 secundum

274 2697 339 2741 se
367 2697 591 2754 corpus,
623 2697 729 2753 quo
756 2682 1073 2747 subsistunt,
1104 2680 1231 2736 licet
1256 2681 1423 2736 multo
1450 2689 1503 2737 et
1533 2680 1862 2748 incompara-

275 2776 471 2833 biliter
502 2775 728 2842 tenuius,
744 2789 902 2845 quam
931 2782 1112 2828 nostra
1140 2774 1264 2828 sunt
1289 2786 1539 2842 corpora,
1571 2770 1871 2826 secundum

275 2868 534 2940 Apostoli
561 2866 904 2930 sententiam,
936 2864 1185 2931 dicentis,
1216 2873 1263 2918 et
1303 2878 1520 2934 corpora
1546 2848 1863 2925 εωιειιὶἁξῗι

276 2978 508 3035 corpora
536 2962 791 3017 terrestria
823 2958 908 3031 (II
942 2958 1060 3015 Cor.
1089 2975 1177 3025 xv,
1207 2958 1318 3027 40).
1343 2956 1542 3025 Quibus
1570 2970 1668 3026 pro
1698 2969 1866 3009 mant-

277 3042 766 3127 l’esto'colligitur,
798 3052 934 3110 nihil
976 3066 1097 3109 esse
1140 3052 1513 3121 incorporeum
1542 3050 1644 3105 nisi
1693 3030 1878 3104 solum.

1961 1956 2123 2025 animi
2152 1950 2489 2010 intentionel
2520 1961 2777 2023 raptatur.
2809 1951 3087 2022 lmaginari
3120 1949 3220 2005 sibi
3250 1950 3423 2020 aliqua
3447 1964 3539 2019 po-

1961 2057 2097 2113 test;
2131 2047 2415 2116 complecti
2445 2047 2624 2102 omnia
2651 2046 2807 2101 simul
2855 2062 2960 2100 non
3006 2055 3203 2115 potest.
3252 2044 3385 2099 Cum
3415 2059 3541 2114 ergo

1962 2143 2135 2197 anima
2182 2140 2559 2196 Alexandriam
2608 2140 2690 2195 vel
2760 2138 3183 2208 Hierosolymam
3250 2138 3539 2208 cogitavit,

1960 2242 1999 2270 ω
2022 2234 2138 2289 sive
2165 2232 2273 2289 illic
2303 2239 2413 2287 tota
2443 2231 2525 2287 sui
2556 2224 2861 2301 prmsentia,
2885 2240 2940 2286 ut
2960 2230 3256 2296 arbitraris,
3282 2229 3541 2293 interluit,

1918 2348 1925 2349 ί
1961 2324 2159 2381 referat
2186 2324 2340 2380 nobis
2372 2324 2503 2379 situs
2531 2324 2791 2387 locorum,
2826 2322 3004 2376 vultus
3036 2321 3335 2387 hominum,
3369 2330 3543 2376 motus

1963 2425 2218 2486 actusque
2263 2414 2601 2485 populorum.
2647 2412 2751 2470 Sed
2802 2413 2904 2468 hoc
2953 2413 3159 2482 ipsum,
3212 2412 3355 2482 quod
3400 2426 3543 2467 nunc

1962 2507 2102 2563 inter
2149 2519 2246 2561 nos
2314 2506 2634 2561 commercia
2706 2518 3012 2559 sermonum
3081 2513 3264 2558 mutua
3328 2502 3545 2571 spiritus

1966 2602 2175 2656 actione
2202 2609 2229 2636 ιι
2257 2598 2476 2664 scimus,
2509 2597 2656 2665 loqui
2684 2611 2770 2652 me
2798 2598 3096 2660 vobiscum,
3128 2596 3222 2651 sed
3254 2595 3391 2664 apud
3418 2609 3545 2649 con-

1964 2691 2241 2747 scientiam
2278 2704 2448 2744 meam
2480 2689 2684 2753 sentio;
2730 2688 2794 2743 ad
2845 2703 2939 2742 vos
2968 2702 3055 2742 me
3098 2686 3389 2741 accessisse
3439 2698 3542 2738 non

1966 2784 2157 2840 sentio.
2192 2781 2322 2837 Nam
2348 2781 2394 2837 si
2439 2797 2563 2835 vere
2594 2779 2769 2835 anima
2813 2795 2935 2835 cum
2966 2780 3076 2834 suis
3120 2778 3248 2833 ferri
3295 2776 3547 2833 sensibus

1966 2878 2219 2944 creditur,
2268 2886 2323 2932 et
2368 2877 2471 2944 bis,
2524 2890 2747 2947 quorum
2800 2875 3162 2931 reminiscitur
3210 2873 3323 2943 ipsa
3354 2886 3448 2941 per
3481 2886 3542 2926 so

1968 2970 2078 3025 suis
2105 2968 2516 3038 cogitationibus
2545 2972 2913 3037 praesentatur.
2970 2964 3106 3019 Ecce
3146 2976 3241 3032 per
3267 2962 3382 3017 haec
3410 2974 3547 3030 ιιι-ωε

1968 3062 2135 3119 sentis
2159 3060 2414 3130 temporis
2441 3067 2708 3114 momenta
2741 3071 2839 3112 vos
2867 3058 3066 3125 cogito,
3090 3062 3145 3109 et
3174 3054 3349 3108 animo
3377 3050 3543 3107 remi-

279 3144 486 3202 Deum.
515 3146 582 3202 Et
620 3145 823 3201 idcirco
852 3143 953 3214 ipsi
978 3140 1003 3179 ά
1030 3142 1395 3198 tantummodo
1421 3155 1513 3212 per
1541 3154 1600 3196 se
1624 3148 1867 3210 penetra:

1970 3154 2209 3210 niscente
2237 3166 2333 3206 vos
2362 3150 2535 3216 video,
2569 3157 2623 3204 et
2651 3161 2877 3218 quorum
2902 3143 3224 3201 omnimodis
3245 3142 3547 3212 quidgera-

278 3237 431 3294 biles
474 3252 682 3307 omnes,
713 3244 872 3306 atque
920 3233 1312 3292 intellectuales
1355 3246 1475 3289 esse
1519 3230 1863 3288 substantias.

1971 3246 2062 3310 tis,
2090 3252 2144 3300 et
2169 3253 2347 3299 utrum
2376 3242 2563 3312 quieti,
2592 3215 2925 3304 anilectioni,
2955 3236 3041 3293 vel
3073 3236 3297 3292 orationi
3323 3234 3541 3301 vacetis,

276 3331 429 3399 Quae
454 3343 573 3386 cum
601 3332 671 3386 ita
700 3330 827 3399 sint,
852 3329 1037 3400 objicit
1059 3327 1206 3394 mibi,
1234 3328 1355 3384 ideo
1372 3328 1603 3383 animam
1625 3341 1731 3382 non
1751 3340 1871 3382 esse
1971 3336 2183 3407 ignoro,
2232 3334 2338 3389 Sed
2384 3331 2485 3387 hoc
2529 3330 2648 3385 ideo
2688 3328 2890 3396 evenit,
2939 3328 3061 3398 quia
3106 3326 3171 3382 ad
3223 3340 3318 3381 vos
3370 3324 3546 3380 cordis

276 3422 691 3492 incorporea"),
718 3423 862 3493 allia.
894 3416 952 3476 ἱιι
978 3420 1177 3477 diem!“
1206 3428 1306 3485 εει,
1332 3419 1633 3475 “60100355
1658 3418 1751 3485 δίεν
1774 3432 1872 3473 nec
1972 3428 2185 3493 allecto,
2216 3440 2320 3481 non
2350 3424 2464 3495 ipsa
2494 3422 2807 3479 substantiae
2841 3436 2974 3476 mea:
3005 3420 3227 3474 veritate
3272 3417 3548 3487 pervenio.

272 3512 561 3585 qualitate
604 3522 698 3568 aut
737 3512 1029 3582 quantitate
1067 3511 1339 3567 subsistat.
1388 3506 1539 3576 Quod
1567 3520 1591 3547 θ
1622 3510 1773 3579 cujus
1805 3511 1867 3564 sit

1973 3521 2155 3590 Neque
2174 3519 2317 3575 enim
2344 3517 2396 3571 in
2421 3517 2533 3571 suis
2552 3516 2806 3581 motibus,
2824 3529 2959 3583 quos
2979 3527 3121 3568 nunc
3140 3513 3392 3583 optimos,
3410 3524 3551 3563 nunc

273 3604 549 3675 periculi,
581 3604 651 3658 ita
680 3604 731 3658 in
765 3603 865 3658 bac
893 3612 1061 3658 status
1105 3604 1276 3658 nostri
1322 3603 1501 3658 habita
1544 3602 1877 3658 discussione
1980 3612 2251 3681 pessimos
2281 3622 2400 3663 esse
2424 3606 2706 3670 sentimus,
2737 3604 2929 3659 animm
2959 3612 3156 3657 nostra;
3203 3609 3390 3656 natura
3423 3613 3552 3655 οοιι-

270 3692 577 3766 Ρθηάθδίιο
606 3701 664 3747 ιιι
689 3691 736 3746 εί
760 3706 865 3747 ιιεο
889 3691 1072 3748 locans
1090 3693 1181 3757 δίε»
1205 3705 1302 3747 πιθα
1323 3692 1564 3762 quam?“
1585 3691 1876 3761 ευδὶθεθθι.
1978 3701 2134 3757 sistit.
2161 3699 2296 3756 Nam
2316 3697 2361 3751 si
2385 3711 2479 3765 per
2499 3694 2847 3764 cogitationes
2868 3708 2993 3747 suas
3012 3700 3259 3748 constare
3284 3690 3548 3747 credenda

269 3797 422 3843 esse
463 3797 580 3840 eam
626 3782 764 3839 baud
794 3782 954 3840 dubie
997 3778 1365 3853 incorpoream
1405 3782 1777 3839 concedamus.
1824 3783 1867 3838 Si

1980 3788 2082 3857 est,
2113 3804 2210 3846 cur
2247 3790 2323 3845 eis
2354 3786 2620 3843 interdum
2658 3784 3099 3841 evanescentibus
3138 3792 3297 3853 atque
3320 3796 3551 3852 pereun-

267 3890 432 3935 vero
474 3876 912 3933 demonstravero
940 3891 1059 3933 eam
1108 3876 1404 3948 quantitate
1431 3871 1772 3932 determinari
1800 3875 1867 3931 lo‘

1983 3883 2125 3940 tibus
2152 3882 2266 3951 ipsa
2297 3880 2351 3935 in
2380 3880 2465 3935 sui
2510 3879 2692 3949 vigore
2734 3885 2895 3947 atque
2940 3875 3214 3930 alacritate
3261 3874 3556 3951 perdurat!

275 3986 441 4030 cove
470 3970 740 4037 concludi,
772 3978 1163 4040 consequenter
1187 3984 1303 4025 eam
1326 3969 1486 4024 etiam
1509 3982 1737 4038 corpore
1755 3981 1883 4024 con-
1983 3943 2206 4041 Quantae
2233 3984 2362 4041 ergo
2390 3971 2442 4026 in
2475 3943 2627 4024 nobis
2658 3943 3103 4037 frequentissimae
3127 3943 3478 4035 cogitationes
3503 3943 3557 4020 Et

290 4064 501 4132 ιῖηθΐῖι
533 4077 631 4120 nec
668 4061 783 4133 ἰρεε
822 4062 929 4133 iam
955 4062 1186 4117 dUbiles-
1214 4060 1234 4099 ¹
1264 4061 1541 4128 Quomodo
1566 4077 1674 4117 non
1701 4060 1884 4117 locatis
1986 4080 2131 4123 cura:
2159 4067 2319 4122 etiam
2350 4061 2633 4118 salubriter
2662 4046 2981 4126 moriuntur,
3012 4066 3068 4114 et
3096 4058 3217 4113 vitae
3243 4058 3411 4127 magis
3442 4065 3470 4095 υ
3497 4057 3560 4112 li—
3592 4083 3595 4087 λ

275 4150 404 4227 θεῖ’,
448 4171 567 4228 qui”
590 4156 791 4213 i030?“
820 4154 1095 4220 membris,
1120 4162 1174 4210 ει
1203 4153 1404 4224 initiata
1434 4154 1729 4210 Visceribus
1756 4152 1885 4209 solis
1987 4158 2178 4216 bertati
2208 4155 2480 4213 interioris
2509 4153 2827 4223 operantur!
2878 4149 2935 4205 Si
2982 4149 3114 4220 ipsis
3142 4148 3322 4205 anima
3349 4156 3558 4204 consta-

273 4247 543 4308 motibus
566 4256 592 4296 8
617 4261 751 4317 vaga
794 4234 1100 4303 conditione
1133 4244 1442 4302 substantia:
1485 4253 1694 4302 tenetur
1719 4243 1888 4300 inclu-
1989 4261 2091 4321 rei,
2124 4251 2325 4321 absque
2368 4248 2529 4304 dubio
2555 4246 2686 4317 ipsis
2711 4255 2739 4295 P
2769 4242 3115 4314 pereuntibus
3148 4256 3430 4314 superesse
3454 4255 3564 4297 non

275 4344 389 4400 sa?
420 4341 582 4410 Quod
623 4340 670 4397 si
708 4340 933 4397 localem
981 4355 1088 4396 non
1132 4354 1251 4396 esse
1295 4340 1548 4405 animam,
1581 4338 1702 4394 ideo
1741 4354 1890 4394 assu-
1962 4351 2190 4416 posset.
2214 4339 2366 4398 Unde
2393 4338 2495 4395 hoc
2521 4337 2688 4407 magis
2709 4335 2820 4405 ipsa
2845 4333 3188 4390 conscientiis
3209 4333 3410 4390 nostris
3429 4331 3566 4388 ratio

275 4435 568 4493 mendum
597 4441 770 4504 putes,
799 4433 940 4503 quod
972 4446 1068 4503 per
1094 4431 1305 4486 diversa
1336 4431 1587 4488 sensibus
1615 4441 1887 4501 evagetur,
1994 4437 2249 4508 loquitur,
2278 4431 2419 4504 quod
2445 4443 2776 4500 unaquaeque
2802 4428 2978 4481 anima
3004 4434 3096 4481 aut
3124 4425 3435 4496 multiplicia
3470 4439 3567 4480 co-

274 4539 345 4587 et
406 4525 834 4598 cogitationibus
876 4524 1167 4592 deferatur,
1215 4524 1442 4593 primum
1486 4522 1890 4594 intelligendum
1920 4580 1972 4600 Ἃ
1995 4530 2155 4600 giras:
2183 4538 2361 4580 rerum
2386 4521 2564 4577 causis
2593 4520 2730 4574 intra
2761 4514 2820 4573 se
2845 4526 2873 4567 tt
2897 4526 3154 4585 concepta
3177 4514 3456 4584 parturiat,
3478 4521 3572 4567 aut

273 4630 404 4689 est,
446 4617 597 4689 quod
630 4615 773 4671 aliud
819 4615 891 4670 sit
928 4613 1121 4669 anima:
1159 4621 1347 4677 status,
1394 4613 1540 4668 aliud
1572 4615 1658 4668 hic
1692 4614 1782 4683 qui
1825 4612 1894 4668 de
1920 4601 1975 4642 υ
2000 4630 2191 4675 sensus
2217 4628 2345 4670 suos
2375 4611 2521 4666 velut
2548 4608 2790 4679 quasdam
2836 4606 3008 4662 ofﬁcia
3036 4613 3128 4660 aut
3159 4603 3449 4659 ministeria
3492 4601 3573 4658 di-

274 4714 497 4769 anima
542 4708 781 4765 nascitur
829 4704 1167 4777 cogitationis
1194 4702 1221 4741 ³³
1248 4703 1501 4771 allectus,
1550 4704 1896 4773 quamobrem
2000 4708 2174 4767 versis
2201 4699 2612 4761 necessitatibus
2656 4697 2966 4767 occupanda
2992 4697 3280 4766 dispergat,
3306 4696 3420 4765 ipsa
3446 4708 3575 4750 vero

272 4814 344 4863 ιιι
376 4804 506 4860 hoc
534 4800 711 4872 Ροιίυε
737 4797 753 4838 ί
779 4798 1151 4855 ωειῖωθηάιιῐι]
1180 4805 1283 4863 εει,
1305 4795 1447 4866 Quod
1473 4794 1519 4850 si
1547 4794 1763 4865 quando
1794 4795 1898 4853 sibi
2003 4801 2061 4857 in
2087 4795 2328 4856 conclavi
2351 4790 2595 4861 corporis
2620 4789 2704 4844 sui
2730 4786 2896 4844 semel
2923 4786 2991 4842 de
3018 4800 3091 4842 eo
3111 4786 3319 4842 exitura
3363 4783 3577 4854 requie-

272 4893 518 4969 aliquid
543 4894 885 4966 imaginatur,
915 4892 1085 4963 magis
1112 4905 1235 4947 cum
1262 4888 1375 4946 suis
1398 4888 1536 4947 intra
1556 4893 1897 4964 semetipsam
2005 4901 2141 4952 seat.
2171 4885 2532 4958 Quamobrem
2560 4880 2782 4940 localem
2812 4894 2936 4975 esse
2956 4880 3149 4951 ipsam.
3177 4887 3236 4936 ut
3261 4879 3441 4935 denuo
3463 4875 3578 4934 suf-

2077 5048 2107 5087 h
2134 5048 2382 5118 Murgan,
2409 5042 2634 5118 etractus.

2087 5118 2102 5157 ί
2139 5113 2391 5189 Μοτᾷπί,
2422 5113 2838 5189 eaistimandum.

2080 5192 2095 5241 l
2132 5184 2379 5258 Mariam,
2413 5184 2574 5258 aliud.

2078 5259 2107 5329 ξι
2138 5252 2390 5329 Margar.,
2421 5255 2582 5329 magis
2606 5252 2989 5329 incordationis.

2085 5328 2105 5369 ι
2141 5324 2389 5398 Margar.,
2414 5324 2569 5398 simul
2598 5325 2815 5398 rapitur.

2084 5411 2124 5438 ω
2156 5395 2406 5467 Maugur”
2441 5396 2620 5467 sivero
2646 5395 2776 5449 illic.

2085 5480 2114 5508 ιι
2142 5466 2394 5540 Murgan,
2425 5466 2717 5540 miscemur.

2086 5550 2111 5577 ο
2145 5535 2396 5609 Margar.,
2427 5535 2710 5609 libertatm
2735 5539 3022 5603 operantur.

2084 5622 2113 5661 p
2144 5605 2370 5680 Margar.
2396 5605 2625 5669 vitiose,
2650 5620 2746 5680 per
2770 5619 2954 5680 iuvant.

2090 5669 2387 5749 suariam,
2436 5669 2687 5749 conceptis
2723 5673 2995 5749 parturiat,
3026 5680 3113 5749 aut
3154 5671 3388 5743 quaedam
3432 5669 3592 5749 ofﬁcia

2021 5763 2109 5807 aut
2154 5741 2433 5805 ministeria
2495 5741 2734 5801 diversis’
2766 5741 3441 5812 necessitatibusoccupata
3488 5741 3596 5797 dis-

2024 5831 2218 5895 perstat.

362 5066 395 5102 ο
437 5053 702 5123 Margar.,
732 5049 999 5123 materiam
1022 5048 1201 5104 uideri.

360 5126 398 5168 1³
434 5120 919 5194 Μεῐέπένὶιίοεθ,
944 5127 1281 5194 comparatos.

238 5216 245 5223 -
362 5206 395 5237 α
437 5188 706 5263 Margar.,
728 5208 817 5248 nec
838 5188 1083 5263 qualitate
1093 5203 1191 5263 nec
1204 5188 1486 5263 quantitate
1502 5189 1741 5247 subsistat
1760 5193 1897 5263 quod

362 5209 395 5237 ο
437 5209 565 5252 mar
601 5209 706 5260 ar.,
728 5209 817 5248 nec
838 5209 1081 5259 qualitate
1101 5209 1191 5245 nec
1208 5209 1434 5259 quantula

272 5268 354 5323 de
381 5266 522 5323 sala
552 5209 648 5319 δεῖ
677 5264 940 5334 majestate
965 5260 1103 5334 credi
1133 5260 1310 5315 debere
1338 5277 1434 5334 me.

364 5335 403 5376 ει
437 5336 706 5405 Margar.,
736 5332 1080 5405 tantummodo
1107 5332 1437 5401 penetrabiles
1482 5350 1653 5392 omnes
1702 5335 1901 5391 intelle-

271 5409 522 5465 ctuales
553 5403 661 5460 esse
685 5403 1016 5459 substantias.

377 5486 413 5516 ⁸
446 5478 714 5545 Margar.,
754 5475 1044 5546 cujusntodi
1072 5474 1285 5545 periculi
1308 5475 1371 5530 sit
1392 5475 1460 5530 ita
1507 5474 1712 5546 credere
1749 5475 1803 5529 in
1832 5491 1911 5530 se-

275 5544 600 5624 quentibus
624 5544 1378 5624 demanat-rabitur,nunc‘vero
1419 5547 1475 5624 in_
1523 5544 1620 5600 hoc
1663 5546 1910 5624 tractatus

278 5615 490 5674 {austri
522 5625 659 5671 statu
685 5615 918 5685 pendebit
943 5626 998 5669 ut
1029 5615 1072 5670 si
1099 5632 1188 5670 nec
1226 5616 1404 5670 localis
1432 5616 1518 5676 sit.
1544 5632 1633 5672 nec
1673 5616 1911 5686 qualitati

280 5708 357 5749 ut
366 5691 599 5801 φαιδραὶ
627 5687 815 5740 anima.

451 5757 718 5801 Mar-nar“
756 5758 815 5801 0t

449 5757 720 5827 Margar.,
756 5756 1022 5821 Quomodo
1052 5756 1229 5812 locatis
1255 5767 1344 5818 est.

377 5840 413 5881 ε
455 5829 727 5898 Margar.,
761 5842 967 5881 vacans.

626 5922 898 5985 Ps'rnon.
932 5916 1153 5985 LVIII.
