4090 6330
623 393 726 451 8ιὸ

1864 379 1918 434 8.
1963 326 2207 433 Αυετι
2246 372 2651 431 RIIEGIENSIS

3778 376 3875 432 844

625 505 807 563 ficiens
836 496 1164 570 proferamus
1190 493 1513 562 exemplum.
1550 490 1734 545 Nonne
1775 488 1951 543 anima
1981 486 2188 553 Lazari,
2218 486 2273 549 Δ
2296 499 2490 556 corpus
2521 503 2626 542 non
2678 485 2836 544 habet
2882 487 2969 544 ubi
3020 487 3284 546 inharere
3320 496 3614 565 concretio,
3649 490 3738 545 ubi
3767 490 3882 549 haec

625 603 873 656 manente
916 591 1046 656 vita,
1092 590 1230 645 intra
1280 600 1474 656 corpus
1517 583 1652 647 fuit;
1704 580 1988 638 secedente
2017 588 2195 635 autem

623 690 728 745 vita
757 687 823 742 de
852 682 1155 741 habitaculo
1200 679 1440 749 corporis
1488 676 1770 739 exsulavit,
1802 684 1854 729 et
1883 687 2092 729 rursum
2143 672 2198 726 in

622 779 924 836 exanimum
966 776 1143 832 refusa
1190 786 1406 842 corpus,
1441 770 1533 825 illo
1561 768 1698 825 unde
1744 781 1804 823 se
1830 766 2199 822 absentaverat

621 880 841 930 evocata
880 868 1172 925 remeavit?
1212 866 1361 920 Tunc
1408 877 1524 918 eam
1574 869 1825 929 tanquam
1867 871 1932 912 ex
1980 853 2198 925 hospitii

606 964 949 1027 habitatione
964 959 1259 1029 depulsam,
1278 965 1332 1011 et
1355 968 1564 1009 rursum
1585 954 1722 1007 inter
1746 949 2035 1019 hospitium
2060 946 2199 1003 unde

621 1060 996 1114 absentaverat
1024 1054 1321 1110 restitutam
1368 1048 1544 1111 vides;
1576 1056 1627 1103 et
1674 1044 1896 1099 localem
1946 1055 2050 1096 non
2080 1054 2200 1097 esse

622 1153 936 1211 contendis?
967 1151 1061 1206 sed
1086 1149 1211 1219 quid
1238 1161 1335 1215 ego
1367 1148 1482 1200 haec
1510 1144 1577 1199 de
1622 1138 1953 1209 corruptibili
1984 1136 2200 1192 homine

624 1250 853 1320 loquar?
893 1248 1025 1303 Cum
1078 1246 1165 1300 ille
1213 1243 1362 1312 cujus
1405 1256 1531 1295 caro
1580 1253 1683 1293 non
1726 1236 1859 1291 vidit
1903 1230 2201 1300 corruptio-

624 1361 770 1412 nem,
802 1339 1194 1396 immaculatam
1225 1336 1438 1406 quidem
1466 1333 1696 1388 animam
1740 1325 2060 1397 possederit,
2106 1321 2199 1377 sed

625 1436 870 1499 localem,
898 1447 1056 1502 quam
1089 1430 1268 1497 utique
1296 1428 1431 1480 intra
1457 1438 1516 1479 se
1547 1420 1748 1485 habuit,
1776 1417 1987 1488 quando
2007 1414 2201 1469 afﬁxus

626 1538 707 1584 est
739 1530 789 1582 iu
822 1525 1077 1596 patibulo,
1113 1532 1261 1585 extra
1288 1536 1345 1576 se
1376 1518 1559 1588 procul
1583 1516 1744 1572 dubio
1766 1512 1966 1576 emisit,
1989 1506 2202 1579 quando

624 1622 786 1693 iacuit
817 1622 866 1673 in
891 1618 1136 1686 sepulcro
1164 1635 1173 1666 :
1207 1611 1474 1681 quomodo
1523 1624 1629 1665 non
1660 1615 1744 1662 est
1787 1604 1991 1667 iocalis,
2041 1614 2200 1670 quam

626 1728 749 1768 caro
777 1710 1032 1770 continet,
1062 1706 1332 1776 conjungit
1353 1705 1482 1770 vita,
1512 1716 1655 1756 mors
1682 1697 1935 1768 separat?
1957 1695 2109 1763 Quod
2132 1694 2198 1758 si,

625 1814 681 1859 ut
711 1803 862 1865 dicis,
894 1801 1116 1855 localcm
1148 1798 1519 1851 necessitatem
1547 1792 1844 1847 animarum
1876 1796 2063 1842 natura
2093 1799 2198 1839 non

623 1905 649 1933 ἰ
673 1860 893 1962 recepit,
928 1906 1032 1945 non
1064 1890 1255 1944 desunt
1299 1900 1426 1956 ergo
1464 1894 1517 1941 et
1560 1884 1629 1939 de
1679 1882 1896 1952 regione
1940 1877 2195 1948 paradisi,
2229 1860 2277 1923 Β

621 1986 727 2040 illae
758 1997 878 2053 quae
909 1995 1123 2037 carcere
1151 1979 1470 2034 clauduntur
1500 1974 1739 2030 inferni?
1770 1972 1888 2038 Dic,
1918 1984 2120 2041 quaeso,
2154 1969 2199 2023 si

620 2076 819 2132 locales
840 2090 943 2129 non
975 2083 1115 2135 sunt,
1144 2071 1412 2143 quomodo
1441 2075 1748 2138 peccatores
1770 2081 1798 2119 a
1826 2063 2053 2120 coetibus
2072 2076 2199 2118 con-

619 2170 910 2239 aortiisque
938 2168 1202 2236 justorum
1230 2166 1432 2235 justum
1480 2162 1609 2217 illud
1654 2161 1821 2216 chaos
1854 2159 1990 2213 tristi
2035 2157 2200 2212 inter—

618 2264 848 2335 iectione
878 2261 1225 2325 discriminat,
1254 2268 1312 2314 ut
1352 2270 1525 2326 neque
1555 2254 1680 2309 hinc
1709 2253 1833 2309 illuc
1862 2252 2068 2321 possint
2107 2263 2197 2303 ac-

620 2357 831 2423 cedere,
864 2369 1036 2424 neque
1087 2353 1211 2407 inde
1238 2351 1345 2407 huc
1388 2347 1753 2404 transmeare?
1782 2345 1899 2401 Jam
1932 2342 2059 2399 illud
2088 2356 2201 2396 nta-

621 2448 1023 2504 nifestissimum
1054 2455 1159 2510 cst,
1182 2443 1322 2514 quod
1352 2443 1646 2513 quantitate
1666 2439 2195 2502 circumscribantur,

620 2554 741 2610 qua:
769 2538 957 2608 spatiis
991 2537 1351 2592 continentur.
1402 2534 1457 2589 Si
1489 2533 1751 2604 agnovisti
1780 2532 2012 2586 animam
2058 2531 2200 2585 loca-

618 2631 747 2697 lem,
781 2628 1015 2685 concede
1043 2641 1379 2697 corpoream.
1405 2625 1499 2681 Dic
1526 2624 1655 2680 mihi
1678 2638 1817 2679 anne
1846 2623 1955 2691 ipsa
1978 2621 2196 2691 gloriosi

618 2722 793 2779 anima
826 2720 1200 2788 Redemptoris
1229 2716 1398 2773 nostri
1429 2715 1643 2785 reliquit
1681 2714 1957 2779 mundum,
1984 2706 2197 2784 quando

616 2812 932 2871 conscendit
957 2812 1021 2868 ad
1049 2811 1283 2867 omium?

687 2908 798 2978 Ego
829 2914 1004 2961 autem
1034 2920 1102 2961 ne
1133 2904 1352 2975 angelos
1380 2903 1592 2976 quidem
1622 2903 1817 2959 locales
1844 2917 1965 2959 esse
1988 2902 2197 2958 dubita-

615 3001 804 3065 verim,
835 3013 968 3068 quos
1009 3007 1214 3055 certum
1263 3011 1405 3053 nunc
1451 2997 1505 3051 in
1553 2996 1862 3052 cmlestibus
1905 2989 2205 3061 contineri,’
2250 3058 2255 3065 ι

615 3107 759 3149 nunc
800 3107 895 3160 per
942 3091 1079 3148 aeris
1125 3105 1354 3147 vacuum
1402 3089 1554 3155 ferri,
1582 3105 1723 3145 nunc
1767 3090 1833 3145 ad
1873 3099 2084 3146 terrena
2115 3089 2195 3145 di-

616 3183 788 3247 mitti;
817 3197 950 3253 quos
971 3198 1153 3240 sermo
1175 3183 1391 3238 divinus
1411 3182 1759 3238 ascendentes
1782 3192 1833 3236 et
1862 3181 2193 3238 descenden-

616 3281 699 3330 tes
725 3246 783 3328 in
801 3246 1116 3349 patriarcha:
1142 3273 1351 3331 visione
1391 3272 1666 3340 describit,
1699 3273 1881 3343 utique
1921 3272 1967 3327 si
1998 3273 2194 3329 locales
2219 3246 2266 3310 (ἶ

616 3379 723 3422 non
753 3376 934 3421 essent
962 3374 1016 3420 et
1041 3365 1235 3433 ubique
1258 3372 1438 3422 essent
1480 3365 1670 3421 adesse
1713 3374 1875 3436 atque
1918 3365 2192 3422 discedere

616 3467 839 3513 ascensu
869 3456 1237 3526 descensuque
1266 3470 1375 3512 non
1425 3465 1660 3527 possent.
1693 3456 1810 3527 ipse
1853 3456 2194 3516 beatissimus

614 3548 854 3616 Gabriel,
886 3550 973 3619 qui
1005 3564 1064 3605 se
1099 3555 1224 3605 ante
1267 3549 1546 3605 Dominum
1586 3548 1765 3607 astare
1795 3559 2038 3617 testatur,
2071 3566 2190 3608 eum

614 3644 871 3705 caelorum
915 3644 1198 3700 Dominum
1248 3644 1427 3701 Maria:
1474 3642 1857 3703 infundendum
1899 3648 2194 3704 visceribus

612 3737 903 3805 nuntiaret,
949 3752 1178 3808 cumque
1225 3738 1324 3793 sub
1368 3738 1660 3795 Dominicas
1712 3740 1879 3795 oculis
1923 3742 2195 3811 genitricis

611 3818 907 3893 absisteret.
941 3830 1060 3886 sine
1083 3829 1248 3886 dubio
1273 3830 1412 3886 cmlo
1433 3829 1462 3871 δ
1489 3838 1625 3899 erat,
1669 3832 1838 3887 maria
1874 3847 1980 3889 non
2010 3818 2194 3903 super-

612 3922 844 3988 wlabat,
877 3936 1041 3978 vacua
1073 3931 1232 3993 atque
1276 3922 1475 3980 diffusa
1506 3925 1642 3979 vasti
1685 3926 1822 3982 aeris
1853 3942 1959 3982 non
2004 3927 2194 3997 imple—

610 4009 728 4079 bat,
759 4012 855 4069 sed
881 4012 1031 4068 illum
1059 4021 1264 4070 tantum
1292 4015 1466 4070 locum
1492 4014 1545 4069 in
1577 4030 1680 4084 quo
1704 4024 1841 4084 erat,
1871 4018 2184 4086 occupabat.

618 4115 640 4143 ο
672 4104 803 4168 Quae
830 4118 954 4158 cum
984 4104 1053 4157 ita
1086 4104 1213 4169 sint,
1243 4104 1502 4175 quidquid
1531 4105 1706 4160 locum
1736 4116 1980 4176 occupat,
1998 4122 2191 4177 corpus

615 4203 719 4256 est,
752 4194 934 4247 nescio
960 4194 1230 4262 quomodo
1258 4194 1411 4249 locali
1447 4195 1564 4265 lege
1590 4212 1695 4251 non
1724 4204 1983 4263 teneatur,
2013 4200 2102 4269 qui
2127 4199 2193 4256 de

614 4279 734 4341 loco
765 4282 832 4337 ad
858 4282 1033 4339 locum
1065 4284 1307 4347 mittitur,
1337 4293 1391 4340 et
1419 4285 1561 4340 velut
1604 4301 1797 4355 corpus
1827 4298 1973 4345 motu
2014 4303 2193 4346 acces-

613 4386 787 4443 suque
816 4374 1153 4438 transfertur,
1184 4375 1324 4431 mole
1352 4376 1649 4445 descendit,
1674 4380 1968 4437 mobilitate
1987 4382 2194 4441 discur-

612 4466 706 4530 rit,
737 4465 901 4531 vadit,
928 4465 1088 4532 redit,
1111 4466 1377 4531 absentat,
1404 4466 1701 4526 descendit.
1729 4471 1825 4528 Vel
1868 4473 1975 4543 ille,
2005 4476 2188 4542 credo,

612 4554 802 4613 localis
842 4565 947 4622 est,
982 4570 1081 4612 nec
1108 4571 1167 4612 se
1197 4558 1369 4613 solum
1399 4559 1618 4615 localem
1648 4576 1768 4619 esse
1814 4564 2067 4633 prodidit,
2099 4568 2191 4637 qui

2300 578 2415 648 ipsa
2440 580 2621 636 nescio
2639 595 2757 651 qua:
2784 581 3037 651 colligere
3067 595 3129 638 se
3157 582 3328 652 potuit
3366 578 3687 649 crassitudo,
3712 586 3759 640 si
3795 598 3880 643 se-

2300 688 2421 729 cum
2449 673 2647 743 aliquid
2682 675 2964 744 corporale
2989 675 3056 731 de
3081 676 3170 731 illa
3215 676 3419 733 cmlesti
3450 691 3573 733 arce
3593 692 3701 733 non
3730 679 3878 736 dctu-

2301 764 2391 820 lit?
2418 766 2684 832 Alienum,
2717 775 2772 821 ut
2809 767 2985 835 video,
3018 782 3214 838 corpus
3239 769 3306 824 ad
3349 777 3672 825 tormentum
3706 781 3884 841 porta-

2301 858 2405 914 bis.
2435 858 2640 928 Corpus
2667 858 2846 929 itaque
2876 874 2998 915 esse
3022 861 3182 916 etiam
3205 876 3271 917 ex
3292 876 3388 917 sua
3413 863 3714 919 assertione
3735 879 3880 920 reco-

2300 966 2515 1024 gnosce.
2547 956 2755 1024 Corpus
2784 964 2867 1011 est
2895 956 3035 1026 quod
3076 956 3326 1020 inficitur,
3378 957 3517 1026 quod
3564 956 3876 1024 maculatur,

2301 1045 2444 1114 quod
2473 1059 2785 1116 quacunque
2830 1061 2898 1103 ex
2940 1047 3212 1104 accedenti
3246 1047 3549 1117 adiectione
3575 1046 3605 1088 ιι
3637 1050 3877 1117 vq’titur.

2302 1136 2399 1192 Hic
2419 1151 2548 1207 ergo
2577 1137 2773 1197 dudum
2805 1139 3191 1209 primogenitus
3221 1140 3549 1209 angelorum,
3598 1156 3740 1198 nunc
3778 1142 3881 1213 pri-

2302 1245 2421 1285 mus
2442 1230 2613 1286 factus
2637 1240 2721 1286 est
2747 1240 2771 1269 θ
2798 1234 3160 1299 tenebrarum,
3189 1241 3243 1288 et
3270 1234 3423 1303 quasi
3449 1234 3743 1305 corporeus
3770 1235 3881 1305 pul-

2303 1323 2433 1378 cher
2475 1333 2598 1379 ante
2627 1338 2767 1379 nunc
2795 1324 3060 1393 degener;
3108 1323 3307 1379 dudum
3349 1325 3558 1381 caelesti
3598 1325 3883 1395 splendore

2302 1416 2641 1485 conspicuus,
2675 1431 2815 1473 nunc
2843 1425 2982 1473 tetro
3012 1418 3288 1473 infernalis
3310 1420 3511 1487 peccati
3541 1419 3765 1475 horrore
3789 1417 3880 1475 fm-

2302 1493 2479 1565 dat'us.
2511 1507 2715 1579 Corpus
2739 1510 2950 1579 inquam
2981 1520 3063 1566 est
3088 1508 3227 1580 quod
3261 1509 3440 1575 habet,
3468 1512 3677 1566 actione
3696 1510 3879 1580 depel-

2306 1604 2452 1673 litur,
2484 1604 2780 1675 quantitate
2829 1605 3300 1669 circumscribitur,
3334 1607 3588 1674 qualitate
3628 1614 3881 1672 mutatur,

2303 1694 2493 1751 dolore
2516 1697 2797 1751 coniicitur
2823 1714 2834 1748 ε
2861 1711 2979 1767 qua:
3006 1711 3127 1752 cum
3156 1697 3227 1751 ita
3256 1697 3505 1761 habeant,
3536 1697 3665 1766 quin
3694 1712 3881 1768 corpo-

2306 1804 2454 1845 reum
2474 1790 2661 1845 dicunt
2687 1790 2967 1845 animum?
2998 1789 3130 1845 Vide
3161 1789 3215 1845 in
3262 1804 3420 1861 quam
3469 1788 3795 1859 profundum
3831 1804 3881 1844 se

2303 1882 2506 1938 crimen
2538 1883 2878 1952 immergant.
2907 1883 3023 1938 Jam
3054 1883 3284 1953 primum
3312 1897 3433 1938 cum
3462 1892 3647 1939 auctor
3675 1884 3880 1939 univer-

2305 1977 2478 2032 sitatis
2511 1976 2647 2031 Deus
2673 1977 2853 2031 omnia
2880 1977 2930 2032 in
2956 1991 3176 2032 numero
3196 1986 3250 2032 et
3269 1976 3507 2047 pondere
3534 1977 3727 2033 fecisse
3750 1976 3881 2032 refe-

2304 2079 2470 2124 ratur.
2505 2069 2642 2139 Ergo
2668 2069 2845 2123 anima
2875 2085 2904 2123 a
2934 2069 3156 2124 materia
3198 2070 3459 2125 universa:
3498 2080 3766 2126 creatur-.c
3793 2087 3876 2127 ex-

2303 2169 2455 2230 cepta
2484 2175 2604 2215 esse
2629 2160 2864 2215 creditur
2894 2179 2905 2213 :
2934 2176 3052 2231 qua:
3080 2175 3187 2215 non
3213 2169 3295 2215 est
3323 2175 3606 2231 corporea,
3635 2177 3736 2216 nec
3757 2162 3873 2217 loca

2304 2252 2369 2307 lis
2398 2261 2497 2317 est,
2526 2252 2569 2307 si
2598 2252 2716 2307 loco
2743 2268 2851 2306 non
2887 2254 3210 2317 continetur,
3243 2267 3371 2323 ergo
3401 2254 3596 2324 ubique
3636 2254 3874 2310 din‘undi-

2305 2350 2432 2401 tur:
2456 2345 2633 2401 omnia
2659 2345 2884 2411 intrare,
2914 2344 3138 2414 implere
3168 2353 3222 2399 et
3259 2344 3455 2415 ubique
3496 2360 3736 2416 prtesens
3770 2362 3876 2403 esse

2303 2435 2516 2503 dicitur,
2563 2451 2624 2490 ac
2667 2438 2744 2492 sic
2787 2436 3019 2492 creaturi
3058 2451 3157 2492 suo
3190 2448 3434 2493 creatura
3480 2438 3801 2506 sociarctur,
3828 2449 3875 2494 et

2303 2528 2560 2599 fragilitas
2589 2529 2793 2583 auctori
2823 2542 2920 2584 suo
2949 2544 3057 2583 non
3089 2527 3199 2598 jam
3243 2542 3330 2585 res
3355 2527 3469 2596 Dei,
3497 2529 3591 2585 sed
3640 2544 3765 2599 pars
3790 2530 3872 2587 Dei

2303 2622 2616 2678 aestimanda
2641 2618 2901 2693 jungitur.
2937 2620 3069 2677 Vide
3098 2637 3203 2692 quo
3231 2629 3528 2678 assertores
3558 2637 3682 2678 suos
3725 2624 3872 2679 ducat

2302 2716 2396 2772 alti
2425 2730 2519 2786 per
2546 2716 2727 2786 lapsus
2754 2716 2973 2793 erroris.
3005 2714 3264 2786 Equidem
3293 2716 3448 2771 nobis
3477 2730 3541 2771 ea
3568 2730 3686 2787 qum
3723 2732 3869 2786 supra

2301 2825 2401 2867 nos
2432 2820 2574 2877 sunt,
2608 2810 2896 2866 invisibilia
2919 2819 3082 2875 sunt;
3113 2809 3207 2865 sed
3237 2809 3416 2865 omnia
3440 2809 3549 2878 illa,
3575 2811 3715 2866 sicut
3736 2826 3869 2865 cum-

2300 2904 2699 2976 prebensibiiia,
2728 2905 2797 2959 ita
2822 2912 2875 2960 et
2901 2895 3159 2973 corporea
3188 2912 3333 2965 suttt,
3360 2903 3450 2973 qui
3477 2918 3547 2960 ex
3576 2894 3741 2960 nihilo
3758 2902 3869 2959 fecit

2300 2998 2499 3063 omnia,
2530 3011 2648 3066 quae
2676 2994 2815 3051 sicut
2843 3011 3007 3066 opere
3035 2995 3283 3061 instituit,
3308 2996 3380 3051 ita
3411 3004 3467 3052 et
3513 2997 3733 3051 materia
3759 3011 3868 3052 cor-

2299 3090 2527 3159 poravit,
2558 3096 2611 3143 et
2637 3088 2799 3144 rebus
2830 3088 3100 3154 omnibus,
3130 3088 3272 3144 inter
3298 3103 3429 3159 quas
3458 3098 3514 3145 et
3551 3089 3721 3145 anima
3749 3102 3867 3144 cen-

2298 3191 2468 3249 setur,
2498 3183 2634 3237 sicut
2665 3180 2938 3237 distribuit
2962 3179 3172 3251 pondus
3201 3189 3253 3237 et
3280 3194 3582 3247 numerum,
3614 3182 3683 3235 ita
3707 3187 3758 3235 et
3779 3195 3866 3250 po-

2297 3274 2407 3330 suit
2450 3272 2749 3344 qualitates.
2800 3273 2946 3328 Inter
2989 3272 3103 3327 haec
3151 3271 3196 3326 si
3244 3271 3406 3341 forte,
3439 3279 3497 3326 ut
3540 3271 3731 3326 dictum
3762 3279 3861 3335 est,

2299 3367 2646 3423 asserendum
2677 3366 2867 3437 aliquis
2899 3375 3064 3436 putet.
3100 3365 3240 3438 quod
3269 3365 3356 3421 illa
3386 3365 3626 3436 angelicae
3654 3362 3859 3418 subtili.

2299 3470 2381 3518 tas
2402 3469 2607 3517 naturas
2627 3460 2854 3531 quadam
2877 3459 3194 3531 contagione
3215 3461 3360 3516 aeris
3377 3458 3525 3530 hujus
3540 3452 3868 3513 admixtione

2298 3553 2544 3621 collecta,
2575 3553 2802 3609 ﬂammis
2853 3551 3157 3608 inveniatur
3202 3550 3458 3618 obnoxia,
3498 3566 3623 3622 ergo
3651 3550 3705 3604 in
3748 3564 3873 3605 aere

2299 3648 2439 3713 solo,
2465 3656 2625 3717 prout
2667 3647 2760 3714 ait,
2790 3646 2836 3700 si
2866 3659 3082 3701 aereum
3111 3652 3214 3712 est,
3243 3644 3383 3716 quod
3413 3642 3642 3711 ardebit,
3688 3659 3793 3698 non
3820 3642 3870 3696 in

2297 3739 2412 3808 illo,
2442 3739 2537 3795 sed
2566 3746 2715 3795 extra
2746 3737 2892 3793 illum
2921 3752 3077 3807 paena
3104 3736 3410 3803 desaeviret,
3440 3735 3535 3791 sed
3564 3735 3765 3805 absque
3784 3735 3874 3790 du-

2298 3832 2388 3888 bio
2414 3848 2519 3889 non
2548 3831 2689 3886 aliud
2719 3838 2801 3885 est
2825 3844 2985 3901 quam
3032 3828 3326 3885 substantia
3356 3827 3624 3897 corporis,
3655 3827 3743 3881 ubi
3786 3826 3874 3880 do~

2299 3911 2490 3981 minari
2522 3921 2721 3993 poterit
2749 3922 2829 3978 vis
2852 3921 3070 3977 doloris.
3088 3919 3222 3975 Vide
3242 3933 3347 3990 quo
3367 3918 3549 3975 tendat
3568 3916 3875 3988 imprudens

2297 4025 2352 4073 et
2380 4016 2627 4085 imperita
2658 4012 2962 4083 persuasio,
2994 4010 3085 4081 qui
3114 4010 3488 4081 incorporeum
3539 4008 3794 4080 loquitur,
3827 4016 3875 4062 et

2294 4109 2402 4180 jam
2434 4105 3027 4177 incomprehensibilem
3072 4104 3359 4159 confitetur
3386 4119 3400 4158 :
3461 4117 3524 4158 ac
3553 4103 3632 4157 sic
3663 4101 3876 4157 condito

2297 4201 2514 4258 ascribit
2537 4202 2707 4271 operi,
2734 4197 2875 4271 quod
2901 4197 3004 4254 soli
3026 4196 3285 4267 competit
3307 4194 3610 4259 conditori;
3639 4209 3705 4248 ac
3726 4193 3876 4248 rebus

2295 4293 2488 4349 creatis
2514 4290 2871 4347 communicat
2898 4288 3171 4360 privilegia
3222 4286 3537 4357 majestatis,
3571 4293 3629 4341 et
3675 4284 3877 4341 indebi-

2296 4392 2403 4438 tam
2432 4391 2692 4439 creaturae
2720 4383 3010 4452 potentiam
3064 4394 3232 4451 usque
3261 4378 3328 4433 ad
3377 4377 3598 4433 factoris
3646 4375 3878 4433 extendit

2296 4474 2564 4544 injuriam.
2597 4473 2652 4529 Si
2698 4473 2836 4528 bene
2865 4471 3196 4542 requiramus
3234 4468 3299 4524 ad
3327 4482 3460 4538 quos
3490 4483 3681 4523 rerum
3712 4467 3880 4524 exitus

2295 4566 2532 4621 animum
2562 4564 2785 4631 referas,
2821 4563 2937 4618 haec
2967 4563 3050 4619 vel
3083 4563 3313 4617 maxime
3343 4560 3616 4615 diabolum
3651 4559 3878 4616 crudeli-

609 4660 793 4704 secum
823 4648 1030 4703 tertiam
1060 4660 1264 4718 partem
1304 4652 1580 4708 stellarum
1609 4669 1673 4710 ex
1714 4630 1830 4712 alto—
1852 4630 2190 4727 proturbatus
2220 4630 2271 4691 ί)
2296 4668 2375 4715 tas
2403 4674 2466 4715 ex
2516 4659 2603 4713 illa
2656 4630 2826 4714 beatae
2854 4657 2997 4713 sedis
3042 4657 3273 4712 statione
3296 4655 3549 4721 devolvit,
3575 4664 3633 4711 et
3664 4667 3881 4727 propter

607 4737 903 4795 abstraxit.
923 4740 1017 4796 Dic
1048 4740 1176 4795 mihi
1202 4746 1247 4797 si
1292 4757 1486 4813 corpus
1528 4761 1635 4801 non
1666 4745 1846 4815 habet,
1880 4751 1934 4805 in
1979 4751 2067 4807 illa
2097 4752 2191 4808 de-

606 4827 836 4898 jectione
862 4831 954 4899 qui
975 4832 1208 4888 decidit?
1230 4834 1359 4902 quid
1386 4835 1463 4890 illi
1487 4851 1651 4907 negas
1671 4841 2006 4909 corporalem
2036 4852 2188 4899 natu-

605 4933 747 4987 ram,
772 4921 923 4991 cujus
953 4937 1152 4993 negare
1180 4940 1285 4981 non
1314 4926 1479 4981 audes
1500 4930 1749 5006 ruinam?
1779 4932 1844 4987 Et
1863 4932 1931 4998 si,
1956 4942 2013 4989 ut
2030 4936 2184 5003 dicis,

604 5022 800 5081 corpus
848 5028 954 5067 non
1000 5014 1179 5081 habet,
1226 5016 1339 5071 'non
1383 5018 1631 5087 ardebit;
1662 5022 1751 5077 ubi
1796 5031 1972 5080 autem
2000 5015 2101 5082 nisi
2131 5028 2186 5082 in

604 5117 835 5173 corpore
862 5106 1055 5161 sentiet
1084 5107 1261 5176 ignem
1292 5108 1461 5175 illum,
1495 5112 1583 5181 qui
1616 5121 1832 5181 paratus
1863 5124 1945 5172 est
1968 5117 2184 5174 diabolo

601 5200 658 5249 et
678 5195 881 5264 angelis
907 5196 1055 5265 ejus?
1082 5196 1199 5252 Jam
1229 5198 1356 5253 illud
1388 5198 1491 5254 dici
1516 5202 1838 5270 superﬂuum
1865 5216 2014 5276 puto,
2036 5209 2181 5265 illum

600 5283 659 5342 in
681 5286 821 5343 aeris
842 5288 995 5343 istius
1015 5292 1426 5350 conversatione
1453 5295 1741 5363 quamdam
1773 5301 2180 5359 crassitudinem

606 5375 676 5432 de
717 5377 1101 5434 elementorum
1149 5382 1492 5438 concretione
1546 5388 1790 5444 traxisse.
1841 5389 1934 5446 Dic
1978 5392 2107 5449 mihi
2136 5395 2179 5449 si

674 5562 701 5631 ξ
718 5554 951 5631 «gargar.
962 5597 976 5624 ,
1002 5563 1227 5631 respicit.

668 5619 699 5661 ι’
730 5619 979 5696 Μετᾷπ.;
1009 5619 1201 5685 άεὲνάι.

594 5692 979 5821 ⁵ιιιιῖιίξθξξξσΐὲἓξέἓ
1014 5700 1139 5763 om
1168 5718 1282 5760 cum
1307 5707 1379 5761 ίία
1416 5708 1533 5776 εἶπεν
1557 5712 1643 5781 qui
1670 5711 1733 5768 de
1763 5712 1875 5770 loco
1902 5717 1971 5770 ad
1999 5716 2167 5774 locum

828 5805 840 5829 ’
867 5805 969 5821 νῦν.

672 5828 699 5870 ⁴
729 5831 985 5905 uersam,
1014 5839 1238 5897 vitiatur.

2292 4750 2395 4809 hoc
2416 4750 2589 4821 angeli
2619 4748 2850 4819 perdidit
2893 4748 3227 4818 dignitatem,
3255 4747 3381 4802 dum
3433 4760 3491 4801 se
3530 4745 3630 4800 Dci
3682 4761 3881 4816 praesu-

2291 4844 2387 4898 mit
2418 4842 2613 4898 habere
2645 4849 2908 4896 naturam.
2940 4838 2960 4878 ί
2988 4838 3133 4896 Unus
3177 4853 3302 4909 ergo
3330 4838 3468 4893 Deus
3494 4836 3879 4908 incorporeus,

2286 4936 2413 5009 quia
2456 4943 2510 4991 et
2536 4933 3111 5005 incomprehensibilis,
3162 4940 3217 4988 et
3262 4933 3456 5002 ubique
3500 4930 3783 4997 diffusus;
3821 4944 3882 4986 ex

2290 5027 2491 5083 nullius
2554 5027 2697 5083 enim
2744 5025 2964 5082 facturae
3026 5039 3252 5095 corpore
3309 5023 3588 5080 materiale
3648 5026 3885 5095 sumpsit

2292 5121 2591 5178 exordium.
2623 5120 2689 5176 Et
2718 5120 2839 5177 ideo
2879 5130 3181 5178 coaeternus
3209 5119 3376 5174 Filius
3402 5119 3581 5185 Patri,
3636 5119 3777 5189 quia
3820 5133 3880 5173 ex

2285 5213 2435 5271 nullo
2460 5224 2624 5282 opere
2651 5212 2918 5279 conditus,
2966 5212 3235 5282 nullisque
3281 5211 3444 5266 initiis
3468 5210 3882 5269 circumscribi.

2288 5312 2407 5368 tur;
2439 5317 2600 5371 super
2630 5303 2809 5358 omnia
2853 5316 2970 5373 qua
3016 5301 3177 5371 figulo
3210 5316 3307 5357 suo
3358 5299 3879 5371 comprehensibilis

2284 5405 2444 5466 atque
2487 5409 2744 5466 corporea
2774 5395 2913 5451 intra
2955 5394 3211 5450 mundum
3257 5408 3454 5464 corpus
3497 5404 3777 5465 operatus
3804 5401 3883 5453 est

2355 5589 2379 5651 ἐ
2411 5580 2494 5635 Ab
2523 5579 2626 5636 hoc
2653 5580 2819 5637 verbo
2839 5595 2961 5651 quae
2986 5589 3279 5651 sequuntur
3309 5596 3411 5638 non
3434 5592 3558 5637 sunt
3590 5582 3655 5638 in
3680 5597 3886 5641 excuso

2280 5650 2776 5776 gredgcgeb‘iargarini
2808 5650 2976 5722 usque
3007 5650 3081 5707 ad
3102 5652 3192 5708 illa
3237 5652 3396 5708 verba
3450 5653 3505 5708 in
3535 5651 3655 5711 ﬁne
3687 5671 3704 5709 :
3738 5654 3885 5712 Unas

2333 5740 2363 5779 a
2539 5739 2584 5779 ε.
3363 5740 3367 5744 λ

2278 5737 2710 5921 Ξῇἰιέἷιῗῗιὲᾳυθ
2737 5805 2840 5852 ms.
2872 5793 3041 5855 codex
3084 5792 3267 5858 habuit
3308 5807 3370 5853 ea
3401 5807 3521 5865 quae
3561 5794 3889 5874 inxvuigato
