4090 6330
284 328 384 390 845

1744 318 2123 382 EPISTOLIE.

3449 342 3557 403 846

283 447 597 515 incorporea
625 444 909 516 majestate
956 443 1288 503 diffunditur.
1340 439 1418 496 Ex
1450 439 1689 509 ingenito
1715 435 1867 506 geni-
1893 436 1947 497 Δ
1976 434 2055 492 Et
2083 453 2152 494 ne
2192 454 2343 510 spem
2392 412 2630 504 nostram
2671 444 2723 505 in
2766 451 2881 508 sola
2927 446 3047 510 ﬁdei
3092 460 3242 525 parte
3271 471 3552 528 ponamus,

284 549 384 604 tus,
420 538 473 593 id
500 547 603 607 est,
630 554 697 595 ex
718 540 900 611 Patre,
933 542 1025 598 sed
1052 554 1265 611 semper
1291 553 1412 595 cum
1446 536 1605 591 Patre
1629 532 1714 588 bis
1744 545 1863 601 quae

277 632 532 686 excitavit
561 632 624 687 e’x
659 632 853 702 nihilo,
885 636 1169 691 indiscreta
1210 632 1380 689 sancti
1421 630 1653 700 Spiritus
1692 626 1863 683 socie-

279 731 385 779 tate
418 723 743 780 dominatur.
772 726 970 782 Amen.

818 818 1151 874 EPISTULA
1190 816 1255 871 ιν
1289 826 1335 868 ει.

284 920 473 964 ηυετι
500 924 808 966 ιωεαιειεεις
834 925 1133 967 αλιιιιειυω
1164 924 1416 975 EPISCOPI,
1439 925 1506 963 AD
1536 921 1868 963 BENEDICTUI

910 998 1172 1038 pauusuu
1199 981 1248 1035 δ.

355 1093 685 1150 Admiranda
711 1095 841 1150 mihi
870 1110 1083 1166 semper
1113 1106 1324 1150 tuarum
1358 1108 1547 1165 pagina
1570 1094 1868 1148 litterarum

196 1191 203 1197 ‘
282 1201 425 1241 nunc
451 1187 809 1244 abundantius
836 1191 1046 1260 gemina
1090 1189 1287 1259 eloquii
1314 1198 1370 1245 et
1409 1188 1531 1244 ﬁdei
1573 1188 1690 1243 luce
1736 1202 1870 1257 prte-

282 1276 449 1345 fulsit,
477 1279 603 1334 dum
651 1295 814 1351 super
862 1289 1005 1337 statu
1051 1282 1246 1337 animas
1293 1292 1315 1321 ι
1345 1283 1587 1355 cogitans
1615 1321 1630 1345 ,
1678 1281 1870 1336 timore

280 1370 513 1427 sollicito
553 1372 751 1441 judicia
804 1373 980 1429 futura
1027 1375 1283 1445 suspirat.
1332 1375 1421 1430 Ait
1465 1374 1696 1445 quodam
1750 1373 1869 1427 loco

280 1478 465 1521 sermo
492 1464 702 1522 divinus
729 1479 745 1519 :
776 1466 940 1523 Recte
963 1466 1316 1539 interroganti
1344 1466 1607 1536 sapientia
1652 1473 1869 1535 reputa-

280 1557 447 1615 bitur.
480 1560 733 1627 Quzcdam
764 1562 907 1616 enim
937 1562 1176 1618 scientiae
1221 1564 1396 1631 portio
1425 1568 1528 1628 est,
1561 1562 1699 1616 scire
1730 1559 1869 1629 quod

279 1656 479 1719 nescis,
508 1662 563 1709 et
586 1669 648 1710 ea
673 1670 792 1724 qute
815 1655 1125 1724 ignoranter
1146 1668 1251 1710 non
1281 1655 1553 1722 intelligis,
1580 1653 1899 1723 prudenter-

279 1744 598 1817 inquirere.‘
630 1746 808 1802 Primo
840 1748 959 1803 loco
1009 1748 1382 1818 inquirendum
1416 1748 1645 1817 putasti;
1695 1747 1741 1803 si
1790 1748 1869 1801 in-

1970 530 2043 587 ita
2092 535 2357 591 conclusit
2394 552 2409 590 :
2458 539 2606 597 Sicut
2648 559 2831 615 corpus
2888 550 2996 604 sine
3054 551 3237 620 spiritu
3295 562 3556 610 mortuum

1967 633 2064 693 est,
2093 626 2165 680 ita
2200 635 2248 680 et
2293 628 2420 695 ﬁdes
2466 632 2575 687 sine
2610 636 2843 700 operibus
2889 648 3093 694 mortua
3129 653 3222 708 est,
3270 643 3388 700 sine
3438 647 3557 716 qui-

1971 718 2071 775 bus
2112 720 2328 777 inanem
2387 737 2508 780 esse
2576 726 2844 785 hominem
2905 732 3062 787 dixit.
3133 735 3352 793 Multum
3403 740 3556 796 simi-

1974 813 2102 869 lium
2154 816 2625 886 testimoniorum,
2695 824 2872 878 studio
2948 825 3228 882 brevitatis
3285 831 3551 891 omittam.

1971 905 2264 979 Apostolus
2303 906 2520 978 Paulus,
2561 911 2629 968 de
2671 914 2824 983 cujus
2854 924 3083 986 pectore
3121 922 3273 991 quasi
3310 924 3378 979 de
3421 933 3555 981 tem-

1974 1001 2064 1071 plo
2102 1016 2200 1057 suo
2239 1001 2496 1059 Dominus
2526 1005 2858 1079 loquebatur,
2892 1011 3132 1082 nunquid
3177 1014 3348 1070 solam
3394 1017 3558 1074 ﬁdem

1975 1096 2078 1151 sibi
2106 1094 2363 1165 judicavit
2408 1097 2474 1151 ad
2506 1098 2805 1166 superanda
2841 1102 3022 1157 mundi
3058 1105 3197 1160 mala
3230 1122 3386 1177 posse
3409 1123 3558 1165 com-

1976 1196 2183 1257 petere,
2223 1188 2293 1242 ita
2326 1188 2543 1244 dicens?
2576 1189 2771 1262 Corpus
2796 1209 2964 1247 meum
3002 1198 3194 1267 castigo
3229 1209 3275 1252 et
3309 1201 3364 1254 in
3405 1203 3561 1257 servi-

1977 1286 2133 1333 tutem
2179 1279 2390 1351 redigo,
2441 1296 2501 1335 ne
2545 1284 2675 1355 forte
2724 1299 2835 1337 cum
2884 1286 3001 1341 aliis
3049 1289 3405 1357 pratdicavero,
3451 1294 3562 1359 ipse

1976 1372 2219 1441 reprobus
2245 1371 2449 1440 eﬁiciar.
2485 1372 2625 1428 Ecce
2652 1388 2747 1443 per
2777 1377 2900 1430 vitia
2922 1380 3162 1447 corporis
3190 1382 3451 1450 reprobus
3466 1384 3563 1439 lie-

1978 1463 2024 1517 ri
2058 1464 2416 1531 pertimescit;
2433 1464 2540 1534 jam
2565 1466 2840 1534 probatus,
2869 1483 2966 1539 per
2981 1471 3255 1528 mortifera
3268 1476 3563 1531 carnalium
3606 1472 3615 1473 ί

1977 1557 2221 1627 contagia
2255 1556 2582 1625 passionum,
2611 1573 2704 1613 vas
2729 1563 3070 1619 contumeliae
3093 1564 3207 1620 ﬁeri
3229 1567 3440 1633 metuit,
3469 1568 3560 1640 qui

1974 1647 2084 1717 jsm
2114 1662 2206 1703 vas
2233 1648 2511 1704 electionis
2539 1649 2760 1707 eﬁ‘ectus
2782 1654 2897 1707 est!
2930 1654 3217 1713 Videamus
3242 1661 3285 1714 si
3309 1660 3429 1717 vitae
3451 1656 3567 1717 suai

1984 1741 2258 1812 prodigum
2286 1740 2419 1797 fides
2441 1741 2554 1798 sola
2582 1742 2863 1810 defendat;
2897 1754 2953 1801 et
2978 1746 3275 1817 baptizatus
3297 1752 3378 1822 (ut
3408 1754 3565 1826 dicis)

277 1837 656 1893 cumbcntibus
678 1846 935 1893 extremm
967 1839 1304 1894 necessitatis
1342 1840 1601 1909 angustiis
1631 1853 1873 1893 momen—
1902 1824 1951 1887 Β
1974 1832 2085 1904 jam
2112 1833 2287 1903 perire
2332 1850 2438 1890 non
2482 1835 2669 1905 possit.
2707 1838 2950 1907 Agnosco
2974 1842 3242 1909 quomodo
3283 1846 3419 1899 mala
3450 1824 3566 1901 car-

277 1942 438 1989 lanea
473 1933 783 2001 paenitentia
810 1933 1053 2002 capitalis
1084 1933 1299 1988 inimica
1333 1933 1680 2003 persuasione
1724 1947 1876 1988 men-

279 2028 437 2091 titur,
489 2030 577 2097 qui
627 2027 860 2081 maculas
910 2028 1065 2097 longa
1132 2035 1290 2082 :etate
1335 2027 1637 2082 contractas
1685 2026 1875 2082 subitis

216 2174 226 2186 ,
276 2119 445 2185 etiam
474 2118 744 2173 inutilibus
770 2118 1062 2173 abolendas
1083 2117 1371 2188 gemitibus
1412 2118 1743 2173 arbitratur:
1770 2134 1875 2188 quo
1910 2135 1933 2195 χ

278 2219 529 2281 tempore
577 2210 843 2265 confessio
886 2226 1005 2265 esse
1055 2211 1574 2280 potest,rsatislactio
1620 2225 1737 2265 esse
1768 2226 1872 2266 non

276 2311 482 2375 potest.
517 2303 647 2357 Nam
676 2302 800 2373 quia
832 2302 966 2358 Deus
990 2318 1091 2356 non
1118 2302 1394 2368 irridetur;
1439 2306 1551 2374 ipse
1579 2317 1638 2357 se
1668 2303 1877 2373 decepit

276 2394 375 2466 qui
409 2402 632 2449 mortem
662 2394 841 2449 multis
872 2393 1198 2465 temporibus
1245 2394 1393 2460 vicit,
1426 2402 1481 2450 et
1522 2394 1588 2449 ad
1632 2410 1875 2463 quaeren-

273 2486 411 2544 dam
436 2488 571 2541 viam
598 2488 704 2555 jam
732 2488 1029 2543 semivivus
1056 2489 1305 2557 assurgit,
1340 2498 1397 2542 ut
1440 2497 1563 2543 tunc
1602 2488 1875 2545 ofﬁciosus

274 2591 562 2653 appareat,
596 2581 807 2651 quando
842 2582 1124 2637 dominicae
1156 2581 1400 2635 servituti
1427 2581 1605 2635 omnia
1633 2581 1876 2649 corporis

276 2683 336 2733 et
388 2675 583 2728 anima:
628 2674 1011 2729 subtrahuntur
1052 2674 1248 2730 ofﬁcia.
1281 2673 1437 2731 Circa
1477 2674 1874 2743 exsequendum

276 2767 560 2824 interioris
589 2767 819 2823 hominis
846 2768 1128 2824 sanitatem
1149 2812 1163 2836 ,
1192 2768 1302 2822 ’non
1351 2762 1873 2836 solum'accipiendi

276 2863 556 2929 voluntas,
606 2863 699 2918 sed
730 2862 921 2933 agendi
969 2870 1309 2933 exspectatur
1351 2862 1572 2917 utilitas.
1624 2862 1695 2915 Ita
1732 2862 1873 2916 enim

276 2956 545 3028 legimus;
580 2956 642 3012 Si
661 2954 878 3028 (inquit)
905 2965 1139 3027 peccator
1160 2956 1503 3026 paenitentiam
1528 2958 1628 3027 egit
1646 2972 1739 3022 pro
1764 2972 1878 3024 pec-

276 3052 414 3106 catis
456 3051 562 3106 suis
592 3051 792 3121 (egerit,
823 3049 1163 3114 memoravit,
1196 3062 1302 3104 non
1333 3048 1505 3105 solum
1534 3047 1687 3111 dixit,
1734 3063 1867 3101 acce-

274 3143 469 3215 perit),
498 3146 550 3197 in
572 3160 690 3209 sua,
730 3141 920 3213 inquit,
941 3143 1154 3215 justitia
1190 3158 1344 3212 quam
1373 3151 1610 3213 aperatus
1639 3150 1713 3197 est
1738 3142 1871 3197 vivit.

1981 1928 2142 1993 nalia,
2185 1928 2418 1984 alienum
2442 1942 2470 1982 a
2503 1928 2615 1985 Deo
2644 1930 2839 1987 faciant
2858 1933 3213 1990 obscenarum
3243 1939 3563 2009 mancipium

1981 2019 2356 2089 voluptatum.-
2391 2019 2473 2075 Ad
2522 2019 2741 2078 Galatas
2795 2026 2870 2079 ait
2917 2026 3248 2095 Apostolus:
3291 2029 3567 2102 Manifesta

1980 2121 2098 2167 sunt
2129 2129 2284 2181 opera
2332 2116 2532 2179 ca‘rnis;
2562 2131 2677 2185 qua:
2704 2128 2843 2183 sunt,
2887 2120 3182 2189 farnicatio,
3216 2124 3563 2193 immunditia,

1981 2207 2210 2273 luxuria,
2253 2207 2603 2274 homicidium,
2643 2210 2924 2277 ebrietates,
2976 2218 3379 2283 comessationes,
3413 2228 3460 2273 et
3491 2221 3568 2275 his

1979 2300 2169 2354 similia
2186 2315 2205 2363 ;
2222 2301 2310 2370 qui
2337 2301 2463 2354 talia
2488 2302 2703 2370 faciunt,
2717 2316 2930 2372 regnum
2947 2303 3045 2358 Dei
3066 2322 3166 2360 non
3179 2320 3565 2378 consequentur.
3646 2374 3647 2379 η

1980 2390 2212 2473 ltemad
2248 2384 2511 2461 Ephesios
2542 2412 2554 2446 :
2586 2394 2765 2449 Omnis
2795 2398 3099 2465 fornicator,
3145 2411 3233 2453 aut
3256 2402 3569 2471 immundus,

1980 2492 2070 2537 aut
2098 2500 2280 2537 avarus
2310 2484 2555 2556 (quodest
2575 2486 2834 2540 idolorum
2850 2489 3087 2559 servitus)
3111 2506 3213 2545 non
3234 2492 3433 2547 habebit
3459 2493 3571 2550 lue-

1979 2578 2246 2632 reditatem
2277 2578 2328 2630 in
2356 2594 2511 2647 regno
2532 2578 2723 2633 Christi
2750 2590 2796 2635 et
2826 2582 2942 2636 Dei.
2974 2582 3104 2638 Sine
3133 2585 3298 2641 dubio
3320 2588 3570 2645 exclusus

1981 2686 2215 2742 aregno,
2262 2671 2472 2726 interno
2520 2682 2573 2726 et
2624 2674 2783 2728 morti
2812 2684 2895 2729 est
2925 2678 3339 2745 mancipandus;
3373 2682 3572 2738 multos

1980 2773 2158 2819 autem
2213 2765 2526 2833 baptizatos,
2575 2768 2719 2821 salva
2765 2763 2867 2823 li'de
2925 2769 3150 2825 diversis
3180 2774 3469 2843 generibus
3515 2776 3571 2831 in

1982 2866 2239 2911 aeternum
2272 2858 2446 2925 perire
2469 2857 2807 2913 manifestum
2857 2870 2959 2917 est.
2994 2863 3182 2932 Arguit
3222 2879 3404 2921 sermo
3431 2867 3570 2924 divi-

1982 2966 2082 3004 nus
2106 2965 2209 3005 non
2235 2958 2659 3018 transgressores
2682 2950 2826 3021 fidei,
2845 2967 2950 3009 non
2978 2955 3229 3024 baptismi
3256 2956 3568 3031 violatores,

1981 3042 2074 3097 sed
2104 3057 2197 3098 eos
2228 3043 2314 3113 qui
2341 3042 2717 3097 misericordes
2746 3058 2865 3100 esse
2886 3045 3245 3116 neglexerint,
3264 3048 3451 3105 dicens
3471 3056 3569 3124 ju-

1982 3137 2147 3190 dicari
2167 3137 2276 3191 sine
2289 3134 2637 3189 misericordia
2660 3152 2773 3189 eum
2793 3138 2880 3204 qui
2900 3152 2998 3192 non
3014 3139 3132 3209 fecit
3145 3140 3566 3199 misericordiam.

275 3208 543 3294 Advertis
592 3235 732 3307 quod
776 3208 1085 3306 liujusinodi
1130 3208 1414 3303 medicina,
1464 3236 1601 3291 sicut
1649 3251 1743 3291 ore
1782 3251 1876 3306 po-
1903 3208 1949 3271 Ο
1983 3229 2049 3287 Et
2079 3232 2305 3286 iterum:
2342 3227 2567 3295 Esurivi,
2591 3241 2635 3285 et
2663 3247 2762 3285 non
2794 3208 3021 3287 dedistis
3051 3233 3181 3289 mihi
3220 3237 3571 3305 manducare;

272 3329 505 3399 scenda,
543 3331 613 3385 ita
658 3345 820 3401 opere
866 3330 1285 3397 consummanda
1308 3332 1434 3386 est?
1474 3330 1735 3386 Insultare
1769 3330 1878 3389 Deo

273 3423 513 3480 videtur
540 3424 647 3494 qui‘
667 3424 760 3481 illo
787 3434 1026 3494 tempore
1054 3425 1118 3478 ad
1167 3424 1431 3480 medicum
1485 3426 1655 3481 noluit
1697 3426 1879 3481 venire

271 3532 399 3588 quo
427 3517 631 3586 potuit;
656 3524 709 3571 et
739 3517 998 3581 illo,tunc
1021 3518 1206 3588 incipit
1231 3520 1390 3585 velle,
1420 3535 1524 3589 quo
1555 3537 1657 3576 non
1684 3531 1876 3590 potest.

271 3612 443 3679 Opus
474 3608 653 3678 itaque
684 3617 783 3675 est,
810 3621 864 3663 ut
890 3625 1045 3679 quam
1072 3611 1124 3663 in
1151 3611 1421 3679 peccando
1457 3610 1554 3666 fuit
1579 3612 1804 3682 abrupta
1830 3623 1883 3667 et

272 3700 569 3770 vegetaad
601 3701 796 3755 malum
840 3703 1031 3756 mentis
1060 3698 1313 3768 intentio;
1349 3711 1487 3756 tanta
1518 3705 1585 3757 sit
1615 3706 1667 3758 in
1700 3706 1882 3761 vulne-

272 3807 413 3849 rum
437 3793 712 3849 curatione
732 3794 967 3850 devotio.
988 3794 1237 3851 Secundo
1254 3795 1490 3866 quaesisti
1513 3797 1653 3862 Ιυοη,
1668 3794 1693 3835 d
1709 3809 1881 3854 utrum

268 3884 408 3944 sola
439 3884 681 3954 proficiat
727 3885 793 3940 ad
846 3887 1069 3941 salutem
1117 3886 1287 3943 unica:
1333 3888 1553 3942 scicntia
1586 3888 1881 3947 Trinitatis.

268 3980 337 4037 In
374 3976 540 4034 rebus
567 3977 761 4033 divinis
788 3994 893 4034 non
925 3980 1097 4034 solum
1127 3979 1382 4036 credendi
1411 3982 1547 4035 ratio
1570 3983 1881 4051 requiritur,

266 4069 385 4130 sed
417 4070 676 4141 placendi.
700 4070 858 4131 Fides
879 4086 1007 4142 ergo
1032 4072 1170 4127 nuda
1196 4074 1421 4139 meritis,
1448 4075 1619 4129 inanis
1647 4084 1700 4129 et
1721 4091 1882 4129 vacua

267 4172 373 4223 est
398 4206 417 4231 ,
452 4164 591 4218 sicut
621 4164 906 4234 Apostolus
937 4164 1067 4219 dicit
1092 4183 1103 4218 :
1136 4164 1272 4232 Quid
1298 4168 1502 4237 prodest
1530 4168 1574 4219 si
1592 4167 1746 4233 [idem
1773 4169 1884 4232 quis

184 4248 187 4251 ’
247 4259 333 4315 ’σε
369 4256 513 4311 dicat
554 4255 771 4325 habere,
802 4272 958 4327 opera
1007 4267 1179 4309 autem
1226 4273 1328 4310 non
1373 4258 1599 4311 habeat?
1638 4255 1884 4327 Nunquid

266 4357 474 4422 potest
502 4363 720 4415 scrvare
746 4350 904 4404 eum?
933 4350 1183 4418 Sequitur
1204 4350 1344 4404 enim
1378 4368 1388 4402 :
1416 4348 1574 4405 Fides
1601 4352 1644 4404 si
1666 4367 1766 4405 non
1793 4356 1883 4403 Im-

267 4434 404 4497 beat
439 4452 611 4510 opera,
647 4451 845 4494 mortua
865 4448 937 4493 est
966 4441 1017 4493 in
1043 4441 1330 4511 semetipsa.
1358 4442 1461 4497 Sed
1491 4443 1612 4497 dicit
1642 4445 1777 4513 quis,
1806 4443 1883 4497 Tu

267 4533 451 4604 ﬁdem
480 4531 633 4585 habes
660 4540 705 4584 et
751 4548 841 4601 ego
872 4544 1026 4598 Opera
1067 4530 1269 4597 habeo;
1314 4534 1519 4588 ostende
1568 4536 1692 4588 mihi
1729 4536 1880 4603 [idem

1983 3324 2119 3379 sitivi
2160 3332 2206 3377 et
2235 3340 2339 3377 non
2364 3322 2579 3377 dedistis
2607 3324 2731 3377 mihi
2769 3323 2965 3393 bibere;
2995 3324 3179 3398 hospes
3207 3343 3368 3397 erant,
3397 3339 3446 3384 et
3472 3346 3575 3385 non

1985 3419 2213 3492 collegis!
2221 3421 2260 3474 is
2274 3436 2382 3484 nte;
2401 3419 2589 3486 nudus,
2608 3429 2654 3473 et
2672 3436 2769 3473 non
2788 3422 3057 3491 operuistis
3070 3438 3168 3477 me.
3186 3422 3242 3479 Si
3263 3423 3347 3479 hic
3367 3423 3570 3480 sinistri
3606 3452 3609 3453 ν

1985 3513 2160 3584 gregis
2192 3528 2444 3569 numerus
2467 3514 2663 3567 donum
2691 3514 3024 3582 baptismatis
3050 3516 3367 3587 ignorasset,
3384 3517 3570 3572 inlide-

1988 3606 2189 3660 litatem
2222 3607 2299 3659 eis
2343 3614 2396 3659 et
2445 3605 2773 3674 impietatem
2808 3606 3053 3674 primitus
3095 3608 3415 3678 objecisset;
3448 3610 3566 3674 sed,

1988 3698 2286 3766 baptizatos
2330 3696 2473 3762 licet,
2520 3697 2587 3749 ab
2641 3698 2892 3766 operibus
2924 3706 3101 3753 tamen
3156 3699 3309 3755 bonis
3346 3714 3567 3769 vacuos,

1990 3790 2147 3845 morti
2168 3790 2388 3858 deputat
2404 3801 2453 3845 et
2472 3790 2699 3844 ﬂammis
2719 3786 3045 3860 perennibus
3063 3792 3407 3864 derelinquit,
3422 3805 3476 3851 et
3496 3811 3575 3851 se-

1990 3884 2265 3939 veritatem
2279 3883 2558 3939 scntentite
2571 3883 2642 3936 ita
2656 3882 2953 3938 concludit:
2975 3882 3248 3949 Discedite,
3266 3885 3455 3956 inquit,
3473 3902 3575 3941 ma-

1989 3979 2183 4045 ledicti,
2210 3996 2240 4033 a
2264 3996 2340 4032 tne
2361 3979 2412 4031 in
2444 3979 2608 4048 ignem
2631 3984 2900 4046 wternum,
2926 3980 3014 4048 qui
3043 3986 3252 4049 paratus
3278 3990 3349 4033 est
3371 3979 3576 4034 diabolo

1990 4081 2037 4125 et
2065 4069 2258 4139 angelis
2276 4070 2421 4140 ejus;
2445 4079 2497 4124 ct
2521 4083 2762 4124 rursum:
2787 4067 3035 4123 Triticum
3048 4072 3367 4142 congregavit
3379 4072 3433 4125 in
3454 4072 3575 4125 hor-

1989 4181 2131 4218 reum
2150 4179 2317 4227 sttum,
2335 4163 2510 4231 paleas
2532 4175 2702 4215 autem
2718 4161 2991 4215 combussit
3012 4162 3129 4233 igne
3152 4163 3574 4235 inexslinguibili.

1991 4257 2239 4313 Similiter
2270 4256 2529 4326 (inquam)
2552 4255 2691 4308 ibunt
2718 4256 2773 4309 in
2793 4254 2947 4308 vitam
2976 4264 3239 4321 aeternam,
3263 4255 3343 4310 illi
3382 4274 3497 4310 vero
3527 4259 3577 4311 in

1988 4350 2301 4419 supplicium
2350 4358 2617 4403 wternum.
2658 4347 2799 4402 Inter
2845 4346 2961 4403 haec
3012 4347 3190 4402 videat
3234 4349 3458 4419 quisque
3508 4364 3576 4403 ne

1990 4443 2299 4499 mendacem
2330 4449 2516 4511 arguat
2544 4441 2709 4495 Deum
2729 4442 2793 4495 de
2810 4440 3198 4509 pollicitatione
3215 4443 3417 4511 prazmii
3440 4484 3456 4510 ,
3486 4445 3577 4512 qui

1991 4535 2197 4590 dubitat
2225 4535 2291 4589 de
2315 4534 2615 4588 aeternitate
2644 4533 2911 4601 supplicii.
2942 4532 3057 4587 Non
3097 4534 3170 4587 ita
3195 4542 3305 4599 est;
3337 4550 3457 4587 nam
3483 4535 3573 4602 qui

267 4637 439 4681 tuam
463 4626 571 4679 sine
601 4624 865 4693 operibus,»
900 4635 947 4678 et
976 4640 1067 4695 ego
1114 4627 1373 4680 ostendam
1406 4627 1495 4680 tibi
1539 4644 1600 4682 ea:
1648 4630 1883 4697 operibus
1914 4594 1967 4653 D
1995 4629 2141 4683 novit
2177 4627 2365 4697 punire
2398 4633 2633 4693 peccata.
2677 4623 2803 4677 Tria
2831 4623 3011 4692 itaque
3039 4624 3153 4678 time
3181 4624 3463 4693 capitalia;
3491 4640 3577 4678 sa-

269 4719 456 4789 fidem
480 4733 638 4770 nteant
654 4717 673 4769 !
700 4716 1002 4772 Secundum
1035 4717 1168 4783 haec,
1201 4716 1450 4773 sufﬁcere
1483 4734 1576 4787 per
1620 4734 1676 4774 se
1715 4721 1882 4775 solam

234 4832 235 4835 η
267 4808 673 4868 credulitatem
708 4824 813 4864 non
860 4810 1137 4879 probatur.
1191 4808 1321 4863 Nam
1353 4810 1477 4864 dum
1510 4812 1649 4866 scire
1688 4820 1741 4866 et
1766 4826 1885 4868 cre-

265 4903 425 4961 dere
450 4903 612 4958 etiam
642 4901 886 4957 diabolus
918 4901 1219 4967 invenitur;
1252 4903 1388 4957 sicut
1433 4901 1572 4957 idem
1601 4904 1887 4973 Apostolus

264 4995 428 5055 dicit
462 5013 474 5047 :
507 4994 586 5048 Tu
617 4994 783 5050 credis
810 4996 947 5065 quod
985 5010 1121 5049 unus
1150 5002 1223 5049 est
1268 4995 1429 5061 Deus,
1463 4998 1737 5067 benefacis,
1768 5014 1886 5053 nam

262 5100 323 5148 et
357 5089 631 5143 daemones
656 5086 867 5141 credunt
892 5096 937 5139 et
969 5087 1359 5142 contremiscunt
1388 5106 1407 5144 :
1437 5089 1511 5144 vis
1540 5098 1712 5145 autem
1737 5092 1882 5162 scire,

267 5201 305 5242 ο
340 5185 513 5239 homo
553 5181 738 5248 inanis,
769 5182 904 5252 quod
936 5180 1065 5252 ﬁdes
1109 5182 1218 5236 sine
1257 5184 1489 5253 operibus
1535 5196 1736 5241 mortua
1774 5189 1890 5243 est?

264 5273 562 5333 ‘Abraham
584 5284 728 5330 pater
746 5284 914 5331 noster
929 5291 1093 5330 nonne
1115 5292 1175 5331 ea;
1195 5277 1430 5346 operibus
1444 5279 1757 5351 justi/icatus
1781 5287 1891 5340 est?

418 5482 553 5538 lituo
583 5480 805 5551 epistola
838 5479 978 5549 apud
1003 5478 1271 5551 Canisium
1300 5490 1514 5537 notatur
1542 5484 1708 5539 XVII.

358 5555 389 5593 δ
430 5553 559 5607 time
587 5550 812 5621 epistola
839 5560 893 5606 et
920 5550 1342 5621 sequentiaquae
1370 5552 1728 5621 subjiciuntur
1754 5551 1904 5614 Fau?

269 5628 353 5708 sti
386 5626 841 5708 opusculan‘caute
866 5621 1117 5708 legenda,
1144 5632 1548 5708 ut‘potepp'era
1590 5627 1793 5708 rejecta
1840 5638 1894 5685 et

268 5700 554 5767 damnata
587 5711 616 5747 a
650 5694 886 5767 Romana
917 5693 1177 5748 Ecclesia.
1207 5693 1338 5767 Cum
1368 5693 1569 5764 judicio
1602 5693 1720 5766 lege
1770 5716 1917 5767 qua},

270 5769 375 5825 hic
427 5764 663 5819 Faustus
693 5764 946 5818 disserit:
983 5780 1102 5817 nam
1135 5764 1235 5818 etsi
1274 5776 1518 5819 extrema
1574 5764 1898 5826 necessitate

270 5847 681 5899 utomeutanea
727 5848 855 5891 vera
895 5834 1211 5899 poenitentia
1238 5836 1457 5892 difﬁcile
1489 5838 1772 5903 habeatur.
1805 5858 1897 5899 ve-
1918 5876 1931 5890 .

1992 4718 2293 4788 crilegium,
2337 4716 2684 4781 adulterium,
2722 4714 3113 4781 homicidium;
3141 4714 3242 4772 nisi
3276 4716 3363 4771 hic
3409 4718 3581 4785 perfe-

1995 4821 2093 4868 ctae
2116 4811 2449 4883 poenitentia:
2472 4809 2670 4864 fuerint
2694 4806 2910 4880 eitpiata
2938 4809 3216 4877 remediis,
3251 4812 3580 4881 perennibus

1998 4904 2075 4961 illi
2103 4903 2589 4960 concrcmabuutur
2620 4901 2901 4958 incendiis.
2947 4901 3053 4958 llos
3083 4902 3259 4972 itaque
3297 4905 3582 4960 immiscri-

1998 4989 2209 5062 cordes,
2248 5011 2276 5049 a
2332 4994 2435 5050 [ide
2465 5004 2516 5050 et
2542 4995 2808 5065 baptismo
2839 5009 2944 5050 non
2965 4994 3098 5066 legis
3127 4994 3449 5062 declinasse,
3484 4998 3579 5053 sed

1998 5098 2309 5163 perpetuam
2339 5095 2565 5142 mortem
2589 5085 2768 5142 divina
2799 5087 3080 5157 cognoscis
3107 5089 3430 5144 auctoritate
3461 5105 3580 5144 me-

1996 5184 2190 5241 ruisse.
2211 5182 2277 5237 Et
2299 5182 2401 5238 hoc
2422 5183 2583 5238 etiam
2606 5180 2840 5236 animum
2866 5188 3014 5235 tuum
3036 5180 3258 5250 provida
3281 5181 3333 5236 in
3347 5181 3585 5237 futurum

1998 5295 2127 5338 cura
2150 5276 2432 5345 sollicitat;
2459 5282 2639 5331 utrum
2662 5273 2855 5330 animae
2876 5278 3050 5330 exutae
3071 5287 3319 5345 corpore,
3349 5274 3583 5331 sentien-

2000 5503 2113 5544 ram
2146 5496 2320 5542 tamen
2351 5493 2406 5541 et
2450 5480 2743 5555 legitimam
2785 5480 3049 5555 interdum
3083 5490 3407 5555 possetunc
3448 5495 3582 5555 con-

2000 5560 2205 5629 tingere
2255 5556 2430 5629 nullus
2468 5550 3100 5629 unquamhortlt‘oﬁdoxus
3139 5550 3417 5629 dubitavit.
3448 5551 3583 5607 Vide

2002 5622 2264 5686 Dominic.
2299 5627 2427 5683 Soto
2456 5627 2487 5679 4
2514 5631 2678 5688 sent.,
2709 5623 2839 5678 dist.
2874 5622 2955 5689 l9,
2985 5639 3040 5694 q.
3068 5622 3124 5687 2,
3156 5630 3257 5677 art.
3286 5625 3340 5679 6.

2082 5711 2102 5739 ε
2129 5699 2278 5767 Alias
2306 5698 2493 5767 regitat
2521 5707 2566 5751 et
2597 5697 2809 5767 timore.

2076 5769 2103 5807 ά
2133 5762 2302 5830 Alias,
2344 5762 2646 5835 u'trunrsola
2677 5766 2886 5835 sufﬁciat
2907 5766 2975 5820 ad
2996 5765 3210 5819 salutem
3239 5765 3362 5832 ﬁdes
3384 5781 3447 5820 ea:
3474 5771 3587 5820 unt.

2011 5849 2109 5897 tate
2133 5840 2460 5895 scientia.....
2491 5834 2650 5893 Fides
2669 5834 2779 5893 sola
2802 5854 2903 5892 non
2932 5836 3134 5905 proﬁcit
3162 5837 3229 5891 ad
3250 5837 3485 5895 salutem.
