4090 6330
558 372 563 379 -
651 333 752 390 847

1869 324 1923 379 S.
1968 321 2211 380 FAUSTI
2251 316 2657 377 RHEGIENSIS

3799 320 3888 377 843

566 502 571 505 .
651 452 702 509 di
744 458 797 506 et
827 447 1152 517 intelligendi
1198 446 1431 514 vigorem
1476 400 1835 508 afﬂictumque
1864 453 1970 493 non
2011 446 2228 495 exuant.
2259 440 2314 500 Α
2337 438 2462 507 quid
2487 438 2614 493 illud
2643 439 2712 492 sit
2741 437 2884 508 quod
2912 452 3033 493 cum
3065 443 3288 509 uterque
3329 437 3489 492 homo
3518 436 3594 509 (id
3623 444 3708 491 est
3732 437 3889 495 anima

649 541 1039 609 lnterrogemus
1069 536 1287 592 divitem
1311 534 1462 589 illum
1490 546 1554 586 ex
1579 530 1870 601 Evangelio
1893 546 1999 586 non
2028 530 2080 585 in
2122 539 2231 586 ter-

556 672 565 677 -
646 634 719 688 ris
744 632 939 695 aureis,
973 637 1031 684 ut
1077 637 1353 699 poetarum
1383 624 1732 680 deliramenta
1773 631 2043 689 asserunt,
2073 622 2230 677 ober-

556 766 567 772 .
646 733 891 789 rantem;
923 722 1018 778 sed
1069 722 1123 777 in
1158 720 1349 775 inferni
1392 732 1632 783 carcere,
1657 731 1724 772 ex
1763 715 1972 772 illorum
2004 730 2229 771 numero

561 868 571 878 .
646 818 736 887 qui
788 816 978 871 inclusi
1012 827 1226 884 poenam
1275 817 1613 880 exspectant,
1648 809 1797 862 inter
1815 808 2060 863 ﬂammas
2099 800 2228 861 con-

647 909 885 965 scientiae
914 916 1038 961 ante
1067 906 1208 961 diem
1238 903 1423 974 judicii
1451 901 1817 965 conStittitum,
1853 914 1948 968 pro
1981 901 2222 964 fratrum,

647 1001 738 1071 qui
766 996 941 1055 adhuc
968 999 1019 1053 in
1042 998 1142 1053 hoc
1167 997 1367 1052 mundo
1409 1003 1579 1059 erant,
1613 993 1989 1048 emendatione
2026 992 2225 1047 sollici-

650 1101 784 1155 tum,
815 1087 1049 1159 colloqui
1094 1102 1216 1142 cum
1242 1084 1534 1161 Abraham,
1581 1097 1674 1152 per
1694 1082 2031 1151 interjectum
2061 1083 2226 1136 chaos

554 1228 561 1234 .
649 1184 1011 1240 vastissimum
1061 1180 1300 1236 sedulam
1349 1177 1770 1233 obsecrationem
1804 1176 2138 1241 miscentem,
2170 1182 2225 1228 et

648 1276 822 1332 viv;tci
860 1288 1238 1345 germanorum
1297 1268 1665 1343 recordatione
1707 1268 1991 1336 pulsatum,
2017 1267 2087 1320 ita
2126 1280 2224 1335 pro

648 1368 945 1424 viventibus
972 1365 1300 1435 supplicassc
1326 1379 1339 1415 :
1375 1363 1514 1431 Rogo
1531 1370 1599 1426 te,
1624 1362 1861 1428 inquam,
1888 1367 2032 1428 pater
2048 1356 2211 1409 Abra-

647 1462 786 1528 ham,
816 1470 871 1514 ut
898 1460 1067 1513 mittas
1094 1457 1348 1511 Lazarum
1388 1455 1442 1507 in
1477 1454 1682 1506 domum
1708 1452 1867 1517 patris
1897 1450 2024 1513 mei;
2062 1447 2223 1501 habeo

648 1556 787 1609 enim
812 1554 1033 1625 quinque
1055 1555 1256 1622 fratres,
1290 1558 1344 1600 ut
1385 1545 1673 1614 testiﬁcetur
1701 1543 1825 1608 illis,
1851 1559 1913 1596 ne
1936 1550 1982 1595 et
2008 1540 2109 1609 ipsi
2134 1555 2224 1593 ve-

556 1682 557 1685 η
646 1649 787 1700 uiant
814 1647 864 1697 in
887 1645 1017 1697 hunc
1048 1642 1623 1699 locumtormentorum,
1655 1644 1700 1687 et
1729 1635 1771 1687 si
1801 1635 1887 1704 qui
1920 1650 1982 1687 ea:
2008 1636 2233 1687 mortuis

645 1739 761 1792 ierit
790 1735 856 1789 ad
882 1751 984 1800 eos,
1012 1731 1350 1802 paenitentiam
1373 1739 1519 1800 agent
1552 1728 1701 1798 (Luc.
1736 1724 1865 1797 xw).
1896 1728 2034 1782 Ecce
2065 1727 2115 1781 in
2140 1729 2220 1782 in-

2330 541 2385 589 et
2404 532 2623 602 corpus)
2647 530 2819 587 adhuc
2848 531 2903 586 in
2931 530 3164 601 paradisi
3194 530 3412 600 regione
3436 528 3657 585 diabolo
3689 542 3890 600 persna-

2329 623 2487 680 dente
2516 624 2816 695 deliquerit,
2855 623 2971 678 sola
3001 638 3127 679 caro
3172 638 3271 693 per
3290 618 3676 694 {conditionem
3719 620 3889 679 mortis

2330 716 2580 791 mulctaut
2626 715 3067 786 transgressionis
3118 714 3412 785 exceperit,
3452 724 3507 770 et
3554 715 3703 768 circa
3748 712 3892 769 unius

2329 822 2562 879 ptenam,
2594 808 2911 864 remanserit
2959 807 3116 877 culpa
3144 806 3463 863 communis.
3505 804 3797 861 Sciendum
3822 820 3891 861 cr-

2327 916 2394 971 go
2420 910 2503 956 est
2545 901 2684 971 quod
2728 901 2851 957 ideo
2895 915 3040 956 mors
3068 899 3135 955 ad
3166 900 3397 955 animam
3442 913 3549 954 non
3579 898 3887 968 pervenerit,

2326 992 2448 1063 quia
2488 994 2540 1047 in
2569 1008 2629 1047 ea
2657 992 2912 1047 Dominus
2941 980 3226 1062 imaginem
3254 1006 3405 1046 suam
3429 998 3485 1046 et
3501 989 3887 1045 similitudinem

2326 1085 2630 1139 collocavit.
2682 1083 2814 1138 Nam
2862 1086 2998 1157 sicut
3025 1083 3163 1139 Deus
3194 1080 3537 1148 immortalis,
3578 1078 3884 1142 misericors,

2321 1173 2497 1243 justus
2519 1184 2570 1229 et
2603 1175 2807 1242 patiens
2835 1181 2937 1239 est,
2970 1174 3043 1228 ita
3090 1172 3275 1227 harum
3302 1172 3441 1228 dona
3462 1170 3724 1226 virtutum
3751 1171 3803 1225 in
3828 1170 3886 1224 fa-

2324 1264 2462 1320 ciem
2485 1276 2721 1343 nostram
2759 1264 3070 1319 interiorem
3095 1262 3287 1320 infudit
3315 1280 3328 1317 :
3357 1272 3414 1318 ut
3436 1271 3640 1333 quanto
3680 1262 3885 1333 quisque

2326 1358 2494 1426 magis
2519 1355 2692 1426 justus
2741 1367 2797 1412 et
2837 1356 3006 1426 magis
3039 1355 3345 1411 misericors
3374 1355 3699 1421 exstitisset,
3757 1360 3885 1408 tanto

2326 1449 2495 1519 magis
2524 1448 2719 1503 divinae
2757 1448 3178 1523 participationis
3210 1462 3431 1502 munere
3454 1445 3714 1516 praeditus
3751 1444 3803 1499 in
3824 1444 3884 1498 in-

2327 1541 2521 1596 teriore
2552 1540 2765 1596 homine
2792 1548 3075 1611 appareret
3123 1538 3361 1595 habitare
3405 1537 3680 1594 Christum
3702 1551 3795 1606 per
3832 1535 3882 1589 ft-

2329 1631 2471 1686 dem.
2531 1634 2829 1703 lnterrogas
2875 1637 3035 1687 etiam
3080 1646 3176 1687 cur
3227 1631 3419 1686 anima:
3445 1646 3569 1686 cum
3598 1644 3763 1685 carne
3783 1644 3881 1695 sua,

2327 1724 2527 1793 aliquid
2554 1740 2649 1794 pro
2691 1725 2954 1794 corporali
2994 1738 3178 1780 errore
3207 1737 3492 1779 commune
3513 1722 3606 1789 sit,
3633 1722 3772 1778 sicut
3798 1721 3884 1776 ori.

552 1872 559 1877 .
648 1829 777 1884 lenti
804 1827 1046 1897 angustia
1077 1825 1378 1887 damnatus,
1401 1821 1729 1889 nullumjam
1756 1820 1821 1873 de
1848 1834 1905 1874 se
1927 1819 2220 1874 remedium
2254 1806 2301 1866 Β
2327 1816 2504 1886 ginale
2551 1825 2823 1886 peccatum
2850 1856 2866 1882 ,
2911 1832 3006 1885 pro
3051 1817 3253 1871 unitate
3301 1815 3598 1886 corporalis
3646 1812 3880 1884 hospitii,

646 1920 871 1982 habens,
897 1926 1072 1971 tamen
1103 1918 1379 1984 antiquum
1406 1913 1457 1967 in
1490 1912 1680 1967 fratres
1730 1920 1907 1966 servat
1934 1913 2180 1966 allectum
2207 1929 2221 1976 ;

646 2021 701 2069 et
731 2012 855 2066 dum
885 2010 1165 2065 damnatus
1180 2024 1275 2077 pro
1294 2006 1663 2077 peccatoribus
1686 2013 1856 2074 rogat,
1882 2020 2124 2074 magnam
2146 2004 2225 2059 in-

646 2115 728 2158 ter
756 2100 984 2172 paradisi
1008 2114 1226 2155 nemora
1250 2097 1632 2168 respirantibus
1654 2096 1831 2165 justis,
1856 2112 1951 2165 pro
1977 2110 2223 2150 carorum

550 2248 553 2253 .
645 2210 867 2251 suorum
901 2192 1199 2248 commodis
1225 2206 1407 2259 curam
1431 2204 1549 2244 esse
1579 2188 1931 2243 demonstrat.
1955 2186 2106 2254 Quod
2131 2179 2224 2241 au-

646 2300 751 2343 tem
776 2286 1001 2355 requiris
1036 2302 1048 2338 :
1081 2284 1206 2353 quid
1259 2282 1384 2336 mali
1416 2292 1533 2350 post
1580 2279 1739 2334 linem
1789 2288 1880 2333 aut
1930 2278 2084 2333 detur
2132 2286 2225 2331 aut

647 2381 908 2432 adimatur
963 2376 1188 2443 iniquis,
1245 2372 1312 2427 de
1353 2372 1541 2441 quibus
1586 2370 1849 2439 legimus,
1901 2367 2224 2423 Desiderium

552 2518 557 2523 .
646 2476 966 2537 peccatorum
995 2466 1194 2535 peribit.
1215 2474 1239 2499 υ
1262 2463 1619 2519 Terrenorum
1645 2460 1933 2531 cupiditate
1962 2460 2224 2516 bonorum

647 2568 701 2614 ct
729 2557 1020 2617 ambitione
1049 2556 1313 2619 submota,
1340 2553 1511 2609 solum
1545 2551 1829 2608 reddenda:
1852 2552 2073 2607 rationis
2097 2567 2226 2620 pou-

550 2712 553 2719 ν
646 2649 767 2715 dus,
800 2658 855 2703 et
883 2654 1058 2722 metus
1087 2644 1410 2701 intoleraudi
1450 2644 1751 2710 examinis;
1790 2658 1890 2699 nec
1917 2642 2228 2699 auferantur

554 2794 557 2799 ,
646 2756 855 2804 sensus,
878 2738 976 2794 sed
996 2738 1373 2808 cogitationem
1399 2737 1618 2792 alterius
1646 2736 1827 2792 saeculi
1860 2736 2029 2806 magis
2060 2751 2226 2806 expe-

552 2894 555 2897 _
647 2831 743 2886 diti
768 2830 1067 2899 alacrisque
1100 2828 1343 2885 reddent.
1377 2828 1530 2894 Quod
1575 2837 1753 2882 autem
1782 2827 1849 2882 de
1878 2827 1992 2897 ipsa
2026 2828 2222 2893 anima,

647 2933 821 2978 utrum
861 2935 1118 2990 corporea
1162 2934 1231 2975 an
1259 2920 1573 2989 incorporea
1618 2920 1688 2974 sit
1719 2918 1958 2988 postulas
1987 2918 2223 2974 edoceri.

552 3080 559 3083 _
647 3014 829 3083 Itaque
858 3012 998 3083 quod
1030 3010 1362 3081 temporibus
1395 3025 1501 3065 non
1542 3009 1830 3064 includitur
1860 3023 1959 3064 nec
1982 3008 2223 3064 locorum

648 3106 888 3183 terminis
910 3113 1186 3160 coercetur
1217 3102 1383 3172 (quod
1410 3103 1510 3156 soli
1533 3102 1643 3157 Deo
1673 3103 1948 3172 competit)
1982 3102 2085 3156 hoc
2108 3112 2222 3155 tan-

2330 1919 2614 1979 utrutnque
2640 1910 3008 1980 complectitur
3044 1922 3156 1979 par,
3190 1910 3348 1965 modo
3369 1918 3601 1979 uterque
3631 1907 3684 1962 in
3710 1922 3876 1978 pecca-

2331 2012 2503 2057 torutn
2534 2002 2789 2057 societate
2816 2003 3231 2072 constringatur.
3262 2002 3338 2057 Ita
3366 2003 3513 2058 enim
3545 2004 3597 2056 iu
3619 2000 3882 2057 criminum

2330 2093 2737 2165 participatione
2768 2109 2870 2147 una
2895 2108 3056 2148 causa
3081 2102 3182 2159 est,
3208 2093 3343 2148 sicut
3373 2092 3428 2146 in
3445 2093 3699 2147 virtutum
3726 2106 3881 2146 remu-

2329 2188 2606 2245 neratione
2633 2202 2726 2257 par
2755 2186 2923 2257 gloria
2969 2198 3072 2241 est.
3105 2186 3381 2256 Nunquam
3408 2188 3556 2241 enim
3581 2184 3812 2240 exterior
3837 2184 3880 2236 in

2329 2282 2602 2337 baratrum
2632 2280 2859 2334 luxuria:
2886 2280 3121 2345 caderet,
3146 2278 3248 2333 nisi
3275 2280 3322 2335 ei
3350 2292 3669 2333 consensum
3700 2276 3879 2345 prabe

2329 2383 2413 2429 ret
2433 2372 2669 2428 interior.
2706 2374 2811 2427 l\os
2836 2372 2979 2440 ipsos
3009 2372 3415 2442 interrogemus,
3449 2380 3504 2426 et
3534 2371 3670 2425 inter
3689 2384 3785 2424 nos
3805 2384 3880 2439 ρο·

2330 2466 2556 2521 terimus
2584 2479 2895 2534 agnOscere,
2923 2466 3061 2532 quod
3090 2481 3240 2520 meus
3266 2464 3535 2520 dominica
3563 2474 3771 2520 exemit
3795 2464 3879 2517 itu-

2332 2560 2559 2630 perium,
2602 2568 2657 2613 et
2697 2572 2822 2612 caro
2871 2557 3106 2626 subjecta
3154 2555 3500 2620 famulatum;
3542 2556 3653 2611 lucc
3687 2554 3879 2610 exhibet

2330 2650 2705 2715 ministerium,
2735 2650 2823 2704 illa
2869 2650 3148 2704 consilium
3186 2667 3197 2701 :
3240 2649 3545 2704 obedientia
3589 2663 3620 2702 a
3647 2647 3877 2703 servitute

2329 2741 2706 2808 cessaretfnisi
2738 2740 2982 2796 voluntas
3011 2755 3040 2793 a
3062 2740 3282 2810 jubentc
3307 2741 3640 2809 procederet.
3665 2739 3878 2794 Similem

2328 2848 2553 2891 necesse
2588 2843 2669 2888 est
2714 2833 3071 2889 conditionem
3103 2833 3152 2887 in
3193 2832 3537 2887 damnatione
3562 2839 3876 2901 cognoscant,

2329 2926 2419 2995 qui
2448 2936 2632 2980 contra
2654 2926 2816 2980 simul
2838 2926 2890 2978 in
2914 2924 3263 2980 retributione
3286 2923 3619 2994 gaudebunt.
3646 2921 3776 2976 Dicis
3796 2922 3878 2974 ad-

2330 3020 2455 3085 huc,
2479 3027 2707 3099 quaeest
2733 3018 3079 3086 immortalis,
3127 3016 3393 3087 quomodo
3451 3032 3551 3087 pro
3597 3013 3877 3071 mortalibus

2330 3112 2473 3165 vitiis
2527 3120 2859 3180 torqueatur.
2904 3110 3142 3166 Mortalia
3182 3110 3399 3181 quidem
3456 3109 3592 3163 mala
3634 3116 3766 3171 sunt,
3793 3105 3879 3158 sed

554 3254 555 3257 η
649 3206 773 3252 tum
803 3200 1177 3266 incorporeum
1215 3210 1336 3251 esse
1364 3210 1649 3264 cognosce.
1679 3195 1828 3250 Sicut
1857 3212 1995 3251 unus
2035 3196 2225 3252 doctor
2250 3180 2297 3242 (ἶ
2329 3203 2648 3261 immortalis
2690 3206 2792 3258 erit
2832 3203 3100 3257 cruciatus
3148 3180 3435 3265 malorum,
3487 3210 3541 3257 et
3585 3200 3879 3256 delictorum

649 3288 878 3347 eximius
906 3287 1109 3342 diserte
1134 3285 1345 3341 cuidam
1395 3284 1688 3340 sciscitanti
1731 3285 1820 3339 ubi
1870 3294 2013 3340 esset
2060 3286 2221 3351 Deus,

650 3381 926 3450 respondit
956 3380 1026 3433 ita
1047 3394 1061 3431 :
1080 3378 1217 3431 Deus
1243 3389 1349 3430 non
1376 3375 1571 3430 alicubi
1595 3385 1697 3443 est,
1727 3376 1866 3444 quod
1900 3376 2096 3431 alicubi
2119 3387 2221 3445 est,

649 3474 950 3533 continetur
968 3471 1109 3540 loco,
1132 3468 1271 3543 quod
1292 3468 1594 3526 continetur
1621 3469 1737 3526 loco
1753 3484 1946 3541 corpus
1971 3481 2070 3530 est.
2095 3472 2224 3539 Qum

648 3585 771 3627 cum
800 3571 870 3623 ita
894 3568 1023 3634 sint,
1058 3565 1233 3621 omnis
1261 3579 1386 3619 caro
1426 3579 1641 3634 corpus,
1691 3580 1795 3619 non
1828 3582 1986 3620 omne
2030 3580 2226 3635 corpus

556 3650 557 3653 η
648 3674 727 3721 est
758 3677 903 3719 caro.
936 3661 1000 3715 Et
1025 3661 1147 3730 quia
1167 3673 1274 3714 non
1304 3658 1477 3713 solum
1506 3659 1705 3726 anima,
1732 3658 1824 3713 sed
1854 3658 2014 3714 etiam
2060 3674 2222 3729 ange-

554 3746 557 3747 r
648 3758 819 3812 lorum
853 3753 1132 3810 invisibilis
1152 3752 1494 3821 coelestisquc
1521 3751 1838 3819 substantia,
1868 3752 2007 3807 sicut
2044 3751 2224 3806 locali-

648 3849 748 3904 bus
776 3848 962 3917 Spatiis
999 3846 1326 3915 continetur,
1358 3846 1426 3899 ita
1454 3854 1672 3900 auctore
1700 3860 1797 3900 suo
1822 3860 2082 3913 corporea
2104 3860 2224 3900 esse

647 3937 675 3979 ι’
702 3948 757 3995 et
782 3937 1280 4009 comprehensibilis
1307 3937 1653 4007 approbatur.
1681 3937 1816 4005 Quid
1845 3947 1926 3992 est
1946 3939 2088 3993 enim
2120 3939 2223 3993 nisi

645 4047 985 4101 corporeum,
1016 4030 1155 4099 quod
1197 4030 1263 4085 de
1314 4032 1561 4099 superuis
1590 4031 1809 4086 sedibus
1858 4032 2220 4099 perturbatum

645 4125 766 4177 loco
791 4122 992 4176 cessit?
1038 4122 1166 4191 quid
1216 4132 1297 4177 est
1334 4122 1475 4191 quod
1505 4124 1671 4176 sensit
1701 4124 1938 4177 ruinam?
1966 4123 2093 4191 quid
2143 4133 2225 4178 est

650 4215 793 4285 quod
821 4224 1037 4268 :eternae
1062 4213 1289 4267 flammae
1324 4214 1613 4268 obnoxium
1656 4224 1986 4283 pra-paratur
2013 4214 2077 4268 ad
2108 4229 2220 4283 pm-

655 4324 776 4363 nam
800 4308 823 4360 ?
849 4306 956 4361 Sed
981 4315 1037 4359 et
1062 4306 1175 4375 ipse
1203 4308 1391 4360 beatus
1420 4306 1650 4360 Lazarus
1677 4316 1793 4375 post
1816 4306 2023 4375 linguas
2047 4305 2219 4359 famu-

646 4399 869 4454 lantium
915 4412 1107 4452 canum
1153 4406 1436 4466 susceptus
1486 4398 1733 4452 manibus
1785 4399 2114 4468 angelorum,
2156 4399 2223 4453 de

579 4518 588 4527 -
644 4486 751 4562 quo
778 4491 1027 4560 legimus,
1076 4488 1297 4544 Factum
1347 4498 1418 4543 est
1474 4499 1528 4542 ut
1570 4505 1845 4544 moreretur
1874 4491 2133 4546 mrndicus
2176 4501 2223 4545 et

2328 3295 2619 3361 cruciatus,
2639 3293 2781 3350 vitiis
2798 3292 3189 3361 deficientibus,
3209 3293 3604 3363 permanebunt.
3622 3290 3879 3345 Meliorem

2329 3387 2607 3443 materiam
2653 3386 2723 3440 ita
2782 3385 3001 3442 inferior
3047 3379 3304 3441 traditura
3346 3385 3532 3454 judicio
3576 3392 3692 3451 est,
3740 3382 3878 3435 sicut

2328 3479 2550 3537 conﬂari
2607 3493 2793 3533 aurum
2848 3478 3046 3547 plumbi
3094 3478 3369 3548 compellit
3414 3475 3675 3533 admixtio.
3717 3474 3883 3527 llomo

2329 3590 2456 3643 ergo
2486 3587 2581 3643 pro
2612 3570 2927 3627 mortalibus
2960 3569 3115 3626 malis
3151 3571 3445 3626 moriturus
3470 3581 3553 3625 est
3593 3569 3713 3633 Deo,
3736 3576 3786 3621 et
3813 3565 3882 3617 vi-

2328 3678 2511 3721 cturus
2542 3666 2749 3720 inlcrno
2783 3683 2795 3716 ;
2828 3664 2941 3719 haec
2967 3665 3066 3719 erit
3094 3664 3236 3720 illius
3276 3678 3445 3731 mors,
3477 3671 3534 3717 ut
3569 3662 3697 3717 mori
3739 3660 3784 3714 ei
3810 3659 3881 3713 ‘in

2327 3759 2513 3815 dolore
2536 3772 2642 3813 non
2683 3756 2860 3812 liceat.
2892 3757 3149 3812 Extendis
3197 3758 3247 3812 in
3279 3757 3380 3813 hoc
3410 3752 3879 3828 quoque'sollicitn-

2328 3851 2507 3905 dinem
2537 3855 2703 3912 tuam,
2738 3857 2912 3902 utrum
2934 3849 3109 3902 anima
3138 3857 3191 3902 et
3218 3849 3435 3917 spiritus
3481 3848 3620 3903 idem
3656 3847 3773 3909 sint,
3798 3852 3882 3897 aut

2327 3941 2595 4013 quomodo
2626 3940 3013 4011 segregentur?
3044 3941 3181 3995 Duas
3212 3950 3417 3996 tantum
3443 3941 3495 3996 in
3522 3941 3743 4003 homine,
3772 3938 3878 3990 ani-

2327 4050 2428 4089 ma:
2456 4039 2511 4089 'et
2539 4032 2786 4103 corporis
2813 4033 3117 4089 noverimus
3140 4049 3260 4088 esse
3288 4034 3649 4099 substantias;
3676 4031 3881 4102 spiritus

2326 4136 2507 4183 autem
2531 4141 2670 4181 nunc
2699 4125 2955 4180 naturalis
2979 4126 3252 4195 probatur,
3283 4142 3425 4181 nunc
3462 4126 3713 4182 accedens
3738 4124 3880 4177 inve-

2328 4204 2493 4286 nitur,
2522 4218 2805 4300 aliquando
2836 4217 3028 4272 virtute
3060 4217 3362 4287 intelligitur
3383 4218 3646 4288 appetitus
3665 4226 3715 4271 et
3731 4214 3882 4283 spiri-

2328 4311 2449 4365 talis
2495 4310 2734 4368 allectus.
2788 4314 2899 4369 Hoc
2944 4328 3159 4383 genere,
3214 4307 3350 4368 unus
3377 4321 3540 4383 atque
3569 4312 3700 4366 idem
3729 4309 3885 4362 homo

2327 4417 2467 4458 nunc
2490 4406 2741 4471 carnalis,
2773 4420 2913 4459 nunc
2946 4407 3104 4459 etiam
3142 4414 3195 4459 et
3233 4404 3487 4473 Spiritalis
3523 4412 3619 4458 cst.
3646 4400 3886 4456 Carnales

2327 4501 2451 4549 sunt
2474 4493 2541 4548 de
2565 4495 2759 4564 quibus
2784 4496 2858 4549 ait
2890 4495 3145 4549 Dominus
3171 4512 3184 4548 :
3211 4494 3330 4549 Non
3359 4494 3659 4564 permanebit
3682 4492 3887 4560 spiritus

644 4574 938 4659 portaretur
974 4584 1037 4638 ab
1088 4584 1284 4655 angelis
1311 4586 1364 4638 in
1406 4585 1576 4638 sinum
1616 4583 1874 4640 Abralue:
1906 4599 2221 4653 corpoream
2249 4560 2303 4623 Ῑ)
2328 4603 2468 4642 meus
2514 4560 2895 4641 iit-Itominibus
2948 4588 3079 4653 istis,
3101 4588 3221 4657 quia
3245 4560 3368 4641 caro
3379 4597 3498 4641 sunt
3521 4585 3666 4659 (Cen.
3692 4583 3806 4653 nt);
3837 4590 3887 4635 et

644 4694 769 4737 esse
822 4678 1003 4734 docuit
1056 4677 1287 4731 animam
1335 4690 1507 4743 suam,
1542 4675 1665 4729 dum
1716 4676 1768 4729 in
1795 4676 1967 4730 sinum
1994 4675 2221 4731 Abrahae

649 4773 726 4842 (id
752 4782 853 4837 est,
878 4772 930 4825 in
969 4779 1236 4825 remotum
1282 4769 1603 4839 beatumque
1643 4769 1931 4837 secretum)
1971 4769 2222 4839 angelicis

646 4863 873 4918 infertur
901 4861 1191 4930 obsequiis.
1228 4860 1304 4914 De
1327 4861 1503 4914 anima
1526 4870 1700 4914 autem
1740 4874 1835 4914 sua
1854 4868 2070 4915 sanctus
2097 4858 2222 4930 pro-

642 4959 806 5027 pheta
836 4955 1159 5025 pronuntiat,
1196 4954 1325 5007 cduc
1355 4954 1416 5007 de
1457 4970 1658 5007 carcere
1700 4956 1923 5007 animam
1949 4971 2132 5019 meam,
2166 4954 2219 5009 id

642 5058 744 5114 est,
798 5048 867 5104 de
913 5046 1134 5116 hospitii
1170 5046 1465 5114 corporalis
1510 5047 1786 5116 angustiis.
1843 5046 1965 5101 ldeo
2016 5046 2217 5103 factura

583 5192 591 5198 .
634 5130 779 5211 ejus,
812 5154 931 5209 qua:
956 5137 1041 5194 vel
1071 5146 1409 5207 peccatorum
1432 5125 1624 5205 jaculis
1650 5138 1977 5203 vulneratur,
2004 5138 2087 5193 vel
2128 5154 2217 5194 us-

637 5249 742 5304 que
763 5231 831 5287 ad
861 5229 1056 5286 dii/ina:
1098 5228 1343 5297 imaginis
1381 5226 1543 5282 decus
1565 5242 1658 5296 per
1704 5229 1984 5298 qualitates
2014 5238 2216 5285 mutata

639 5322 993 5393 provehetur,
1018 5320 1219 5391 absque
1244 5318 1424 5384 dubio,
1448 5327 1503 5375 et
1531 5318 1641 5375 Deo
1665 5328 1718 5375 et
1742 5321 1944 5390 angelis
1964 5336 1993 5376 a
2020 5322 2215 5389 quibus

639 5412 1021 5483 comprehendi
1050 5420 1105 5467 et
1132 5409 1408 5466 transferri
1432 5418 1627 5479 potest,
1656 5425 1909 5481 corporea
1941 5426 2060 5468 esse
2098 5415 2212 5469 evi-

639 5502 837 5579 denter
850 5502 1182 5562 ostendetur.
1214 5502 1609 5575 Requirendum
1634 5513 1716 5559 est
1745 5512 1923 5560 autem
1948 5505 2087 5561 inter
2118 5509 2216 5569 ista

715 5643 742 5672 ⁸
760 5634 901 5692 Cave
928 5636 1026 5692 ista
1049 5636 1227 5691 omnia
1245 5650 1363 5706 qua:
1385 5636 1486 5692 hoc
1513 5636 1630 5692 loco
1650 5637 1806 5693 all'ert
1832 5637 2058 5694 Faustus
2086 5656 2099 5694 :
2128 5641 2221 5696 ab-

641 5706 805 5775 surda
830 5706 919 5761 illa
950 5722 1168 5774 prorsus
1205 5716 1259 5761 et
1302 5722 1526 5762 errouea
1552 5724 1674 5763 cum
1711 5709 1999 5766 ostendere
2028 5712 2222 5767 nititur

625 5776 853 5838 .auimas
876 5776 1279 5861 humanasesse
1308 5792 1616 5847 corporeas.

2328 4678 2617 4747 Apostolus
2644 4696 2655 4732 :
2691 4678 2791 4745 Qui
2819 4686 2990 4731 autem
3017 4677 3069 4731 in
3093 4693 3246 4732 carne
3264 4687 3405 4745 sunt,
3438 4675 3547 4732 Dea
3576 4679 3771 4748 placere
3792 4690 3889 4727 non

2329 4780 2539 4839 possunt
2566 4769 2739 4841 (Rom.
2770 4784 2885 4836 vui,
2916 4767 2993 4840 8).
3024 4769 3265 4825 Carnalis
3286 4782 3364 4824 e51
3392 4771 3481 4840 qui
3506 4769 3669 4825 ventri
3694 4780 3745 4823 et
3774 4773 3889 4836 gut-

2329 4861 2454 4928 turi,
2485 4869 2539 4916 et
2559 4859 2831 4916 edendi'et
2859 4860 3077 4916 bibendi
3108 4859 3382 4917 nimietate
3408 4860 3655 4925 deservit,
3686 4867 3740 4912 ct
3773 4862 3893 4912 vita:

2326 4950 2526 5007 bonum
2584 4953 2638 5005 in
2692 4952 2828 5022 gula:
2880 4952 3111 5021 ingluvie
3155 4961 3208 5007 ct
3263 4956 3553 5008 voracitate
3597 4951 3892 5006 constituit.

2324 5042 2532 5111 quando
2560 5042 2912 5098 manducandi
2938 5051 2992 5099 et
3020 5043 3231 5099 bibendi
3258 5044 3532 5099 nimietate
3558 5044 3712 5099 vitam
3736 5058 3891 5097 com-

2325 5145 2495 5207 putat,
2527 5134 2738 5207 quando
2768 5134 2819 5191 ei
2840 5126 3645 5206 ventrisdominatttringluvies.
3671 5137 3737 5189 At
3767 5150 3894 5188 rere

2321 5229 2569 5283 animalis
2594 5226 2842 5294 efficitur,
2887 5228 3101 5298 quando
3126 5227 3300 5283 adhuc
3332 5244 3522 5297 purum
3557 5229 3709 5283 Deum
3742 5228 3896 5295 cogi-

2324 5331 2464 5389 tans,
2484 5321 2777 5377 secundum
2798 5320 3032 5375 animam
3048 5320 3286 5376 saeculari
3304 5320 3582 5390 prudentia
3601 5319 3665 5375 ad
3685 5319 3895 5388 aliqua-

2323 5429 2437 5468 rum
2481 5427 2659 5468 rerum
2698 5411 2975 5467 scientiam
3024 5421 3381 5480 permovetur,
3426 5411 3639 5481 quando
3673 5411 3899 5465 invest:-

2321 5503 2508 5579 gandis
2552 5520 2726 5560 rerum
2757 5504 3034 5560 latentium
3082 5506 3276 5568 causis,
3310 5514 3398 5559 aut
3426 5503 3778 5573 philosophia:
3810 5503 3899 5556 de-

2397 5653 2421 5679 ο
2455 5640 2723 5696 Adversus
2762 5640 2900 5696 hanc
2945 5642 3263 5698 sententiam
3309 5641 3526 5710 scripsit
3576 5640 3905 5697 Claudianus

2326 5714 2613 5796 Mamertus
2662 5710 2978 5769 Viennensis
3034 5714 3332 5784 presbyter,
3386 5712 3482 5768 lib.
3530 5728 3585 5785 tu
3621 5710 3683 5767 de
3730 5711 3904 5767 Statu

2326 5802 2537 5843 annum.
