  <div class='ocr_page' id='page_1' title='image "/cluster/home/n/w/nwhite01/storage/ocr_20150623/58/hvd.32044015706401/430.png"; bbox 0 0 4090 6330; ppageno 0'>
   <div class='ocr_carea' id='block_1_1' title="bbox 226 379 319 437">
    <p class='ocr_par' dir='ltr' id='par_1_1' title="bbox 226 379 319 437">
     <span class='ocr_line' id='line_1_1' title="bbox 226 379 319 437; baseline -0.043 0"><span class='ocrx_word' id='word_1_1' title='bbox 226 379 319 437; x_wconf 75' lang='grc' dir='ltr'><strong>ειθ</strong></span> 
     </span>
    </p>
   </div>
   <div class='ocr_carea' id='block_1_2' title="bbox 1644 363 2019 426">
    <p class='ocr_par' dir='ltr' id='par_1_2' title="bbox 1644 363 2019 426">
     <span class='ocr_line' id='line_1_2' title="bbox 1644 363 2019 426; baseline 0.013 -5"><span class='ocrx_word' id='word_1_2' title='bbox 1644 363 2019 426; x_wconf 72' lang='lat' dir='ltr'><strong>EPISTOLAS.</strong></span> 
     </span>
    </p>
   </div>
   <div class='ocr_carea' id='block_1_3' title="bbox 224 477 3467 565">
    <p class='ocr_par' dir='ltr' id='par_1_3' title="bbox 224 477 3467 565">
     <span class='ocr_line' id='line_1_3' title="bbox 224 477 3467 565; baseline 0.002 -18"><span class='ocrx_word' id='word_1_3' title='bbox 224 494 439 547; x_wconf 87' lang='lat' dir='ltr'><strong>Iectatur</strong></span> <span class='ocrx_word' id='word_1_4' title='bbox 492 482 716 549; x_wconf 88' lang='lat' dir='ltr'><strong>studiis;</strong></span> <span class='ocrx_word' id='word_1_5' title='bbox 770 479 912 561; x_wconf 85' lang='lat' dir='ltr'><strong>unde</strong></span> <span class='ocrx_word' id='word_1_6' title='bbox 954 486 1009 535; x_wconf 91' lang='lat' dir='ltr'><strong>et</strong></span> <span class='ocrx_word' id='word_1_7' title='bbox 1033 477 1317 549; x_wconf 85' lang='lat' dir='ltr'><strong>Apostolus</strong></span> <span class='ocrx_word' id='word_1_8' title='bbox 1346 477 2159 550; x_wconf 77' lang='lat' dir='ltr'><strong>dicit:AnimalisAaliquibus</strong></span> <span class='ocrx_word' id='word_1_9' title='bbox 2205 488 2321 555; x_wconf 88' lang='lat' dir='ltr'><strong>ejus</strong></span> <span class='ocrx_word' id='word_1_10' title='bbox 2381 489 2654 561; x_wconf 87' lang='lat' dir='ltr'><strong>integritas</strong></span> <span class='ocrx_word' id='word_1_11' title='bbox 2707 501 2759 547; x_wconf 92' lang='lat' dir='ltr'><strong>ct</strong></span> <span class='ocrx_word' id='word_1_12' title='bbox 2805 490 3035 563; x_wconf 79' lang='lat' dir='ltr'><strong>dignitas</strong></span> <span class='ocrx_word' id='word_1_13' title='bbox 3092 508 3196 549; x_wconf 90' lang='lat' dir='ltr'><strong>non</strong></span> <span class='ocrx_word' id='word_1_14' title='bbox 3247 495 3467 565; x_wconf 84' lang='lat' dir='ltr'><strong>periret.</strong></span> 
     </span>
    </p>
   </div>
   <div class='ocr_carea' id='block_1_4' title="bbox 222 569 1788 649">
    <p class='ocr_par' dir='ltr' id='par_1_4' title="bbox 222 569 1788 649">
     <span class='ocr_line' id='line_1_4' title="bbox 222 569 1788 649; baseline -0.01 -11"><span class='ocrx_word' id='word_1_15' title='bbox 222 588 361 639; x_wconf 74' lang='lat' dir='ltr'><strong>trama</strong></span> <span class='ocrx_word' id='word_1_16' title='bbox 382 596 480 635; x_wconf 85' lang='lat' dir='ltr'><strong>non</strong></span> <span class='ocrx_word' id='word_1_17' title='bbox 508 578 720 649; x_wconf 85' lang='lat' dir='ltr'><strong>percipit</strong></span> <span class='ocrx_word' id='word_1_18' title='bbox 750 591 863 645; x_wconf 73' lang='lat' dir='ltr'><strong>qua:</strong></span> <span class='ocrx_word' id='word_1_19' title='bbox 882 582 999 629; x_wconf 87' lang='lat' dir='ltr'><strong>sunt</strong></span> <span class='ocrx_word' id='word_1_20' title='bbox 1025 573 1230 645; x_wconf 85' lang='lat' dir='ltr'><strong>spiritus</strong></span> <span class='ocrx_word' id='word_1_21' title='bbox 1256 572 1348 625; x_wconf 95' lang='lat' dir='ltr'><strong>Dei</strong></span> <span class='ocrx_word' id='word_1_22' title='bbox 1372 570 1422 643; x_wconf 88' lang='grc' dir='ltr'><strong>(Ι</strong></span> <span class='ocrx_word' id='word_1_23' title='bbox 1447 569 1567 625; x_wconf 85' lang='lat' dir='ltr'><strong>Cor.</strong></span> <span class='ocrx_word' id='word_1_24' title='bbox 1594 586 1650 633; x_wconf 86' lang='lat' dir='ltr'><strong>tt,</strong></span> <span class='ocrx_word' id='word_1_25' title='bbox 1676 569 1788 639; x_wconf 71' lang='lat' dir='ltr'><strong>l4).</strong></span> 
     </span>
    </p>
   </div>
   <div class='ocr_carea' id='block_1_5' title="bbox 223 664 1789 748">
    <p class='ocr_par' dir='ltr' id='par_1_5' title="bbox 223 664 1789 748">
     <span class='ocr_line' id='line_1_5' title="bbox 223 664 1789 748; baseline -0.011 -13"><span class='ocrx_word' id='word_1_26' title='bbox 223 672 518 748; x_wconf 87' lang='lat' dir='ltr'><strong>Spiritualis</strong></span> <span class='ocrx_word' id='word_1_27' title='bbox 544 684 665 726; x_wconf 88' lang='lat' dir='ltr'><strong>esse</strong></span> <span class='ocrx_word' id='word_1_28' title='bbox 694 668 879 737; x_wconf 79' lang='lat' dir='ltr'><strong>incipit</strong></span> <span class='ocrx_word' id='word_1_29' title='bbox 906 666 1121 736; x_wconf 84' lang='lat' dir='ltr'><strong>quando</strong></span> <span class='ocrx_word' id='word_1_30' title='bbox 1154 666 1377 720; x_wconf 89' lang='lat' dir='ltr'><strong>honesta</strong></span> <span class='ocrx_word' id='word_1_31' title='bbox 1409 674 1461 720; x_wconf 89' lang='lat' dir='ltr'><strong>et</strong></span> <span class='ocrx_word' id='word_1_32' title='bbox 1496 664 1789 732; x_wconf 80' lang='lat' dir='ltr'><strong>Spiritualia</strong></span> 
     </span>
    </p>
   </div>
   <div class='ocr_carea' id='block_1_6' title="bbox 221 756 1791 838">
    <p class='ocr_par' dir='ltr' id='par_1_6' title="bbox 221 756 1791 838">
     <span class='ocr_line' id='line_1_6' title="bbox 221 756 1791 838; baseline -0.01 -11"><span class='ocrx_word' id='word_1_33' title='bbox 221 766 560 838; x_wconf 86' lang='lat' dir='ltr'><strong>concupiscit,</strong></span> <span class='ocrx_word' id='word_1_34' title='bbox 591 760 804 835; x_wconf 83' lang='lat' dir='ltr'><strong>quando</strong></span> <span class='ocrx_word' id='word_1_35' title='bbox 849 760 915 815; x_wconf 89' lang='lat' dir='ltr'><strong>ad</strong></span> <span class='ocrx_word' id='word_1_36' title='bbox 946 758 1110 814; x_wconf 84' lang='lat' dir='ltr'><strong>divini</strong></span> <span class='ocrx_word' id='word_1_37' title='bbox 1142 758 1347 813; x_wconf 85' lang='lat' dir='ltr'><strong>timoris</strong></span> <span class='ocrx_word' id='word_1_38' title='bbox 1376 756 1599 823; x_wconf 89' lang='lat' dir='ltr'><strong>cultum,</strong></span> <span class='ocrx_word' id='word_1_39' title='bbox 1652 758 1791 827; x_wconf 81' lang='lat' dir='ltr'><strong>vigo-</strong></span> 
     </span>
    </p>
   </div>
   <div class='ocr_carea' id='block_1_7' title="bbox 218 849 1789 923">
    <p class='ocr_par' dir='ltr' id='par_1_7' title="bbox 218 849 1789 923">
     <span class='ocr_line' id='line_1_7' title="bbox 218 849 1789 923; baseline -0.013 -3"><span class='ocrx_word' id='word_1_40' title='bbox 218 880 270 920; x_wconf 89' lang='lat' dir='ltr'><strong>re</strong></span> <span class='ocrx_word' id='word_1_41' title='bbox 292 859 469 918; x_wconf 85' lang='lat' dir='ltr'><strong>cordis</strong></span> <span class='ocrx_word' id='word_1_42' title='bbox 514 854 775 920; x_wconf 86' lang='lat' dir='ltr'><strong>ascendit,</strong></span> <span class='ocrx_word' id='word_1_43' title='bbox 801 851 1016 923; x_wconf 85' lang='lat' dir='ltr'><strong>quando</strong></span> <span class='ocrx_word' id='word_1_44' title='bbox 1047 850 1113 905; x_wconf 88' lang='lat' dir='ltr'><strong>ad</strong></span> <span class='ocrx_word' id='word_1_45' title='bbox 1141 864 1200 904; x_wconf 91' lang='lat' dir='ltr'><strong>se</strong></span> <span class='ocrx_word' id='word_1_46' title='bbox 1230 849 1473 919; x_wconf 89' lang='lat' dir='ltr'><strong>spiritum</strong></span> <span class='ocrx_word' id='word_1_47' title='bbox 1508 864 1603 919; x_wconf 90' lang='lat' dir='ltr'><strong>per</strong></span> <span class='ocrx_word' id='word_1_48' title='bbox 1632 864 1789 903; x_wconf 84' lang='lat' dir='ltr'><strong>mun-</strong></span> 
     </span>
    </p>
   </div>
   <div class='ocr_carea' id='block_1_8' title="bbox 217 940 1791 1018">
    <p class='ocr_par' dir='ltr' id='par_1_8' title="bbox 217 940 1791 1018">
     <span class='ocr_line' id='line_1_8' title="bbox 217 940 1791 1018; baseline -0.01 -10"><span class='ocrx_word' id='word_1_49' title='bbox 217 954 393 1008; x_wconf 87' lang='lat' dir='ltr'><strong>ditiem</strong></span> <span class='ocrx_word' id='word_1_50' title='bbox 423 945 665 1018; x_wconf 82' lang='lat' dir='ltr'><strong>corporis</strong></span> <span class='ocrx_word' id='word_1_51' title='bbox 692 954 746 1000; x_wconf 91' lang='lat' dir='ltr'><strong>et</strong></span> <span class='ocrx_word' id='word_1_52' title='bbox 772 958 869 1014; x_wconf 92' lang='lat' dir='ltr'><strong>per</strong></span> <span class='ocrx_word' id='word_1_53' title='bbox 894 942 1190 999; x_wconf 81' lang='lat' dir='ltr'><strong>custodiam</strong></span> <span class='ocrx_word' id='word_1_54' title='bbox 1212 941 1472 996; x_wconf 88' lang='lat' dir='ltr'><strong>castitatis</strong></span> <span class='ocrx_word' id='word_1_55' title='bbox 1494 940 1707 1006; x_wconf 84' lang='lat' dir='ltr'><strong>invitat,</strong></span> <span class='ocrx_word' id='word_1_56' title='bbox 1732 948 1791 994; x_wconf 91' lang='lat' dir='ltr'><strong>ut</strong></span> 
     </span>
    </p>
   </div>
   <div class='ocr_carea' id='block_1_9' title="bbox 215 1032 1788 1109">
    <p class='ocr_par' dir='ltr' id='par_1_9' title="bbox 215 1032 1788 1109">
     <span class='ocr_line' id='line_1_9' title="bbox 215 1032 1788 1109; baseline -0.011 -7"><span class='ocrx_word' id='word_1_57' title='bbox 215 1049 275 1103; x_wconf 89' lang='lat' dir='ltr'><strong>de</strong></span> <span class='ocrx_word' id='word_1_58' title='bbox 323 1059 387 1101; x_wconf 85' lang='lat' dir='ltr'><strong>ea</strong></span> <span class='ocrx_word' id='word_1_59' title='bbox 431 1041 562 1097; x_wconf 88' lang='lat' dir='ltr'><strong>illud</strong></span> <span class='ocrx_word' id='word_1_60' title='bbox 609 1037 851 1109; x_wconf 83' lang='lat' dir='ltr'><strong>Apostoli</strong></span> <span class='ocrx_word' id='word_1_61' title='bbox 882 1036 986 1091; x_wconf 89' lang='lat' dir='ltr'><strong>dici</strong></span> <span class='ocrx_word' id='word_1_62' title='bbox 1019 1034 1205 1105; x_wconf 78' lang='lat' dir='ltr'><strong>possit,</strong></span> <span class='ocrx_word' id='word_1_63' title='bbox 1249 1034 1351 1087; x_wconf 84' lang='lat' dir='ltr'><strong>Vos</strong></span> <span class='ocrx_word' id='word_1_64' title='bbox 1383 1034 1501 1087; x_wconf 85' lang='lat' dir='ltr'><strong>cstis</strong></span> <span class='ocrx_word' id='word_1_65' title='bbox 1543 1032 1788 1099; x_wconf 89' lang='lat' dir='ltr'><strong>templum</strong></span> 
     </span>
    </p>
   </div>
   <div class='ocr_carea' id='block_1_10' title="bbox 216 1123 1803 1205">
    <p class='ocr_par' dir='ltr' id='par_1_10' title="bbox 216 1123 1803 1205">
     <span class='ocr_line' id='line_1_10' title="bbox 216 1123 1803 1205; baseline -0.01 -13"><span class='ocrx_word' id='word_1_66' title='bbox 216 1137 308 1191; x_wconf 88' lang='lat' dir='ltr'><strong>Dei</strong></span> <span class='ocrx_word' id='word_1_67' title='bbox 329 1147 377 1191; x_wconf 89' lang='lat' dir='ltr'><strong>et</strong></span> <span class='ocrx_word' id='word_1_68' title='bbox 421 1133 632 1205; x_wconf 73' lang='lat' dir='ltr'><strong>spiritus</strong></span> <span class='ocrx_word' id='word_1_69' title='bbox 655 1130 750 1185; x_wconf 89' lang='lat' dir='ltr'><strong>Dei</strong></span> <span class='ocrx_word' id='word_1_70' title='bbox 785 1130 979 1183; x_wconf 82' lang='lat' dir='ltr'><strong>habitat</strong></span> <span class='ocrx_word' id='word_1_71' title='bbox 1003 1130 1057 1181; x_wconf 87' lang='lat' dir='ltr'><strong>in</strong></span> <span class='ocrx_word' id='word_1_72' title='bbox 1082 1123 1319 1198; x_wconf 80' lang='lat' dir='ltr'><strong>uobis(lI</strong></span> <span class='ocrx_word' id='word_1_73' title='bbox 1346 1124 1465 1180; x_wconf 84' lang='lat' dir='ltr'><strong>Cor.</strong></span> <span class='ocrx_word' id='word_1_74' title='bbox 1498 1127 1630 1194; x_wconf 79' lang='lat' dir='ltr'><strong>xvi).</strong></span> <span class='ocrx_word' id='word_1_75' title='bbox 1660 1124 1803 1203; x_wconf 55' lang='lat' dir='ltr'><strong>Quas</strong></span> 
     </span>
    </p>
   </div>
   <div class='ocr_carea' id='block_1_11' title="bbox 216 1216 1789 1292">
    <p class='ocr_par' dir='ltr' id='par_1_11' title="bbox 216 1216 1789 1292">
     <span class='ocr_line' id='line_1_11' title="bbox 216 1216 1789 1292; baseline -0.011 -6"><span class='ocrx_word' id='word_1_76' title='bbox 216 1228 414 1285; x_wconf 89' lang='lat' dir='ltr'><strong>homini</strong></span> <span class='ocrx_word' id='word_1_77' title='bbox 460 1241 564 1281; x_wconf 90' lang='lat' dir='ltr'><strong>non</strong></span> <span class='ocrx_word' id='word_1_78' title='bbox 593 1224 749 1279; x_wconf 88' lang='lat' dir='ltr'><strong>insita</strong></span> <span class='ocrx_word' id='word_1_79' title='bbox 779 1237 874 1292; x_wconf 91' lang='lat' dir='ltr'><strong>per</strong></span> <span class='ocrx_word' id='word_1_80' title='bbox 903 1229 1169 1285; x_wconf 90' lang='lat' dir='ltr'><strong>naturam,</strong></span> <span class='ocrx_word' id='word_1_81' title='bbox 1203 1218 1296 1274; x_wconf 91' lang='lat' dir='ltr'><strong>sed</strong></span> <span class='ocrx_word' id='word_1_82' title='bbox 1348 1217 1418 1272; x_wconf 92' lang='lat' dir='ltr'><strong>ita</strong></span> <span class='ocrx_word' id='word_1_83' title='bbox 1449 1227 1573 1271; x_wconf 93' lang='lat' dir='ltr'><strong>sunt</strong></span> <span class='ocrx_word' id='word_1_84' title='bbox 1602 1216 1789 1285; x_wconf 84' lang='lat' dir='ltr'><strong>adjun-</strong></span> 
     </span>
    </p>
   </div>
   <div class='ocr_carea' id='block_1_12' title="bbox 215 1306 1789 1392">
    <p class='ocr_par' dir='ltr' id='par_1_12' title="bbox 215 1306 1789 1392">
     <span class='ocr_line' id='line_1_12' title="bbox 215 1306 1789 1392; baseline -0.011 -13"><span class='ocrx_word' id='word_1_85' title='bbox 215 1332 292 1380; x_wconf 91' lang='lat' dir='ltr'><strong>cta</strong></span> <span class='ocrx_word' id='word_1_86' title='bbox 323 1334 420 1392; x_wconf 86' lang='lat' dir='ltr'><strong>per</strong></span> <span class='ocrx_word' id='word_1_87' title='bbox 442 1318 664 1389; x_wconf 79' lang='lat' dir='ltr'><strong>gratiam</strong></span> <span class='ocrx_word' id='word_1_88' title='bbox 714 1323 772 1369; x_wconf 92' lang='lat' dir='ltr'><strong>ut</strong></span> <span class='ocrx_word' id='word_1_89' title='bbox 824 1311 1058 1382; x_wconf 88' lang='lat' dir='ltr'><strong>separari</strong></span> <span class='ocrx_word' id='word_1_90' title='bbox 1102 1309 1306 1380; x_wconf 85' lang='lat' dir='ltr'><strong>possint</strong></span> <span class='ocrx_word' id='word_1_91' title='bbox 1334 1306 1536 1364; x_wconf 88' lang='lat' dir='ltr'><strong>desidia</strong></span> <span class='ocrx_word' id='word_1_92' title='bbox 1561 1308 1789 1362; x_wconf 88' lang='lat' dir='ltr'><strong>interce-</strong></span> 
     </span>
    </p>
   </div>
   <div class='ocr_carea' id='block_1_13' title="bbox 214 1399 1790 1481">
    <p class='ocr_par' dir='ltr' id='par_1_13' title="bbox 214 1399 1790 1481">
     <span class='ocr_line' id='line_1_13' title="bbox 214 1399 1790 1481; baseline -0.011 -11"><span class='ocrx_word' id='word_1_93' title='bbox 214 1413 371 1470; x_wconf 83' lang='lat' dir='ltr'><strong>dente</strong></span> <span class='ocrx_word' id='word_1_94' title='bbox 401 1425 495 1481; x_wconf 87' lang='lat' dir='ltr'><strong>per</strong></span> <span class='ocrx_word' id='word_1_95' title='bbox 525 1408 754 1479; x_wconf 89' lang='lat' dir='ltr'><strong>culpam,</strong></span> <span class='ocrx_word' id='word_1_96' title='bbox 799 1404 950 1459; x_wconf 89' lang='lat' dir='ltr'><strong>Unde</strong></span> <span class='ocrx_word' id='word_1_97' title='bbox 1008 1402 1147 1458; x_wconf 90' lang='lat' dir='ltr'><strong>idem</strong></span> <span class='ocrx_word' id='word_1_98' title='bbox 1177 1401 1465 1471; x_wconf 82' lang='lat' dir='ltr'><strong>Apostolus</strong></span> <span class='ocrx_word' id='word_1_99' title='bbox 1493 1400 1617 1455; x_wconf 88' lang='lat' dir='ltr'><strong>dicit</strong></span> <span class='ocrx_word' id='word_1_100' title='bbox 1642 1413 1655 1453; x_wconf 90' lang='lat'>:</span> <span class='ocrx_word' id='word_1_101' title='bbox 1689 1399 1790 1466; x_wconf 84' lang='lat' dir='ltr'><strong>Qui</strong></span> 
     </span>
    </p>
   </div>
   <div class='ocr_carea' id='block_1_14' title="bbox 214 1490 1788 1571">
    <p class='ocr_par' dir='ltr' id='par_1_14' title="bbox 214 1490 1788 1571">
     <span class='ocr_line' id='line_1_14' title="bbox 214 1490 1788 1571; baseline -0.01 -11"><span class='ocrx_word' id='word_1_102' title='bbox 214 1515 380 1560; x_wconf 82' lang='lat' dir='ltr'><strong>autem</strong></span> <span class='ocrx_word' id='word_1_103' title='bbox 426 1499 671 1571; x_wconf 83' lang='lat' dir='ltr'><strong>templum</strong></span> <span class='ocrx_word' id='word_1_104' title='bbox 723 1496 818 1552; x_wconf 87' lang='lat' dir='ltr'><strong>Dei</strong></span> <span class='ocrx_word' id='word_1_105' title='bbox 865 1495 1147 1562; x_wconf 78' lang='lat' dir='ltr'><strong>violaverit,</strong></span> <span class='ocrx_word' id='word_1_106' title='bbox 1186 1493 1449 1562; x_wconf 83' lang='lat' dir='ltr'><strong>disperdet</strong></span> <span class='ocrx_word' id='word_1_107' title='bbox 1497 1508 1613 1546; x_wconf 89' lang='lat' dir='ltr'><strong>eum</strong></span> <span class='ocrx_word' id='word_1_108' title='bbox 1648 1490 1788 1545; x_wconf 88' lang='lat' dir='ltr'><strong>Deus</strong></span> 
     </span>
    </p>
   </div>
   <div class='ocr_carea' id='block_1_15' title="bbox 213 1582 1785 1668">
    <p class='ocr_par' dir='ltr' id='par_1_15' title="bbox 213 1582 1785 1668">
     <span class='ocr_line' id='line_1_15' title="bbox 213 1582 1785 1668; baseline -0.01 -17"><span class='ocrx_word' id='word_1_109' title='bbox 213 1596 261 1668; x_wconf 92' lang='grc'><strong>(1</strong></span> <span class='ocrx_word' id='word_1_110' title='bbox 282 1596 405 1650; x_wconf 78' lang='lat' dir='ltr'><strong>Cor.</strong></span> <span class='ocrx_word' id='word_1_111' title='bbox 435 1608 514 1660; x_wconf 83' lang='lat' dir='ltr'><strong>ut,</strong></span> <span class='ocrx_word' id='word_1_112' title='bbox 540 1590 649 1663; x_wconf 78' lang='lat' dir='ltr'><strong>l7).</strong></span> <span class='ocrx_word' id='word_1_113' title='bbox 679 1590 817 1645; x_wconf 87' lang='lat' dir='ltr'><strong>Ecce</strong></span> <span class='ocrx_word' id='word_1_114' title='bbox 839 1602 934 1657; x_wconf 89' lang='lat' dir='ltr'><strong>per</strong></span> <span class='ocrx_word' id='word_1_115' title='bbox 955 1586 1116 1641; x_wconf 86' lang='lat' dir='ltr'><strong>ﬁdem</strong></span> <span class='ocrx_word' id='word_1_116' title='bbox 1138 1599 1245 1641; x_wconf 93' lang='lat' dir='ltr'><strong>non</strong></span> <span class='ocrx_word' id='word_1_117' title='bbox 1274 1584 1447 1639; x_wconf 88' lang='lat' dir='ltr'><strong>solum</strong></span> <span class='ocrx_word' id='word_1_118' title='bbox 1471 1582 1785 1653; x_wconf 85' lang='lat' dir='ltr'><strong>baptizatus,</strong></span> 
     </span>
    </p>
   </div>
   <div class='ocr_carea' id='block_1_16' title="bbox 212 1674 1787 1754">
    <p class='ocr_par' dir='ltr' id='par_1_16' title="bbox 212 1674 1787 1754">
     <span class='ocr_line' id='line_1_16' title="bbox 212 1674 1787 1754; baseline -0.013 -5"><span class='ocrx_word' id='word_1_119' title='bbox 212 1690 303 1749; x_wconf 89' lang='lat' dir='ltr'><strong>sed</strong></span> <span class='ocrx_word' id='word_1_120' title='bbox 334 1698 390 1745; x_wconf 88' lang='lat' dir='ltr'><strong>et</strong></span> <span class='ocrx_word' id='word_1_121' title='bbox 417 1685 516 1743; x_wconf 85' lang='lat' dir='ltr'><strong>Dei</strong></span> <span class='ocrx_word' id='word_1_122' title='bbox 540 1684 800 1754; x_wconf 86' lang='lat' dir='ltr'><strong>templum</strong></span> <span class='ocrx_word' id='word_1_123' title='bbox 819 1696 938 1737; x_wconf 88' lang='lat' dir='ltr'><strong>esse</strong></span> <span class='ocrx_word' id='word_1_124' title='bbox 966 1681 1197 1744; x_wconf 89' lang='lat' dir='ltr'><strong>videtur,</strong></span> <span class='ocrx_word' id='word_1_125' title='bbox 1218 1687 1271 1735; x_wconf 93' lang='lat' dir='ltr'><strong>et</strong></span> <span class='ocrx_word' id='word_1_126' title='bbox 1295 1688 1467 1733; x_wconf 89' lang='lat' dir='ltr'><strong>tamen</strong></span> <span class='ocrx_word' id='word_1_127' title='bbox 1493 1690 1589 1746; x_wconf 88' lang='lat' dir='ltr'><strong>per</strong></span> <span class='ocrx_word' id='word_1_128' title='bbox 1611 1674 1787 1730; x_wconf 89' lang='lat' dir='ltr'><strong>diver-</strong></span> 
     </span>
    </p>
   </div>
   <div class='ocr_carea' id='block_1_17' title="bbox 211 1768 1854 1852">
    <p class='ocr_par' dir='ltr' id='par_1_17' title="bbox 211 1768 1854 1852">
     <span class='ocr_line' id='line_1_17' title="bbox 211 1768 1854 1852; baseline -0.012 -12"><span class='ocrx_word' id='word_1_129' title='bbox 211 1799 264 1840; x_wconf 90' lang='lat' dir='ltr'><strong>sa</strong></span> <span class='ocrx_word' id='word_1_130' title='bbox 292 1782 521 1852; x_wconf 89' lang='lat' dir='ltr'><strong>ﬂagitia,</strong></span> <span class='ocrx_word' id='word_1_131' title='bbox 552 1778 645 1833; x_wconf 89' lang='lat' dir='ltr'><strong>Dei</strong></span> <span class='ocrx_word' id='word_1_132' title='bbox 677 1775 963 1833; x_wconf 89' lang='lat' dir='ltr'><strong>severitate</strong></span> <span class='ocrx_word' id='word_1_133' title='bbox 990 1771 1350 1843; x_wconf 89' lang='lat' dir='ltr'><strong>disperdetur.</strong></span> <span class='ocrx_word' id='word_1_134' title='bbox 1377 1769 1488 1824; x_wconf 83' lang='lat' dir='ltr'><strong>Hoc</strong></span> <span class='ocrx_word' id='word_1_135' title='bbox 1515 1768 1635 1823; x_wconf 92' lang='lat' dir='ltr'><strong>loco</strong></span> <span class='ocrx_word' id='word_1_136' title='bbox 1663 1782 1785 1838; x_wconf 89' lang='lat' dir='ltr'><strong>per-</strong></span> <span class='ocrx_word' id='word_1_137' title='bbox 1850 1784 1854 1793; x_wconf 60' lang='grc' dir='ltr'><em>η</em></span> 
     </span>
    </p>
   </div>
   <div class='ocr_carea' id='block_1_18' title="bbox 1892 575 3469 665">
    <p class='ocr_par' dir='ltr' id='par_1_18' title="bbox 1892 575 3469 665">
     <span class='ocr_line' id='line_1_18' title="bbox 1892 575 3469 665; baseline 0.01 -36"><span class='ocrx_word' id='word_1_138' title='bbox 1892 575 2066 630; x_wconf 85' lang='lat' dir='ltr'><strong>Grave</strong></span> <span class='ocrx_word' id='word_1_139' title='bbox 2116 579 2321 632; x_wconf 80' lang='lat' dir='ltr'><strong>crimen</strong></span> <span class='ocrx_word' id='word_1_140' title='bbox 2353 588 2457 646; x_wconf 78' lang='lat' dir='ltr'><strong>est,</strong></span> <span class='ocrx_word' id='word_1_141' title='bbox 2489 584 2629 652; x_wconf 87' lang='lat' dir='ltr'><strong>quod</strong></span> <span class='ocrx_word' id='word_1_142' title='bbox 2672 584 2954 640; x_wconf 72' lang='lat' dir='ltr'><strong>hrretitms</strong></span> <span class='ocrx_word' id='word_1_143' title='bbox 2982 586 3228 657; x_wconf 89' lang='lat' dir='ltr'><strong>accipere</strong></span> <span class='ocrx_word' id='word_1_144' title='bbox 3278 589 3469 665; x_wconf 82' lang='lat' dir='ltr'><strong>noluit,</strong></span> 
     </span>
    </p>
   </div>
   <div class='ocr_carea' id='block_1_19' title="bbox 1895 669 3473 751">
    <p class='ocr_par' dir='ltr' id='par_1_19' title="bbox 1895 669 3473 751">
     <span class='ocr_line' id='line_1_19' title="bbox 1895 669 3473 751; baseline 0.009 -31"><span class='ocrx_word' id='word_1_145' title='bbox 1895 683 2000 721; x_wconf 90' lang='lat' dir='ltr'><strong>non</strong></span> <span class='ocrx_word' id='word_1_146' title='bbox 2031 670 2203 724; x_wconf 88' lang='lat' dir='ltr'><strong>mintts</strong></span> <span class='ocrx_word' id='word_1_147' title='bbox 2244 669 2371 724; x_wconf 90' lang='lat' dir='ltr'><strong>illud</strong></span> <span class='ocrx_word' id='word_1_148' title='bbox 2419 687 2596 741; x_wconf 87' lang='lat' dir='ltr'><strong>grave,</strong></span> <span class='ocrx_word' id='word_1_149' title='bbox 2647 676 2787 744; x_wconf 88' lang='lat' dir='ltr'><strong>quod</strong></span> <span class='ocrx_word' id='word_1_150' title='bbox 2817 676 3152 733; x_wconf 87' lang='lat' dir='ltr'><strong>Christianus</strong></span> <span class='ocrx_word' id='word_1_151' title='bbox 3200 681 3392 751; x_wconf 85' lang='lat' dir='ltr'><strong>accipit</strong></span> <span class='ocrx_word' id='word_1_152' title='bbox 3417 691 3473 736; x_wconf 92' lang='lat' dir='ltr'><strong>et</strong></span> 
     </span>
    </p>
   </div>
   <div class='ocr_carea' id='block_1_20' title="bbox 1893 760 3469 842">
    <p class='ocr_par' dir='ltr' id='par_1_20' title="bbox 1893 760 3469 842">
     <span class='ocr_line' id='line_1_20' title="bbox 1893 760 3469 842; baseline 0.01 -29"><span class='ocrx_word' id='word_1_153' title='bbox 1893 760 2112 831; x_wconf 85' lang='lat' dir='ltr'><strong>perdit:</strong></span> <span class='ocrx_word' id='word_1_154' title='bbox 2168 761 2297 815; x_wconf 88' lang='lat' dir='ltr'><strong>Nam</strong></span> <span class='ocrx_word' id='word_1_155' title='bbox 2348 771 2402 816; x_wconf 91' lang='lat' dir='ltr'><strong>et</strong></span> <span class='ocrx_word' id='word_1_156' title='bbox 2454 765 2544 819; x_wconf 89' lang='lat' dir='ltr'><strong>ille</strong></span> <span class='ocrx_word' id='word_1_157' title='bbox 2589 766 2677 835; x_wconf 88' lang='lat' dir='ltr'><strong>qui</strong></span> <span class='ocrx_word' id='word_1_158' title='bbox 2709 767 2896 823; x_wconf 91' lang='lat' dir='ltr'><strong>ﬁducia</strong></span> <span class='ocrx_word' id='word_1_159' title='bbox 2924 770 3197 840; x_wconf 84' lang='lat' dir='ltr'><strong>baptismi,</strong></span> <span class='ocrx_word' id='word_1_160' title='bbox 3229 773 3469 842; x_wconf 83' lang='lat' dir='ltr'><strong>nuptiale</strong></span> 
     </span>
    </p>
   </div>
   <div class='ocr_carea' id='block_1_21' title="bbox 1893 850 3472 934">
    <p class='ocr_par' dir='ltr' id='par_1_21' title="bbox 1893 850 3472 934">
     <span class='ocr_line' id='line_1_21' title="bbox 1893 850 3472 934; baseline 0.009 -28"><span class='ocrx_word' id='word_1_161' title='bbox 1893 850 2216 918; x_wconf 86' lang='lat' dir='ltr'><strong>convivium,</strong></span> <span class='ocrx_word' id='word_1_162' title='bbox 2249 858 2387 912; x_wconf 83' lang='lat' dir='ltr'><strong>sacri</strong></span> <span class='ocrx_word' id='word_1_163' title='bbox 2415 858 2628 913; x_wconf 87' lang='lat' dir='ltr'><strong>concilii</strong></span> <span class='ocrx_word' id='word_1_164' title='bbox 2657 868 2948 917; x_wconf 87' lang='lat' dir='ltr'><strong>temerator</strong></span> <span class='ocrx_word' id='word_1_165' title='bbox 2976 864 3264 934; x_wconf 86' lang='lat' dir='ltr'><strong>irruperat,</strong></span> <span class='ocrx_word' id='word_1_166' title='bbox 3297 866 3472 921; x_wconf 89' lang='lat' dir='ltr'><strong>nitore</strong></span> 
     </span>
    </p>
   </div>
   <div class='ocr_carea' id='block_1_22' title="bbox 1892 948 3470 1020">
    <p class='ocr_par' dir='ltr' id='par_1_22' title="bbox 1892 948 3470 1020">
     <span class='ocr_line' id='line_1_22' title="bbox 1892 948 3470 1020; baseline 0.007 -21"><span class='ocrx_word' id='word_1_167' title='bbox 1892 948 2140 1015; x_wconf 86' lang='lat' dir='ltr'><strong>puritatis</strong></span> <span class='ocrx_word' id='word_1_168' title='bbox 2170 949 2398 1013; x_wconf 87' lang='lat' dir='ltr'><strong>amisso;</strong></span> <span class='ocrx_word' id='word_1_169' title='bbox 2446 949 2513 1004; x_wconf 88' lang='lat' dir='ltr'><strong>de</strong></span> <span class='ocrx_word' id='word_1_170' title='bbox 2543 950 2736 1005; x_wconf 78' lang='lat' dir='ltr'><strong>illuSIri</strong></span> <span class='ocrx_word' id='word_1_171' title='bbox 2764 952 3027 1020; x_wconf 88' lang='lat' dir='ltr'><strong>justorum</strong></span> <span class='ocrx_word' id='word_1_172' title='bbox 3071 965 3340 1012; x_wconf 86' lang='lat' dir='ltr'><strong>conventu</strong></span> <span class='ocrx_word' id='word_1_173' title='bbox 3372 971 3470 1012; x_wconf 78' lang='lat' dir='ltr'><strong>ex-</strong></span> 
     </span>
    </p>
   </div>
   <div class='ocr_carea' id='block_1_23' title="bbox 1893 1039 3665 1115">
    <p class='ocr_par' dir='ltr' id='par_1_23' title="bbox 1893 1039 3665 1115">
     <span class='ocr_line' id='line_1_23' title="bbox 1893 1039 3665 1115; baseline 0.008 -24"><span class='ocrx_word' id='word_1_174' title='bbox 1893 1039 2125 1106; x_wconf 89' lang='lat' dir='ltr'><strong>pellitur,</strong></span> <span class='ocrx_word' id='word_1_175' title='bbox 2154 1050 2209 1094; x_wconf 90' lang='lat' dir='ltr'><strong>et</strong></span> <span class='ocrx_word' id='word_1_176' title='bbox 2247 1040 2299 1094; x_wconf 88' lang='lat' dir='ltr'><strong>in</strong></span> <span class='ocrx_word' id='word_1_177' title='bbox 2343 1041 2636 1097; x_wconf 83' lang='lat' dir='ltr'><strong>exteriores</strong></span> <span class='ocrx_word' id='word_1_178' title='bbox 2661 1043 2910 1099; x_wconf 89' lang='lat' dir='ltr'><strong>tenebras</strong></span> <span class='ocrx_word' id='word_1_179' title='bbox 2950 1048 3310 1115; x_wconf 90' lang='lat' dir='ltr'><strong>perturbatur.</strong></span> <span class='ocrx_word' id='word_1_180' title='bbox 3340 1048 3472 1103; x_wconf 87' lang='lat' dir='ltr'><strong>Nam</strong></span> <span class='ocrx_word' id='word_1_181' title='bbox 3560 1052 3561 1055; x_wconf 66' lang='grc'><em>“</em></span> <span class='ocrx_word' id='word_1_182' title='bbox 3660 1056 3665 1061; x_wconf 76' lang='grc'><em>’</em></span> 
     </span>
    </p>
   </div>
   <div class='ocr_carea' id='block_1_24' title="bbox 1892 1128 3465 1213">
    <p class='ocr_par' dir='ltr' id='par_1_24' title="bbox 1892 1128 3465 1213">
     <span class='ocr_line' id='line_1_24' title="bbox 1892 1128 3465 1213; baseline 0.008 -31"><span class='ocrx_word' id='word_1_183' title='bbox 1892 1128 2194 1186; x_wconf 84' lang='lat' dir='ltr'><strong>credendus</strong></span> <span class='ocrx_word' id='word_1_184' title='bbox 2217 1142 2297 1185; x_wconf 91' lang='lat' dir='ltr'><strong>est</strong></span> <span class='ocrx_word' id='word_1_185' title='bbox 2325 1132 2537 1187; x_wconf 90' lang='lat' dir='ltr'><strong>niveum</strong></span> <span class='ocrx_word' id='word_1_186' title='bbox 2568 1142 2768 1189; x_wconf 82' lang='lat' dir='ltr'><strong>sanctae</strong></span> <span class='ocrx_word' id='word_1_187' title='bbox 2793 1138 3465 1213; x_wconf 30' lang='lat' dir='ltr'><strong>generationis‘possidere</strong></span> 
     </span>
    </p>
   </div>
   <div class='ocr_carea' id='block_1_25' title="bbox 1892 1224 3466 1298">
    <p class='ocr_par' dir='ltr' id='par_1_25' title="bbox 1892 1224 3466 1298">
     <span class='ocr_line' id='line_1_25' title="bbox 1892 1224 3466 1298; baseline 0.007 -21"><span class='ocrx_word' id='word_1_188' title='bbox 1892 1224 2203 1297; x_wconf 81' lang='lat' dir='ltr'><strong>candorem,</strong></span> <span class='ocrx_word' id='word_1_189' title='bbox 2235 1227 2324 1295; x_wconf 91' lang='lat' dir='ltr'><strong>qui</strong></span> <span class='ocrx_word' id='word_1_190' title='bbox 2357 1228 2495 1281; x_wconf 92' lang='lat' dir='ltr'><strong>inter</strong></span> <span class='ocrx_word' id='word_1_191' title='bbox 2522 1229 2783 1295; x_wconf 88' lang='lat' dir='ltr'><strong>incestos,</strong></span> <span class='ocrx_word' id='word_1_192' title='bbox 2814 1231 3078 1286; x_wconf 87' lang='lat' dir='ltr'><strong>veneﬁcos</strong></span> <span class='ocrx_word' id='word_1_193' title='bbox 3102 1241 3157 1286; x_wconf 88' lang='lat' dir='ltr'><strong>et</strong></span> <span class='ocrx_word' id='word_1_194' title='bbox 3191 1243 3466 1298; x_wconf 89' lang='lat' dir='ltr'><strong>cruentos,</strong></span> 
     </span>
    </p>
   </div>
   <div class='ocr_carea' id='block_1_26' title="bbox 1892 1317 3473 1394">
    <p class='ocr_par' dir='ltr' id='par_1_26' title="bbox 1892 1317 3473 1394">
     <span class='ocr_line' id='line_1_26' title="bbox 1892 1317 3473 1394; baseline 0.005 -22"><span class='ocrx_word' id='word_1_195' title='bbox 1892 1317 1971 1372; x_wconf 90' lang='lat' dir='ltr'><strong>vel</strong></span> <span class='ocrx_word' id='word_1_196' title='bbox 1998 1318 2290 1388; x_wconf 77' lang='lat' dir='ltr'><strong>przecipitio</strong></span> <span class='ocrx_word' id='word_1_197' title='bbox 2319 1330 2409 1374; x_wconf 90' lang='lat' dir='ltr'><strong>aut</strong></span> <span class='ocrx_word' id='word_1_198' title='bbox 2429 1322 2717 1390; x_wconf 90' lang='lat' dir='ltr'><strong>suspendio</strong></span> <span class='ocrx_word' id='word_1_199' title='bbox 2745 1324 2908 1378; x_wconf 91' lang='lat' dir='ltr'><strong>vitam</strong></span> <span class='ocrx_word' id='word_1_200' title='bbox 2938 1324 3255 1394; x_wconf 65' lang='lat' dir='ltr'><strong>praecidens,</strong></span> <span class='ocrx_word' id='word_1_201' title='bbox 3282 1326 3335 1379; x_wconf 91' lang='lat' dir='ltr'><strong>in</strong></span> <span class='ocrx_word' id='word_1_202' title='bbox 3354 1342 3473 1394; x_wconf 89' lang='lat' dir='ltr'><strong>par-</strong></span> 
     </span>
    </p>
   </div>
   <div class='ocr_carea' id='block_1_27' title="bbox 1894 1411 3473 1487">
    <p class='ocr_par' dir='ltr' id='par_1_27' title="bbox 1894 1411 3473 1487">
     <span class='ocr_line' id='line_1_27' title="bbox 1894 1411 3473 1487; baseline 0.005 -25"><span class='ocrx_word' id='word_1_203' title='bbox 1894 1417 2000 1462; x_wconf 91' lang='lat' dir='ltr'><strong>tem</strong></span> <span class='ocrx_word' id='word_1_204' title='bbox 2060 1411 2271 1464; x_wconf 87' lang='lat' dir='ltr'><strong>transiit</strong></span> <span class='ocrx_word' id='word_1_205' title='bbox 2337 1411 2642 1480; x_wconf 91' lang='lat' dir='ltr'><strong>impiorum.</strong></span> <span class='ocrx_word' id='word_1_206' title='bbox 2702 1414 2948 1485; x_wconf 80' lang='lat' dir='ltr'><strong>Legimus</strong></span> <span class='ocrx_word' id='word_1_207' title='bbox 3010 1417 3473 1487; x_wconf 78' lang='lat' dir='ltr'><strong>inexstinguibiles</strong></span> 
     </span>
    </p>
   </div>
   <div class='ocr_carea' id='block_1_28' title="bbox 1892 1501 3561 1577">
    <p class='ocr_par' dir='ltr' id='par_1_28' title="bbox 1892 1501 3561 1577">
     <span class='ocr_line' id='line_1_28' title="bbox 1892 1501 3561 1577; baseline 0.005 -22"><span class='ocrx_word' id='word_1_208' title='bbox 1892 1502 2133 1556; x_wconf 88' lang='lat' dir='ltr'><strong>ﬂammas</strong></span> <span class='ocrx_word' id='word_1_209' title='bbox 2165 1501 2317 1558; x_wconf 82' lang='lat' dir='ltr'><strong>factis</strong></span> <span class='ocrx_word' id='word_1_210' title='bbox 2349 1505 2663 1574; x_wconf 83' lang='lat' dir='ltr'><strong>capitalihds</strong></span> <span class='ocrx_word' id='word_1_211' title='bbox 2691 1516 3032 1577; x_wconf 71' lang='lat' dir='ltr'><strong>prtrparatas,</strong></span> <span class='ocrx_word' id='word_1_212' title='bbox 3059 1510 3328 1564; x_wconf 90' lang='lat' dir='ltr'><strong>hominem</strong></span> <span class='ocrx_word' id='word_1_213' title='bbox 3347 1522 3474 1563; x_wconf 91' lang='lat' dir='ltr'><strong>vero</strong></span> <span class='ocrx_word' id='word_1_214' title='bbox 3560 1532 3561 1535; x_wconf 53' lang='grc' dir='ltr'><strong>η</strong></span> 
     </span>
    </p>
   </div>
   <div class='ocr_carea' id='block_1_29' title="bbox 1892 1596 3561 1671">
    <p class='ocr_par' dir='ltr' id='par_1_29' title="bbox 1892 1596 3561 1671">
     <span class='ocr_line' id='line_1_29' title="bbox 1892 1596 3561 1671; baseline 0.006 -22"><span class='ocrx_word' id='word_1_215' title='bbox 1892 1596 1943 1649; x_wconf 93' lang='lat' dir='ltr'><strong>in</strong></span> <span class='ocrx_word' id='word_1_216' title='bbox 1977 1597 2132 1651; x_wconf 88' lang='lat' dir='ltr'><strong>malis</strong></span> <span class='ocrx_word' id='word_1_217' title='bbox 2171 1597 2282 1652; x_wconf 90' lang='lat' dir='ltr'><strong>suis</strong></span> <span class='ocrx_word' id='word_1_218' title='bbox 2326 1598 2590 1655; x_wconf 86' lang='lat' dir='ltr'><strong>viventem</strong></span> <span class='ocrx_word' id='word_1_219' title='bbox 2618 1647 2631 1669; x_wconf 86' lang='lat'><strong>,</strong></span> <span class='ocrx_word' id='word_1_220' title='bbox 2681 1602 2796 1656; x_wconf 88' lang='lat' dir='ltr'><strong>solo</strong></span> <span class='ocrx_word' id='word_1_221' title='bbox 2850 1604 3166 1671; x_wconf 88' lang='lat' dir='ltr'><strong>baptismate</strong></span> <span class='ocrx_word' id='word_1_222' title='bbox 3210 1605 3470 1659; x_wconf 88' lang='lat' dir='ltr'><strong>salvatum</strong></span> <span class='ocrx_word' id='word_1_223' title='bbox 3560 1624 3561 1629; x_wconf 53' lang='grc' dir='ltr'>π</span> 
     </span>
    </p>
   </div>
   <div class='ocr_carea' id='block_1_30' title="bbox 1891 1689 3472 1764">
    <p class='ocr_par' dir='ltr' id='par_1_30' title="bbox 1891 1689 3472 1764">
     <span class='ocr_line' id='line_1_30' title="bbox 1891 1689 3472 1764; baseline 0.005 -23"><span class='ocrx_word' id='word_1_224' title='bbox 1891 1702 2012 1741; x_wconf 84' lang='lat' dir='ltr'><strong>esse</strong></span> <span class='ocrx_word' id='word_1_225' title='bbox 2069 1702 2175 1743; x_wconf 92' lang='lat' dir='ltr'><strong>non</strong></span> <span class='ocrx_word' id='word_1_226' title='bbox 2215 1689 2463 1757; x_wconf 83' lang='lat' dir='ltr'><strong>legimus.</strong></span> <span class='ocrx_word' id='word_1_227' title='bbox 2516 1689 2819 1748; x_wconf 86' lang='lat' dir='ltr'><strong>Periculosa</strong></span> <span class='ocrx_word' id='word_1_228' title='bbox 2871 1693 3012 1758; x_wconf 87' lang='lat' dir='ltr'><strong>sibi,</strong></span> <span class='ocrx_word' id='word_1_229' title='bbox 3065 1694 3208 1764; x_wconf 84' lang='lat' dir='ltr'><strong>quod</strong></span> <span class='ocrx_word' id='word_1_230' title='bbox 3264 1695 3472 1749; x_wconf 76' lang='lat' dir='ltr'><strong>cmlesti</strong></span> 
     </span>
    </p>
   </div>
   <div class='ocr_carea' id='block_1_31' title="bbox 1892 1779 3469 1856">
    <p class='ocr_par' dir='ltr' id='par_1_31' title="bbox 1892 1779 3469 1856">
     <span class='ocr_line' id='line_1_31' title="bbox 1892 1779 3469 1856; baseline 0.004 -21"><span class='ocrx_word' id='word_1_231' title='bbox 1892 1779 2169 1848; x_wconf 88' lang='lat' dir='ltr'><strong>Scriptura</strong></span> <span class='ocrx_word' id='word_1_232' title='bbox 2224 1795 2327 1836; x_wconf 89' lang='lat' dir='ltr'><strong>non</strong></span> <span class='ocrx_word' id='word_1_233' title='bbox 2379 1782 2589 1852; x_wconf 84' lang='lat' dir='ltr'><strong>legitur,</strong></span> <span class='ocrx_word' id='word_1_234' title='bbox 2621 1785 2836 1839; x_wconf 89' lang='lat' dir='ltr'><strong>inimica</strong></span> <span class='ocrx_word' id='word_1_235' title='bbox 2868 1787 3129 1841; x_wconf 84' lang='lat' dir='ltr'><strong>securitas</strong></span> <span class='ocrx_word' id='word_1_236' title='bbox 3160 1787 3469 1856; x_wconf 89' lang='lat' dir='ltr'><strong>pollicetur,</strong></span> 
     </span>
    </p>
   </div>
   <div class='ocr_carea' id='block_1_32' title="bbox 210 1856 3473 1944">
    <p class='ocr_par' dir='ltr' id='par_1_32' title="bbox 210 1856 3473 1944">
     <span class='ocr_line' id='line_1_32' title="bbox 210 1856 3473 1944; baseline -0.001 -8"><span class='ocrx_word' id='word_1_237' title='bbox 210 1874 428 1932; x_wconf 77' lang='lat' dir='ltr'><strong>ditionis</strong></span> <span class='ocrx_word' id='word_1_238' title='bbox 456 1870 793 1936; x_wconf 66' lang='lat' dir='ltr'><strong>Vocabumm,</strong></span> <span class='ocrx_word' id='word_1_239' title='bbox 846 1876 1107 1922; x_wconf 68' lang='grc' dir='ltr'><strong>ωιθΐηυη)</strong></span> <span class='ocrx_word' id='word_1_240' title='bbox 1139 1862 1361 1934; x_wconf 50' lang='lat' dir='ltr'><strong>Padum</strong></span> <span class='ocrx_word' id='word_1_241' title='bbox 1389 1861 1580 1916; x_wconf 54' lang='lat' dir='ltr'><strong>animi“</strong></span> <span class='ocrx_word' id='word_1_242' title='bbox 1620 1873 1787 1915; x_wconf 69' lang='grc' dir='ltr'><strong>πονε·</strong></span> <span class='ocrx_word' id='word_1_243' title='bbox 1817 1856 1869 1918; x_wconf 82' lang='grc' dir='ltr'><strong>Β</strong></span> <span class='ocrx_word' id='word_1_244' title='bbox 1897 1872 2068 1928; x_wconf 92' lang='lat' dir='ltr'><strong>multo</strong></span> <span class='ocrx_word' id='word_1_245' title='bbox 2098 1873 2444 1940; x_wconf 87' lang='lat' dir='ltr'><strong>periculosior</strong></span> <span class='ocrx_word' id='word_1_246' title='bbox 2473 1874 2559 1929; x_wconf 91' lang='lat' dir='ltr'><strong>illa</strong></span> <span class='ocrx_word' id='word_1_247' title='bbox 2584 1891 2686 1929; x_wconf 92' lang='lat' dir='ltr'><strong>non</strong></span> <span class='ocrx_word' id='word_1_248' title='bbox 2716 1877 2937 1933; x_wconf 88' lang='lat' dir='ltr'><strong>credere</strong></span> <span class='ocrx_word' id='word_1_249' title='bbox 2965 1893 3082 1944; x_wconf 84' lang='lat' dir='ltr'><strong>quae</strong></span> <span class='ocrx_word' id='word_1_250' title='bbox 3103 1878 3298 1934; x_wconf 87' lang='lat' dir='ltr'><strong>veritas</strong></span> <span class='ocrx_word' id='word_1_251' title='bbox 3327 1894 3473 1934; x_wconf 78' lang='lat' dir='ltr'><strong>eom-</strong></span> 
     </span>
    </p>
   </div>
   <div class='ocr_carea' id='block_1_33' title="bbox 209 1952 1792 2029">
    <p class='ocr_par' dir='ltr' id='par_1_33' title="bbox 209 1952 1792 2029">
     <span class='ocr_line' id='line_1_33' title="bbox 209 1952 1792 2029; baseline -0.01 -5"><span class='ocrx_word' id='word_1_252' title='bbox 209 1970 377 2025; x_wconf 89' lang='lat' dir='ltr'><strong>rimus</strong></span> <span class='ocrx_word' id='word_1_253' title='bbox 395 1979 514 2022; x_wconf 88' lang='lat' dir='ltr'><strong>esse</strong></span> <span class='ocrx_word' id='word_1_254' title='bbox 530 1963 827 2019; x_wconf 90' lang='lat' dir='ltr'><strong>interitum.</strong></span> <span class='ocrx_word' id='word_1_255' title='bbox 855 1961 908 2014; x_wconf 91' lang='lat' dir='ltr'><strong>In</strong></span> <span class='ocrx_word' id='word_1_256' title='bbox 930 1959 1320 2029; x_wconf 86' lang='lat' dir='ltr'><strong>baptizatorum</strong></span> <span class='ocrx_word' id='word_1_257' title='bbox 1340 1968 1567 2010; x_wconf 91' lang='lat' dir='ltr'><strong>numero</strong></span> <span class='ocrx_word' id='word_1_258' title='bbox 1589 1952 1792 2022; x_wconf 86' lang='lat' dir='ltr'><strong>absque</strong></span> 
     </span>
    </p>
   </div>
   <div class='ocr_carea' id='block_1_34' title="bbox 209 2047 1791 2119">
    <p class='ocr_par' dir='ltr' id='par_1_34' title="bbox 209 2047 1791 2119">
     <span class='ocr_line' id='line_1_34' title="bbox 209 2047 1791 2119; baseline -0.011 -1"><span class='ocrx_word' id='word_1_259' title='bbox 209 2059 540 2118; x_wconf 88' lang='lat' dir='ltr'><strong>dubitatione</strong></span> <span class='ocrx_word' id='word_1_260' title='bbox 562 2065 873 2119; x_wconf 87' lang='lat' dir='ltr'><strong>censentur,</strong></span> <span class='ocrx_word' id='word_1_261' title='bbox 896 2061 951 2108; x_wconf 91' lang='lat' dir='ltr'><strong>et</strong></span> <span class='ocrx_word' id='word_1_262' title='bbox 973 2052 1211 2107; x_wconf 90' lang='lat' dir='ltr'><strong>membra</strong></span> <span class='ocrx_word' id='word_1_263' title='bbox 1235 2049 1431 2104; x_wconf 78' lang='lat' dir='ltr'><strong>Christi</strong></span> <span class='ocrx_word' id='word_1_264' title='bbox 1459 2061 1579 2105; x_wconf 88' lang='lat' dir='ltr'><strong>esse</strong></span> <span class='ocrx_word' id='word_1_265' title='bbox 1606 2047 1791 2102; x_wconf 82' lang='lat' dir='ltr'><strong>dicun—</strong></span> 
     </span>
    </p>
   </div>
   <div class='ocr_carea' id='block_1_35' title="bbox 209 2146 1793 2223">
    <p class='ocr_par' dir='ltr' id='par_1_35' title="bbox 209 2146 1793 2223">
     <span class='ocr_line' id='line_1_35' title="bbox 209 2146 1793 2223; baseline -0.011 -12"><span class='ocrx_word' id='word_1_266' title='bbox 209 2164 312 2223; x_wconf 87' lang='lat' dir='ltr'><strong>tur,</strong></span> <span class='ocrx_word' id='word_1_267' title='bbox 347 2162 405 2208; x_wconf 88' lang='lat' dir='ltr'><strong>et</strong></span> <span class='ocrx_word' id='word_1_268' title='bbox 432 2152 553 2207; x_wconf 91' lang='lat' dir='ltr'><strong>vide</strong></span> <span class='ocrx_word' id='word_1_269' title='bbox 594 2148 862 2219; x_wconf 87' lang='lat' dir='ltr'><strong>quomodo</strong></span> <span class='ocrx_word' id='word_1_270' title='bbox 889 2146 1113 2217; x_wconf 90' lang='lat' dir='ltr'><strong>perditis</strong></span> <span class='ocrx_word' id='word_1_271' title='bbox 1140 2153 1532 2213; x_wconf 86' lang='lat' dir='ltr'><strong>comparantur,</strong></span> <span class='ocrx_word' id='word_1_272' title='bbox 1566 2156 1793 2213; x_wconf 87' lang='lat' dir='ltr'><strong>quomo-</strong></span> 
     </span>
    </p>
   </div>
   <div class='ocr_carea' id='block_1_36' title="bbox 207 2238 1789 2317">
    <p class='ocr_par' dir='ltr' id='par_1_36' title="bbox 207 2238 1789 2317">
     <span class='ocr_line' id='line_1_36' title="bbox 207 2238 1789 2317; baseline -0.007 -15"><span class='ocrx_word' id='word_1_273' title='bbox 207 2249 273 2304; x_wconf 90' lang='lat' dir='ltr'><strong>do</strong></span> <span class='ocrx_word' id='word_1_274' title='bbox 300 2262 331 2301; x_wconf 89' lang='lat' dir='ltr'><strong>a</strong></span> <span class='ocrx_word' id='word_1_275' title='bbox 362 2242 720 2317; x_wconf 83' lang='lat' dir='ltr'><strong>generositate</strong></span> <span class='ocrx_word' id='word_1_276' title='bbox 752 2241 1005 2303; x_wconf 89' lang='lat' dir='ltr'><strong>ﬁliorum,</strong></span> <span class='ocrx_word' id='word_1_277' title='bbox 1048 2239 1246 2308; x_wconf 89' lang='lat' dir='ltr'><strong>ﬂagitio</strong></span> <span class='ocrx_word' id='word_1_278' title='bbox 1276 2246 1532 2307; x_wconf 84' lang='lat' dir='ltr'><strong>cperante</strong></span> <span class='ocrx_word' id='word_1_279' title='bbox 1560 2238 1789 2307; x_wconf 87' lang='lat' dir='ltr'><strong>degene-</strong></span> 
     </span>
    </p>
   </div>
   <div class='ocr_carea' id='block_1_37' title="bbox 206 2330 1785 2409">
    <p class='ocr_par' dir='ltr' id='par_1_37' title="bbox 206 2330 1785 2409">
     <span class='ocr_line' id='line_1_37' title="bbox 206 2330 1785 2409; baseline -0.009 -12"><span class='ocrx_word' id='word_1_280' title='bbox 206 2353 347 2409; x_wconf 87' lang='lat' dir='ltr'><strong>rant,</strong></span> <span class='ocrx_word' id='word_1_281' title='bbox 373 2339 584 2394; x_wconf 81' lang='lat' dir='ltr'><strong>dicente</strong></span> <span class='ocrx_word' id='word_1_282' title='bbox 612 2333 867 2405; x_wconf 81' lang='lat' dir='ltr'><strong>Apostolo</strong></span> <span class='ocrx_word' id='word_1_283' title='bbox 899 2352 911 2386; x_wconf 92' lang='lat'>:</span> <span class='ocrx_word' id='word_1_284' title='bbox 949 2332 1149 2386; x_wconf 87' lang='lat' dir='ltr'><strong>Tollam</strong></span> <span class='ocrx_word' id='word_1_285' title='bbox 1180 2348 1300 2402; x_wconf 90' lang='lat' dir='ltr'><strong>ergo</strong></span> <span class='ocrx_word' id='word_1_286' title='bbox 1326 2331 1545 2385; x_wconf 85' lang='lat' dir='ltr'><strong>membra</strong></span> <span class='ocrx_word' id='word_1_287' title='bbox 1575 2330 1785 2398; x_wconf 80' lang='lat' dir='ltr'><strong>Christi,</strong></span> 
     </span>
    </p>
   </div>
   <div class='ocr_carea' id='block_1_38' title="bbox 207 2420 1788 2505">
    <p class='ocr_par' dir='ltr' id='par_1_38' title="bbox 207 2420 1788 2505">
     <span class='ocr_line' id='line_1_38' title="bbox 207 2420 1788 2505; baseline -0.009 -17"><span class='ocrx_word' id='word_1_288' title='bbox 207 2445 248 2490; x_wconf 87' lang='lat' dir='ltr'><strong>et</strong></span> <span class='ocrx_word' id='word_1_289' title='bbox 296 2433 490 2505; x_wconf 79' lang='lat' dir='ltr'><strong>faciam</strong></span> <span class='ocrx_word' id='word_1_290' title='bbox 542 2427 765 2483; x_wconf 89' lang='lat' dir='ltr'><strong>membra</strong></span> <span class='ocrx_word' id='word_1_291' title='bbox 818 2425 1094 2480; x_wconf 87' lang='lat' dir='ltr'><strong>meretricis</strong></span> <span class='ocrx_word' id='word_1_292' title='bbox 1113 2423 1161 2497; x_wconf 88' lang='lat' dir='ltr'><strong>(l</strong></span> <span class='ocrx_word' id='word_1_293' title='bbox 1200 2421 1319 2477; x_wconf 87' lang='lat' dir='ltr'><strong>Cor.</strong></span> <span class='ocrx_word' id='word_1_294' title='bbox 1354 2420 1543 2492; x_wconf 79' lang='lat' dir='ltr'><strong>xvm)?</strong></span> <span class='ocrx_word' id='word_1_295' title='bbox 1599 2422 1663 2476; x_wconf 85' lang='lat' dir='ltr'><strong>Et</strong></span> <span class='ocrx_word' id='word_1_296' title='bbox 1711 2420 1788 2475; x_wconf 88' lang='lat' dir='ltr'><strong>illi</strong></span> 
     </span>
    </p>
   </div>
   <div class='ocr_carea' id='block_1_39' title="bbox 205 2514 1786 2595">
    <p class='ocr_par' dir='ltr' id='par_1_39' title="bbox 205 2514 1786 2595">
     <span class='ocr_line' id='line_1_39' title="bbox 205 2514 1786 2595; baseline -0.009 -15"><span class='ocrx_word' id='word_1_297' title='bbox 205 2538 419 2595; x_wconf 90' lang='lat' dir='ltr'><strong>quoque</strong></span> <span class='ocrx_word' id='word_1_298' title='bbox 469 2517 900 2575; x_wconf 77' lang='lat' dir='ltr'><strong>manifestissime</strong></span> <span class='ocrx_word' id='word_1_299' title='bbox 927 2517 1067 2571; x_wconf 90' lang='lat' dir='ltr'><strong>dona</strong></span> <span class='ocrx_word' id='word_1_300' title='bbox 1100 2514 1347 2571; x_wconf 63' lang='lat' dir='ltr'><strong>secundae</strong></span> <span class='ocrx_word' id='word_1_301' title='bbox 1377 2515 1667 2569; x_wconf 86' lang='lat' dir='ltr'><strong>nativitatis</strong></span> <span class='ocrx_word' id='word_1_302' title='bbox 1693 2529 1786 2567; x_wconf 85' lang='lat' dir='ltr'><strong>ac-</strong></span> 
     </span>
    </p>
   </div>
   <div class='ocr_carea' id='block_1_40' title="bbox 205 2605 1785 2687">
    <p class='ocr_par' dir='ltr' id='par_1_40' title="bbox 205 2605 1785 2687">
     <span class='ocr_line' id='line_1_40' title="bbox 205 2605 1785 2687; baseline -0.009 -14"><span class='ocrx_word' id='word_1_303' title='bbox 205 2612 583 2687; x_wconf 85' lang='lat' dir='ltr'><strong>ceperant,qui</strong></span> <span class='ocrx_word' id='word_1_304' title='bbox 602 2610 763 2666; x_wconf 90' lang='lat' dir='ltr'><strong>etiam</strong></span> <span class='ocrx_word' id='word_1_305' title='bbox 774 2607 1154 2663; x_wconf 90' lang='lat' dir='ltr'><strong>charismatum</strong></span> <span class='ocrx_word' id='word_1_306' title='bbox 1170 2606 1476 2662; x_wconf 78' lang='lat' dir='ltr'><strong>diversitate</strong></span> <span class='ocrx_word' id='word_1_307' title='bbox 1494 2605 1785 2676; x_wconf 89' lang='lat' dir='ltr'><strong>pollebant,</strong></span> 
     </span>
    </p>
   </div>
   <div class='ocr_carea' id='block_1_41' title="bbox 204 2699 1789 2780">
    <p class='ocr_par' dir='ltr' id='par_1_41' title="bbox 204 2699 1789 2780">
     <span class='ocr_line' id='line_1_41' title="bbox 204 2699 1789 2780; baseline -0.009 -15"><span class='ocrx_word' id='word_1_308' title='bbox 204 2709 269 2766; x_wconf 90' lang='lat' dir='ltr'><strong>de</strong></span> <span class='ocrx_word' id='word_1_309' title='bbox 294 2707 495 2780; x_wconf 89' lang='lat' dir='ltr'><strong>quibus</strong></span> <span class='ocrx_word' id='word_1_310' title='bbox 527 2702 783 2760; x_wconf 90' lang='lat' dir='ltr'><strong>Dominus</strong></span> <span class='ocrx_word' id='word_1_311' title='bbox 809 2704 862 2758; x_wconf 93' lang='lat' dir='ltr'><strong>in</strong></span> <span class='ocrx_word' id='word_1_312' title='bbox 896 2700 1186 2771; x_wconf 88' lang='lat' dir='ltr'><strong>Evangelio</strong></span> <span class='ocrx_word' id='word_1_313' title='bbox 1214 2699 1341 2755; x_wconf 87' lang='lat' dir='ltr'><strong>dicit</strong></span> <span class='ocrx_word' id='word_1_314' title='bbox 1376 2718 1387 2751; x_wconf 89' lang='lat'><strong>:</strong></span> <span class='ocrx_word' id='word_1_315' title='bbox 1436 2699 1591 2753; x_wconf 73' lang='lat' dir='ltr'><strong>Multi</strong></span> <span class='ocrx_word' id='word_1_316' title='bbox 1622 2699 1789 2752; x_wconf 86' lang='lat' dir='ltr'><strong>dicent</strong></span> 
     </span>
    </p>
   </div>
   <div class='ocr_carea' id='block_1_42' title="bbox 204 2794 1786 2865">
    <p class='ocr_par' dir='ltr' id='par_1_42' title="bbox 204 2794 1786 2865">
     <span class='ocr_line' id='line_1_42' title="bbox 204 2794 1786 2865; baseline -0.007 -9"><span class='ocrx_word' id='word_1_317' title='bbox 204 2803 327 2857; x_wconf 85' lang='lat' dir='ltr'><strong>mihi</strong></span> <span class='ocrx_word' id='word_1_318' title='bbox 348 2802 405 2855; x_wconf 88' lang='lat' dir='ltr'><strong>in</strong></span> <span class='ocrx_word' id='word_1_319' title='bbox 434 2799 524 2853; x_wconf 90' lang='lat' dir='ltr'><strong>illa</strong></span> <span class='ocrx_word' id='word_1_320' title='bbox 552 2798 651 2865; x_wconf 85' lang='lat' dir='ltr'><strong>die,</strong></span> <span class='ocrx_word' id='word_1_321' title='bbox 675 2794 907 2860; x_wconf 80' lang='lat' dir='ltr'><strong>Domine,</strong></span> <span class='ocrx_word' id='word_1_322' title='bbox 928 2794 1168 2858; x_wconf 84' lang='lat' dir='ltr'><strong>Domine,</strong></span> <span class='ocrx_word' id='word_1_323' title='bbox 1193 2809 1360 2848; x_wconf 86' lang='lat' dir='ltr'><strong>nonne</strong></span> <span class='ocrx_word' id='word_1_324' title='bbox 1385 2794 1439 2847; x_wconf 86' lang='lat' dir='ltr'><strong>in</strong></span> <span class='ocrx_word' id='word_1_325' title='bbox 1468 2797 1671 2847; x_wconf 88' lang='lat' dir='ltr'><strong>nomine</strong></span> <span class='ocrx_word' id='word_1_326' title='bbox 1700 2801 1786 2845; x_wconf 89' lang='lat' dir='ltr'><strong>tuo</strong></span> 
     </span>
    </p>
   </div>
   <div class='ocr_carea' id='block_1_43' title="bbox 204 2885 1787 2965">
    <p class='ocr_par' dir='ltr' id='par_1_43' title="bbox 204 2885 1787 2965">
     <span class='ocr_line' id='line_1_43' title="bbox 204 2885 1787 2965; baseline -0.006 -18"><span class='ocrx_word' id='word_1_327' title='bbox 204 2891 635 2965; x_wconf 80' lang='lat' dir='ltr'><strong>praphetarimus,</strong></span> <span class='ocrx_word' id='word_1_328' title='bbox 662 2898 706 2943; x_wconf 88' lang='lat' dir='ltr'><strong>et</strong></span> <span class='ocrx_word' id='word_1_329' title='bbox 734 2888 789 2941; x_wconf 89' lang='lat' dir='ltr'><strong>in</strong></span> <span class='ocrx_word' id='word_1_330' title='bbox 814 2886 1018 2941; x_wconf 85' lang='lat' dir='ltr'><strong>nomine</strong></span> <span class='ocrx_word' id='word_1_331' title='bbox 1044 2894 1129 2939; x_wconf 88' lang='lat' dir='ltr'><strong>tuo</strong></span> <span class='ocrx_word' id='word_1_332' title='bbox 1159 2886 1415 2939; x_wconf 81' lang='lat' dir='ltr'><strong>dcemonia</strong></span> <span class='ocrx_word' id='word_1_333' title='bbox 1449 2885 1710 2956; x_wconf 82' lang='lat' dir='ltr'><strong>ejerimus,</strong></span> <span class='ocrx_word' id='word_1_334' title='bbox 1740 2892 1787 2937; x_wconf 88' lang='lat' dir='ltr'><strong>et</strong></span> 
     </span>
    </p>
   </div>
   <div class='ocr_carea' id='block_1_44' title="bbox 203 2974 1785 3048">
    <p class='ocr_par' dir='ltr' id='par_1_44' title="bbox 203 2974 1785 3048">
     <span class='ocr_line' id='line_1_44' title="bbox 203 2974 1785 3048; baseline -0.008 -8"><span class='ocrx_word' id='word_1_335' title='bbox 203 2987 254 3040; x_wconf 89' lang='lat' dir='ltr'><strong>in</strong></span> <span class='ocrx_word' id='word_1_336' title='bbox 280 2984 487 3040; x_wconf 85' lang='lat' dir='ltr'><strong>nomine</strong></span> <span class='ocrx_word' id='word_1_337' title='bbox 506 2991 589 3036; x_wconf 89' lang='lat' dir='ltr'><strong>tuo</strong></span> <span class='ocrx_word' id='word_1_338' title='bbox 611 2980 818 3035; x_wconf 82' lang='lat' dir='ltr'><strong>virtutes</strong></span> <span class='ocrx_word' id='word_1_339' title='bbox 839 2979 1025 3033; x_wconf 86' lang='lat' dir='ltr'><strong>multas</strong></span> <span class='ocrx_word' id='word_1_340' title='bbox 1039 2977 1247 3048; x_wconf 79' lang='lat' dir='ltr'><strong>fecimus</strong></span> <span class='ocrx_word' id='word_1_341' title='bbox 1262 2976 1285 3028; x_wconf 76' lang='grc' dir='ltr'><strong><em>Ρ</em></strong></span> <span class='ocrx_word' id='word_1_342' title='bbox 1300 2975 1363 3029; x_wconf 84' lang='grc' dir='ltr'><strong>Ει</strong></span> <span class='ocrx_word' id='word_1_343' title='bbox 1385 2983 1502 3028; x_wconf 88' lang='lat' dir='ltr'><strong>tunc</strong></span> <span class='ocrx_word' id='word_1_344' title='bbox 1518 2975 1647 3027; x_wconf 82' lang='lat' dir='ltr'><strong>dicet</strong></span> <span class='ocrx_word' id='word_1_345' title='bbox 1663 2974 1785 3037; x_wconf 86' lang='lat' dir='ltr'><strong>illis,</strong></span> 
     </span>
    </p>
   </div>
   <div class='ocr_carea' id='block_1_45' title="bbox 203 3067 1789 3155">
    <p class='ocr_par' dir='ltr' id='par_1_45' title="bbox 203 3067 1789 3155">
     <span class='ocr_line' id='line_1_45' title="bbox 203 3067 1789 3155; baseline -0.01 -21"><span class='ocrx_word' id='word_1_346' title='bbox 203 3082 323 3148; x_wconf 82' lang='lat' dir='ltr'><strong>quia</strong></span> <span class='ocrx_word' id='word_1_347' title='bbox 374 3094 475 3131; x_wconf 87' lang='lat' dir='ltr'><strong>non</strong></span> <span class='ocrx_word' id='word_1_348' title='bbox 520 3074 635 3130; x_wconf 87' lang='lat' dir='ltr'><strong>novi</strong></span> <span class='ocrx_word' id='word_1_349' title='bbox 673 3089 780 3141; x_wconf 79' lang='lat' dir='ltr'><strong>vos,</strong></span> <span class='ocrx_word' id='word_1_350' title='bbox 814 3070 1055 3125; x_wconf 79' lang='lat' dir='ltr'><strong>discedite</strong></span> <span class='ocrx_word' id='word_1_351' title='bbox 1079 3086 1112 3123; x_wconf 90' lang='lat' dir='ltr'><strong>a</strong></span> <span class='ocrx_word' id='word_1_352' title='bbox 1139 3086 1236 3135; x_wconf 88' lang='lat' dir='ltr'><strong>me,</strong></span> <span class='ocrx_word' id='word_1_353' title='bbox 1270 3071 1357 3155; x_wconf 72' lang='lat' dir='ltr'><strong>qui</strong></span> <span class='ocrx_word' id='word_1_354' title='bbox 1386 3067 1667 3136; x_wconf 86' lang='lat' dir='ltr'><strong>operamini</strong></span> <span class='ocrx_word' id='word_1_355' title='bbox 1689 3067 1789 3119; x_wconf 88' lang='lat' dir='ltr'><strong>ini-</strong></span> 
     </span>
    </p>
   </div>
   <div class='ocr_carea' id='block_1_46' title="bbox 202 3157 1784 3240">
    <p class='ocr_par' dir='ltr' id='par_1_46' title="bbox 202 3157 1784 3240">
     <span class='ocr_line' id='line_1_46' title="bbox 202 3157 1784 3240; baseline -0.008 -17"><span class='ocrx_word' id='word_1_356' title='bbox 202 3170 449 3240; x_wconf 82' lang='lat' dir='ltr'><strong>quitatem</strong></span> <span class='ocrx_word' id='word_1_357' title='bbox 481 3165 696 3237; x_wconf 84' lang='lat' dir='ltr'><strong>(Matth.</strong></span> <span class='ocrx_word' id='word_1_358' title='bbox 718 3178 817 3227; x_wconf 85' lang='lat' dir='ltr'><strong>vu,</strong></span> <span class='ocrx_word' id='word_1_359' title='bbox 846 3160 962 3231; x_wconf 71' lang='grc'>22).</span> <span class='ocrx_word' id='word_1_360' title='bbox 987 3161 1117 3229; x_wconf 84' lang='lat' dir='ltr'><strong>Quis</strong></span> <span class='ocrx_word' id='word_1_361' title='bbox 1142 3159 1419 3215; x_wconf 85' lang='lat' dir='ltr'><strong>abdicatos</strong></span> <span class='ocrx_word' id='word_1_362' title='bbox 1449 3173 1555 3213; x_wconf 90' lang='lat' dir='ltr'><strong>non</strong></span> <span class='ocrx_word' id='word_1_363' title='bbox 1586 3157 1784 3211; x_wconf 85' lang='lat' dir='ltr'><strong>intelli-</strong></span> 
     </span>
    </p>
   </div>
   <div class='ocr_carea' id='block_1_47' title="bbox 1897 1960 3472 2036">
    <p class='ocr_par' dir='ltr' id='par_1_47' title="bbox 1897 1960 3472 2036">
     <span class='ocr_line' id='line_1_47' title="bbox 1897 1960 3472 2036; baseline 0.004 -18"><span class='ocrx_word' id='word_1_364' title='bbox 1897 1964 2147 2019; x_wconf 88' lang='lat' dir='ltr'><strong>minatur.</strong></span> <span class='ocrx_word' id='word_1_365' title='bbox 2180 1964 2370 2033; x_wconf 84' lang='lat' dir='ltr'><strong>Aliqua</strong></span> <span class='ocrx_word' id='word_1_366' title='bbox 2412 1965 2490 2035; x_wconf 92' lang='lat' dir='ltr'><strong>(ut</strong></span> <span class='ocrx_word' id='word_1_367' title='bbox 2514 1966 2716 2036; x_wconf 88' lang='lat' dir='ltr'><strong>dicitis)</strong></span> <span class='ocrx_word' id='word_1_368' title='bbox 2747 1960 3085 2024; x_wconf 83' lang='lat' dir='ltr'><strong>beatissimus</strong></span> <span class='ocrx_word' id='word_1_369' title='bbox 3111 1969 3191 2023; x_wconf 90' lang='lat' dir='ltr'><strong>vir</strong></span> <span class='ocrx_word' id='word_1_370' title='bbox 3240 1968 3472 2025; x_wconf 85' lang='lat' dir='ltr'><strong>Marinus</strong></span> 
     </span>
    </p>
   </div>
   <div class='ocr_carea' id='block_1_48' title="bbox 1894 2057 3472 2129">
    <p class='ocr_par' dir='ltr' id='par_1_48' title="bbox 1894 2057 3472 2129">
     <span class='ocr_line' id='line_1_48' title="bbox 1894 2057 3472 2129; baseline 0.002 -18"><span class='ocrx_word' id='word_1_371' title='bbox 1894 2072 2015 2111; x_wconf 92' lang='lat' dir='ltr'><strong>cum</strong></span> <span class='ocrx_word' id='word_1_372' title='bbox 2066 2057 2497 2113; x_wconf 88' lang='lat' dir='ltr'><strong>interminatione</strong></span> <span class='ocrx_word' id='word_1_373' title='bbox 2540 2058 2828 2123; x_wconf 87' lang='lat' dir='ltr'><strong>disseruit;</strong></span> <span class='ocrx_word' id='word_1_374' title='bbox 2884 2062 2978 2117; x_wconf 89' lang='lat' dir='ltr'><strong>sed</strong></span> <span class='ocrx_word' id='word_1_375' title='bbox 3002 2062 3138 2116; x_wconf 89' lang='lat' dir='ltr'><strong>sicut</strong></span> <span class='ocrx_word' id='word_1_376' title='bbox 3182 2060 3309 2114; x_wconf 91' lang='lat' dir='ltr'><strong>illud</strong></span> <span class='ocrx_word' id='word_1_377' title='bbox 3331 2060 3472 2129; x_wconf 88' lang='lat' dir='ltr'><strong>quod</strong></span> 
     </span>
    </p>
   </div>
   <div class='ocr_carea' id='block_1_49' title="bbox 1895 2148 3473 2220">
    <p class='ocr_par' dir='ltr' id='par_1_49' title="bbox 1895 2148 3473 2220">
     <span class='ocr_line' id='line_1_49' title="bbox 1895 2148 3473 2220; baseline 0.003 -18"><span class='ocrx_word' id='word_1_378' title='bbox 1895 2148 2140 2218; x_wconf 89' lang='lat' dir='ltr'><strong>promisit</strong></span> <span class='ocrx_word' id='word_1_379' title='bbox 2182 2149 2437 2203; x_wconf 91' lang='lat' dir='ltr'><strong>Dominus</strong></span> <span class='ocrx_word' id='word_1_380' title='bbox 2478 2151 2819 2220; x_wconf 87' lang='lat' dir='ltr'><strong>diligentibus</strong></span> <span class='ocrx_word' id='word_1_381' title='bbox 2848 2168 2929 2219; x_wconf 88' lang='lat' dir='ltr'><strong>se,</strong></span> <span class='ocrx_word' id='word_1_382' title='bbox 2957 2153 3117 2208; x_wconf 90' lang='lat' dir='ltr'><strong>etiam</strong></span> <span class='ocrx_word' id='word_1_383' title='bbox 3168 2152 3473 2208; x_wconf 85' lang='lat' dir='ltr'><strong>testimonio</strong></span> 
     </span>
    </p>
   </div>
   <div class='ocr_carea' id='block_1_50' title="bbox 1894 2241 3557 2321">
    <p class='ocr_par' dir='ltr' id='par_1_50' title="bbox 1894 2241 3557 2321">
     <span class='ocr_line' id='line_1_50' title="bbox 1894 2241 3557 2321; baseline 0.004 -27"><span class='ocrx_word' id='word_1_384' title='bbox 1894 2242 2137 2321; x_wconf 86' lang='lat' dir='ltr'><strong>Apostoli</strong></span> <span class='ocrx_word' id='word_1_385' title='bbox 2166 2256 2262 2310; x_wconf 87' lang='lat' dir='ltr'><strong>pro</strong></span> <span class='ocrx_word' id='word_1_386' title='bbox 2290 2241 2365 2296; x_wconf 91' lang='lat' dir='ltr'><strong>rei</strong></span> <span class='ocrx_word' id='word_1_387' title='bbox 2393 2242 2759 2311; x_wconf 86' lang='lat' dir='ltr'><strong>magnitudine</strong></span> <span class='ocrx_word' id='word_1_388' title='bbox 2784 2244 2836 2297; x_wconf 91' lang='lat' dir='ltr'><strong>in</strong></span> <span class='ocrx_word' id='word_1_389' title='bbox 2866 2258 2958 2297; x_wconf 90' lang='lat' dir='ltr'><strong>cor</strong></span> <span class='ocrx_word' id='word_1_390' title='bbox 2988 2244 3218 2298; x_wconf 89' lang='lat' dir='ltr'><strong>hominis</strong></span> <span class='ocrx_word' id='word_1_391' title='bbox 3246 2258 3350 2297; x_wconf 89' lang='lat' dir='ltr'><strong>non</strong></span> <span class='ocrx_word' id='word_1_392' title='bbox 3385 2256 3470 2301; x_wconf 83' lang='lat' dir='ltr'><strong>as-</strong></span> <span class='ocrx_word' id='word_1_393' title='bbox 3554 2266 3557 2271; x_wconf 94' lang='grc'>·</span> 
     </span>
    </p>
   </div>
   <div class='ocr_carea' id='block_1_51' title="bbox 1892 2330 3469 2403">
    <p class='ocr_par' dir='ltr' id='par_1_51' title="bbox 1892 2330 3469 2403">
     <span class='ocr_line' id='line_1_51' title="bbox 1892 2330 3469 2403; baseline 0.001 -17"><span class='ocrx_word' id='word_1_394' title='bbox 1892 2330 2090 2397; x_wconf 90' lang='lat' dir='ltr'><strong>cendit,</strong></span> <span class='ocrx_word' id='word_1_395' title='bbox 2125 2332 2195 2385; x_wconf 86' lang='lat' dir='ltr'><strong>ita</strong></span> <span class='ocrx_word' id='word_1_396' title='bbox 2228 2332 2524 2387; x_wconf 79' lang='lat' dir='ltr'><strong>futurorum</strong></span> <span class='ocrx_word' id='word_1_397' title='bbox 2572 2333 2903 2388; x_wconf 89' lang='lat' dir='ltr'><strong>immensitas</strong></span> <span class='ocrx_word' id='word_1_398' title='bbox 2944 2334 3272 2392; x_wconf 86' lang='lat' dir='ltr'><strong>cruciatuuut</strong></span> <span class='ocrx_word' id='word_1_399' title='bbox 3303 2349 3469 2403; x_wconf 86' lang='lat' dir='ltr'><strong>angu-</strong></span> 
     </span>
    </p>
   </div>
   <div class='ocr_carea' id='block_1_52' title="bbox 1892 2422 3471 2493">
    <p class='ocr_par' dir='ltr' id='par_1_52' title="bbox 1892 2422 3471 2493">
     <span class='ocr_line' id='line_1_52' title="bbox 1892 2422 3471 2493; baseline 0.001 -16"><span class='ocrx_word' id='word_1_400' title='bbox 1892 2424 2023 2478; x_wconf 89' lang='lat' dir='ltr'><strong>stias</strong></span> <span class='ocrx_word' id='word_1_401' title='bbox 2047 2422 2293 2478; x_wconf 72' lang='lat' dir='ltr'><strong>humana:</strong></span> <span class='ocrx_word' id='word_1_402' title='bbox 2322 2423 2517 2478; x_wconf 92' lang='lat' dir='ltr'><strong>mentis</strong></span> <span class='ocrx_word' id='word_1_403' title='bbox 2534 2422 2910 2493; x_wconf 76' lang='lat' dir='ltr'><strong>excedet,qu:e</strong></span> <span class='ocrx_word' id='word_1_404' title='bbox 2936 2424 3075 2479; x_wconf 86' lang='lat' dir='ltr'><strong>mala</strong></span> <span class='ocrx_word' id='word_1_405' title='bbox 3098 2434 3471 2479; x_wconf 89' lang='lat' dir='ltr'><strong>momentanea</strong></span> 
     </span>
    </p>
   </div>
   <div class='ocr_carea' id='block_1_53' title="bbox 1890 2515 3470 2585">
    <p class='ocr_par' dir='ltr' id='par_1_53' title="bbox 1890 2515 3470 2585">
     <span class='ocr_line' id='line_1_53' title="bbox 1890 2515 3470 2585; baseline 0.001 -17"><span class='ocrx_word' id='word_1_406' title='bbox 1890 2515 2217 2584; x_wconf 73' lang='lat' dir='ltr'><strong>pteuiteutiae</strong></span> <span class='ocrx_word' id='word_1_407' title='bbox 2274 2516 2458 2569; x_wconf 89' lang='lat' dir='ltr'><strong>umbra</strong></span> <span class='ocrx_word' id='word_1_408' title='bbox 2508 2531 2611 2570; x_wconf 92' lang='lat' dir='ltr'><strong>non</strong></span> <span class='ocrx_word' id='word_1_409' title='bbox 2665 2524 2928 2583; x_wconf 87' lang='lat' dir='ltr'><strong>removet,</strong></span> <span class='ocrx_word' id='word_1_410' title='bbox 2975 2531 3094 2585; x_wconf 85' lang='lat' dir='ltr'><strong>quae</strong></span> <span class='ocrx_word' id='word_1_411' title='bbox 3142 2516 3298 2571; x_wconf 86' lang='lat' dir='ltr'><strong>ﬁdem</strong></span> <span class='ocrx_word' id='word_1_412' title='bbox 3353 2516 3470 2570; x_wconf 87' lang='lat' dir='ltr'><strong>sine</strong></span> 
     </span>
    </p>
   </div>
   <div class='ocr_carea' id='block_1_54' title="bbox 1892 2605 3467 2674">
    <p class='ocr_par' dir='ltr' id='par_1_54' title="bbox 1892 2605 3467 2674">
     <span class='ocr_line' id='line_1_54' title="bbox 1892 2605 3467 2674; baseline 0.003 -15"><span class='ocrx_word' id='word_1_413' title='bbox 1892 2606 2141 2674; x_wconf 85' lang='lat' dir='ltr'><strong>Operibus</strong></span> <span class='ocrx_word' id='word_1_414' title='bbox 2170 2621 2275 2660; x_wconf 91' lang='lat' dir='ltr'><strong>non</strong></span> <span class='ocrx_word' id='word_1_415' title='bbox 2303 2605 2546 2674; x_wconf 90' lang='lat' dir='ltr'><strong>repellet,</strong></span> <span class='ocrx_word' id='word_1_416' title='bbox 2576 2606 2767 2674; x_wconf 86' lang='lat' dir='ltr'><strong>quibus</strong></span> <span class='ocrx_word' id='word_1_417' title='bbox 2810 2608 3094 2661; x_wconf 89' lang='lat' dir='ltr'><strong>terminum</strong></span> <span class='ocrx_word' id='word_1_418' title='bbox 3147 2608 3467 2663; x_wconf 64' lang='lat' dir='ltr'><strong>surculorum</strong></span> 
     </span>
    </p>
   </div>
   <div class='ocr_carea' id='block_1_55' title="bbox 1893 2696 3469 2767">
    <p class='ocr_par' dir='ltr' id='par_1_55' title="bbox 1893 2696 3469 2767">
     <span class='ocr_line' id='line_1_55' title="bbox 1893 2696 3469 2767; baseline 0.003 -18"><span class='ocrx_word' id='word_1_419' title='bbox 1893 2696 2181 2750; x_wconf 90' lang='lat' dir='ltr'><strong>labentium</strong></span> <span class='ocrx_word' id='word_1_420' title='bbox 2234 2711 2425 2750; x_wconf 88' lang='lat' dir='ltr'><strong>cursus</strong></span> <span class='ocrx_word' id='word_1_421' title='bbox 2466 2697 2517 2751; x_wconf 90' lang='lat' dir='ltr'><strong>in</strong></span> <span class='ocrx_word' id='word_1_422' title='bbox 2550 2697 2776 2751; x_wconf 88' lang='lat' dir='ltr'><strong>ﬂammis</strong></span> <span class='ocrx_word' id='word_1_423' title='bbox 2811 2698 3330 2767; x_wconf 83' lang='lat' dir='ltr'><strong>inexstinguibilibus</strong></span> <span class='ocrx_word' id='word_1_424' title='bbox 3355 2708 3469 2753; x_wconf 89' lang='lat' dir='ltr'><strong>sta-</strong></span> 
     </span>
    </p>
   </div>
   <div class='ocr_carea' id='block_1_56' title="bbox 1894 2786 3473 2859">
    <p class='ocr_par' dir='ltr' id='par_1_56' title="bbox 1894 2786 3473 2859">
     <span class='ocr_line' id='line_1_56' title="bbox 1894 2786 3473 2859; baseline 0.003 -19"><span class='ocrx_word' id='word_1_425' title='bbox 1894 2796 2045 2841; x_wconf 85' lang='lat' dir='ltr'><strong>tuere</strong></span> <span class='ocrx_word' id='word_1_426' title='bbox 2104 2802 2209 2841; x_wconf 93' lang='lat' dir='ltr'><strong>non</strong></span> <span class='ocrx_word' id='word_1_427' title='bbox 2257 2786 2476 2853; x_wconf 89' lang='lat' dir='ltr'><strong>valebit,</strong></span> <span class='ocrx_word' id='word_1_428' title='bbox 2525 2788 2663 2841; x_wconf 91' lang='lat' dir='ltr'><strong>inter</strong></span> <span class='ocrx_word' id='word_1_429' title='bbox 2708 2803 2840 2857; x_wconf 89' lang='lat' dir='ltr'><strong>quos</strong></span> <span class='ocrx_word' id='word_1_430' title='bbox 2869 2789 3219 2844; x_wconf 77' lang='lat' dir='ltr'><strong>inexhaustos</strong></span> <span class='ocrx_word' id='word_1_431' title='bbox 3246 2804 3473 2859; x_wconf 85' lang='lat' dir='ltr'><strong>vapores</strong></span> 
     </span>
    </p>
   </div>
   <div class='ocr_carea' id='block_1_57' title="bbox 1895 2878 3468 2949">
    <p class='ocr_par' dir='ltr' id='par_1_57' title="bbox 1895 2878 3468 2949">
     <span class='ocr_line' id='line_1_57' title="bbox 1895 2878 3468 2949; baseline 0.004 -18"><span class='ocrx_word' id='word_1_432' title='bbox 1895 2878 2044 2933; x_wconf 90' lang='lat' dir='ltr'><strong>tarde</strong></span> <span class='ocrx_word' id='word_1_433' title='bbox 2068 2893 2126 2934; x_wconf 90' lang='lat' dir='ltr'><strong>se</strong></span> <span class='ocrx_word' id='word_1_434' title='bbox 2149 2880 2325 2933; x_wconf 90' lang='lat' dir='ltr'><strong>anima</strong></span> <span class='ocrx_word' id='word_1_435' title='bbox 2351 2894 2608 2949; x_wconf 88' lang='lat' dir='ltr'><strong>corporea</strong></span> <span class='ocrx_word' id='word_1_436' title='bbox 2628 2889 2683 2935; x_wconf 90' lang='lat' dir='ltr'><strong>et</strong></span> <span class='ocrx_word' id='word_1_437' title='bbox 2701 2881 2895 2935; x_wconf 88' lang='lat' dir='ltr'><strong>sentiet</strong></span> <span class='ocrx_word' id='word_1_438' title='bbox 2924 2890 2979 2936; x_wconf 91' lang='lat' dir='ltr'><strong>et</strong></span> <span class='ocrx_word' id='word_1_439' title='bbox 2999 2881 3219 2936; x_wconf 76' lang='lat' dir='ltr'><strong>videbit.</strong></span> <span class='ocrx_word' id='word_1_440' title='bbox 3244 2880 3311 2935; x_wconf 87' lang='lat' dir='ltr'><strong>Et</strong></span> <span class='ocrx_word' id='word_1_441' title='bbox 3327 2881 3468 2947; x_wconf 87' lang='lat' dir='ltr'><strong>ideo,</strong></span> 
     </span>
    </p>
   </div>
   <div class='ocr_carea' id='block_1_58' title="bbox 1888 2972 3549 3045">
    <p class='ocr_par' dir='ltr' id='par_1_58' title="bbox 1888 2972 3549 3045">
     <span class='ocr_line' id='line_1_58' title="bbox 1888 2972 3549 3045; baseline 0.005 -20"><span class='ocrx_word' id='word_1_442' title='bbox 1888 2972 2064 3041; x_wconf 85' lang='lat' dir='ltr'><strong>justis,</strong></span> <span class='ocrx_word' id='word_1_443' title='bbox 2101 2973 2264 3028; x_wconf 85' lang='lat' dir='ltr'><strong>castis</strong></span> <span class='ocrx_word' id='word_1_444' title='bbox 2290 2982 2342 3029; x_wconf 91' lang='lat' dir='ltr'><strong>et</strong></span> <span class='ocrx_word' id='word_1_445' title='bbox 2375 2974 2476 3042; x_wconf 91' lang='lat' dir='ltr'><strong>piis</strong></span> <span class='ocrx_word' id='word_1_446' title='bbox 2507 2974 2755 3043; x_wconf 88' lang='lat' dir='ltr'><strong>operibus</strong></span> <span class='ocrx_word' id='word_1_447' title='bbox 2787 2975 2928 3029; x_wconf 91' lang='lat' dir='ltr'><strong>diem</strong></span> <span class='ocrx_word' id='word_1_448' title='bbox 2960 2975 3202 3029; x_wconf 91' lang='lat' dir='ltr'><strong>ultimum</strong></span> <span class='ocrx_word' id='word_1_449' title='bbox 3231 2990 3470 3045; x_wconf 68' lang='lat' dir='ltr'><strong>prcecur-</strong></span> <span class='ocrx_word' id='word_1_450' title='bbox 3546 3028 3549 3033; x_wconf 88' lang='lat'><strong>.</strong></span> 
     </span>
    </p>
   </div>
   <div class='ocr_carea' id='block_1_59' title="bbox 1892 3065 3471 3138">
    <p class='ocr_par' dir='ltr' id='par_1_59' title="bbox 1892 3065 3471 3138">
     <span class='ocr_line' id='line_1_59' title="bbox 1892 3065 3471 3138; baseline 0.004 -21"><span class='ocrx_word' id='word_1_451' title='bbox 1892 3080 2072 3119; x_wconf 90' lang='lat' dir='ltr'><strong>ramus</strong></span> <span class='ocrx_word' id='word_1_452' title='bbox 2098 3083 2110 3118; x_wconf 89' lang='lat'><strong>:</strong></span> <span class='ocrx_word' id='word_1_453' title='bbox 2144 3074 2199 3121; x_wconf 90' lang='lat' dir='ltr'><strong>et</strong></span> <span class='ocrx_word' id='word_1_454' title='bbox 2221 3065 2307 3121; x_wconf 90' lang='lat' dir='ltr'><strong>hic</strong></span> <span class='ocrx_word' id='word_1_455' title='bbox 2348 3066 2584 3121; x_wconf 89' lang='lat' dir='ltr'><strong>timendo</strong></span> <span class='ocrx_word' id='word_1_456' title='bbox 2612 3081 2676 3122; x_wconf 91' lang='lat' dir='ltr'><strong>ea</strong></span> <span class='ocrx_word' id='word_1_457' title='bbox 2706 3067 2951 3137; x_wconf 87' lang='lat' dir='ltr'><strong>quaeillic</strong></span> <span class='ocrx_word' id='word_1_458' title='bbox 2976 3068 3167 3124; x_wconf 88' lang='lat' dir='ltr'><strong>timere</strong></span> <span class='ocrx_word' id='word_1_459' title='bbox 3192 3068 3323 3122; x_wconf 89' lang='lat' dir='ltr'><strong>nihil</strong></span> <span class='ocrx_word' id='word_1_460' title='bbox 3346 3084 3471 3138; x_wconf 80' lang='lat' dir='ltr'><strong>pro-</strong></span> 
     </span>
    </p>
   </div>
   <div class='ocr_carea' id='block_1_60' title="bbox 1891 3154 3547 3224">
    <p class='ocr_par' dir='ltr' id='par_1_60' title="bbox 1891 3154 3547 3224">
     <span class='ocr_line' id='line_1_60' title="bbox 1891 3154 3547 3224; baseline 0.003 -14"><span class='ocrx_word' id='word_1_461' title='bbox 1891 3157 2050 3224; x_wconf 88' lang='lat' dir='ltr'><strong>derit,</strong></span> <span class='ocrx_word' id='word_1_462' title='bbox 2086 3172 2181 3212; x_wconf 89' lang='lat' dir='ltr'><strong>nos</strong></span> <span class='ocrx_word' id='word_1_463' title='bbox 2231 3158 2580 3213; x_wconf 90' lang='lat' dir='ltr'><strong>declinemus.</strong></span> <span class='ocrx_word' id='word_1_464' title='bbox 2616 3158 2712 3213; x_wconf 88' lang='lat' dir='ltr'><strong>llic</strong></span> <span class='ocrx_word' id='word_1_465' title='bbox 2753 3158 2913 3214; x_wconf 90' lang='lat' dir='ltr'><strong>ﬁnem</strong></span> <span class='ocrx_word' id='word_1_466' title='bbox 2938 3154 3157 3213; x_wconf 86' lang='lat' dir='ltr'><strong>iniinitis</strong></span> <span class='ocrx_word' id='word_1_467' title='bbox 3186 3158 3214 3197; x_wconf 66' lang='grc' dir='ltr'>δ</span> <span class='ocrx_word' id='word_1_468' title='bbox 3246 3168 3470 3215; x_wconf 86' lang='lat' dir='ltr'><strong>conten-</strong></span> <span class='ocrx_word' id='word_1_469' title='bbox 3542 3216 3547 3223; x_wconf 35' lang='grc' dir='ltr'><strong>η</strong></span> 
     </span>
    </p>
   </div>
   <div class='ocr_carea' id='block_1_61' title="bbox 202 3235 3470 3332">
    <p class='ocr_par' dir='ltr' id='par_1_61' title="bbox 202 3235 3470 3332">
     <span class='ocr_line' id='line_1_61' title="bbox 202 3235 3470 3332; baseline -0.003 -17"><span class='ocrx_word' id='word_1_470' title='bbox 202 3235 292 3332; x_wconf 83' lang='lat' dir='ltr'><strong>gat</strong></span> <span class='ocrx_word' id='word_1_471' title='bbox 323 3274 351 3314; x_wconf 88' lang='lat' dir='ltr'><strong>a</strong></span> <span class='ocrx_word' id='word_1_472' title='bbox 385 3235 578 3322; x_wconf 86' lang='lat' dir='ltr'><strong>salute,</strong></span> <span class='ocrx_word' id='word_1_473' title='bbox 595 3257 686 3326; x_wconf 90' lang='lat' dir='ltr'><strong>qui</strong></span> <span class='ocrx_word' id='word_1_474' title='bbox 708 3270 738 3309; x_wconf 85' lang='lat' dir='ltr'><strong>a</strong></span> <span class='ocrx_word' id='word_1_475' title='bbox 760 3262 1052 3323; x_wconf 88' lang='lat' dir='ltr'><strong>conspectu</strong></span> <span class='ocrx_word' id='word_1_476' title='bbox 1071 3251 1513 3322; x_wconf 86' lang='lat' dir='ltr'><strong>Patrisjubeutur</strong></span> <span class='ocrx_word' id='word_1_477' title='bbox 1532 3249 1785 3306; x_wconf 83' lang='lat' dir='ltr'><strong>abscede-</strong></span> <span class='ocrx_word' id='word_1_478' title='bbox 1811 3235 1856 3298; x_wconf 68' lang='grc' dir='ltr'><strong>(ἶ</strong></span> <span class='ocrx_word' id='word_1_479' title='bbox 1892 3249 2137 3321; x_wconf 80' lang='lat' dir='ltr'><strong>tionibus</strong></span> <span class='ocrx_word' id='word_1_480' title='bbox 2176 3248 2535 3318; x_wconf 82' lang='lat' dir='ltr'><strong>imponamus,</strong></span> <span class='ocrx_word' id='word_1_481' title='bbox 2584 3260 2637 3304; x_wconf 91' lang='lat' dir='ltr'><strong>et</strong></span> <span class='ocrx_word' id='word_1_482' title='bbox 2666 3250 3002 3305; x_wconf 90' lang='lat' dir='ltr'><strong>intoleranda</strong></span> <span class='ocrx_word' id='word_1_483' title='bbox 3057 3250 3298 3305; x_wconf 88' lang='lat' dir='ltr'><strong>incendia</strong></span> <span class='ocrx_word' id='word_1_484' title='bbox 3330 3266 3470 3305; x_wconf 92' lang='lat' dir='ltr'><strong>nunc</strong></span> 
     </span>
    </p>
   </div>
   <div class='ocr_carea' id='block_1_62' title="bbox 202 3343 1784 3414">
    <p class='ocr_par' dir='ltr' id='par_1_62' title="bbox 202 3343 1784 3414">
     <span class='ocr_line' id='line_1_62' title="bbox 202 3343 1784 3414; baseline -0.006 -8"><span class='ocrx_word' id='word_1_485' title='bbox 202 3352 302 3407; x_wconf 83' lang='lat' dir='ltr'><strong>re?</strong></span> <span class='ocrx_word' id='word_1_486' title='bbox 333 3351 387 3405; x_wconf 91' lang='lat' dir='ltr'><strong>in</strong></span> <span class='ocrx_word' id='word_1_487' title='bbox 435 3357 635 3404; x_wconf 88' lang='lat' dir='ltr'><strong>sortem</strong></span> <span class='ocrx_word' id='word_1_488' title='bbox 664 3361 759 3404; x_wconf 91' lang='lat' dir='ltr'><strong>eos</strong></span> <span class='ocrx_word' id='word_1_489' title='bbox 803 3359 898 3402; x_wconf 88' lang='lat' dir='ltr'><strong>sua</strong></span> <span class='ocrx_word' id='word_1_490' title='bbox 947 3359 1096 3401; x_wconf 87' lang='lat' dir='ltr'><strong>mors</strong></span> <span class='ocrx_word' id='word_1_491' title='bbox 1146 3343 1511 3399; x_wconf 89' lang='lat' dir='ltr'><strong>indubitanter</strong></span> <span class='ocrx_word' id='word_1_492' title='bbox 1537 3344 1784 3414; x_wconf 83' lang='lat' dir='ltr'><strong>accipiet,</strong></span> 
     </span>
    </p>
   </div>
   <div class='ocr_carea' id='block_1_63' title="bbox 200 3436 1787 3513">
    <p class='ocr_par' dir='ltr' id='par_1_63' title="bbox 200 3436 1787 3513">
     <span class='ocr_line' id='line_1_63' title="bbox 200 3436 1787 3513; baseline -0.005 -16"><span class='ocrx_word' id='word_1_493' title='bbox 200 3457 343 3513; x_wconf 89' lang='lat' dir='ltr'><strong>quos</strong></span> <span class='ocrx_word' id='word_1_494' title='bbox 365 3440 472 3496; x_wconf 89' lang='lat' dir='ltr'><strong>vita</strong></span> <span class='ocrx_word' id='word_1_495' title='bbox 502 3454 623 3509; x_wconf 66' lang='lat' dir='ltr'><strong>qua</strong></span> <span class='ocrx_word' id='word_1_496' title='bbox 648 3438 893 3493; x_wconf 84' lang='lat' dir='ltr'><strong>Christus</strong></span> <span class='ocrx_word' id='word_1_497' title='bbox 918 3446 1001 3492; x_wconf 89' lang='lat' dir='ltr'><strong>est</strong></span> <span class='ocrx_word' id='word_1_498' title='bbox 1029 3437 1310 3507; x_wconf 83' lang='lat' dir='ltr'><strong>ignorabit.</strong></span> <span class='ocrx_word' id='word_1_499' title='bbox 1340 3436 1647 3505; x_wconf 80' lang='lat' dir='ltr'><strong>Baptizatos</strong></span> <span class='ocrx_word' id='word_1_500' title='bbox 1675 3451 1787 3505; x_wconf 88' lang='lat' dir='ltr'><strong>per-</strong></span> 
     </span>
    </p>
   </div>
   <div class='ocr_carea' id='block_1_64' title="bbox 200 3526 1788 3597">
    <p class='ocr_par' dir='ltr' id='par_1_64' title="bbox 200 3526 1788 3597">
     <span class='ocr_line' id='line_1_64' title="bbox 200 3526 1788 3597; baseline -0.006 -8"><span class='ocrx_word' id='word_1_501' title='bbox 200 3531 402 3589; x_wconf 90' lang='lat' dir='ltr'><strong>ditioni</strong></span> <span class='ocrx_word' id='word_1_502' title='bbox 438 3529 572 3584; x_wconf 89' lang='lat' dir='ltr'><strong>tradi</strong></span> <span class='ocrx_word' id='word_1_503' title='bbox 614 3542 708 3597; x_wconf 89' lang='lat' dir='ltr'><strong>pro</strong></span> <span class='ocrx_word' id='word_1_504' title='bbox 734 3527 1100 3597; x_wconf 86' lang='lat' dir='ltr'><strong>iniquitatibus</strong></span> <span class='ocrx_word' id='word_1_505' title='bbox 1125 3528 1236 3582; x_wconf 90' lang='lat' dir='ltr'><strong>suis</strong></span> <span class='ocrx_word' id='word_1_506' title='bbox 1265 3526 1511 3592; x_wconf 91' lang='lat' dir='ltr'><strong>dubitas;</strong></span> <span class='ocrx_word' id='word_1_507' title='bbox 1540 3542 1659 3581; x_wconf 90' lang='lat' dir='ltr'><strong>cum</strong></span> <span class='ocrx_word' id='word_1_508' title='bbox 1692 3527 1788 3581; x_wconf 88' lang='lat' dir='ltr'><strong>ba-</strong></span> 
     </span>
    </p>
   </div>
   <div class='ocr_carea' id='block_1_65' title="bbox 199 3618 1789 3696">
    <p class='ocr_par' dir='ltr' id='par_1_65' title="bbox 199 3618 1789 3696">
     <span class='ocr_line' id='line_1_65' title="bbox 199 3618 1789 3696; baseline -0.004 -17"><span class='ocrx_word' id='word_1_509' title='bbox 199 3625 408 3696; x_wconf 88' lang='lat' dir='ltr'><strong>ptisma</strong></span> <span class='ocrx_word' id='word_1_510' title='bbox 447 3620 618 3689; x_wconf 91' lang='lat' dir='ltr'><strong>ipsum</strong></span> <span class='ocrx_word' id='word_1_511' title='bbox 658 3634 753 3689; x_wconf 83' lang='lat' dir='ltr'><strong>per</strong></span> <span class='ocrx_word' id='word_1_512' title='bbox 791 3618 956 3674; x_wconf 87' lang='lat' dir='ltr'><strong>multa</strong></span> <span class='ocrx_word' id='word_1_513' title='bbox 1003 3619 1206 3673; x_wconf 89' lang='lat' dir='ltr'><strong>scelera</strong></span> <span class='ocrx_word' id='word_1_514' title='bbox 1236 3618 1415 3687; x_wconf 88' lang='lat' dir='ltr'><strong>perire</strong></span> <span class='ocrx_word' id='word_1_515' title='bbox 1459 3620 1789 3688; x_wconf 85' lang='lat' dir='ltr'><strong>cognoscas?</strong></span> 
     </span>
    </p>
   </div>
   <div class='ocr_carea' id='block_1_66' title="bbox 199 3710 1791 3783">
    <p class='ocr_par' dir='ltr' id='par_1_66' title="bbox 199 3710 1791 3783">
     <span class='ocr_line' id='line_1_66' title="bbox 199 3710 1791 3783; baseline -0.002 -14"><span class='ocrx_word' id='word_1_516' title='bbox 199 3712 367 3783; x_wconf 87' lang='lat' dir='ltr'><strong>Quod</strong></span> <span class='ocrx_word' id='word_1_517' title='bbox 396 3720 599 3779; x_wconf 91' lang='lat' dir='ltr'><strong>autem,</strong></span> <span class='ocrx_word' id='word_1_518' title='bbox 630 3711 771 3766; x_wconf 89' lang='lat' dir='ltr'><strong>sicut</strong></span> <span class='ocrx_word' id='word_1_519' title='bbox 808 3710 998 3781; x_wconf 81' lang='lat' dir='ltr'><strong>pagina</strong></span> <span class='ocrx_word' id='word_1_520' title='bbox 1039 3711 1298 3776; x_wconf 89' lang='lat' dir='ltr'><strong>continet,</strong></span> <span class='ocrx_word' id='word_1_521' title='bbox 1350 3724 1528 3765; x_wconf 87' lang='lat' dir='ltr'><strong>sermo</strong></span> <span class='ocrx_word' id='word_1_522' title='bbox 1572 3720 1695 3765; x_wconf 89' lang='lat' dir='ltr'><strong>tuus</strong></span> <span class='ocrx_word' id='word_1_523' title='bbox 1721 3712 1791 3766; x_wconf 88' lang='lat' dir='ltr'><strong>de</strong></span> 
     </span>
    </p>
   </div>
   <div class='ocr_carea' id='block_1_67' title="bbox 199 3790 1788 3878">
    <p class='ocr_par' dir='ltr' id='par_1_67' title="bbox 199 3790 1788 3878">
     <span class='ocr_line' id='line_1_67' title="bbox 199 3790 1788 3878; baseline -0.004 -17"><span class='ocrx_word' id='word_1_524' title='bbox 199 3804 474 3878; x_wconf 87' lang='lat' dir='ltr'><strong>propheta</strong></span> <span class='ocrx_word' id='word_1_525' title='bbox 520 3810 791 3858; x_wconf 92' lang='lat' dir='ltr'><strong>mutuatus</strong></span> <span class='ocrx_word' id='word_1_526' title='bbox 817 3802 993 3872; x_wconf 83' lang='lat' dir='ltr'><strong>ignem</strong></span> <span class='ocrx_word' id='word_1_527' title='bbox 1019 3801 1212 3856; x_wconf 79' lang='lat' dir='ltr'><strong>animm</strong></span> <span class='ocrx_word' id='word_1_528' title='bbox 1256 3801 1514 3871; x_wconf 89' lang='lat' dir='ltr'><strong>simplicis</strong></span> <span class='ocrx_word' id='word_1_529' title='bbox 1550 3790 1788 3856; x_wconf 64' lang='lat' dir='ltr'><strong>assuma-</strong></span> 
     </span>
    </p>
   </div>
   <div class='ocr_carea' id='block_1_68' title="bbox 199 3893 1783 3965">
    <p class='ocr_par' dir='ltr' id='par_1_68' title="bbox 199 3893 1783 3965">
     <span class='ocr_line' id='line_1_68' title="bbox 199 3893 1783 3965; baseline -0.004 -11"><span class='ocrx_word' id='word_1_530' title='bbox 199 3899 305 3965; x_wconf 81' lang='lat' dir='ltr'><strong>vit,</strong></span> <span class='ocrx_word' id='word_1_531' title='bbox 339 3896 408 3951; x_wconf 89' lang='lat' dir='ltr'><strong>de</strong></span> <span class='ocrx_word' id='word_1_532' title='bbox 426 3896 538 3951; x_wconf 89' lang='lat' dir='ltr'><strong>sola</strong></span> <span class='ocrx_word' id='word_1_533' title='bbox 568 3895 668 3951; x_wconf 88' lang='lat' dir='ltr'><strong>hoc</strong></span> <span class='ocrx_word' id='word_1_534' title='bbox 687 3893 980 3950; x_wconf 85' lang='lat' dir='ltr'><strong>divinitatis</strong></span> <span class='ocrx_word' id='word_1_535' title='bbox 996 3893 1292 3950; x_wconf 90' lang='lat' dir='ltr'><strong>substantia</strong></span> <span class='ocrx_word' id='word_1_536' title='bbox 1309 3893 1487 3949; x_wconf 89' lang='lat' dir='ltr'><strong>dicere</strong></span> <span class='ocrx_word' id='word_1_537' title='bbox 1512 3894 1783 3962; x_wconf 81' lang='lat' dir='ltr'><strong>convenit,</strong></span> 
     </span>
    </p>
   </div>
   <div class='ocr_carea' id='block_1_69' title="bbox 201 3986 1790 4059">
    <p class='ocr_par' dir='ltr' id='par_1_69' title="bbox 201 3986 1790 4059">
     <span class='ocr_line' id='line_1_69' title="bbox 201 3986 1790 4059; baseline -0.005 -10"><span class='ocrx_word' id='word_1_538' title='bbox 201 3990 296 4049; x_wconf 86' lang='lat' dir='ltr'><strong>cui</strong></span> <span class='ocrx_word' id='word_1_539' title='bbox 316 3988 452 4045; x_wconf 88' lang='lat' dir='ltr'><strong>nihil</strong></span> <span class='ocrx_word' id='word_1_540' title='bbox 473 3989 809 4059; x_wconf 84' lang='lat' dir='ltr'><strong>appositum,</strong></span> <span class='ocrx_word' id='word_1_541' title='bbox 827 3986 957 4041; x_wconf 93' lang='lat' dir='ltr'><strong>nihil</strong></span> <span class='ocrx_word' id='word_1_542' title='bbox 982 4002 1011 4041; x_wconf 90' lang='lat' dir='ltr'><strong>a</strong></span> <span class='ocrx_word' id='word_1_543' title='bbox 1042 3988 1323 4056; x_wconf 89' lang='lat' dir='ltr'><strong>superiore</strong></span> <span class='ocrx_word' id='word_1_544' title='bbox 1352 3986 1628 4054; x_wconf 81' lang='lat' dir='ltr'><strong>collatum,</strong></span> <span class='ocrx_word' id='word_1_545' title='bbox 1652 3986 1790 4042; x_wconf 87' lang='lat' dir='ltr'><strong>nihil</strong></span> 
     </span>
    </p>
   </div>
   <div class='ocr_carea' id='block_1_70' title="bbox 200 4078 1786 4150">
    <p class='ocr_par' dir='ltr' id='par_1_70' title="bbox 200 4078 1786 4150">
     <span class='ocr_line' id='line_1_70' title="bbox 200 4078 1786 4150; baseline -0.004 -10"><span class='ocrx_word' id='word_1_546' title='bbox 200 4090 423 4140; x_wconf 78' lang='lat' dir='ltr'><strong>constat</strong></span> <span class='ocrx_word' id='word_1_547' title='bbox 465 4080 795 4150; x_wconf 87' lang='lat' dir='ltr'><strong>adjunctum.</strong></span> <span class='ocrx_word' id='word_1_548' title='bbox 828 4078 1011 4135; x_wconf 83' lang='lat' dir='ltr'><strong>Justus</strong></span> <span class='ocrx_word' id='word_1_549' title='bbox 1058 4081 1260 4150; x_wconf 87' lang='lat' dir='ltr'><strong>pariter</strong></span> <span class='ocrx_word' id='word_1_550' title='bbox 1288 4091 1341 4136; x_wconf 90' lang='lat' dir='ltr'><strong>et</strong></span> <span class='ocrx_word' id='word_1_551' title='bbox 1368 4080 1572 4149; x_wconf 88' lang='lat' dir='ltr'><strong>justitia</strong></span> <span class='ocrx_word' id='word_1_552' title='bbox 1601 4081 1786 4135; x_wconf 88' lang='lat' dir='ltr'><strong>vivens</strong></span> 
     </span>
    </p>
   </div>
   <div class='ocr_carea' id='block_1_71' title="bbox 203 4170 1788 4242">
    <p class='ocr_par' dir='ltr' id='par_1_71' title="bbox 203 4170 1788 4242">
     <span class='ocr_line' id='line_1_71' title="bbox 203 4170 1788 4242; baseline -0.001 -12"><span class='ocrx_word' id='word_1_553' title='bbox 203 4184 259 4231; x_wconf 74' lang='lat' dir='ltr'><strong>es</strong></span> <span class='ocrx_word' id='word_1_554' title='bbox 287 4174 419 4239; x_wconf 88' lang='lat' dir='ltr'><strong>vita,</strong></span> <span class='ocrx_word' id='word_1_555' title='bbox 453 4173 667 4242; x_wconf 88' lang='lat' dir='ltr'><strong>sapiens</strong></span> <span class='ocrx_word' id='word_1_556' title='bbox 705 4182 864 4241; x_wconf 90' lang='lat' dir='ltr'><strong>atque</strong></span> <span class='ocrx_word' id='word_1_557' title='bbox 911 4170 1170 4241; x_wconf 88' lang='lat' dir='ltr'><strong>sapientia</strong></span> <span class='ocrx_word' id='word_1_558' title='bbox 1217 4180 1303 4227; x_wconf 89' lang='lat' dir='ltr'><strong>est</strong></span> <span class='ocrx_word' id='word_1_559' title='bbox 1332 4173 1500 4226; x_wconf 90' lang='lat' dir='ltr'><strong>virtus</strong></span> <span class='ocrx_word' id='word_1_560' title='bbox 1530 4184 1584 4228; x_wconf 92' lang='lat' dir='ltr'><strong>et</strong></span> <span class='ocrx_word' id='word_1_561' title='bbox 1635 4173 1788 4241; x_wconf 86' lang='lat' dir='ltr'><strong>origo</strong></span> 
     </span>
    </p>
   </div>
   <div class='ocr_carea' id='block_1_72' title="bbox 203 4264 1787 4335">
    <p class='ocr_par' dir='ltr' id='par_1_72' title="bbox 203 4264 1787 4335">
     <span class='ocr_line' id='line_1_72' title="bbox 203 4264 1787 4335; baseline 0.001 -15"><span class='ocrx_word' id='word_1_562' title='bbox 203 4268 486 4322; x_wconf 82' lang='lat' dir='ltr'><strong>virtutum.</strong></span> <span class='ocrx_word' id='word_1_563' title='bbox 519 4265 576 4321; x_wconf 92' lang='lat' dir='ltr'><strong>ln</strong></span> <span class='ocrx_word' id='word_1_564' title='bbox 604 4264 982 4335; x_wconf 88' lang='lat' dir='ltr'><strong>principalibus</strong></span> <span class='ocrx_word' id='word_1_565' title='bbox 1022 4266 1165 4321; x_wconf 89' lang='lat' dir='ltr'><strong>enim</strong></span> <span class='ocrx_word' id='word_1_566' title='bbox 1194 4265 1354 4320; x_wconf 92' lang='lat' dir='ltr'><strong>bonis</strong></span> <span class='ocrx_word' id='word_1_567' title='bbox 1398 4268 1530 4332; x_wconf 87' lang='lat' dir='ltr'><strong>suis,</strong></span> <span class='ocrx_word' id='word_1_568' title='bbox 1560 4269 1659 4322; x_wconf 90' lang='lat' dir='ltr'><strong>hoc</strong></span> <span class='ocrx_word' id='word_1_569' title='bbox 1705 4277 1787 4322; x_wconf 86' lang='lat' dir='ltr'><strong>est</strong></span> 
     </span>
    </p>
   </div>
   <div class='ocr_carea' id='block_1_73' title="bbox 204 4358 1787 4435">
    <p class='ocr_par' dir='ltr' id='par_1_73' title="bbox 204 4358 1787 4435">
     <span class='ocr_line' id='line_1_73' title="bbox 204 4358 1787 4435; baseline -0.003 -18"><span class='ocrx_word' id='word_1_570' title='bbox 204 4361 325 4431; x_wconf 87' lang='lat' dir='ltr'><strong>ipse</strong></span> <span class='ocrx_word' id='word_1_571' title='bbox 344 4358 487 4431; x_wconf 89' lang='lat' dir='ltr'><strong>quod</strong></span> <span class='ocrx_word' id='word_1_572' title='bbox 540 4358 819 4435; x_wconf 22' lang='lat' dir='ltr'><strong>possidete</strong></span> <span class='ocrx_word' id='word_1_573' title='bbox 848 4359 1020 4414; x_wconf 86' lang='lat' dir='ltr'><strong>llomo</strong></span> <span class='ocrx_word' id='word_1_574' title='bbox 1058 4373 1187 4415; x_wconf 89' lang='lat' dir='ltr'><strong>vero</strong></span> <span class='ocrx_word' id='word_1_575' title='bbox 1217 4359 1415 4428; x_wconf 81' lang='lat' dir='ltr'><strong>duplex</strong></span> <span class='ocrx_word' id='word_1_576' title='bbox 1439 4360 1659 4430; x_wconf 89' lang='lat' dir='ltr'><strong>intelligi</strong></span> <span class='ocrx_word' id='word_1_577' title='bbox 1693 4375 1787 4429; x_wconf 86' lang='lat' dir='ltr'><strong>po—</strong></span> 
     </span>
    </p>
   </div>
   <div class='ocr_carea' id='block_1_74' title="bbox 204 4451 1785 4524">
    <p class='ocr_par' dir='ltr' id='par_1_74' title="bbox 204 4451 1785 4524">
     <span class='ocr_line' id='line_1_74' title="bbox 204 4451 1785 4524; baseline -0.001 -15"><span class='ocrx_word' id='word_1_578' title='bbox 204 4461 336 4524; x_wconf 86' lang='lat' dir='ltr'><strong>test,</strong></span> <span class='ocrx_word' id='word_1_579' title='bbox 360 4452 450 4523; x_wconf 86' lang='lat' dir='ltr'><strong>qui</strong></span> <span class='ocrx_word' id='word_1_580' title='bbox 480 4452 665 4507; x_wconf 82' lang='lat' dir='ltr'><strong>vivens</strong></span> <span class='ocrx_word' id='word_1_581' title='bbox 695 4460 748 4506; x_wconf 92' lang='lat' dir='ltr'><strong>et</strong></span> <span class='ocrx_word' id='word_1_582' title='bbox 771 4451 947 4520; x_wconf 84' lang='lat' dir='ltr'><strong>justus</strong></span> <span class='ocrx_word' id='word_1_583' title='bbox 974 4458 1027 4506; x_wconf 89' lang='lat' dir='ltr'><strong>et</strong></span> <span class='ocrx_word' id='word_1_584' title='bbox 1049 4451 1260 4520; x_wconf 85' lang='lat' dir='ltr'><strong>sapiens</strong></span> <span class='ocrx_word' id='word_1_585' title='bbox 1288 4451 1391 4506; x_wconf 90' lang='lat' dir='ltr'><strong>dici</strong></span> <span class='ocrx_word' id='word_1_586' title='bbox 1424 4460 1600 4521; x_wconf 90' lang='lat' dir='ltr'><strong>potest</strong></span> <span class='ocrx_word' id='word_1_587' title='bbox 1629 4470 1642 4505; x_wconf 89' lang='lat'><strong>:</strong></span> <span class='ocrx_word' id='word_1_588' title='bbox 1676 4454 1785 4508; x_wconf 86' lang='lat' dir='ltr'><strong>vita</strong></span> 
     </span>
    </p>
   </div>
   <div class='ocr_carea' id='block_1_75' title="bbox 204 4542 1785 4613">
    <p class='ocr_par' dir='ltr' id='par_1_75' title="bbox 204 4542 1785 4613">
     <span class='ocr_line' id='line_1_75' title="bbox 204 4542 1785 4613; baseline -0.001 -13"><span class='ocrx_word' id='word_1_589' title='bbox 204 4553 389 4602; x_wconf 84' lang='lat' dir='ltr'><strong>autem</strong></span> <span class='ocrx_word' id='word_1_590' title='bbox 415 4553 468 4601; x_wconf 91' lang='lat' dir='ltr'><strong>et</strong></span> <span class='ocrx_word' id='word_1_591' title='bbox 492 4542 694 4613; x_wconf 85' lang='lat' dir='ltr'><strong>justitia</strong></span> <span class='ocrx_word' id='word_1_592' title='bbox 732 4542 837 4597; x_wconf 89' lang='lat' dir='ltr'><strong>dici</strong></span> <span class='ocrx_word' id='word_1_593' title='bbox 869 4557 973 4598; x_wconf 92' lang='lat' dir='ltr'><strong>non</strong></span> <span class='ocrx_word' id='word_1_594' title='bbox 1006 4551 1198 4611; x_wconf 90' lang='lat' dir='ltr'><strong>potest,</strong></span> <span class='ocrx_word' id='word_1_595' title='bbox 1232 4544 1353 4613; x_wconf 86' lang='lat' dir='ltr'><strong>quia</strong></span> <span class='ocrx_word' id='word_1_596' title='bbox 1397 4545 1468 4597; x_wconf 90' lang='lat' dir='ltr'><strong>ita</strong></span> <span class='ocrx_word' id='word_1_597' title='bbox 1502 4543 1584 4599; x_wconf 91' lang='lat' dir='ltr'><strong>his</strong></span> <span class='ocrx_word' id='word_1_598' title='bbox 1611 4544 1785 4599; x_wconf 87' lang='lat' dir='ltr'><strong>indui-</strong></span> 
     </span>
    </p>
   </div>
   <div class='ocr_carea' id='block_1_76' title="bbox 1890 3340 3470 3412">
    <p class='ocr_par' dir='ltr' id='par_1_76' title="bbox 1890 3340 3470 3412">
     <span class='ocr_line' id='line_1_76' title="bbox 1890 3340 3470 3412; baseline 0.001 -16"><span class='ocrx_word' id='word_1_599' title='bbox 1890 3340 2176 3396; x_wconf 87' lang='lat' dir='ltr'><strong>salubriter</strong></span> <span class='ocrx_word' id='word_1_600' title='bbox 2223 3340 2526 3411; x_wconf 83' lang='lat' dir='ltr'><strong>cogitando,</strong></span> <span class='ocrx_word' id='word_1_601' title='bbox 2559 3356 2624 3397; x_wconf 79' lang='lat' dir='ltr'><strong>ex</strong></span> <span class='ocrx_word' id='word_1_602' title='bbox 2670 3342 2801 3411; x_wconf 91' lang='lat' dir='ltr'><strong>ipsis</strong></span> <span class='ocrx_word' id='word_1_603' title='bbox 2833 3342 3042 3412; x_wconf 89' lang='lat' dir='ltr'><strong>ignibus</strong></span> <span class='ocrx_word' id='word_1_604' title='bbox 3089 3351 3285 3399; x_wconf 66' lang='lat' dir='ltr'><strong>(eterna</strong></span> <span class='ocrx_word' id='word_1_605' title='bbox 3316 3342 3470 3398; x_wconf 89' lang='lat' dir='ltr'><strong>nobis</strong></span> 
     </span>
    </p>
   </div>
   <div class='ocr_carea' id='block_1_77' title="bbox 1891 3432 2592 3502">
    <p class='ocr_par' dir='ltr' id='par_1_77' title="bbox 1891 3432 2592 3502">
     <span class='ocr_line' id='line_1_77' title="bbox 1891 3432 2592 3502; baseline 0.003 -17"><span class='ocrx_word' id='word_1_606' title='bbox 1891 3432 2165 3502; x_wconf 77' lang='lat' dir='ltr'><strong>refrigeria</strong></span> <span class='ocrx_word' id='word_1_607' title='bbox 2198 3446 2592 3501; x_wconf 90' lang='lat' dir='ltr'><strong>comparemus.</strong></span> 
     </span>
    </p>
   </div>
   <div class='ocr_carea' id='block_1_78' title="bbox 1975 3526 3467 3599">
    <p class='ocr_par' dir='ltr' id='par_1_78' title="bbox 1975 3526 3467 3599">
     <span class='ocr_line' id='line_1_78' title="bbox 1975 3526 3467 3599; baseline 0.003 -18"><span class='ocrx_word' id='word_1_608' title='bbox 1975 3537 1996 3563; x_wconf 75' lang='grc' dir='ltr'><strong>ο</strong></span> <span class='ocrx_word' id='word_1_609' title='bbox 2026 3526 2216 3581; x_wconf 86' lang='lat' dir='ltr'><strong>Certus</strong></span> <span class='ocrx_word' id='word_1_610' title='bbox 2245 3534 2420 3581; x_wconf 89' lang='lat' dir='ltr'><strong>autem</strong></span> <span class='ocrx_word' id='word_1_611' title='bbox 2448 3541 2566 3581; x_wconf 91' lang='lat' dir='ltr'><strong>sum</strong></span> <span class='ocrx_word' id='word_1_612' title='bbox 2612 3527 2680 3583; x_wconf 88' lang='lat' dir='ltr'><strong>de</strong></span> <span class='ocrx_word' id='word_1_613' title='bbox 2708 3529 2811 3583; x_wconf 85' lang='lat' dir='ltr'><strong>ﬁde</strong></span> <span class='ocrx_word' id='word_1_614' title='bbox 2843 3537 3043 3599; x_wconf 86' lang='lat' dir='ltr'><strong>vestra,</strong></span> <span class='ocrx_word' id='word_1_615' title='bbox 3074 3529 3220 3599; x_wconf 88' lang='lat' dir='ltr'><strong>quod</strong></span> <span class='ocrx_word' id='word_1_616' title='bbox 3259 3530 3467 3585; x_wconf 84' lang='lat' dir='ltr'><strong>lalerati</strong></span> 
     </span>
    </p>
   </div>
   <div class='ocr_carea' id='block_1_79' title="bbox 1890 3618 3469 3687">
    <p class='ocr_par' dir='ltr' id='par_1_79' title="bbox 1890 3618 3469 3687">
     <span class='ocr_line' id='line_1_79' title="bbox 1890 3618 3469 3687; baseline 0.001 -16"><span class='ocrx_word' id='word_1_617' title='bbox 1890 3618 2189 3684; x_wconf 86' lang='lat' dir='ltr'><strong>composito</strong></span> <span class='ocrx_word' id='word_1_618' title='bbox 2211 3618 2385 3671; x_wconf 90' lang='lat' dir='ltr'><strong>nitore</strong></span> <span class='ocrx_word' id='word_1_619' title='bbox 2406 3618 2669 3673; x_wconf 87' lang='lat' dir='ltr'><strong>sermonis</strong></span> <span class='ocrx_word' id='word_1_620' title='bbox 2698 3618 2997 3687; x_wconf 86' lang='lat' dir='ltr'><strong>acceptiora</strong></span> <span class='ocrx_word' id='word_1_621' title='bbox 3022 3619 3171 3674; x_wconf 88' lang='lat' dir='ltr'><strong>vobis</strong></span> <span class='ocrx_word' id='word_1_622' title='bbox 3198 3628 3354 3673; x_wconf 91' lang='lat' dir='ltr'><strong>erunt</strong></span> <span class='ocrx_word' id='word_1_623' title='bbox 3382 3634 3469 3673; x_wconf 89' lang='lat' dir='ltr'><strong>sa-</strong></span> 
     </span>
    </p>
   </div>
   <div class='ocr_carea' id='block_1_80' title="bbox 1891 3704 3468 3765">
    <p class='ocr_par' dir='ltr' id='par_1_80' title="bbox 1891 3704 3468 3765">
     <span class='ocr_line' id='line_1_80' title="bbox 1891 3704 3468 3765; baseline 0.003 -4"><span class='ocrx_word' id='word_1_624' title='bbox 1891 3709 2100 3763; x_wconf 83' lang='lat' dir='ltr'><strong>lutifera</strong></span> <span class='ocrx_word' id='word_1_625' title='bbox 2126 3704 2348 3764; x_wconf 78' lang='lat' dir='ltr'><strong>sincerae</strong></span> <span class='ocrx_word' id='word_1_626' title='bbox 2388 3710 2695 3764; x_wconf 85' lang='lat' dir='ltr'><strong>testimonia</strong></span> <span class='ocrx_word' id='word_1_627' title='bbox 2728 3710 2991 3764; x_wconf 79' lang='lat' dir='ltr'><strong>veritatis.</strong></span> <span class='ocrx_word' id='word_1_628' title='bbox 3043 3710 3234 3765; x_wconf 87' lang='lat' dir='ltr'><strong>Filium</strong></span> <span class='ocrx_word' id='word_1_629' title='bbox 3292 3726 3468 3765; x_wconf 90' lang='lat' dir='ltr'><strong>meum</strong></span> 
     </span>
    </p>
   </div>
   <div class='ocr_carea' id='block_1_81' title="bbox 1892 3792 3468 3871">
    <p class='ocr_par' dir='ltr' id='par_1_81' title="bbox 1892 3792 3468 3871">
     <span class='ocr_line' id='line_1_81' title="bbox 1892 3792 3468 3871; baseline 0.002 -17"><span class='ocrx_word' id='word_1_630' title='bbox 1892 3800 2259 3869; x_wconf 84' lang='lat' dir='ltr'><strong>Eminentlum,</strong></span> <span class='ocrx_word' id='word_1_631' title='bbox 2292 3792 2635 3857; x_wconf 73' lang='lat' dir='ltr'><strong>dulce&#39;decus</strong></span> <span class='ocrx_word' id='word_1_632' title='bbox 2680 3810 2941 3864; x_wconf 89' lang='lat' dir='ltr'><strong>nostrum,</strong></span> <span class='ocrx_word' id='word_1_633' title='bbox 2986 3810 3213 3870; x_wconf 90' lang='lat' dir='ltr'><strong>paterno</strong></span> <span class='ocrx_word' id='word_1_634' title='bbox 3241 3804 3468 3871; x_wconf 78' lang='lat' dir='ltr'><strong>SOSpila-</strong></span> 
     </span>
    </p>
   </div>
   <div class='ocr_carea' id='block_1_82' title="bbox 1892 3894 3541 3969">
    <p class='ocr_par' dir='ltr' id='par_1_82' title="bbox 1892 3894 3541 3969">
     <span class='ocr_line' id='line_1_82' title="bbox 1892 3894 3541 3969; baseline 0.001 -20"><span class='ocrx_word' id='word_1_635' title='bbox 1892 3911 2011 3951; x_wconf 90' lang='lat' dir='ltr'><strong>mus</strong></span> <span class='ocrx_word' id='word_1_636' title='bbox 2038 3896 2247 3951; x_wconf 88' lang='lat' dir='ltr'><strong>aﬂ&#39;ectu.</strong></span> <span class='ocrx_word' id='word_1_637' title='bbox 2287 3894 2542 3952; x_wconf 87' lang='lat' dir='ltr'><strong>Domitius</strong></span> <span class='ocrx_word' id='word_1_638' title='bbox 2569 3904 2755 3951; x_wconf 80' lang='lat' dir='ltr'><strong>noster</strong></span> <span class='ocrx_word' id='word_1_639' title='bbox 2776 3895 3154 3957; x_wconf 82' lang='lat' dir='ltr'><strong>admirandam</strong></span> <span class='ocrx_word' id='word_1_640' title='bbox 3186 3895 3313 3949; x_wconf 91' lang='lat' dir='ltr'><strong>mihi</strong></span> <span class='ocrx_word' id='word_1_641' title='bbox 3355 3910 3469 3950; x_wconf 82' lang='lat' dir='ltr'><strong>ma—</strong></span> <span class='ocrx_word' id='word_1_642' title='bbox 3540 3966 3541 3969; x_wconf 17' lang='grc' dir='ltr'><strong>η</strong></span> 
     </span>
    </p>
   </div>
   <div class='ocr_carea' id='block_1_83' title="bbox 1889 3986 3468 4059">
    <p class='ocr_par' dir='ltr' id='par_1_83' title="bbox 1889 3986 3468 4059">
     <span class='ocr_line' id='line_1_83' title="bbox 1889 3986 3468 4059; baseline 0.001 -17"><span class='ocrx_word' id='word_1_643' title='bbox 1889 3988 2250 4057; x_wconf 89' lang='lat' dir='ltr'><strong>gniﬁcentiam</strong></span> <span class='ocrx_word' id='word_1_644' title='bbox 2282 4002 2431 4043; x_wconf 90' lang='lat' dir='ltr'><strong>suam</strong></span> <span class='ocrx_word' id='word_1_645' title='bbox 2483 3987 2839 4059; x_wconf 80' lang='lat' dir='ltr'><strong>praesentibus</strong></span> <span class='ocrx_word' id='word_1_646' title='bbox 2891 3987 3097 4055; x_wconf 90' lang='lat' dir='ltr'><strong>repleat</strong></span> <span class='ocrx_word' id='word_1_647' title='bbox 3124 3986 3281 4042; x_wconf 89' lang='lat' dir='ltr'><strong>bonis</strong></span> <span class='ocrx_word' id='word_1_648' title='bbox 3308 3995 3362 4043; x_wconf 91' lang='lat' dir='ltr'><strong>et</strong></span> <span class='ocrx_word' id='word_1_649' title='bbox 3388 3988 3468 4043; x_wconf 90' lang='lat' dir='ltr'><strong>di-</strong></span> 
     </span>
    </p>
   </div>
   <div class='ocr_carea' id='block_1_84' title="bbox 1888 4073 2540 4144">
    <p class='ocr_par' dir='ltr' id='par_1_84' title="bbox 1888 4073 2540 4144">
     <span class='ocr_line' id='line_1_84' title="bbox 1888 4073 2540 4144; baseline 0 -16"><span class='ocrx_word' id='word_1_650' title='bbox 1888 4088 2051 4144; x_wconf 86' lang='lat' dir='ltr'><strong>gnum</strong></span> <span class='ocrx_word' id='word_1_651' title='bbox 2076 4073 2275 4140; x_wconf 56' lang='lat' dir='ltr'><strong>{reddat</strong></span> <span class='ocrx_word' id='word_1_652' title='bbox 2307 4077 2540 4129; x_wconf 60' lang='lat' dir='ltr'><strong>aeternis.</strong></span> 
     </span>
    </p>
   </div>
   <div class='ocr_carea' id='block_1_85' title="bbox 2462 4186 2895 4243">
    <p class='ocr_par' dir='ltr' id='par_1_85' title="bbox 2462 4186 2895 4243">
     <span class='ocr_line' id='line_1_85' title="bbox 2462 4186 2895 4243; baseline -0.005 -1"><span class='ocrx_word' id='word_1_653' title='bbox 2462 4186 2794 4243; x_wconf 78' lang='lat' dir='ltr'><strong>EPISTULA</strong></span> <span class='ocrx_word' id='word_1_654' title='bbox 2833 4186 2895 4240; x_wconf 84' lang='lat' dir='ltr'><strong>V.</strong></span> 
     </span>
    </p>
   </div>
   <div class='ocr_carea' id='block_1_86' title="bbox 1925 4294 3435 4337">
    <p class='ocr_par' dir='ltr' id='par_1_86' title="bbox 1925 4294 3435 4337">
     <span class='ocr_line' id='line_1_86' title="bbox 1925 4294 3435 4337; baseline 0.002 -3"><span class='ocrx_word' id='word_1_655' title='bbox 1925 4294 2106 4334; x_wconf 74' lang='lat' dir='ltr'><strong>FAUSTI</strong></span> <span class='ocrx_word' id='word_1_656' title='bbox 2126 4294 2426 4335; x_wconf 76' lang='lat' dir='ltr'><strong>ﬂﬂEGlENSlS</strong></span> <span class='ocrx_word' id='word_1_657' title='bbox 2442 4296 2737 4335; x_wconf 68' lang='lat' dir='ltr'><strong>GALLIARUH</strong></span> <span class='ocrx_word' id='word_1_658' title='bbox 2760 4295 2991 4336; x_wconf 77' lang='lat' dir='ltr'><strong>EPISCOPI</strong></span> <span class='ocrx_word' id='word_1_659' title='bbox 3015 4297 3081 4336; x_wconf 82' lang='lat' dir='ltr'><strong>DE</strong></span> <span class='ocrx_word' id='word_1_660' title='bbox 3099 4295 3435 4337; x_wconf 59' lang='grc' dir='ltr'><strong>ΡΈΝΠΕΝΤῙΛ</strong></span> 
     </span>
    </p>
   </div>
   <div class='ocr_carea' id='block_1_87' title="bbox 2248 4367 3108 4407">
    <p class='ocr_par' dir='ltr' id='par_1_87' title="bbox 2248 4367 3108 4407">
     <span class='ocr_line' id='line_1_87' title="bbox 2248 4367 3108 4407; baseline 0.002 -2"><span class='ocrx_word' id='word_1_661' title='bbox 2248 4369 2314 4405; x_wconf 81' lang='lat' dir='ltr'><strong>AD</strong></span> <span class='ocrx_word' id='word_1_662' title='bbox 2338 4368 2559 4407; x_wconf 76' lang='lat' dir='ltr'><strong>FELICEM</strong></span> <span class='ocrx_word' id='word_1_663' title='bbox 2590 4367 2670 4405; x_wconf 74' lang='lat' dir='ltr'><strong>Pl‘.</strong></span> <span class='ocrx_word' id='word_1_664' title='bbox 2703 4368 2768 4406; x_wconf 82' lang='grc' dir='ltr'><strong>ΕΤ</strong></span> <span class='ocrx_word' id='word_1_665' title='bbox 2799 4367 3108 4407; x_wconf 62' lang='grc' dir='ltr'><strong>ιιλτιιιτιυκ.</strong></span> 
     </span>
    </p>
   </div>
   <div class='ocr_carea' id='block_1_88' title="bbox 1959 4443 3467 4514">
    <p class='ocr_par' dir='ltr' id='par_1_88' title="bbox 1959 4443 3467 4514">
     <span class='ocr_line' id='line_1_88' title="bbox 1959 4443 3467 4514; baseline 0.003 -18"><span class='ocrx_word' id='word_1_666' title='bbox 1959 4443 2186 4497; x_wconf 91' lang='lat' dir='ltr'><strong>Domino</strong></span> <span class='ocrx_word' id='word_1_667' title='bbox 2218 4443 2453 4513; x_wconf 85' lang='lat' dir='ltr'><strong>piissimo</strong></span> <span class='ocrx_word' id='word_1_668' title='bbox 2479 4454 2546 4499; x_wconf 63' lang='grc' dir='ltr'><strong>κει</strong></span> <span class='ocrx_word' id='word_1_669' title='bbox 2569 4445 2891 4514; x_wconf 87' lang='lat' dir='ltr'><strong>specialibus</strong></span> <span class='ocrx_word' id='word_1_670' title='bbox 2928 4445 3119 4500; x_wconf 77' lang='lat' dir='ltr'><strong>ciliciis</strong></span> <span class='ocrx_word' id='word_1_671' title='bbox 3152 4445 3467 4513; x_wconf 79' lang='lat' dir='ltr'><strong>excolendo,</strong></span> 
     </span>
    </p>
   </div>
   <div class='ocr_carea' id='block_1_89' title="bbox 1839 4536 3469 4605">
    <p class='ocr_par' dir='ltr' id='par_1_89' title="bbox 1839 4536 3469 4605">
     <span class='ocr_line' id='line_1_89' title="bbox 1839 4536 3469 4605; baseline 0.002 -17"><span class='ocrx_word' id='word_1_672' title='bbox 1839 4565 1842 4569; x_wconf 61' lang='grc' dir='ltr'><em>η</em></span> <span class='ocrx_word' id='word_1_673' title='bbox 1889 4544 1946 4590; x_wconf 82' lang='grc' dir='ltr'><strong>ιιι</strong></span> <span class='ocrx_word' id='word_1_674' title='bbox 1975 4536 2203 4602; x_wconf 88' lang='lat' dir='ltr'><strong>conﬁdo,</strong></span> <span class='ocrx_word' id='word_1_675' title='bbox 2236 4537 2289 4590; x_wconf 92' lang='lat' dir='ltr'><strong>in</strong></span> <span class='ocrx_word' id='word_1_676' title='bbox 2329 4546 2584 4591; x_wconf 62' lang='lat' dir='ltr'><strong>aeternum</strong></span> <span class='ocrx_word' id='word_1_677' title='bbox 2613 4536 2760 4591; x_wconf 84' lang='lat' dir='ltr'><strong>fratri</strong></span> <span class='ocrx_word' id='word_1_678' title='bbox 2785 4540 2863 4592; x_wconf 65' lang='lat' dir='ltr'><strong>et‘</strong></span> <span class='ocrx_word' id='word_1_679' title='bbox 2886 4551 2982 4605; x_wconf 85' lang='lat' dir='ltr'><strong>per</strong></span> <span class='ocrx_word' id='word_1_680' title='bbox 3023 4538 3202 4593; x_wconf 90' lang='lat' dir='ltr'><strong>omnia</strong></span> <span class='ocrx_word' id='word_1_681' title='bbox 3251 4537 3469 4592; x_wconf 88' lang='lat' dir='ltr'><strong>domino</strong></span> 
     </span>
    </p>
   </div>
   <div class='ocr_carea' id='block_1_90' title="bbox 205 4604 2327 4708">
    <p class='ocr_par' dir='ltr' id='par_1_90' title="bbox 205 4604 2327 4708">
     <span class='ocr_line' id='line_1_90' title="bbox 205 4604 2327 4708; baseline -0.006 -13"><span class='ocrx_word' id='word_1_682' title='bbox 205 4648 315 4708; x_wconf 85' lang='lat' dir='ltr'><strong>tur,</strong></span> <span class='ocrx_word' id='word_1_683' title='bbox 344 4646 408 4694; x_wconf 88' lang='lat' dir='ltr'><strong>ut</strong></span> <span class='ocrx_word' id='word_1_684' title='bbox 426 4604 708 4707; x_wconf 68' lang='lat' dir='ltr'><strong>aliquoties</strong></span> <span class='ocrx_word' id='word_1_685' title='bbox 732 4643 978 4695; x_wconf 80' lang='lat' dir='ltr'><strong>exuatur.</strong></span> <span class='ocrx_word' id='word_1_686' title='bbox 1007 4604 1170 4703; x_wconf 45' lang='lat' dir='ltr'><strong>&#39;Quod</strong></span> <span class='ocrx_word' id='word_1_687' title='bbox 1185 4604 1405 4691; x_wconf 77' lang='lat' dir='ltr'><strong>homini</strong></span> <span class='ocrx_word' id='word_1_688' title='bbox 1453 4637 1632 4691; x_wconf 90' lang='lat' dir='ltr'><strong>datum</strong></span> <span class='ocrx_word' id='word_1_689' title='bbox 1680 4646 1783 4705; x_wconf 89' lang='lat' dir='ltr'><strong>est,</strong></span> <span class='ocrx_word' id='word_1_690' title='bbox 1811 4604 1867 4665; x_wconf 78' lang='lat' dir='ltr'><strong>D</strong></span> <span class='ocrx_word' id='word_1_691' title='bbox 1892 4628 1931 4686; x_wconf 90' lang='lat' dir='ltr'><strong>F</strong></span> <span class='ocrx_word' id='word_1_692' title='bbox 1936 4629 2053 4685; x_wconf 89' lang='lat' dir='ltr'><strong>elici</strong></span> <span class='ocrx_word' id='word_1_693' title='bbox 2083 4629 2327 4684; x_wconf 77' lang='lat' dir='ltr'><strong>Faustus.</strong></span> 
     </span>
    </p>
   </div>
   <div class='ocr_carea' id='block_1_91' title="bbox 204 4726 1786 4803">
    <p class='ocr_par' dir='ltr' id='par_1_91' title="bbox 204 4726 1786 4803">
     <span class='ocr_line' id='line_1_91' title="bbox 204 4726 1786 4803; baseline -0.004 -14"><span class='ocrx_word' id='word_1_694' title='bbox 204 4731 322 4789; x_wconf 87' lang='lat' dir='ltr'><strong>Deo</strong></span> <span class='ocrx_word' id='word_1_695' title='bbox 368 4728 588 4803; x_wconf 84' lang='lat' dir='ltr'><strong>insitum</strong></span> <span class='ocrx_word' id='word_1_696' title='bbox 617 4737 718 4784; x_wconf 89' lang='lat' dir='ltr'><strong>est.</strong></span> <span class='ocrx_word' id='word_1_697' title='bbox 743 4727 912 4784; x_wconf 84' lang='lat' dir='ltr'><strong>Homo</strong></span> <span class='ocrx_word' id='word_1_698' title='bbox 950 4726 1124 4799; x_wconf 90' lang='lat' dir='ltr'><strong>(verbi</strong></span> <span class='ocrx_word' id='word_1_699' title='bbox 1149 4727 1339 4798; x_wconf 89' lang='lat' dir='ltr'><strong>gratia)</strong></span> <span class='ocrx_word' id='word_1_700' title='bbox 1372 4728 1654 4783; x_wconf 89' lang='lat' dir='ltr'><strong>deauratus</strong></span> <span class='ocrx_word' id='word_1_701' title='bbox 1684 4737 1786 4792; x_wconf 89' lang='lat' dir='ltr'><strong>est,</strong></span> 
     </span>
    </p>
   </div>
   <div class='ocr_carea' id='block_1_92' title="bbox 206 4818 1789 4889">
    <p class='ocr_par' dir='ltr' id='par_1_92' title="bbox 206 4818 1789 4889">
     <span class='ocr_line' id='line_1_92' title="bbox 206 4818 1789 4889; baseline -0.004 -9"><span class='ocrx_word' id='word_1_702' title='bbox 206 4823 362 4881; x_wconf 84' lang='lat' dir='ltr'><strong>Deus</strong></span> <span class='ocrx_word' id='word_1_703' title='bbox 408 4837 597 4878; x_wconf 87' lang='lat' dir='ltr'><strong>aurum</strong></span> <span class='ocrx_word' id='word_1_704' title='bbox 649 4828 755 4889; x_wconf 86' lang='lat' dir='ltr'><strong>est,</strong></span> <span class='ocrx_word' id='word_1_705' title='bbox 798 4821 851 4875; x_wconf 92' lang='lat' dir='ltr'><strong>in</strong></span> <span class='ocrx_word' id='word_1_706' title='bbox 900 4834 1006 4889; x_wconf 91' lang='lat' dir='ltr'><strong>quo</strong></span> <span class='ocrx_word' id='word_1_707' title='bbox 1037 4818 1140 4874; x_wconf 90' lang='lat' dir='ltr'><strong>hoc</strong></span> <span class='ocrx_word' id='word_1_708' title='bbox 1166 4826 1251 4874; x_wconf 88' lang='lat' dir='ltr'><strong>est</strong></span> <span class='ocrx_word' id='word_1_709' title='bbox 1277 4819 1512 4887; x_wconf 89' lang='lat' dir='ltr'><strong>potentia</strong></span> <span class='ocrx_word' id='word_1_710' title='bbox 1542 4827 1596 4873; x_wconf 92' lang='lat' dir='ltr'><strong>et</strong></span> <span class='ocrx_word' id='word_1_711' title='bbox 1620 4818 1789 4887; x_wconf 89' lang='lat' dir='ltr'><strong>gloria</strong></span> 
     </span>
    </p>
   </div>
   <div class='ocr_carea' id='block_1_93' title="bbox 205 4909 1788 4987">
    <p class='ocr_par' dir='ltr' id='par_1_93' title="bbox 205 4909 1788 4987">
     <span class='ocr_line' id='line_1_93' title="bbox 205 4909 1788 4987; baseline -0.003 -17"><span class='ocrx_word' id='word_1_712' title='bbox 205 4914 350 4987; x_wconf 88' lang='lat' dir='ltr'><strong>quod</strong></span> <span class='ocrx_word' id='word_1_713' title='bbox 375 4921 586 4970; x_wconf 87' lang='lat' dir='ltr'><strong>natura.</strong></span> <span class='ocrx_word' id='word_1_714' title='bbox 616 4912 750 4967; x_wconf 86' lang='lat' dir='ltr'><strong>Nam</strong></span> <span class='ocrx_word' id='word_1_715' title='bbox 779 4910 922 4982; x_wconf 88' lang='lat' dir='ltr'><strong>quod</strong></span> <span class='ocrx_word' id='word_1_716' title='bbox 943 4909 1208 4966; x_wconf 88' lang='lat' dir='ltr'><strong>subtiliter</strong></span> <span class='ocrx_word' id='word_1_717' title='bbox 1239 4909 1504 4978; x_wconf 91' lang='lat' dir='ltr'><strong>indicasti,</strong></span> <span class='ocrx_word' id='word_1_718' title='bbox 1532 4911 1577 4965; x_wconf 90' lang='lat' dir='ltr'><strong>si</strong></span> <span class='ocrx_word' id='word_1_719' title='bbox 1608 4911 1788 4966; x_wconf 89' lang='lat' dir='ltr'><strong>omnia</strong></span> 
     </span>
    </p>
   </div>
   <div class='ocr_carea' id='block_1_94' title="bbox 205 4998 1791 5076">
    <p class='ocr_par' dir='ltr' id='par_1_94' title="bbox 205 4998 1791 5076">
     <span class='ocr_line' id='line_1_94' title="bbox 205 4998 1791 5076; baseline -0.001 -18"><span class='ocrx_word' id='word_1_720' title='bbox 205 5003 326 5059; x_wconf 68' lang='lat' dir='ltr'><strong>haec</strong></span> <span class='ocrx_word' id='word_1_721' title='bbox 355 5018 477 5076; x_wconf 64' lang='lat' dir='ltr'><strong>qua</strong></span> <span class='ocrx_word' id='word_1_722' title='bbox 504 5000 757 5057; x_wconf 87' lang='lat' dir='ltr'><strong>dominus</strong></span> <span class='ocrx_word' id='word_1_723' title='bbox 807 4999 1043 5056; x_wconf 85' lang='lat' dir='ltr'><strong>Marinus</strong></span> <span class='ocrx_word' id='word_1_724' title='bbox 1072 4998 1470 5070; x_wconf 90' lang='lat' dir='ltr'><strong>interminatur,</strong></span> <span class='ocrx_word' id='word_1_725' title='bbox 1517 5000 1791 5071; x_wconf 82' lang='lat' dir='ltr'><strong>excipiunt</strong></span> 
     </span>
    </p>
   </div>
   <div class='ocr_carea' id='block_1_95' title="bbox 205 5090 1791 5170">
    <p class='ocr_par' dir='ltr' id='par_1_95' title="bbox 205 5090 1791 5170">
     <span class='ocr_line' id='line_1_95' title="bbox 205 5090 1791 5170; baseline -0.002 -19"><span class='ocrx_word' id='word_1_726' title='bbox 205 5101 544 5166; x_wconf 84' lang='lat' dir='ltr'><strong>peccatores,</strong></span> <span class='ocrx_word' id='word_1_727' title='bbox 567 5092 695 5164; x_wconf 88' lang='lat' dir='ltr'><strong>quid</strong></span> <span class='ocrx_word' id='word_1_728' title='bbox 723 5090 891 5162; x_wconf 89' lang='lat' dir='ltr'><strong>magis</strong></span> <span class='ocrx_word' id='word_1_729' title='bbox 919 5090 1067 5170; x_wconf 86' lang='lat' dir='ltr'><strong>impii</strong></span> <span class='ocrx_word' id='word_1_730' title='bbox 1097 5100 1404 5146; x_wconf 90' lang='lat' dir='ltr'><strong>mereantur</strong></span> <span class='ocrx_word' id='word_1_731' title='bbox 1426 5091 1614 5161; x_wconf 90' lang='lat' dir='ltr'><strong>ignoro</strong></span> <span class='ocrx_word' id='word_1_732' title='bbox 1638 5094 1651 5147; x_wconf 90' lang='lat' dir='ltr'><strong>l</strong></span> <span class='ocrx_word' id='word_1_733' title='bbox 1682 5093 1791 5149; x_wconf 89' lang='lat' dir='ltr'><strong>lla-</strong></span> 
     </span>
    </p>
   </div>
   <div class='ocr_carea' id='block_1_96' title="bbox 205 5175 1786 5259">
    <p class='ocr_par' dir='ltr' id='par_1_96' title="bbox 205 5175 1786 5259">
     <span class='ocr_line' id='line_1_96' title="bbox 205 5175 1786 5259; baseline -0.004 -14"><span class='ocrx_word' id='word_1_734' title='bbox 205 5186 339 5245; x_wconf 88' lang='lat' dir='ltr'><strong>bent</strong></span> <span class='ocrx_word' id='word_1_735' title='bbox 368 5186 471 5244; x_wconf 88' lang='lat' dir='ltr'><strong>sub</strong></span> <span class='ocrx_word' id='word_1_736' title='bbox 499 5185 825 5259; x_wconf 88' lang='lat' dir='ltr'><strong>perennibus</strong></span> <span class='ocrx_word' id='word_1_737' title='bbox 850 5184 1026 5252; x_wconf 89' lang='lat' dir='ltr'><strong>malis,</strong></span> <span class='ocrx_word' id='word_1_738' title='bbox 1055 5192 1109 5240; x_wconf 92' lang='lat' dir='ltr'><strong>et</strong></span> <span class='ocrx_word' id='word_1_739' title='bbox 1136 5175 1396 5255; x_wconf 83' lang='lat' dir='ltr'><strong>supplicia</strong></span> <span class='ocrx_word' id='word_1_740' title='bbox 1418 5185 1613 5255; x_wconf 91' lang='lat' dir='ltr'><strong>gradus</strong></span> <span class='ocrx_word' id='word_1_741' title='bbox 1641 5200 1786 5252; x_wconf 85' lang='lat' dir='ltr'><strong>suos,</strong></span> 
     </span>
    </p>
   </div>
   <div class='ocr_carea' id='block_1_97' title="bbox 205 5276 1790 5353">
    <p class='ocr_par' dir='ltr' id='par_1_97' title="bbox 205 5276 1790 5353">
     <span class='ocr_line' id='line_1_97' title="bbox 205 5276 1790 5353; baseline -0.004 -15"><span class='ocrx_word' id='word_1_742' title='bbox 205 5291 260 5339; x_wconf 89' lang='lat' dir='ltr'><strong>et</strong></span> <span class='ocrx_word' id='word_1_743' title='bbox 310 5279 566 5353; x_wconf 88' lang='lat' dir='ltr'><strong>gravibus</strong></span> <span class='ocrx_word' id='word_1_744' title='bbox 609 5277 872 5334; x_wconf 81' lang='lat' dir='ltr'><strong>obnoxius</strong></span> <span class='ocrx_word' id='word_1_745' title='bbox 921 5276 1189 5345; x_wconf 89' lang='lat' dir='ltr'><strong>peccatis,</strong></span> <span class='ocrx_word' id='word_1_746' title='bbox 1238 5276 1461 5331; x_wconf 83' lang='lat' dir='ltr'><strong>inﬁnitis</strong></span> <span class='ocrx_word' id='word_1_747' title='bbox 1513 5276 1659 5350; x_wconf 88' lang='lat' dir='ltr'><strong>(licet</strong></span> <span class='ocrx_word' id='word_1_748' title='bbox 1708 5286 1790 5333; x_wconf 86' lang='lat' dir='ltr'><strong>ta-</strong></span> 
     </span>
    </p>
   </div>
   <div class='ocr_carea' id='block_1_98' title="bbox 206 5366 1834 5445">
    <p class='ocr_par' dir='ltr' id='par_1_98' title="bbox 206 5366 1834 5445">
     <span class='ocr_line' id='line_1_98' title="bbox 206 5366 1834 5445; baseline -0.006 -12"><span class='ocrx_word' id='word_1_749' title='bbox 206 5390 333 5433; x_wconf 89' lang='lat' dir='ltr'><strong>men</strong></span> <span class='ocrx_word' id='word_1_750' title='bbox 347 5383 618 5445; x_wconf 87' lang='lat' dir='ltr'><strong>utcunque</strong></span> <span class='ocrx_word' id='word_1_751' title='bbox 638 5366 972 5440; x_wconf 89' lang='lat' dir='ltr'><strong>tolerandis),</strong></span> <span class='ocrx_word' id='word_1_752' title='bbox 990 5368 1184 5439; x_wconf 89' lang='lat' dir='ltr'><strong>impins</strong></span> <span class='ocrx_word' id='word_1_753' title='bbox 1211 5382 1341 5425; x_wconf 87' lang='lat' dir='ltr'><strong>vero</strong></span> <span class='ocrx_word' id='word_1_754' title='bbox 1358 5410 1373 5434; x_wconf 92' lang='lat'><strong>,</strong></span> <span class='ocrx_word' id='word_1_755' title='bbox 1402 5369 1655 5425; x_wconf 90' lang='lat' dir='ltr'><strong>inauditis</strong></span> <span class='ocrx_word' id='word_1_756' title='bbox 1669 5384 1792 5425; x_wconf 87' lang='lat' dir='ltr'><strong>cru-</strong></span> <span class='ocrx_word' id='word_1_757' title='bbox 1830 5437 1834 5441; x_wconf 27' lang='grc' dir='ltr'><strong><em>η</em></strong></span> 
     </span>
    </p>
   </div>
   <div class='ocr_carea' id='block_1_99' title="bbox 208 5457 1792 5536">
    <p class='ocr_par' dir='ltr' id='par_1_99' title="bbox 208 5457 1792 5536">
     <span class='ocr_line' id='line_1_99' title="bbox 208 5457 1792 5536; baseline -0.004 -13"><span class='ocrx_word' id='word_1_758' title='bbox 208 5467 441 5524; x_wconf 83' lang='lat' dir='ltr'><strong>ciatibus</strong></span> <span class='ocrx_word' id='word_1_759' title='bbox 482 5472 779 5536; x_wconf 91' lang='lat' dir='ltr'><strong>torquetur.</strong></span> <span class='ocrx_word' id='word_1_760' title='bbox 809 5460 961 5516; x_wconf 91' lang='lat' dir='ltr'><strong>Tune</strong></span> <span class='ocrx_word' id='word_1_761' title='bbox 1009 5466 1188 5516; x_wconf 90' lang='lat' dir='ltr'><strong>autem</strong></span> <span class='ocrx_word' id='word_1_762' title='bbox 1227 5457 1538 5529; x_wconf 52' lang='lat' dir='ltr'><strong>baptismi?“</strong></span> <span class='ocrx_word' id='word_1_763' title='bbox 1565 5462 1792 5530; x_wconf 90' lang='lat' dir='ltr'><strong>gratiam</strong></span> 
     </span>
    </p>
   </div>
   <div class='ocr_carea' id='block_1_100' title="bbox 212 5549 1788 5628">
    <p class='ocr_par' dir='ltr' id='par_1_100' title="bbox 212 5549 1788 5628">
     <span class='ocr_line' id='line_1_100' title="bbox 212 5549 1788 5628; baseline -0.003 -15"><span class='ocrx_word' id='word_1_764' title='bbox 212 5558 449 5626; x_wconf 87' lang='lat' dir='ltr'><strong>habetis,</strong></span> <span class='ocrx_word' id='word_1_765' title='bbox 479 5570 583 5614; x_wconf 88' lang='lat' dir='ltr'><strong>nec</strong></span> <span class='ocrx_word' id='word_1_766' title='bbox 610 5561 791 5628; x_wconf 88' lang='lat' dir='ltr'><strong>posset</strong></span> <span class='ocrx_word' id='word_1_767' title='bbox 820 5561 993 5609; x_wconf 90' lang='lat' dir='ltr'><strong>morte</strong></span> <span class='ocrx_word' id='word_1_768' title='bbox 1023 5551 1252 5621; x_wconf 88' lang='lat' dir='ltr'><strong>aliquem</strong></span> <span class='ocrx_word' id='word_1_769' title='bbox 1280 5549 1576 5614; x_wconf 88' lang='lat' dir='ltr'><strong>vindicare,</strong></span> <span class='ocrx_word' id='word_1_770' title='bbox 1603 5551 1704 5606; x_wconf 88' lang='lat' dir='ltr'><strong>nisi</strong></span> <span class='ocrx_word' id='word_1_771' title='bbox 1736 5554 1788 5609; x_wconf 93' lang='lat' dir='ltr'><strong>in</strong></span> 
     </span>
    </p>
   </div>
   <div class='ocr_carea' id='block_1_101' title="bbox 288 5682 1786 5759">
    <p class='ocr_par' dir='ltr' id='par_1_101' title="bbox 288 5682 1786 5759">
     <span class='ocr_line' id='line_1_101' title="bbox 288 5682 1786 5759; baseline -0.006 -10"><span class='ocrx_word' id='word_1_772' title='bbox 288 5706 317 5732; x_wconf 77' lang='grc' dir='ltr'>ιι</span> <span class='ocrx_word' id='word_1_773' title='bbox 341 5693 453 5759; x_wconf 78' lang='lat' dir='ltr'><strong>AL,</strong></span> <span class='ocrx_word' id='word_1_774' title='bbox 484 5690 668 5747; x_wconf 85' lang='lat' dir='ltr'><strong>Gratia</strong></span> <span class='ocrx_word' id='word_1_775' title='bbox 692 5690 757 5745; x_wconf 89' lang='lat' dir='ltr'><strong>ab</strong></span> <span class='ocrx_word' id='word_1_776' title='bbox 776 5692 966 5743; x_wconf 70' lang='lat' dir='ltr'><strong>(eterna</strong></span> <span class='ocrx_word' id='word_1_777' title='bbox 994 5693 1154 5740; x_wconf 87' lang='lat' dir='ltr'><strong>morte</strong></span> <span class='ocrx_word' id='word_1_778' title='bbox 1196 5682 1355 5754; x_wconf 78' lang='lat' dir='ltr'><strong>possit</strong></span> <span class='ocrx_word' id='word_1_779' title='bbox 1382 5685 1634 5741; x_wconf 85' lang='lat' dir='ltr'><strong>hominem</strong></span> <span class='ocrx_word' id='word_1_780' title='bbox 1674 5703 1786 5741; x_wconf 85' lang='lat' dir='ltr'><strong>vm-</strong></span> 
     </span>
    </p>
   </div>
   <div class='ocr_carea' id='block_1_102' title="bbox 209 5761 982 5832">
    <p class='ocr_par' dir='ltr' id='par_1_102' title="bbox 209 5761 982 5832">
     <span class='ocr_line' id='line_1_102' title="bbox 209 5761 982 5832; baseline -0.008 -13"><span class='ocrx_word' id='word_1_781' title='bbox 209 5765 391 5819; x_wconf 84' lang='lat' dir='ltr'><strong>dicare</strong></span> <span class='ocrx_word' id='word_1_782' title='bbox 412 5765 455 5817; x_wconf 91' lang='lat' dir='ltr'><strong>si</strong></span> <span class='ocrx_word' id='word_1_783' title='bbox 494 5764 546 5817; x_wconf 89' lang='lat' dir='ltr'><strong>in</strong></span> <span class='ocrx_word' id='word_1_784' title='bbox 573 5761 844 5832; x_wconf 81' lang='lat' dir='ltr'><strong>aliquibus,</strong></span> <span class='ocrx_word' id='word_1_785' title='bbox 876 5769 982 5832; x_wconf 75' lang='lat' dir='ltr'><strong>etc.</strong></span> 
     </span>
    </p>
   </div>
   <div class='ocr_carea' id='block_1_103' title="bbox 286 5827 1785 5900">
    <p class='ocr_par' dir='ltr' id='par_1_103' title="bbox 286 5827 1785 5900">
     <span class='ocr_line' id='line_1_103' title="bbox 286 5827 1785 5900; baseline -0.013 -9"><span class='ocrx_word' id='word_1_786' title='bbox 286 5835 316 5873; x_wconf 70' lang='grc' dir='ltr'>δ</span> <span class='ocrx_word' id='word_1_787' title='bbox 354 5834 466 5900; x_wconf 78' lang='lat' dir='ltr'><strong>AL,</strong></span> <span class='ocrx_word' id='word_1_788' title='bbox 514 5827 918 5888; x_wconf 79' lang='lat' dir='ltr'><strong>contritionibus.</strong></span> <span class='ocrx_word' id='word_1_789' title='bbox 972 5828 1051 5884; x_wconf 78' lang='lat' dir='ltr'><strong>Ex</strong></span> <span class='ocrx_word' id='word_1_790' title='bbox 1092 5827 1286 5898; x_wconf 86' lang='lat' dir='ltr'><strong>ignium</strong></span> <span class='ocrx_word' id='word_1_791' title='bbox 1312 5836 1612 5885; x_wconf 73' lang='lat' dir='ltr'><strong>teternorttm</strong></span> <span class='ocrx_word' id='word_1_792' title='bbox 1644 5830 1785 5895; x_wconf 73' lang='grc' dir='ltr'><strong>εσσε-</strong></span> 
     </span>
    </p>
   </div>
   <div class='ocr_carea' id='block_1_104' title="bbox 1963 4720 3531 4797">
    <p class='ocr_par' dir='ltr' id='par_1_104' title="bbox 1963 4720 3531 4797">
     <span class='ocr_line' id='line_1_104' title="bbox 1963 4720 3531 4797; baseline 0.001 -22"><span class='ocrx_word' id='word_1_793' title='bbox 1963 4722 2209 4792; x_wconf 85' lang='lat' dir='ltr'><strong>Magnum</strong></span> <span class='ocrx_word' id='word_1_794' title='bbox 2258 4722 2469 4790; x_wconf 91' lang='lat' dir='ltr'><strong>pietatis</strong></span> <span class='ocrx_word' id='word_1_795' title='bbox 2513 4729 2567 4775; x_wconf 93' lang='lat' dir='ltr'><strong>et</strong></span> <span class='ocrx_word' id='word_1_796' title='bbox 2607 4720 2728 4775; x_wconf 89' lang='lat' dir='ltr'><strong>ﬁdei</strong></span> <span class='ocrx_word' id='word_1_797' title='bbox 2782 4720 3332 4791; x_wconf 88' lang='lat' dir='ltr'><strong>testimonium,quod</strong></span> <span class='ocrx_word' id='word_1_798' title='bbox 3376 4736 3470 4791; x_wconf 89' lang='lat' dir='ltr'><strong>per</strong></span> <span class='ocrx_word' id='word_1_799' title='bbox 3526 4792 3531 4797; x_wconf 19' lang='grc' dir='ltr'><strong>Δ</strong></span> 
     </span>
    </p>
   </div>
   <div class='ocr_carea' id='block_1_105' title="bbox 1894 4811 3471 4882">
    <p class='ocr_par' dir='ltr' id='par_1_105' title="bbox 1894 4811 3471 4882">
     <span class='ocr_line' id='line_1_105' title="bbox 1894 4811 3471 4882; baseline 0.001 -15"><span class='ocrx_word' id='word_1_800' title='bbox 1894 4820 2160 4867; x_wconf 90' lang='lat' dir='ltr'><strong>tantarum</strong></span> <span class='ocrx_word' id='word_1_801' title='bbox 2217 4820 2367 4867; x_wconf 90' lang='lat' dir='ltr'><strong>vasta</strong></span> <span class='ocrx_word' id='word_1_802' title='bbox 2413 4811 2693 4866; x_wconf 90' lang='lat' dir='ltr'><strong>intervalla</strong></span> <span class='ocrx_word' id='word_1_803' title='bbox 2745 4812 3042 4881; x_wconf 87' lang='lat' dir='ltr'><strong>regionum,</strong></span> <span class='ocrx_word' id='word_1_804' title='bbox 3079 4821 3133 4867; x_wconf 90' lang='lat' dir='ltr'><strong>et</strong></span> <span class='ocrx_word' id='word_1_805' title='bbox 3158 4824 3257 4882; x_wconf 87' lang='lat' dir='ltr'><strong>per</strong></span> <span class='ocrx_word' id='word_1_806' title='bbox 3282 4821 3355 4868; x_wconf 91' lang='lat' dir='ltr'><strong>tot</strong></span> <span class='ocrx_word' id='word_1_807' title='bbox 3387 4828 3471 4869; x_wconf 87' lang='lat' dir='ltr'><strong>re-</strong></span> 
     </span>
    </p>
   </div>
   <div class='ocr_carea' id='block_1_106' title="bbox 1893 4905 3468 4977">
    <p class='ocr_par' dir='ltr' id='par_1_106' title="bbox 1893 4905 3468 4977">
     <span class='ocr_line' id='line_1_106' title="bbox 1893 4905 3468 4977; baseline 0.001 -16"><span class='ocrx_word' id='word_1_808' title='bbox 1893 4921 2011 4961; x_wconf 90' lang='lat' dir='ltr'><strong>rum</strong></span> <span class='ocrx_word' id='word_1_809' title='bbox 2041 4906 2317 4976; x_wconf 87' lang='lat' dir='ltr'><strong>interjecta</strong></span> <span class='ocrx_word' id='word_1_810' title='bbox 2348 4905 2681 4973; x_wconf 89' lang='lat' dir='ltr'><strong>discrimina,</strong></span> <span class='ocrx_word' id='word_1_811' title='bbox 2714 4906 2780 4961; x_wconf 90' lang='lat' dir='ltr'><strong>ad</strong></span> <span class='ocrx_word' id='word_1_812' title='bbox 2811 4921 2910 4962; x_wconf 91' lang='lat' dir='ltr'><strong>nos</strong></span> <span class='ocrx_word' id='word_1_813' title='bbox 2941 4920 3107 4977; x_wconf 89' lang='lat' dir='ltr'><strong>usque</strong></span> <span class='ocrx_word' id='word_1_814' title='bbox 3138 4908 3468 4962; x_wconf 89' lang='lat' dir='ltr'><strong>latitudinem</strong></span> 
     </span>
    </p>
   </div>
   <div class='ocr_carea' id='block_1_107' title="bbox 1892 4998 3468 5070">
    <p class='ocr_par' dir='ltr' id='par_1_107' title="bbox 1892 4998 3468 5070">
     <span class='ocr_line' id='line_1_107' title="bbox 1892 4998 3468 5070; baseline 0.001 -19"><span class='ocrx_word' id='word_1_815' title='bbox 1892 5008 2087 5055; x_wconf 58' lang='lat' dir='ltr'><strong>vestra:</strong></span> <span class='ocrx_word' id='word_1_816' title='bbox 2098 4998 2374 5054; x_wconf 89' lang='lat' dir='ltr'><strong>cbaritatis</strong></span> <span class='ocrx_word' id='word_1_817' title='bbox 2388 4998 2695 5054; x_wconf 80' lang='lat' dir='ltr'><strong>extenditis.</strong></span> <span class='ocrx_word' id='word_1_818' title='bbox 2723 4999 2780 5053; x_wconf 90' lang='lat' dir='ltr'><strong>ln</strong></span> <span class='ocrx_word' id='word_1_819' title='bbox 2794 4999 2891 5054; x_wconf 90' lang='lat' dir='ltr'><strong>hac</strong></span> <span class='ocrx_word' id='word_1_820' title='bbox 2916 4999 3243 5070; x_wconf 88' lang='lat' dir='ltr'><strong>relegatione</strong></span> <span class='ocrx_word' id='word_1_821' title='bbox 3264 5008 3468 5067; x_wconf 90' lang='lat' dir='ltr'><strong>nostra,</strong></span> 
     </span>
    </p>
   </div>
   <div class='ocr_carea' id='block_1_108' title="bbox 1894 5089 3470 5161">
    <p class='ocr_par' dir='ltr' id='par_1_108' title="bbox 1894 5089 3470 5161">
     <span class='ocr_line' id='line_1_108' title="bbox 1894 5089 3470 5161; baseline 0.001 -17"><span class='ocrx_word' id='word_1_822' title='bbox 1894 5089 2089 5145; x_wconf 78' lang='lat' dir='ltr'><strong>artifex</strong></span> <span class='ocrx_word' id='word_1_823' title='bbox 2119 5089 2214 5145; x_wconf 90' lang='lat' dir='ltr'><strong>Dei</strong></span> <span class='ocrx_word' id='word_1_824' title='bbox 2248 5090 2416 5145; x_wconf 90' lang='lat' dir='ltr'><strong>nostri</strong></span> <span class='ocrx_word' id='word_1_825' title='bbox 2446 5090 2834 5158; x_wconf 90' lang='lat' dir='ltr'><strong>misericordia,</strong></span> <span class='ocrx_word' id='word_1_826' title='bbox 2879 5093 3091 5161; x_wconf 88' lang='lat' dir='ltr'><strong>gemina</strong></span> <span class='ocrx_word' id='word_1_827' title='bbox 3114 5101 3329 5148; x_wconf 83' lang='lat' dir='ltr'><strong>exercet</strong></span> <span class='ocrx_word' id='word_1_828' title='bbox 3352 5093 3470 5147; x_wconf 83' lang='lat' dir='ltr'><strong>olli-</strong></span> 
     </span>
    </p>
   </div>
   <div class='ocr_carea' id='block_1_109' title="bbox 1896 5183 3468 5255">
    <p class='ocr_par' dir='ltr' id='par_1_109' title="bbox 1896 5183 3468 5255">
     <span class='ocr_line' id='line_1_109' title="bbox 1896 5183 3468 5255; baseline 0.001 -14"><span class='ocrx_word' id='word_1_829' title='bbox 1896 5185 1996 5249; x_wconf 88' lang='lat' dir='ltr'><strong>cia,</strong></span> <span class='ocrx_word' id='word_1_830' title='bbox 2033 5192 2274 5238; x_wconf 88' lang='lat' dir='ltr'><strong>nostram</strong></span> <span class='ocrx_word' id='word_1_831' title='bbox 2329 5184 2530 5237; x_wconf 81' lang='lat' dir='ltr'><strong>excutit</strong></span> <span class='ocrx_word' id='word_1_832' title='bbox 2570 5191 2793 5253; x_wconf 88' lang='lat' dir='ltr'><strong>paterna</strong></span> <span class='ocrx_word' id='word_1_833' title='bbox 2843 5183 3124 5239; x_wconf 89' lang='lat' dir='ltr'><strong>sedulitate</strong></span> <span class='ocrx_word' id='word_1_834' title='bbox 3146 5185 3468 5255; x_wconf 86' lang='lat' dir='ltr'><strong>rubiginem,</strong></span> 
     </span>
    </p>
   </div>
   <div class='ocr_carea' id='block_1_110' title="bbox 1894 5276 3470 5349">
    <p class='ocr_par' dir='ltr' id='par_1_110' title="bbox 1894 5276 3470 5349">
     <span class='ocr_line' id='line_1_110' title="bbox 1894 5276 3470 5349; baseline -0.002 -15"><span class='ocrx_word' id='word_1_835' title='bbox 1894 5287 1949 5334; x_wconf 89' lang='lat' dir='ltr'><strong>et</strong></span> <span class='ocrx_word' id='word_1_836' title='bbox 1970 5286 2200 5333; x_wconf 87' lang='lat' dir='ltr'><strong>vestram</strong></span> <span class='ocrx_word' id='word_1_837' title='bbox 2227 5276 2373 5332; x_wconf 89' lang='lat' dir='ltr'><strong>circa</strong></span> <span class='ocrx_word' id='word_1_838' title='bbox 2404 5291 2502 5333; x_wconf 92' lang='lat' dir='ltr'><strong>nos</strong></span> <span class='ocrx_word' id='word_1_839' title='bbox 2523 5276 2779 5331; x_wconf 90' lang='lat' dir='ltr'><strong>dilucidat</strong></span> <span class='ocrx_word' id='word_1_840' title='bbox 2799 5276 2980 5343; x_wconf 87' lang='lat' dir='ltr'><strong>ﬁdem,</strong></span> <span class='ocrx_word' id='word_1_841' title='bbox 3006 5285 3345 5346; x_wconf 87' lang='lat' dir='ltr'><strong>vestramque</strong></span> <span class='ocrx_word' id='word_1_842' title='bbox 3374 5292 3470 5349; x_wconf 87' lang='lat' dir='ltr'><strong>ap-</strong></span> 
     </span>
    </p>
   </div>
   <div class='ocr_carea' id='block_1_111' title="bbox 1894 5367 3470 5442">
    <p class='ocr_par' dir='ltr' id='par_1_111' title="bbox 1894 5367 3470 5442">
     <span class='ocr_line' id='line_1_111' title="bbox 1894 5367 3470 5442; baseline -0.002 -17"><span class='ocrx_word' id='word_1_843' title='bbox 1894 5370 2085 5442; x_wconf 89' lang='lat' dir='ltr'><strong>probat</strong></span> <span class='ocrx_word' id='word_1_844' title='bbox 2112 5370 2389 5440; x_wconf 87' lang='lat' dir='ltr'><strong>pietatem.</strong></span> <span class='ocrx_word' id='word_1_845' title='bbox 2426 5367 2545 5423; x_wconf 62' lang='lat' dir='ltr'><strong>&#39;Nos</strong></span> <span class='ocrx_word' id='word_1_846' title='bbox 2589 5367 2771 5423; x_wconf 87' lang='lat' dir='ltr'><strong>elimat</strong></span> <span class='ocrx_word' id='word_1_847' title='bbox 2820 5367 3048 5437; x_wconf 88' lang='lat' dir='ltr'><strong>benigna</strong></span> <span class='ocrx_word' id='word_1_848' title='bbox 3104 5368 3345 5435; x_wconf 90' lang='lat' dir='ltr'><strong>solertia,</strong></span> <span class='ocrx_word' id='word_1_849' title='bbox 3373 5383 3470 5424; x_wconf 76' lang='lat' dir='ltr'><strong>vos</strong></span> 
     </span>
    </p>
   </div>
   <div class='ocr_carea' id='block_1_112' title="bbox 1895 5458 3470 5535">
    <p class='ocr_par' dir='ltr' id='par_1_112' title="bbox 1895 5458 3470 5535">
     <span class='ocr_line' id='line_1_112' title="bbox 1895 5458 3470 5535; baseline -0.003 -15"><span class='ocrx_word' id='word_1_850' title='bbox 1895 5462 2161 5535; x_wconf 89' lang='lat' dir='ltr'><strong>producit,</strong></span> <span class='ocrx_word' id='word_1_851' title='bbox 2192 5474 2292 5518; x_wconf 88' lang='lat' dir='ltr'><strong>nos</strong></span> <span class='ocrx_word' id='word_1_852' title='bbox 2319 5466 2632 5530; x_wconf 86' lang='lat' dir='ltr'><strong>coangustat</strong></span> <span class='ocrx_word' id='word_1_853' title='bbox 2669 5458 2978 5528; x_wconf 90' lang='lat' dir='ltr'><strong>salubriter,</strong></span> <span class='ocrx_word' id='word_1_854' title='bbox 3003 5472 3098 5514; x_wconf 90' lang='lat' dir='ltr'><strong>vos</strong></span> <span class='ocrx_word' id='word_1_855' title='bbox 3124 5458 3332 5514; x_wconf 85' lang='lat' dir='ltr'><strong>dilatat.</strong></span> <span class='ocrx_word' id='word_1_856' title='bbox 3363 5458 3470 5517; x_wconf 88' lang='lat' dir='ltr'><strong>Nos</strong></span> 
     </span>
    </p>
   </div>
   <div class='ocr_carea' id='block_1_113' title="bbox 1898 5550 3552 5625">
    <p class='ocr_par' dir='ltr' id='par_1_113' title="bbox 1898 5550 3552 5625">
     <span class='ocr_line' id='line_1_113' title="bbox 1898 5550 3552 5625; baseline -0.005 -15"><span class='ocrx_word' id='word_1_857' title='bbox 1898 5555 2168 5625; x_wconf 86' lang='lat' dir='ltr'><strong>arguimur</strong></span> <span class='ocrx_word' id='word_1_858' title='bbox 2220 5566 2314 5608; x_wconf 89' lang='lat' dir='ltr'><strong>vos</strong></span> <span class='ocrx_word' id='word_1_859' title='bbox 2347 5551 2625 5621; x_wconf 88' lang='lat' dir='ltr'><strong>protieitis.</strong></span> <span class='ocrx_word' id='word_1_860' title='bbox 2656 5550 2971 5606; x_wconf 85' lang='lat' dir='ltr'><strong>detrimenta</strong></span> <span class='ocrx_word' id='word_1_861' title='bbox 2992 5558 3176 5606; x_wconf 91' lang='lat' dir='ltr'><strong>nostra</strong></span> <span class='ocrx_word' id='word_1_862' title='bbox 3203 5550 3258 5605; x_wconf 90' lang='lat' dir='ltr'><strong>in</strong></span> <span class='ocrx_word' id='word_1_863' title='bbox 3289 5555 3468 5604; x_wconf 88' lang='lat' dir='ltr'><strong>vestra</strong></span> <span class='ocrx_word' id='word_1_864' title='bbox 3545 5564 3552 5571; x_wconf 91' lang='grc'><strong>·</strong></span> 
     </span>
    </p>
   </div>
   <div class='ocr_carea' id='block_1_114' title="bbox 1898 5686 3517 5761">
    <p class='ocr_par' dir='ltr' id='par_1_114' title="bbox 1898 5686 3517 5761">
     <span class='ocr_line' id='line_1_114' title="bbox 1898 5686 3517 5761; baseline -0.004 -19"><span class='ocrx_word' id='word_1_865' title='bbox 1898 5696 2086 5761; x_wconf 78' lang='lat' dir='ltr'><strong>talione</strong></span> <span class='ocrx_word' id='word_1_866' title='bbox 2113 5695 2403 5761; x_wconf 71' lang='lat' dir='ltr'><strong>praeparata</strong></span> <span class='ocrx_word' id='word_1_867' title='bbox 2426 5686 2521 5740; x_wconf 88' lang='lat' dir='ltr'><strong>sibi</strong></span> <span class='ocrx_word' id='word_1_868' title='bbox 2542 5694 2734 5761; x_wconf 63' lang='lat' dir='ltr'><strong>(eterna</strong></span> <span class='ocrx_word' id='word_1_869' title='bbox 2760 5690 3045 5761; x_wconf 76' lang='lat' dir='ltr'><strong>refrigeria.</strong></span> <span class='ocrx_word' id='word_1_870' title='bbox 3285 5759 3296 5761; x_wconf 24' lang='grc' dir='ltr'><strong>Δ</strong></span> <span class='ocrx_word' id='word_1_871' title='bbox 3516 5732 3517 5735; x_wconf 44' lang='grc' dir='ltr'><strong>η</strong></span> 
     </span>
    </p>
   </div>
   <div class='ocr_carea' id='block_1_115' title="bbox 1972 5756 3467 5829">
    <p class='ocr_par' dir='ltr' id='par_1_115' title="bbox 1972 5756 3467 5829">
     <span class='ocr_line' id='line_1_115' title="bbox 1972 5756 3467 5829; baseline 0.001 -17"><span class='ocrx_word' id='word_1_872' title='bbox 1972 5769 1991 5795; x_wconf 73' lang='grc' dir='ltr'><em>ε</em></span> <span class='ocrx_word' id='word_1_873' title='bbox 2024 5756 2149 5813; x_wconf 67' lang='lat' dir='ltr'><strong>llaec</strong></span> <span class='ocrx_word' id='word_1_874' title='bbox 2178 5758 2229 5810; x_wconf 89' lang='lat' dir='ltr'><strong>in</strong></span> <span class='ocrx_word' id='word_1_875' title='bbox 2254 5759 2509 5813; x_wconf 90' lang='lat' dir='ltr'><strong>hactenus</strong></span> <span class='ocrx_word' id='word_1_876' title='bbox 2535 5756 2745 5829; x_wconf 79' lang='lat' dir='ltr'><strong>excusis</strong></span> <span class='ocrx_word' id='word_1_877' title='bbox 2772 5756 3185 5829; x_wconf 67' lang='lat' dir='ltr'><strong>non&#39;habentur,</strong></span> <span class='ocrx_word' id='word_1_878' title='bbox 3208 5759 3300 5817; x_wconf 89' lang='lat' dir='ltr'><strong>sed</strong></span> <span class='ocrx_word' id='word_1_879' title='bbox 3326 5771 3467 5815; x_wconf 87' lang='lat' dir='ltr'><strong>nunc</strong></span> 
     </span>
    </p>
   </div>
   <div class='ocr_carea' id='block_1_116' title="bbox 1897 5828 2935 5886">
    <p class='ocr_par' dir='ltr' id='par_1_116' title="bbox 1897 5828 2935 5886">
     <span class='ocr_line' id='line_1_116' title="bbox 1897 5828 2935 5886; baseline 0.001 -1"><span class='ocrx_word' id='word_1_880' title='bbox 1897 5844 1965 5885; x_wconf 82' lang='lat' dir='ltr'><strong>ex</strong></span> <span class='ocrx_word' id='word_1_881' title='bbox 1988 5844 2088 5885; x_wconf 88' lang='lat' dir='ltr'><strong>ms.</strong></span> <span class='ocrx_word' id='word_1_882' title='bbox 2116 5829 2331 5885; x_wconf 85' lang='lat' dir='ltr'><strong>llenrici</strong></span> <span class='ocrx_word' id='word_1_883' title='bbox 2357 5828 2555 5885; x_wconf 89' lang='lat' dir='ltr'><strong>Canisii</strong></span> <span class='ocrx_word' id='word_1_884' title='bbox 2576 5840 2935 5886; x_wconf 79' lang='lat' dir='ltr'><strong>accesserunt.</strong></span> 
     </span>
    </p>
   </div>
   <div class='ocr_carea' id='block_1_117' title="bbox 3372 378 3571 443">
    <p class='ocr_par' dir='ltr' id='par_1_117' title="bbox 3372 378 3571 443">
     <span class='ocr_line' id='line_1_117' title="bbox 3372 378 3571 443; baseline 0.015 -1"><span class='ocrx_word' id='word_1_885' title='bbox 3372 386 3471 443; x_wconf 74' lang='lat' dir='ltr'><strong>8Z5)</strong></span> <span class='ocrx_word' id='word_1_886' title='bbox 3564 378 3571 391; x_wconf 94' lang='lat'><strong><em>&#39;</em></strong></span> 
     </span>
    </p>
   </div>
  </div>
