4090 6330
281 208 384 269 853

834 314 1166 376 EPISTOLA
1202 313 1313 386 vr.

281 417 521 475 EJUSDEI
542 422 731 471 νλυοτι
747 424 1053 468 RHEGIENBIS
1068 421 1371 467 GALLIABUI
1391 419 1625 465 EPISCOPI
1648 418 1862 479 CONTRA

701 497 945 540 κεδτοιιι
970 500 1037 538 AD
1064 497 1115 539 (ἰ.
1147 496 1436 538 DMGONUI.

351 599 581 656 Domino
619 603 806 653 sancto
835 602 889 652 et
918 595 973 651 in
1007 593 1221 651 Christo
1259 591 1660 649 devinctissimo
1707 588 1864 646 fratri

283 683 307 712 α
330 674 495 729 Grato
522 671 751 743 diacono
771 668 1020 724 Faustus.

352 765 657 820 Honoratus
684 761 865 819 ofﬁcio
890 770 1002 829 tuo,
1033 760 1329 818 honoratus
1352 758 1578 830 judicio,
1609 769 1866 827 provoca-

280 869 365 915 tus
393 856 613 924 aﬁ‘ectu;
650 856 837 926 loquar
887 861 1065 910 tecum
1109 854 1162 909 in
1198 852 1499 909 humilitate
1544 849 1782 917 sincera,
1810 850 1862 904 in

280 953 528 1009 libertate
566 950 827 1007 benevola
854 988 869 1015 ,
899 948 953 1003 in
999 948 1222 1004 caritate
1269 960 1376 1001 non
1407 945 1558 1013 ﬁcta,
1602 948 1653 999 in
1704 944 1866 999 verbo

280 1046 544 1103 veritatis.
578 1046 646 1099 Et
670 1044 796 1100 licet
837 1041 967 1097 mihi
998 1040 1209 1098 tacendi
1238 1054 1454 1096 causam
1503 1040 1745 1095 indicere
1772 1053 1866 1109 po-

279 1139 469 1206 tueris,
502 1138 629 1194 dum
659 1138 888 1208 benigno
916 1148 979 1191 ac
1009 1134 1169 1208 nimis
1196 1133 1420 1190 credulo
1446 1132 1627 1187 animo
1660 1139 1864 1188 tantum

279 1244 455 1302 poenae
506 1229 640 1285 mihi
688 1238 944 1300 quantum
992 1226 1087 1282 tibi
1119 1227 1326 1296 peritiae
1355 1234 1410 1282 et
1438 1226 1754 1281 eruditionis
1785 1225 1866 1280 in-

279 1321 490 1394 dulges,
526 1330 703 1377 tamen
753 1335 852 1393 per
882 1319 1247 1391 interrogandi
1291 1319 1728 1386 sollicitudinem,
1760 1319 1862 1374 im-

277 1415 504 1488 posuisti
548 1414 679 1470 mihi
724 1414 1085 1486 respondendi
1134 1414 1540 1481 necessitatem,
1591 1427 1693 1487 qua
1741 1427 1866 1468 cum

278 1510 523 1576 absente,
554 1522 661 1565 non
691 1508 809 1564 sine
848 1507 1232 1579 trepidatione,
1264 1506 1396 1561 mihi
1442 1507 1653 1563 aestimo
1700 1505 1867 1561 collo-

277 1601 553 1674 quendum
588 1618 603 1659 :
633 1602 765 1671 quia
788 1601 854 1656 dc
876 1601 1036 1657 rebus
1071 1610 1178 1656 tam
1206 1599 1512 1671 profundis,
1542 1608 1598 1655 et
1627 1612 1773 1654 meas
1801 1612 1866 1654 ac

1733 196 2110 257 EPISTOLAE.

1887 315 1944 377 Α
1968 312 2093 367 lano
2122 326 2257 369 ausu
2287 311 2562 383 disputare
2607 325 2714 368 non
2741 312 2919 368 timuit
2946 311 3157 368 beatam
3191 310 3411 366 Mariam
3435 320 3550 367 tan-

3368 190 3554 256 .854

1969 413 2081 461 tum
2103 414 2328 463 matrem
2355 405 2524 462 fuisse
2553 405 2809 472 hominis,
2835 418 2945 461 non
2972 404 3136 461 etiam
3168 404 3296 470 Dei;
3324 410 3381 459 et
3407 403 3547 473 ideo,

1969 513 2067 569 pro
2112 498 2234 564 hoc,
2276 499 2553 557 catholicae
2594 517 2690 571 per
2738 515 2954 557 omnem
2996 499 3255 557 mundum
3296 499 3555 557 Ecclesia

1968 593 2301 649 districtione
2323 593 2607 650 damnatus
2632 603 2735 651 est.
2766 595 2885 652 Non
2906 595 3065 651 debet
3088 594 3306 667 (inquit)
3328 592 3551 665 suscipi,

1888 689 1905 709 ⁸
1969 696 2027 744 ut
2050 688 2211 744 homo
2237 696 2409 744 mater
2434 687 2527 744 Dei
2558 689 2654 744 sit!
2682 688 2775 745 sed
2804 689 2892 745 ubi
2914 696 2997 745 est
3025 688 3151 744 illud
3179 687 3552 758 propheticum

1969 784 2054 853 vel
2083 783 2450 855 evangelicum
2481 798 2495 835 :
2523 782 2655 837 Ecce
2674 785 2818 855 uirgo
2844 783 3091 854 concipiet
3111 791 3160 837 et
3183 782 3343 852 pariat
3365 780 3551 851 ﬁlium,

1969 886 2016 932 et
2037 876 2281 931 vocabunt
2311 891 2491 930 nomen
2518 877 2626 947 ejus
2656 873 2973 941 Emmanuel,
2999 875 3134 944 quod
3160 874 3553 942 cstintsrpreta-

1970 977 2099 1034 tum,
2132 966 2396 1021 nobiscum
2448 963 2589 1021 Deus
2631 962 2798 1035 (Esai.
2839 980 2930 1031 vn,
2962 963 3087 1034 M)?
3135 964 3199 1018 Et
3249 964 3439 1018 iterum
3498 964 3552 1021 in

1970 1059 2261 1130 Evangelio
2291 1076 2305 1113 :
2333 1057 2469 1128 quod
2517 1066 2752 1113 nascetur
2780 1071 2844 1111 ea:
2890 1066 2937 1110 te
2981 1067 3242 1121 sanctum,
3291 1054 3553 1109 vocabitur

1971 1150 2142 1206 Filius
2182 1149 2277 1205 Dei
2310 1148 2522 1221 (Matth.
2572 1163 2612 1214 ι,
2640 1144 2756 1217 25).
2789 1145 2891 1202 Ubi
2934 1146 3095 1200 etiam
3140 1144 3270 1200 illud
3300 1154 3384 1202 est
3411 1144 3553 1215 quod

1970 1250 2223 1315 suscepta
2263 1256 2362 1313 per
2408 1255 2595 1297 omnes
2633 1238 2839 1295 insulas
2881 1244 2936 1293 et
2974 1236 3248 1291 Ecclesiae
3272 1277 3288 1303 ,
3335 1236 3555 1291 Patrum

1969 1338 2145 1408 signat
2186 1335 2478 1391 auctoritas
2527 1341 2715 1397 contra
2745 1327 3056 1387 Nestorium
3089 1327 3355 1397 loquens:
3395 1326 3557 1382 Male-

1970 1430 2164 1497 dictus,
2197 1428 2389 1500 inquit,
2420 1426 2512 1498 qui
2540 1425 2736 1484 Filium
2758 1424 2854 1481 Dei
2887 1424 3055 1479 Deum
3083 1435 3267 1477 verum
3297 1420 3365 1475 de
3391 1419 3559 1474 Maria

1971 1539 2078 1579 non
2107 1537 2281 1593 nuper
2330 1530 2513 1577 natum
2558 1533 2657 1590 pro
2686 1528 2870 1574 nostra
2899 1517 3071 1573 salute
3099 1530 3206 1571 non
3233 1511 3561 1569 conﬁtetur?

1971 1617 2224 1674 Secutum
2258 1623 2343 1671 est
2385 1622 2443 1670 ut
2467 1613 2676 1670 diceres
2716 1612 2814 1669 Dei
2852 1620 2903 1668 et
2953 1608 3187 1665 hominis
3234 1620 3393 1663 unam
3438 1617 3563 1659 esse

279 1705 401 1749 tuas
438 1695 580 1750 vires
604 1693 1013 1759 excedentibus,
1059 1708 1165 1749 non
1194 1693 1371 1749 minus
1415 1692 1639 1763 periculi
1666 1694 1751 1749 est
1780 1706 1865 1748 re-
1897 1713 1942 1775 B
1971 1721 2241 1775 “almam,
2294 1709 2398 1764 ι,οε
2447 1706 2639 1771 modo;
2687 1719 2849 1760 unam
2888 1702 2985 1758 Det
3021 1715 3142 1757 esse
3184 1696 3558 1754 substantiam.

276 1786 549 1857 spondere
587 1800 749 1855 quam
790 1786 1065 1842 incondito
1103 1786 1242 1857 stylo
1272 1786 1507 1856 ingentia
1530 1794 1867 1841 sacramenta

276 1880 618 1936 committere
644 1898 656 1933 :
685 1888 740 1936 et
764 1880 886 1935 ideo
939 1893 1121 1935 carum
1147 1894 1347 1945 meum,
1376 1878 1432 1935 in
1453 1878 1536 1935 bis
1557 1892 1679 1951 quas
1710 1878 1870 1935 nimis

276 1981 484 2027 temere
518 1971 759 2040 protulit,
794 1970 1021 2026 tacendo
1051 1971 1231 2041 magis.
1250 1972 1513 2043 castigare
1538 1970 1866 2028 debuissem.

277 2063 331 2122 ln
367 2072 530 2119 tautae
558 2074 735 2119 autem
759 2064 838 2119 rei
867 2063 1277 2131 consultatione,
1310 2064 1363 2118 in
1392 2077 1495 2133 qua
1540 2064 1696 2135 longe
1727 2062 1883 2121 viam

278 2157 488 2228 regiam
533 2157 835 2227 reliquisti,
877 2156 1082 2226 aliquos
1130 2165 1364 2226 experta:
1413 2156 1653 2213 scientia:
1683 2157 1864 2225 viros,

277 2254 587 2311 eruditione
615 2262 775 2323 atque
802 2261 960 2308 aetate
987 2256 1250 2319 seniores,
1281 2252 1473 2321 quibus
1502 2253 1723 2308 credere
1743 2252 1871 2307 faci-

280 2346 395 2402 lius
444 2346 642 2416 possis,
676 2347 1008 2415 interrogare
1057 2344 1358 2411 debueras,
1408 2345 1696 2401 secundum
1739 2346 1869 2401 illud

280 2438 717 2511 praphelicum:
768 2436 1037 2509 Interroqa
1088 2447 1283 2507 patrem
1312 2448 1486 2507 tuum,
1529 2445 1575 2491 et
1626 2438 1870 2493 indicabit

278 2532 413 2597 tibi;
454 2530 675 2585 seniores
702 2518 856 2600 ~tuos,
900 2540 946 2583 et
992 2531 1156 2584 dicent
1199 2532 1285 2584 tibi
1326 2530 1351 2569 ι’
1378 2531 1557 2603 (Deut.
1592 2547 1757 2599 xxxii,
1787 2532 1864 2601 7).

278 2623 490 2682 Deinde
518 2625 569 2679 in
594 2623 676 2679 his
698 2639 816 2693 qua:
845 2624 1052 2693 agimus
1082 2624 1168 2679 vel
1192 2640 1309 2694 qua:
1332 2624 1585 2692 dicimus,
1617 2634 1778 2695 atque
1805 2625 1871 2679 ad

280 2726 588 2774 extremum
635 2716 851 2786 scriptis
901 2715 1156 2770 mandare
1204 2716 1599 2785 praesumimus,
1645 2718 1872 2772 fructum

281 2810 695 2884 profectumque
751 2810 929 2880 operis
974 2819 1289 2880 exspectare
1337 2810 1614 2865 debemus.
1671 2810 1727 2865 lu
1775 2811 1875 2866 hac

281 2918 467 2963 autem
496 2905 818 2977 scripturula
847 2920 1006 2976 quam
1037 2905 1103 2959 ad
1134 2919 1220 2960 me
1248 2904 1478 2975 dirigere
1505 2905 1750 2974 dignatus
1793 2919 1871 2974 es,

282 3015 396 3056 non
438 2998 741 3069 eloquentia
763 3039 778 3066 ,
810 3011 916 3052 non
960 2997 1205 3063 scientia,
1238 3012 1344 3052 non
1383 2997 1542 3066 ratio,
1574 3012 1679 3052 nou
1705 2996 1874 3052 sedili-

1975 1802 2141 1860 Recte
2172 1803 2393 1858 dixeras
2422 1801 2465 1855 si
2514 1800 2581 1855 tle
2626 1798 2740 1855 sola
2779 1796 3041 1853 Trinitate
3069 1794 3315 1859 dixisses,
3342 1791 3430 1846 ubi
3458 1803 3561 1845 una

1974 1907 2134 1967 atque
2161 1896 2350 1952 eadem
2375 1906 2480 1961 est,
2510 1892 2611 1950 sub
2634 1893 2794 1948 trium
2824 1904 3172 1963 personarum
3195 1884 3562 1952 distinctione,

1974 1998 2185 2047 natura.
2222 1989 2489 2045 Caeterum
2518 2001 2641 2042 cum
2672 1985 2737 2041 ad
2770 1983 3005 2039 hominis
3036 1980 3295 2050 assumpti
3318 1978 3565 2033 incarna-

1979 2083 2176 2139 tionem
2206 2083 2418 2137 venitur
2450 2098 2464 2136 :
2496 2079 2636 2136 sicut
2666 2076 2898 2133 hominis
2935 2084 2988 2130 et
3029 2073 3122 2129 Dei
3152 2086 3312 2127 unam
3341 2069 3564 2143 conﬁte-

1974 2187 2096 2228 mur
2141 2185 2261 2228 esse
2285 2183 2571 2241 personam
2604 2186 2617 2223 :
2648 2167 2720 2223 ita
2750 2165 3015 2236 duplicem
3051 2163 3251 2219 scimus
3277 2175 3399 2217 esse
3439 2160 3567 2215 sub-

1975 2266 2245 2323 stantiam.
2307 2264 2410 2331 Qui
2458 2272 2635 2318 autem
2695 2258 2854 2316 unius
2902 2264 3108 2311 natura:
3155 2255 3349 2310 asserit
3382 2253 3567 2333 ‘Deum

1976 2359 2402 2429 redemptorem;
2436 2364 2529 2410 aut
2553 2353 2826 2409 hominem
2858 2350 2910 2405 in
2938 2348 3245 2411 Divinitate,
3276 2354 3368 2400 aut
3397 2343 3567 2398 Deum

1976 2454 2189 2525 negavit
2230 2453 2284 2507 in
2327 2465 2579 2522 corpore;
2632 2460 2754 2503 eum
2802 2442 3103 2513 redemptio
3150 2448 3333 2495 nostra
3363 2452 3469 2492 non
3498 2450 3568 2492 ex

1976 2548 2256 2612 alterutro,
2294 2543 2388 2599 sed
2421 2558 2486 2597 ex
2530 2550 2760 2611 utroque
2811 2535 3049 2607 perfecta
3097 2532 3187 2588 sit.
3223 2531 3350 2615 .Hoe
3390 2537 3570 2584 autem

1977 2638 2093 2693 loco
2136 2651 2323 2691 unum.
2357 2634 2476 2690 sine
2520 2633 2624 2687 alio
2673 2630 2873 2685 erroris
2919 2626 3158 2698 periculo
3207 2633 3406 2678 nostrae
3444 2621 3571 2675 ﬁdei

1978 2730 2145 2787 solius
2194 2739 2214 2767 ε
2272 2721 2445 2783 nostri
2490 2741 2609 2782 esse
2656 2733 2919 2780 naturam.
2981 2721 3122 2789 Ergo
3168 2718 3221 2774 in
3271 2715 3570 2771 substantia

1979 2821 2273 2893 majestatis
2301 2835 2437 2889 Sttae,
2462 2817 2715 2873 divinitas
2747 2813 3004 2870 cruciﬁxa
3034 2819 3118 2867 est
3146 2811 3156 2863 !
3198 2808 3255 2863 Si
3284 2821 3442 2862 unam
3474 2805 3571 2861 Dei

1981 2917 2146 2972 solius
2186 2923 2430 2970 naturam
2479 2911 2642 2977 dicis;
2672 2909 2745 2964 'in
2796 2903 3093 2963 substantia
3141 2917 3273 2967 sua,
3318 2899 3572 2968 maiestas

1982 3020 2193 3067 mortua
2222 3009 2305 3065 vel
2338 3007 2545 3078 sepulta
2572 3005 2682 3061 est!
2712 3003 2844 3070 Quae
2874 3000 3065 3056 omnia“
3093 2997 3235 3053 Deus
3267 3010 3372 3053 non
3403 2994 3455 3048 in
3490 3006 3570 3057 se,

282 3095 428 3152 θειῖο
451 3090 1315 3164 aliqua.ordinatiaulcompunctl
1338 3094 1603 3146 εθηηοηῖε
1623 3098 1876 3161 apparet;
1914 3107 1961 3172 ο
1990 3104 2085 3164 sed
2114 3106 2165 3159 in
2216 3110 2403 3158 natura
2434 3099 2669 3171 suscepti
2702 3097 2937 3153 hominis
2981 3094 3209 3163 excepit.
3259 3088 3401 3146 Nihil
3428 3087 3572 3143 enim
3590 3140 3601 3147 ν,

283 3185 383 3243 sed
416 3186 721 3243 testimonia
750 3184 1122 3240 coniusissime
1171 3199 1268 3255 pro
1310 3185 1583 3239 memoriae
1624 3183 1883 3240 facilitate

286 3288 542 3350 congesta
574 3277 930 3335 temeritatem
973 3277 1170 3333 incauti
1214 3276 1392 3333 cordis
1427 3284 1697 3332 accusant.
1724 3276 1883 3332 Novit

290 3373 550 3428 Dominus
576 3371 701 3441 quia
727 3370 1055 3440 Stupelactus
1083 3386 1193 3441 pra:
1214 3370 1390 3425 studio
1418 3378 1519 3425 tua:
1548 3370 1737 3425 salutis
1768 3369 1882 3425 haec

288 3464 568 3533 colloquor
600 3481 614 3515 :
648 3465 726 3517 sic
750 3472 805 3517 et
831 3471 882 3518 te
909 3463 1292 3533 interrogasse,
1324 3472 1487 3518 etme
1514 3464 1879 3541 reSp'ondisse,

290 3555 364 3609 ad
394 3556 590 3610 bonum
617 3569 904 3610 commune
935 3555 1198 3623 proﬁciat.
1229 3555 1285 3609 lu
1317 3557 1721 3635 scriptissancti
1749 3572 1883 3625 pon-

295 3646 457 3702 tiﬁcis
488 3647 794 3718 Augustini,
826 3648 1036 3702 etiamsi
1064 3648 1196 3718 quid
1223 3654 1439 3719 putatur
1469 3651 1606 3717 apud
1634 3650 1881 3705 doctissi-

293 3754 416 3796 mos
462 3740 605 3795 viros
656 3753 777 3794 esse
828 3748 1172 3810 suspectum,
1207 3755 1270 3795 ex
1320 3740 1403 3795 his
1442 3756 1561 3811 quae
1587 3742 1883 3796 damnanda

293 3832 567 3913 iudicasti,
598 3831 733 3889 nihil
769 3835 983 3889 noveris
1012 3834 1426 3904 reprehensum;
1473 3834 1567 3889 sed
1610 3834 1733 3890 ﬁdei
1764 3849 1886 3891 sen-

293 3941 448 3993 sum,
480 3926 716 3981 maxime
743 3925 811 3981 de
840 3925 1050 3981 duabus
1085 3928 1393 3983 substantiis
1419 3928 1501 3984 vel
1541 3928 1750 3983 naturis
1793 3928 1886 3983 Dei

295 4028 353 4079 et
379 4021 612 4076 hominis
644 4020 857 4076 Domini
876 4036 938 4075 ac
955 4019 1331 4092 Redemptoris
1362 4023 1557 4092 nostri,
1586 4023 1720 4079 scito
1745 4023 1885 4095 apud

295 4114 641 4182 catholicam,
666 4128 772 4169 non
791 4112 962 4169 solum
984 4114 1197 4169 Patrum
1224 4114 1538 4170 anetoritate
1556 4124 1883 4186 susceptum,

294 4210 397 4268 sed
427 4211 591 4266 etiam
638 4206 950 4280 apostolicis
980 4202 1210 4264 oraculis
1231 4218 1623 4264 consecratum.
1657 4209 1886 4265 Proinde

295 4303 525 4361 verbum
552 4302 655 4359 hoc
696 4302 838 4374 quod
884 4315 1033 4357 more
1059 4301 1372 4373 prophetico
1405 4302 1471 4357 ad
1503 4311 1555 4359 te
1578 4304 1776 4358 factum
1807 4304 1886 4359 di-

297 4397 415 4463 cis;
452 4404 734 4451 ut'certum
766 4404 868 4463 est,
889 4410 994 4449 non
1024 4395 1116 4448 Dei
1144 4396 1353 4465 spiritu,
1387 4403 1441 4449 et
1466 4395 1606 4466 apud
1637 4396 1804 4451 Deum
1835 4405 1888 4451 et

1989 3199 2128 3255 Deus
2155 3195 2182 3234 ά
2211 3196 2379 3252 sensit
2422 3209 2541 3269 cum
2574 3190 2823 3264 patientis
2868 3202 3030 3245 sensu
3057 3227 3072 3253 ,
3105 3182 3200 3241 sed
3247 3182 3414 3239 sensit
3451 3194 3574 3235 cum
3648 3172 3653 3175 “

1988 3290 2235 3364 patientis
2284 3289 2508 3353 ell'cctu;
2563 3286 2694 3343 nihil
2739 3284 2907 3340 sensit
2962 3296 3060 3353 pro
3100 3278 3421 3336 diversitate
3450 3276 3587 3330 sub--

1986 3387 2241 3454 stantia},
2288 3383 2383 3439 sed
2427 3381 2595 3438 sensit
2644 3394 2741 3451 pro
2785 3378 2990 3433 unitate
3050 3387 3314 3446 personae.
3362 3369 3575 3425 Unitate

1987 3478 2285 3548 conjunxit,
2323 3485 2377 3531 et
2408 3481 2805 3543 consequenter
2827 3470 3057 3540 adfecit:
3089 3482 3187 3522 nos
3233 3478 3395 3520 unum
3427 3476 3577 3517 eum—
3678 3462 3683 3463 “

1989 3570 2215 3639 demque
2252 3582 2438 3623 verum
2486 3566 2756 3621 hominem
2785 3572 2838 3617 et
2886 3575 3076 3616 verum
3128 3558 3296 3611 Deum
3328 3553 3576 3621 intelligi-

1988 3678 2107 3717 mus
2141 3680 2151 3714 :
2181 3671 2235 3717 et
2276 3662 2525 3724 iteravit,
2556 3673 2656 3713 nos
2681 3672 2867 3711 verum
2900 3655 3064 3709 Deum
3092 3660 3146 3707 et
3171 3663 3360 3707 verum
3406 3646 3576 3702 homi-

1988 3771 2113 3812 nem
2165 3754 2313 3810 nullo
2361 3751 2521 3809 modo
2575 3749 2896 3821 ambigimus
2953 3741 3339 3801 coniitendum.
3384 3739 3580 3806 Accipe

1988 3850 2149 3906 etiam
2177 3848 2230 3903 in
2253 3846 2453 3917 hymno
2475 3845 2530 3899 S.
2560 3841 2814 3897 antistitis
2846 3848 2898 3893 et
2939 3836 3263 3893 confessoris
3289 3829 3577 3893 Ambrosii,

1990 3956 2147 4013 quem
2181 3942 2237 3994 in
2261 3933 2426 3994 natali
2461 3920 2730 3991 do'minico
2761 3929 3023 3988 catholica
3054 3942 3152 3998 per
3196 3935 3386 3980 omnes
3414 3920 3581 3975 Italia:

1992 4012 2047 4088 et
2075 4030 2262 4087 Gallias
2316 4018 2567 4100 regiones
2609 4024 2870 4097 persultat
2912 4020 3151 4078 Ecclesia
3199 4035 3212 4071 :
3256 4013 3488 4070 Procede
3520 4012 3584 4065 ds

1991 4124 2217 4203 thalamo
2263 4129 2349 4176 tuo
2398 4120 2611 4192 geminae
2658 4118 2802 4189 gigas
2852 4111 3169 4169 substantias.
3215 4105 3425 4201 Refuge
3454 4119 3581 4174 ergo

1987 4194 2130 4273 inter
2173 4216 2310 4281 haec,
2342 4221 2529 4270 sancte
2559 4210 2745 4277 frater,
2778 4208 3049 4263 alterutra:
3097 4200 3261 4272 partis
3286 4194 3571 4255 errorem:

1989 4308 2034 4364 si
2067 4314 2272 4362 tantum
2302 4304 2398 4359 Dei
2424 4310 2668 4358 naturam
2708 4297 2940 4365 dixeris,
2983 4291 3283 4364 imposuisti
3314 4291 3425 4346 Deo
3453 4302 3586 4345 cotu-

1992 4400 2247 4456 ditionem
2288 4396 2553 4469 passionis
2593 4403 2647 4451 et
2674 4394 2896 4458 mortis;
2943 4388 2989 4445 si
3012 4402 3141 4445 vero
3169 4394 3373 4444 tantum
3403 4383 3576 4439 homi-

298 4487 446 4560 apud
487 4488 733 4544 homines
780 4487 934 4543 valde
973 4486 1273 4542 damnabile
1306 4495 1387 4541 est
1410 4529 1425 4554 ,
1472 4487 1572 4543 nisi
1602 4488 1747 4559 prior
1776 4490 1890 4559 ipse
1918 4492 1972 4552 D
1995 4493 2077 4549 nis
2103 4502 2349 4549 naturam
2378 4490 2600 4555 dixeris,
2624 4484 2935 4543 subtraxisti
2982 4482 3094 4538 Deo
3122 4480 3346 4551 gloriam
3369 4476 3556 4531 redem
3582 4510 3583 4517 η

300 4580 666 4638 damnaveris.
694 4579 834 4649 Ergo
849 4588 906 4633 ut
924 4578 1046 4634 aliis
1068 4578 1446 4648 praetermissis
1468 4579 1607 4635 hunc
1623 4580 1890 4650 duplicem

302 4687 550 4732 errorem
585 4684 639 4729 ct
667 4672 735 4728 de
774 4672 968 4729 ἣξει·θεὶ
1017 4679 1195 4726 natum
1241 4672 1295 4726 el
1317 4670 1368 4725 in
1391 4671 1627 4742 pericula
1672 4673 1892 4727 hmresis

304 4764 707 4838 pertrahentem
737 4806 749 4827 ,
780 4763 928 4817 brevi
963 4762 1239 4832 (quantum
1291 4760 1486 4815 absens
1518 4761 1755 4834 possum)
1782 4777 1893 4817 ser-

307 4874 474 4918 mone
529 4857 929 4928 constringam,
973 4870 1094 4910 cum
1145 4863 1345 4911 sancta:
1402 4854 1694 4910 sinceritati
1745 4864 1888 4924 tuae,

307 4954 603 5010 multorum
648 4952 777 5024 (non
835 4948 1008 5023 qualis
1068 4962 1169 5019 ego
1216 4948 1357 5019 sum)
1403 4947 1707 5004 necessaria
1749 4957 1895 5005 esset

2002 4582 2219 4655 ptionis,
2274 4580 2588 4638 subtraxisti
2634 4577 2837 4633 auctori
2867 4573 3163 4646 potentiam
3210 4567 3580 4637 Reparatoris.

2000 4670 2141 4737 Audi
2186 4678 2454 4751 quomodo
2496 4690 2647 4732 sacra
2690 4673 2897 4743 eloquia
2948 4684 3044 4739 per
3083 4682 3246 4723 unam
3298 4676 3583 4736 personam

2002 4766 2273 4845 explicant
2311 4780 2594 4841 utramque
2633 4764 3013 4822 substantiam.
3041 4760 3202 4816 Juxta
3222 4757 3461 4813 divinam
3492 4769 3582 4809 ua-

2002 4875 2176 4922 turam
2220 4864 2457 4935 loquitur
2485 4879 2500 4917 :
2529 4859 2641 4933 Ego
2668 4869 2715 4913 et
2747 4856 2906 4911 Pater
2927 4870 3086 4910 unum
3110 4866 3285 4907 sumus
3314 4847 3489 4921 (Joan.
3525 4861 3581 4915 x,

1999 4962 2125 5032 ‘50);
2154 4959 2471 5033 isecundum
2520 4955 2812 5011 humanam
2854 4956 3097 5005 naturam
3148 4943 3432 5001 conﬁtetur
3460 4940 3585 5011 quia

308 5044 601 5118 praesentia
646 5042 1020 5114 magistrorum
1062 5059 1073 5094 :
1126 5041 1298 5111 primo
1338 5042 1457 5096 loco
1484 5040 1815 5112 .ignoranter
1844 5048 1899 5097 et
2000 5054 2161 5110 pater
2203 5054 2373 5124 major
2412 5065 2491 5105 me
2518 5056 2623 5115 est;
2660 5046 2810 5118 juxta
2860 5041 3136 5099 cmlestem
3185 5043 3426 5091 naturam
3461 5043 3580 5101 ρης

256 5181 271 5193 .
311 5141 448 5196 satis
477 5137 794 5209 periculose,
820 5151 923 5191 non
946 5134 1142 5203 dicam,
1168 5134 1450 5202 scribitur;
1475 5134 1895 5208 sed,,cogitatur,

314 5234 519 5306 suscipi
548 5249 657 5289 non
686 5231 884 5287 debere
909 5240 965 5285 ut
1003 5230 1164 5285 homo
1191 5237 1359 5285 mater
1384 5224 1483 5287 Dei
1514 5230 1585 5286 sit
1613 5248 1625 5283 :
1660 5230 1803 5301 quod
1836 5230 1901 5286 de

316 5326 656 5386 Nestorianae
695 5324 915 5379 haeresis
965 5322 1237 5392 impietate
1283 5325 1589 5392 descendit;
1637 5327 1730 5398 qui
1778 5341 1901 5399 pro-

395 5498 425 5529 ι
456 5486 623 5551 Alias,
652 5450 898 5553 Gregorio
925 5442 979 5534 et
1006 5479 1203 5553 Caeco.

394 5559 425 5600 ι)
454 5558 599 5614 Alias
644 5551 900 5623 additur,
927 5552 1014 5605 sed
1042 5551 1229 5621 absque
1256 5552 1410 5608 dubio
1438 5553 1523 5622 qui
1551 5553 1628 5609 vel
1675 5552 1907 5623 qualem.

326 5647 522 5699 cunque
576 5624 783 5696 requirit
840 5622 1057 5695 ducem,
1107 5624 1366 5687 declinare
1403 5633 1598 5696 oportet
1656 5622 1903 5689 errorem,

328 5702 548 5800 Deinde,
578 5705 679 5761 etc.

2003 5147 2254 5203 nuntiat:
2282 5121 2470 5198 Dmnia
2490 5156 2603 5213 qua:
2628 5136 2783 5192 Pater
2808 5134 2956 5188 habet
2993 5146 3102 5185 mea
3130 5134 3278 5189 sunt;
3296 5121 3448 5193 juxta
3478 5128 3587 5213 ter-v

2005 5222 2147 5295 rente
2177 5232 2379 5292 naturae
2406 5211 2768 5290 inﬁrmitatem
2790 5225 2947 5283 dicit:
2980 5220 3148 5277 Filius
3172 5225 3339 5273 autem
3366 5211 3585 5268 hominis

2008 5348 2111 5407 non
2139 5330 2287 5385 habet
2336 5329 2420 5384 ubi
2461 5326 2614 5398 caput
2638 5323 2863 5378 reclinet.
2911 5314 3073 5386 Quasi
3105 5313 3269 5369 homo
3296 5306 3583 5372 indicabat,

2084 5493 2108 5522 ο
2139 5483 2307 5548 Alias,
2347 5482 2504 5535 solius
2536 5473 2632 5530 Dei
2658 5469 2838 5548 nostri.
3007 5536 3017 5548 _
3170 5533 3205 5548 ,Δ
3391 5506 3589 5548 Arum.

2082 5554 2107 5592 ἀ
2132 5524 2711 5626 iié‘.‘l”ieiiii",;aiiétni
2723 5524 2897 5614 sensti,
2928 5536 3018 5599 sed
3047 5533 3207 5597 sensit
3232 5524 3585 5604 compaticntis

2008 5626 2212 5703 affectu.
