4090 6330
482 254 593 313 855

485 457 898 520 contestabatur,
934 451 1241 505 Potestatem
1284 446 1443 499 habeo
1468 440 1692 512 ponendi
1720 455 1852 505 eam,
1892 446 1939 494 et
1968 453 2065 508 po—

485 549 911 613 testatern.habeo
948 546 1134 600 iterum
1176 538 1409 594 sumendi
1454 552 1566 592 eam
1594 534 1777 608 (Joan.
1830 548 1896 599 χ,
1947 529 2060 602 18).

483 641 795 717 Secundum
814 637 992 694 carnis
1014 643 1257 691 naturam
1285 631 1341 686 in
1364 642 1524 686 cruce
1550 626 1838 699 pendebat,
1869 639 2061 682 secun-

482 742 609 796 dum
652 731 943 791 divinitatis
990 727 1343 787 substantiam
1390 722 1696 795 paradisum
1740 730 1795 775 ct
1833 732 2057 789 regnum

480 830 705 886 cmleste
740 824 989 881 donabat.
1030 821 1141 876 Hoc
1170 817 1355 875 Ariani
1384 816 1671 872 obscurato
1699 810 1884 875 corde,
1914 809 2066 879 peni-
2104 810 2107 813 ’

483 929 566 975 tus
592 931 699 974 non
728 915 993 978 videntes,
1018 911 1142 982 quia
1166 905 1511 980 praesumptio
1531 911 1587 960 et
1615 902 1776 958 elatio
1803 898 2060 956 suffundit

480 1012 677 1068 mentis
702 1007 975 1073 intuitum,
1008 1004 1074 1058 ad
1103 1003 1293 1066 Deum,
1326 1013 1446 1070 quae
1474 1004 1628 1053 erant
1662 994 1895 1049 hominis
1917 1000 2064 1048 retu-

483 1107 682 1172 lerunt,
727 1100 1010 1158 credentes
1040 1095 1178 1167 quod
1225 1092 1400 1148 minor
1446 1090 1753 1159 loqueretur
1782 1085 2057 1154 divinitas,

484 1198 573 1254 ubi
598 1196 713 1252 sola
739 1190 971 1250 hominis
1015 1183 1479 1243 dcmonstrabatur
1514 1178 1819 1234 infirmitas.
1854 1175 2060 1231 Nullam

482 1297 745 1362 ponentes
795 1286 935 1339 inter
975 1279 1216 1337 caelestia
1266 1284 1320 1331 et
1370 1284 1582 1362 terrena
1618 1270 1904 1333 rationem,
1935 1268 2061 1323 dum

481 1357 702 1439 naturas
731 1380 785 1434 in
816 1377 927 1432 Deo
956 1383 1011 1430 et
1037 1370 1254 1427 homine
1279 1367 1411 1422 duas
1441 1357 1682 1433 recipere
1725 1361 1934 1428 nolunt,
1969 1358 2061 1413 Dei

484 1471 836 1530 substantiam
901 1465 1243 1527 diviserunt;
1294 1468 1348 1515 et
1394 1456 1521 1512 dum
1562 1455 1628 1509 ad
1676 1454 1789 1509 sola
1832 1451 2062 1507 hominis

485 1567 650 1624 verba
696 1562 1005 1633 respiciunt,
1053 1558 1219 1613 Deum
1264 1554 1354 1624 qui
1401 1552 1589 1623 gloriae
1636 1548 1912 1619 plenitudo
1956 1555 2059 1613 est,

484 1660 789 1715 intellectus
834 1653 1033 1708 lumine
1064 1648 1431 1719 perdiderunt.
1479 1645 1557 1698 Ac
1602 1642 1681 1697 sic
1707 1683 1721 1707 ,
1765 1641 1854 1711 qui
1896 1640 2060 1695 Deum

486 1754 678 1808 Filium
711 1748 943 1804 hominis
970 1742 1295 1801 credendum
1324 1740 1571 1808 denegat,
1599 1735 1829 1791 Nestorii
1873 1734 2062 1802 impie-

484 1852 595 1900 tate
623 1841 915 1897 maculatur
944 1856 957 1891 :
988 1837 1081 1907 qui
1108 1834 1240 1890 duas
1263 1830 1588 1889 substantias
1618 1828 1671 1883 in
1701 1826 2063 1897 Redemptore

466 1920 592 1993 'nou
643 1933 842 1998 credit,
894 1929 1005 1985 Arii
1056 1929 1243 1999 laqueo
1285 1926 1540 1993 deceptus
1592 1921 1899 1978 involvitur.
1954 1920 2062 1976 Nos

487 2039 639 2092 vero,
668 2023 742 2079 mi
785 2022 950 2076 frater
1000 2016 1295 2082 cariSsime,
1342 2014 1395 2068 in
1438 2011 1707 2067 Christum
1756 2011 1949 2076 Deum,
1991 2010 2063 2065 ita

486 2118 721 2189 perfecta
772 2124 825 2170 et
861 2109 1206 2182 inseparabili
1248 2106 1594 2164 distinctione
1640 2104 1957 2171 credamus,
2007 2111 2067 2158 ut

484 2208 581 2267 Dei
626 2218 681 2264 et
728 2206 966 2263 hominis
1018 2202 1316 2273 simplicem
1369 2213 1650 2270 personam
1700 2206 1755 2253 et
1795 2197 2065 2269 duplicem

486 2291 796 2358 noverimus
838 2310 960 2352 esse
986 2294 1359 2351 substantiam.
1405 2290 1555 2347 Sicut
1580 2289 1760 2344 anima
1790 2298 1844 2343 et
1870 2303 2071 2358 corpus

485 2392 760 2448 hominem
803 2388 949 2452 facit,
982 2386 1056 2441 ita
1095 2384 1344 2440 divinitas
1388 2391 1442 2438 et
1470 2380 1774 2438 humanitas
1822 2395 1956 2435 unus
1984 2388 2065 2436 est

488 2486 748 2541 Christus.
802 2482 882 2537 Tu
909 2489 1085 2536 autem
1129 2479 1271 2550 quod
1297 2478 1509 2548 gemino
1538 2490 1722 2531 errore
1763 2484 2066 2545 praeventus

490 2574 827 2633 scribendum
860 2573 1075 2643 putasti,
1102 2571 1203 2627 sub
1223 2570 1447 2626 duarum
1470 2579 1778 2639 naturarum
1801 2577 2067 2623 conventu

487 2666 684 2736 suscipi
716 2681 823 2721 non
869 2665 1102 2731 debere,
1149 2670 1207 2718 ut
1237 2663 1397 2728 Deus,
1428 2670 1582 2733 pater
1626 2659 1857 2716 hominis
1886 2661 1976 2728 sit,
2008 2667 2067 2715 ut

486 2762 682 2830 homo,
731 2768 901 2816 mater
951 2750 1045 2814 Dei
1086 2757 1196 2812 sit:
1226 2771 1358 2823 nos,
1410 2770 1568 2810 unam
1593 2754 1687 2810 Dei
1729 2754 2066 2824 hominisque

486 2866 773 2924 personam
818 2849 1137 2907 fiducialiter
1163 2857 1219 2905 et
1266 2847 1555 2904 salubriter
1583 2854 1885 2902 asserentes
1914 2845 1967 2900 in
2000 2858 2065 2899 eo

488 2946 578 3016 qui
604 2953 719 3000 erat
746 2944 799 2999 in
831 2942 1112 3015 principio,
1137 2948 1193 2998 et
1220 2939 1311 3012 qui
1340 2941 1441 2997 sub
1460 2940 1839 3011 redemptionis
1866 2948 2064 2994 nostrae

488 3046 728 3107 tempore
776 3036 947 3091 factus
977 3035 1144 3092 estin
1192 3033 1591 3089 similitudinem
1640 3033 1813 3088 carnis
1835 3033 2058 3103 peccati,

490 3129 545 3183 id
566 3139 667 3194 est,
688 3130 740 3182 in
764 3128 988 3182 veritate
1014 3126 1268 3193 hominis,
1293 3133 1347 3179 et
1367 3124 1713 3180 similitudine
1735 3124 2029 3207 peccaturis
2050 3141 2063 3179 ε
2092 3091 2140 3155 ο

493 3235 589 3275 nos
617 3220 877 3291 (inquam)
910 3221 981 3275 ita
1013 3220 1182 3276 Deum
1213 3227 1417 3289 patrem
1446 3219 1675 3274 hominis
1701 3220 1800 3274 sub
1828 3212 2069 3288 personzc

494 3312 696 3367 unitate
714 3319 993 3378 testamur,
1019 3311 1155 3365 sicut
1174 3311 1273 3366 sub
1288 3310 1528 3378 ejusdem
1552 3310 1770 3365 unitatis
1795 3312 2070 3389 amplexu,

402 3424 411 3432 ”
494 3406 718 3462 Matrem
767 3403 862 3457 Dei
922 3403 1192 3458 hominem
1248 3400 1603 3468 confitemur,
1647 3401 1797 3471 juxta
1844 3402 2071 3473 symboli

494 3495 869 3553 auctoritatem
917 3497 998 3568 (ut
1027 3494 1129 3549 alia
1168 3493 1616 3564 praetermittam),
1646 3495 1767 3564 quia
1795 3495 2021 3551 dicimus
2053 3515 2067 3552 :

493 3588 669 3645 Credo
697 3599 751 3643 ct
794 3588 846 3642 in
879 3587 1071 3642 Filium
1119 3587 1211 3642 Dei
1260 3586 1442 3642 Jesum
1495 3586 1799 3663 Christum,
1826 3588 1914 3659 qui
1945 3604 2072 3645 con-

494 3692 682 3752 ceptus
706 3690 788 3737 est
814 3681 880 3737 de
909 3681 1113 3751 Spiritu
1140 3686 1347 3747 sancto,
1379 3688 1535 3735 natus
1554 3695 1622 3735 ex
1648 3681 1812 3735 Maria
1834 3681 2067 3751 Virgine.

493 3774 593 3841 Qui
624 3774 667 3827 si
700 3772 819 3827 talis
862 3787 1013 3827 error
1042 3778 1148 3837 est,
1181 3772 1234 3825 in
1266 3771 1489 3828 Domino
1518 3770 1798 3829 Salvatore
1828 3788 1989 3826 unam
2020 3783 2072 3828 et

492 3867 794 3937 simplicem
840 3865 1130 3923 credidisse
1167 3864 1542 3933 substantiam,
1589 3864 1761 3935 qualis
1790 3880 1942 3919 error
1966 3876 2069 3933 est,

494 3960 761 4029 duplicem
799 3961 1095 4016 asseruisse
1134 3958 1454 4029 personam?
1484 3955 1615 4012 Nam
1646 3958 1691 4012 si
1734 3958 1786 4011 in
1817 3958 2071 4013 societate

492 4051 671 4105 carnis
708 4060 995 4129 assumptre
1022 4092 1036 4115 ,
1070 4051 1294 4104 formam
1340 4049 1521 4103 famuli
1553 4049 1695 4103 Deus
1735 4048 1923 4112 induit,
1952 4048 2071 4103 duae

494 4141 808 4195 substantia:
856 4155 963 4193 non
1013 4140 1251 4195 fuerunt.
1300 4141 1439 4209 Ergo
1472 4142 1522 4203 in
1552 4140 1769 4194 homine
1797 4144 1934 4195 Deus
1966 4157 2070 4195 ncn

493 4232 615 4298 fuit,
642 4239 698 4285 et
721 4239 964 4298 separata
993 4245 1023 4284 a
1057 4230 1165 4285 Deo
1208 4244 1438 4299 persona
1480 4232 1709 4284 hominis
1748 4231 1881 4295 fuit;
1930 4246 1990 4284 ac
2026 4233 2069 4286 si

493 4322 594 4377 sub
639 4322 729 4376 tali
758 4336 917 4377 sensu
965 4322 1168 4377 videbis
1197 4323 1375 4377 subito
1419 4332 1664 4393 quartam
1709 4323 1890 4377 nescio
1933 4324 2071 4379 unde

492 4411 795 4471 accrevisse
824 4429 1141 4485 personam;
1176 4424 1229 4470 et
1260 4415 1311 4468 in
1351 4415 1492 4470 hunc
1530 4415 1859 4469 intellectum
1896 4417 2071 4485 pravi-

493 4509 619 4564 tatis
641 4508 1019 4579 consequentia
1063 4506 1508 4578 przecipitaberis',
1552 4517 1607 4561 ut
1628 4507 1740 4577 jam
1765 4524 1868 4563 non
1898 4509 2070 4577 Trini-

492 4607 656 4657 tatem
702 4612 922 4656 necesse
950 4600 1021 4654 sit
1047 4600 1309 4655 confiteri.
1358 4599 1493 4655 Audi
1526 4600 1703 4669 potius
1723 4601 2068 4671 quemadmo-

489 4694 617 4749 dum
646 4694 704 4750 S.
732 4693 936 4758 Esaias,
967 4691 1219 4748 distincto
1248 4692 1436 4748 ordine
1462 4692 1853 4764 conjunctoque
1883 4693 2068 4748 discri-

412 4829 416 4833 .
488 4786 671 4851 mine,
722 4784 935 4839 Domini
992 4784 1160 4839 nostri
1212 4798 1275 4839 ac
1318 4783 1689 4854 Redemptoris
1734 4785 2063 4840 nativitatem

412 4868 417 4873 “
488 4874 736 4946 disponat
781 4892 795 4928 :
836 4874 1095 4928 Parvulus
1143 4874 1375 4946 (inquit)
1416 4885 1564 4931 natus
1606 4885 1678 4930 est
1719 4878 1884 4945 nobis,
1925 4878 2064 4945 ﬁlius

488 4968 641 5037 datur
681 4975 755 5019 est
785 4966 926 5019 nobis
950 4964 1102 5035 (irai.
1148 4980 1219 5032 ix,
1260 4965 1336 5035 6).
1379 4965 1577 5036 Accipe
1616 4965 1807 5021 Filium
1862 4968 1954 5023 Dei
2012 4969 2066 5024 in

485 5068 727 5114 extrema
760 5064 910 5127 parte
935 5057 1249 5112 saeculorum
1270 5099 1285 5125 ,
1314 5073 1381 5112 ex
1410 5058 1630 5129 innupta
1659 5070 1850 5131 matre,
1880 5072 2064 5116 natura

485 5152 765 5220 ignorante
812 5159 867 5205 et
920 5148 1021 5203 fide
1065 5149 1349 5204 maritante
1386 5151 1717 5220 progenitum
1745 5194 1760 5220 ,
1812 5167 2067 5224 superve-

486 5244 669 5300 niente
715 5244 769 5298 in
815 5242 1076 5314 virginem
1114 5250 1306 5317 sancto
1356 5242 1592 5315 Spiritu,
1638 5246 1906 5303 hominem
1958 5248 2065 5304 Deo

485 5335 801 5393 mirabiliter
844 5334 1146 5405 impletum,
1199 5344 1251 5390 et
1282 5336 1449 5393 Deum
1477 5339 1527 5391 in
1560 5338 1828 5396 hominem
1858 5340 2065 5396 miseri-

487 5426 721 5482 corditer
745 5436 1158 5495 commutatum;
1189 5443 1289 5486 nec
1316 5431 1617 5487 exinanisse
1642 5432 1825 5501 glorise
1860 5434 2065 5504 magni-

487 5516 747 5588 tudinem,
778 5523 873 5576 scd
906 5536 999 5591 per
1025 5532 1325 5592 susceptam
1362 5524 1503 5579 servi
1544 5523 1925 5591 conditionem,
1960 5526 2064 5581 Do-

484 5613 618 5667 mini
666 5614 963 5670 ostendisse
1016 5618 1284 5684 pietatem.
1318 5617 1576 5675 Parvulas
1607 5627 1755 5672 natus
1787 5630 1857 5673 est
1890 5619 2057 5685 nobis,

483 5708 625 5776 ﬁlius
659 5706 805 5761 datus
835 5716 905 5760 est
951 5710 1123 5763 nobis!
1154 5711 1315 5767 Natus
1365 5720 1445 5768 est
1475 5713 1629 5769 nobis
1659 5715 1747 5779 qui
1792 5713 1891 5769 sibi
1920 5723 2054 5772 erat.

1018 296 1025 303 ,
1304 282 1307 285 ς
1542 281 1552 292 .
1713 229 1769 284 s.
1812 224 2056 283 FAUS‘I‘I
2094 223 2499 283 RHEGIENSIS

486 369 673 424 Tristis
713 372 788 419 est
832 374 1004 416 anima
1048 372 1159 411 mea
1195 366 1354 424 usque
1376 350 1445 403 ad
1473 353 1721 413 mortem;
1745 345 1897 416 quasi
1926 344 2064 399 Deus
2092 344 2146 405 Α
2172 341 2335 413 Datus
2361 354 2490 412 ergo
2513 354 2578 396 ex
2605 338 2911 408 Divinitate,
2937 344 3093 395 natus
3119 351 3187 395 ex
3212 337 3450 409 Virgine,
3480 347 3637 396 natus
3652 320 3742 411 qui

3636 228 3739 287 856

2166 434 2387 490 sentiret
2412 448 2685 499 occasum,
2713 433 2868 488 datus
2888 432 2979 503 qui
3000 431 3230 489 nesciret
3248 432 3550 489 exordium.
3579 433 3740 489 Natus

2164 528 2251 598 qui
2299 533 2352 582 et
2398 534 2568 581 matre
2611 533 2755 581 esset
2792 525 3006 593 junior;
3056 524 3212 580 datus
3240 514 3311 580 et
3339 539 3444 595 quo
3467 540 3569 582 nec
3597 538 3745 597 pater

2165 627 2309 676 esset
2351 618 2614 688 antiquior
2663 634 2678 671 :
2724 626 2881 673 natus
2926 617 3015 687 qui
3063 626 3397 685 moreretur;
3451 618 3610 674 datus
3652 636 3744 688 per

2164 728 2321 784 quem
2350 714 2456 768 vita
2485 721 2876 768 renasceretur.
2906 712 3018 767 Illic
3038 710 3363 779 dominatur,
3388 712 3476 767 hic
3496 712 3745 768 humilia-

2165 814 2290 873 tur;
2318 806 2419 863 sibi
2461 814 2671 877 regnat,
2703 814 2757 861 ct
2784 804 2915 861 mihi
2944 805 3155 861 militat.
3206 803 3469 859 Parvulas
3493 815 3644 859 natus
3670 813 3744 860 est

2166 901 2330 968 nobis,
2369 900 2505 970 ﬁlius
2545 901 2695 954 datus
2722 909 2797 954 est
2829 900 2972 953 nobis
3006 913 3025 952 :
3048 909 3096 952 et
3133 899 3297 970 factus
3316 909 3391 953 est
3431 897 3743 969 principatus

2164 1012 2313 1067 super
2334 997 2601 1050 humerum
2622 995 2753 1065 ejus.
2769 992 3106 1049 Manifestum
3122 992 3392 1049 hominem
3412 993 3746 1047 demonstrat

2165 1089 2452 1155 humerus;
2477 1089 2726 1144 latentem
2748 1088 2917 1144 Deum
2937 1086 3169 1170 loquitur
3189 1086 3539 1157 principatus.
3566 1087 3744 1155 Agno-

2165 1197 2256 1239 sce
2297 1182 2559 1251 duplicem
2589 1181 2687 1235 sub
2737 1194 2979 1249 personae
3008 1180 3213 1235 unitate
3256 1178 3635 1235 substantiam.
3671 1176 3745 1233 De

2165 1284 2349 1332 nostro
2370 1285 2453 1331 est
2478 1275 2618 1346 quod
2641 1273 3019 1345 apprehendit,
3033 1273 3099 1329 de
3110 1286 3209 1329 suo
3230 1281 3314 1329 est
3341 1272 3482 1342 quod
3506 1270 3743 1338 donavit,

2165 1371 2237 1427 de
2264 1380 2447 1425 nostro
2477 1368 2660 1423 habuit
2687 1367 2827 1423 unde
2853 1366 3103 1429 caderet,
3133 1365 3201 1421 de
3229 1379 3328 1420 suo
3356 1364 3501 1420 unde
3524 1377 3721 1419 consur

2165 1469 2333 1532 geret.
2366 1461 2441 1515 De
2471 1467 2657 1515 nostro
2679 1458 2865 1514 habuit
2892 1458 3033 1514 unde
3072 1473 3170 1527 pro
3199 1454 3354 1512 nobis
3383 1455 3649 1521 solveret;
3679 1455 3743 1511 de

2166 1570 2263 1610 suo
2292 1553 2435 1609 unde
2473 1553 2685 1622 penitus
2716 1552 2769 1605 in
2798 1538 3184 1606 nullO‘debitor
3210 1555 3514 1620 appareret.
3548 1548 3626 1603 De
3651 1562 3743 1603 no-

2166 1654 2278 1701 stro
2302 1645 2444 1700 unde
2471 1644 2895 1713 cruciﬁgeretur,
2926 1642 2994 1698 de
3035 1656 3134 1696 suo
3164 1640 3304 1696 unde
3329 1641 3743 1710 glorificaretur.

2090 1723 2139 1786 Β
2166 1739 2243 1794 De
2269 1748 2452 1793 nostro
2477 1737 2626 1793 dedit
2655 1736 2858 1806 peccati
2891 1735 3139 1798 hostiam,
3159 1734 3227 1789 de
3255 1746 3374 1799 suo,
3405 1731 3746 1801 indulgentiae

2166 1832 2352 1887 tribuit
2399 1832 2647 1900 gratiam.
2683 1829 2757 1884 De
2781 1836 2963 1883 nostro
2996 1826 3173 1896 itaque
3218 1823 3537 1890 lmmiliatio,
3562 1824 3630 1881 de
3648 1839 3749 1880 suo

2165 1940 2285 1983 esse
2315 1925 2570 1997 probatur
2596 1922 2863 1980 ascensio.
2886 1923 2963 1978 De
2980 1931 3163 1978 nostro
3187 1920 3384 1976 obtulit
3402 1918 3750 1986 sacrificium,

2169 2021 2238 2077 de
2266 2034 2366 2076 suo
2396 2019 2620 2075 contulit
2664 2016 2959 2087 praemium.
2996 2014 3229 2069 Duarum
3277 2026 3407 2083 ergo
3434 2020 3751 2067 naturarum

2166 2129 2353 2185 capax,
2387 2113 2547 2168 homo
2576 2108 2972 2166 infirmitatibus
3009 2106 3335 2177 agnoscitur,
3366 2106 3507 2161 Deus
3534 2104 3750 2159 virtuti-

2168 2207 2270 2262 bus
2298 2207 2641 2275 approbatur.
2690 2203 2838 2272 Piget
2873 2213 3178 2256 sermonem
3205 2207 3313 2253 tam
3335 2198 3638 2253 manifesta":
3670 2196 3748 2252 rei

2167 2302 2465 2357 assertione
2510 2298 2825 2369 producere.
2878 2295 3003 2351 Scio
3041 2296 3191 2364 quod
3217 2292 3332 2347 haec
3369 2292 3488 2361 ipsa
3516 2290 3747 2346 breviter

2169 2394 2501 2464 strictimque
2519 2398 2958 2456 commemorata,
2982 2397 3185 2443 temere
3206 2385 3482 2463 committo
3510 2383 3593 2438 vel
3615 2382 3747 2437 meis

2168 2483 2409 2553 epistolis
2432 2483 2516 2536 vel
2545 2481 2789 2537 sensibus
2817 2480 2940 2535 tuis.
2967 2478 3077 2534 Sed
3106 2476 3229 2531 dum
3261 2483 3312 2531 te
3352 2474 3421 2529 a’d
3444 2474 3737 2543 interregno

2169 2580 2328 2635 tionis
2378 2578 2747 2634 salubritatem
2797 2575 3025 2631 sollicita
3078 2573 3374 2628 humilitate
3430 2567 3743 2631 submittis,

2168 2672 2391 2727 multum
2440 2670 2572 2724 mihi
2609 2669 2677 2724 de
2720 2670 2921 2723 erroris
2967 2666 3123 2737 hujus
3170 2662 3410 2720 remedio
3451 2658 3740 2731 polliceris.

2170 2762 2402 2832 Revoca,
2422 2775 2625 2832 qua'so,
2642 2760 2710 2814 ab
2728 2758 2829 2815 hoc
2845 2758 3154 2814 discrimine
3170 2755 3356 2826 pedem
3373 2762 3548 2816 tuum,
3577 2750 3743 2820 prius-

2168 2870 2327 2925 quam
2372 2855 2423 2908 in
2470 2851 2792 2922 profundum
2838 2849 3195 2905 irrevocabile
3233 2846 3483 2903 elationis
3512 2852 3745 2899 torrente

2167 2947 2391 3017 rapiaris
2417 2956 2430 3001 ξ
2459 2954 2513 3001 et
2533 2954 2735 3001 rectum
2757 2944 2917 2999 animi
2944 2957 3159 2998 sensum
3176 2942 3265 3013 qui
3294 2939 3479 2995 multa:
3500 2937 3744 2995 elationis

2172 3040 2378 3111 pondus
2415 3054 2520 3094 non
2566 3038 2815 3103 sustinet,
2850 3051 2951 3092 nec
2976 3037 3123 3091 novit
3167 3034 3475 3089 thesaurum
3509 3028 3742 3085 scientiae

2174 3132 2512 3201 dispensare,
2544 3132 2712 3201 magis
2741 3130 2933 3184 laboris
2956 3130 3308 3198 occupatione
3340 3114 3560 3196 castiga.
3589 3124 3741 3178 Tent-

2175 3240 2301 3294 pcra
2341 3224 2747 3279 immoderatum
2791 3223 3133 3278 abstinentia:
3164 3222 3420 3291 rigorem,
3465 3220 3553 3289 qui
3578 3217 3731 3272 etiam

2175 3317 2336 3370 menti
2384 3323 2604 3384 generat
2640 3314 3031 3381 infirmitatem;
3077 3328 3235 3383 quem
3274 3321 3402 3382 pulo
3423 3310 3537 3364 inde
3566 3306 3729 3370 nasci,

2175 3405 2314 3461 unde
2349 3405 2615 3461 scribendi
2658 3404 3147 3475 prtesumptionem.
3190 3402 3491 3473 Regrcdere
3516 3399 3580 3454 ad
3602 3399 3738 3453 viam

2174 3498 2395 3567 regiam,
2440 3494 2699 3552 'nutricem
2726 3498 2975 3552 elationis
3006 3486 3191 3566 refuge
3221 3493 3664 3557 sollicitudinem;
3694 3500 3747 3547 et

2175 3593 2296 3661 quia
2329 3591 2577 3661 legimus:
2606 3591 2927 3645 Manducare
2946 3592 3047 3645 me!
3076 3590 3314 3655 multum,
3332 3606 3438 3643 non
3463 3597 3538 3643 est
3567 3589 3749 3642 borium

2176 3680 2356 3753 (Prov.
2384 3683 2511 3751 11,5)
2540 3683 2731 3752 (magis
2761 3684 2902 3736 enim
2931 3682 3081 3736 inflat
3105 3696 3289 3750 parum
3319 3679 3604 3736 fundatum
3633 3693 3753 3734 seu~

2174 3789 2291 3829 sum
2318 3772 2562 3841 scientia,
2582 3788 2741 3843 quam
2767 3772 3042 3843 aedificat),
3062 3773 3136 3827 ita
3164 3787 3293 3827 cave
3314 3770 3539 3827 nimiam
3569 3770 3755 3827 lectio-

2176 3882 2319 3935 nem,
2337 3877 2393 3922 ut
2415 3866 2562 3922 cordi
2580 3880 2768 3936 parum
2782 3867 2988 3935 capaci,
3009 3873 3261 3935 tanquam
3283 3865 3481 3934 sumpti
3498 3861 3754 3919 immode-

2176 3958 2339 4013 ratius
2359 3958 2469 4012 vini
2497 3957 2850 4025 periculosam
2863 3957 3081 4011 noveris
3104 3956 3446 4011 ebrietatem.
3471 3952 3755 4022 Nunquam

2175 4050 2587 4121 cogitationibus
2617 4052 2720 4103 tuis
2745 4049 2955 4114 credas,
2993 4048 3087 4103 sed
3116 4048 3284 4117 magis
3314 4046 3574 4102 imitanda
3611 4048 3758 4116 legas

2174 4159 2331 4213 quam
2350 4142 2574 4213 legenda
2587 4141 2929 4205 conscribas;
2954 4148 3008 4196 et
3035 4141 3092 4194 in
3109 4147 3291 4194 mente
3317 4146 3403 4193 tua
3423 4138 3670 4209 loquaris
3693 4137 3760 4191 ad

2175 4235 2478 4299 Dominum,
2496 4232 2560 4288 In
2574 4233 2727 4288 corde
2738 4249 2847 4287 meo
2859 4233 3100 4287 abscondi
3112 4233 3312 4300 eloquia
3330 4240 3439 4299 tua,
3458 4240 3517 4285 ut
3528 4247 3633 4285 non
3647 4248 3760 4303 pec-

2174 4341 2280 4380 cem
2309 4325 2397 4378 tibi
2424 4323 2595 4396 (Pral.
2624 4323 2799 4395 xvtu).
2852 4325 2915 4378 Et
2945 4324 2989 4378 si
3013 4323 3242 4378 evadere
3286 4322 3524 4391 pericula
3556 4338 3671 4377 non
3698 4322 3762 4378 de

2177 4416 2304 4471 foris
2334 4417 2652 4486 ingruentia,
2684 4416 2777 4471 sed
2814 4417 2955 4471 intus
2980 4425 3235 4486 concepta
3265 4415 3541 4470 desideras
3562 4456 3578 4480 ,
3628 4416 3764 4471 nihil

2176 4508 2270 4566 tibi
2302 4498 2483 4565 utilius
2528 4508 2665 4564 scias
2695 4523 2853 4579 quam
2890 4516 2947 4563 ut
2967 4509 3066 4564 sub
3092 4509 3196 4564 alio
3222 4522 3543 4578 quocunque
3567 4509 3765 4579 proba-

2177 4600 2382 4655 tissimo
2430 4599 2623 4655 abbate
2669 4600 2831 4655 vitam
2871 4608 3013 4657 tuam
3060 4601 3299 4671 munias,
3341 4615 3403 4656 ac
3450 4600 3765 4658 voluntates

2176 4700 2292 4747 tuas
2316 4692 2544 4751 senioris
2567 4692 2772 4764 legibus
2796 4693 2998 4748 tradas.
3028 4694 3096 4749 Et
3124 4702 3185 4749 ut
3209 4694 3503 4749 adversarii
3530 4696 3765 4752 insidias

2174 4786 2346 4853 possis
2375 4800 2649 4856 superare,
2678 4795 2733 4842 te
2761 4787 3132 4863 scripturulam
3174 4788 3345 4857 ipsam
3373 4787 3723 4844 retinendam
3742 4833 3758 4856 ,

2170 4876 2279 4932 imo
2303 4877 2737 4947 supprimendam
2768 4880 2944 4947 putavi
2971 4897 2983 4931 :
3010 4893 3078 4934 ne
3100 4879 3239 4934 ultra
3262 4879 3314 4935 in
3338 4878 3563 4935 alterius
3593 4880 3763 4935 alicu-

2166 4969 2252 5038 jus
2276 4969 2560 5035 catholici,
2591 4971 2680 5040 qui
2718 4979 2769 5026 te
2800 4970 2975 5026 minus
3002 4971 3268 5041 diligeret,
3299 4986 3518 5027 manum
3551 4982 3609 5028 et
3632 4988 3767 5029 con-

2169 5062 2447 5116 scientiam
2488 5063 2712 5118 veniret.
2756 5063 2831 5118 Ex
2880 5064 2983 5118 hoc
3009 5072 3187 5119 autem
3229 5064 3429 5134 poteris
3455 5080 3767 5135 agnnsccre

2170 5167 2296 5207 sana
2323 5168 2441 5208 esse
2462 5150 2658 5209 intima
2687 5154 2866 5211 cordis
2893 5154 2991 5223 tui,
3021 5155 3065 5209 si
3096 5155 3270 5211 adhuc
3322 5156 3475 5226 quasi
3504 5156 3651 5213 liber
3681 5146 3769 5216 inc

2170 5245 2432 5301 cultorem
2457 5254 2602 5302 tuum
2626 5247 2899 5303 humiliter
2919 5256 2973 5303 et
2994 5248 3295 5303 amabiliter
3316 5261 3765 5307 commonentcm

2169 5339 2395 5394 sollicite
2437 5351 2491 5395 et
2530 5340 2760 5397 libenter
2798 5341 3052 5396 audieris.
3094 5342 3232 5419 Ante
3274 5342 3767 5412 interrogationem

2171 5433 2383 5488 incauta
2405 5433 2667 5491 videbitur
2686 5434 2851 5491 fuisse
2875 5434 3172 5504 persuasio,
3200 5425 3319 5504 post
3342 5435 3767 5504 responsionem

2168 5530 2540 5585 inexcusabilis
2577 5528 2856 5600 apparebit
2906 5528 3151 5583 intentio.
3202 5528 3352 5595 Quod
3383 5528 3430 5583 si
3459 5528 3613 5584 inter
3648 5530 3769 5585 lucc

2165 5624 2361 5695 aliquid
2393 5624 2525 5679 mihi
2546 5665 2559 5689 ,
2607 5623 2695 5692 qui
2726 5622 2952 5677 austeris
2981 5622 3149 5691 magis
3191 5635 3348 5690 quam
3379 5619 3640 5676 dulcibus
3670 5638 3765 5677 sa.

2164 5720 2279 5780 nari
2326 5718 2555 5777 animam
2608 5725 2750 5775 tuam
2781 5716 2965 5778 cupio.
3004 5715 3295 5773 credideris
3338 5708 3763 5772 inmutandum.
