4090 6330
252 298 344 361 857

1683 297 2056 361 EPISTOLE.

3403 310 3511 380 858

252 384 514 473 memento
539 410 739 470 osculis
768 412 907 472 male
953 413 1279 473 blandientis
1314 414 1555 488 praeponi
1596 414 1818 474 vulnera
1844 420 1900 481 Α
1926 433 2029 482 nec
2051 427 2228 478 tamen
2257 424 2432 505 capite
2472 437 2569 483 suo
2602 425 2787 498 junior
2828 427 3125 497 invenitur;
3166 442 3230 487 ac
3273 430 3320 487 si
3366 433 3511 494 Deus

252 504 502 565 caritatis.
1366 550 1367 555 η

768 576 1102 636 EPISTOLA
1140 579 1232 636 VII
1259 590 1307 637 ⁸.

317 693 547 749 Domino
586 692 827 764 piissimo
865 702 923 752 et
956 695 1010 752 in
1060 694 1276 754 Christo
1318 711 1531 754 summo
1568 697 1701 754 mihi
1732 698 1828 756 ho-

251 802 379 844 nore
406 785 749 857 singulariter
770 788 1069 845 excolendo
1106 790 1325 847 Ruricio
1352 791 1464 848 ﬁlio
1491 792 1741 849 Faustus.

318 880 466 935 Licet
490 886 586 950 per
626 893 1001 951 quamcunque
1033 897 1319 953 personam
1363 884 1656 954 jucundum
1696 884 1828 941 mihi

249 973 315 1029 sit
357 987 476 1028 cum
517 971 794 1030 individuo
843 983 1063 1044 pectore
1107 976 1276 1046 ipsius
1316 976 1557 1032 caritatis
1606 978 1830 1034 vocibus

246 1056 510 1136 colloqui,
546 1073 603 1122 et
628 1066 814 1122 sedula
862 1082 959 1123 vos
1001 1067 1302 1124 ofﬁciorum
1346 1070 1637 1125 ambitione
1682 1084 1830 1126 com-

248 1156 439 1229 plecti;
462 1157 556 1214 sed
601 1174 743 1215 nunc
787 1167 989 1230 quanto
1028 1161 1407 1231 opportunius,
1438 1170 1589 1218 tanto
1620 1163 1829 1220 avidius

248 1253 434 1324 pignus
462 1252 628 1308 animi
672 1253 860 1320 vestri,
893 1252 1195 1309 ministerio
1241 1254 1523 1311 domestici
1552 1256 1829 1326 portitoris

246 1344 542 1415 assumpsi;
588 1344 642 1400 in
675 1343 829 1414 cujus
859 1346 1052 1401 merito
1098 1346 1276 1400 minus
1323 1347 1609 1417 assignavit
1642 1346 1831 1403 relatio

168 1480 171 1485 .
246 1452 404 1509 quam
448 1436 692 1507 probavit
714 1437 932 1508 agnitio.
966 1436 1034 1493 Et
1070 1448 1352 1508 propterea
1382 1438 1448 1494 ad
1479 1440 1708 1494 fructum
1740 1454 1831 1495 ve-

246 1539 414 1586 strum
435 1529 672 1586 crevisse
692 1528 989 1601 gratulatus
1007 1546 1149 1599 sum,
1174 1530 1316 1601 quod
1344 1532 1395 1585 in
1417 1546 1484 1587 eo
1504 1532 1610 1586 vita
1641 1530 1831 1586 melior

1932 526 2114 573 noster
2137 534 2236 573 nec
2270 522 2562 599 permixtus
2589 524 2641 578 in
2676 526 2921 595 personis
2947 526 3201 596 propriis,
3250 542 3347 583 nec
3375 528 3508 586 divi-

1930 623 2040 675 sus,
2069 625 2173 665 una
2204 612 2392 680 virtus,
2437 630 2535 670 nec
2571 625 2837 686 potestate
2874 618 3067 687 divisa,
3110 634 3209 677 nec
3243 629 3505 693 tempore.

1930 704 2081 761 Sicut
2122 707 2173 760 in
2228 706 2571 764 subsistentia
2606 712 2795 781 triplex
2825 720 2927 781 est,
2981 713 3102 784 quia
3147 714 3246 769 sibi
3284 716 3512 786 quisque

1930 797 2190 866 subsistit,
2210 801 2281 855 ita
2301 800 2351 854 iu
2374 801 2670 858 substantia
2694 805 2942 874 simplex,
2966 807 3089 871 quia
3108 804 3509 879 unusseipsum

1930 891 2237 961 praecedere
2280 894 2564 961 nesciens,
2611 909 2710 950 nec
2755 899 3105 966 posteriorem
3148 901 3370 972 recipit,
3412 916 3512 958 nec

1932 985 2185 1055 priorem.
2211 986 2336 1042 Inde
2365 997 2420 1043 et
2449 1002 2546 1042 nos
2576 988 2644 1043 de
2677 989 2777 1043 hac
2804 993 3111 1061 accepimus
3147 993 3508 1072 simplicitate,

1930 1080 1975 1136 si
2013 1082 2065 1135 in
2096 1082 2248 1137 nobis
2288 1083 2417 1138 nihil
2454 1085 2524 1139 sit
2569 1084 2869 1153 dissonum,
2920 1088 3052 1142 nihil
3106 1091 3335 1158 varium,
3377 1091 3512 1149 nihil

1930 1174 2221 1235 diversum,
2262 1176 2305 1229 si
2339 1190 2554 1244 semper
2584 1177 2723 1231 idem
2758 1191 2879 1234 esse
2918 1180 3283 1249 probabilibus
3322 1183 3513 1240 studiis

1931 1278 1985 1322 et
2015 1267 2244 1323 fundatis
2276 1269 2329 1324 in
2353 1270 2567 1324 Christo
2588 1272 2839 1327 sensibus
2868 1274 3158 1340 enitamur,
3184 1285 3241 1330 ut
3262 1276 3512 1333 immuta.
3538 1300 3539 1303 η

1934 1360 2067 1415 biles
2115 1360 2169 1414 in
2223 1360 2402 1428 bono,
2455 1360 2608 1417 novis
2666 1371 2869 1417 tantum
2920 1364 2972 1419 in
3010 1365 3152 1421 diem
3194 1367 3515 1436 profectibus

1933 1454 2292 1509 immutemur.

2005 1547 2079 1601 De
2117 1563 2181 1601 eo
2208 1555 2419 1610 autem,
2460 1551 2601 1619 quod
2635 1550 2852 1620 quidam
2886 1553 3284 1623 provocationis
3331 1526 3517 1613 amore

245 1622 606 1679 conditionem
659 1622 846 1694 primae
882 1622 1176 1678 nativitatis
1203 1623 1459 1688 abolevit,
1498 1631 1657 1694 atque
1686 1624 1739 1678 in
1765 1638 1832 1678 eo

1943 1638 2219 1706 consuluit,
2250 1640 2524 1695 salutifera
2556 1651 2608 1697 et
2652 1622 2895 1710 perfecta,
2929 1644 3206 1700 meditatio
3247 1654 3330 1701 est
3361 1661 3519 1702 curas

246 1729 455 1769 ιιπνυηὶ
478 1715 689 1785 εθηθτίε
713 1713 1064 1769 ωθηυῐηίεείο
1088 1714 1362 1786 τειίεῑοηίε
1389 1715 1666 1781 δι’διυΐδίιι
1691 1724 1745 1770 ει
1775 1715 1828 1770 in
1860 1803 1892 1806 _
1932 1730 2117 1797 animi,
2147 1732 2339 1801 partito
2359 1748 2453 1802 per
2474 1735 2656 1803 plures
2682 1746 2910 1791 terrenae
2926 1735 3185 1806 regimine
3210 1738 3311 1803 rei,
3340 1738 3501 1793 suble
3538 1762 3541 1771 ι

242 1810 590 1880 adoptionem
640 1806 837 1863 (ἶῑπίδιί
877 1822 1161 1902 Ρθτὲοηθιη
1207 1808 1460 1902 mancipii
1510 1808 1613 1863 “de
1639 1822 1826 1902 εἴπηθ’
1858 1803 1907 1865 Β
1933 1840 2060 1880 vare
2081 1834 2129 1880 et
2174 1836 2293 1895 post
2324 1828 2437 1882 hrrc
2477 1829 2669 1898 triplici
2702 1803 3091 1887 deliberatione
3132 1841 3359 1888 tractare
3391 1804 3520 1902 quid

244 1903 448 1973 cipavit
479 1910 535 1958 et
577 1900 932 1971 trauscripsit.
978 1900 1257 1967 Quomodo
1305 1912 1483 1957 autem
1529 1900 1670 1969 apud
1714 1900 1830 1970 ejus

233 1998 312 2056 vel
374 1993 513 2064 apud
560 1993 887 2065 reliquorum
937 1992 1159 2048 fratrum
1206 1993 1430 2048 lacteam
1472 1993 1829 2048 sinceritatem

250 2095 412 2158 agere
459 2087 805 2154 deberemus,
848 2086 1158 2142 latissimam
1209 2086 1449 2157 Apostoli
1497 2085 1749 2155 (Philem.
1789 2084 1831 2157 ι)

246 2180 724 2252 dispensationem,
757 2178 1005 2248 expedito
1035 2178 1335 2249 digessistis
1362 2178 1617 2248 alloquio,
1641 2189 1832 2234 etcum

247 2288 443 2330 eorum
472 2270 780 2328 doctissima
832 2270 1019 2340 pagina
1065 2270 1239 2324 minus
1270 2269 1461 2326 doctus
1487 2270 1696 2325 asserit.
1728 2270 1834 2325 Nos

249 2383 437 2423 tamen
490 2366 543 2421 in
568 2379 752 2421 eorum
793 2362 1049 2421 defecatis
1079 2365 1318 2420 moribus
1364 2363 1609 2418 admirati
1652 2377 1836 2418 sumus

250 2476 345 2531 per
376 2460 574 2515 donum
621 2456 1047 2512 mansuetudinis
1076 2464 1132 2512 et
1176 2455 1519 2522 humilitatis,
1552 2454 1836 2525 plenitudi—

249 2567 379 2607 nem
429 2550 691 2606 lectionis.
732 2547 911 2603 Vincit
952 2547 1094 2603 enim
1138 2546 1354 2618 largitas
1381 2546 1567 2616 gratia:
1597 2545 1836 2601 instituta

245 2643 534 2701 doctrinae.
564 2641 695 2701 Nam
719 2642 820 2698 etsi
846 2639 947 2696 sub
975 2639 1170 2709 exiguo
1211 2623 1452 2709 tempore
1482 2639 1620 2692 intra
1647 2651 1835 2693 eorum

249 2738 430 2797 lucida
462 2747 679 2809 pectora
707 2745 761 2793 et
800 2736 1077 2806 perspicua
1108 2734 1401 2805 penetralia
1444 2731 1744 2788 introduxit
1777 2745 1838 2787 se

249 2846 466 2888 morum
496 2829 724 2885 candida
755 2830 981 2899 puritas,
1013 2835 1069 2882 et
1097 2826 1352 2897 praeclara
1394 2823 1710 2893 simplicitas
1741 2837 1835 2893 per

247 2938 414 2994 quam
446 2922 644 2977 divina:
674 2919 921 2991 imaginis
936 2919 1210 2989 speculum
1234 2918 1287 2972 in
1309 2917 1579 2972 interioris
1602 2914 1833 2971 hominis

249 3017 435 3072 nitore
464 3015 759 3085 perfulget;
784 3013 999 3077 divinat,
1032 3011 1269 3081 inquam,
1304 3008 1571 3080 imaginis.
1601 3008 1677 3063 Ila
1696 3006 1839 3063 enim

250 3108 323 3163 de
359 3106 582 3161 Domino
617 3105 842 3175 legimus
873 3121 886 3158 :
916 3103 1107 3169 Purus,
1153 3101 1412 3171 simplex,
1460 3099 1687 3155 subtilis.
1734 3097 1839 3153 Sed

249 3199 426 3255 multo
453 3198 595 3253 aliud
621 3197 817 3253 indicat
844 3195 1021 3251 divina
1062 3194 1153 3282 illa
1195 3193 1531 3265 simplicitas.
1564 3191 1840 3262 Siquidetu
1866 3185 1914 3250 C

247 3291 308 3347 in
342 3290 497 3346 nobis
524 3290 716 3360 duplex
750 3289 911 3357 inest,
943 3289 995 3343 iu
1026 3288 1216 3359 spiritu
1254 3294 1310 3343 et
1343 3301 1503 3341 carne
1523 3283 1840 3341 substantia.

248 3384 368 3440 Nos
395 3382 535 3452 quod
566 3382 846 3448 habemus,
888 3380 1223 3450 accepimus;
1255 3377 1411 3433 nobis
1439 3376 1651 3433 diversa
1683 3376 1846 3431 virtu-

202 3540 205 3543 η
249 3485 374 3532 tum
387 3473 706 3529 charismata
730 3473 979 3543 adjuncta
999 3480 1141 3537 sunt;
1160 3484 1268 3526 non
1294 3470 1497 3526 innata.
1530 3469 1659 3525 Sine
1681 3467 1844 3524 dubio

248 3566 566 3637 apponitur,
597 3565 737 3634 quod
781 3562 977 3618 auferri
1027 3571 1207 3633 potest
1238 3580 1251 3615 :
1278 3571 1338 3616 ut
1377 3561 1502 3617 boni
1532 3560 1729 3625 simus,
1777 3559 1846 3616 de

252 3656 499 3714 auctoris
546 3670 731 3713 sumus
784 3654 1023 3711 bonitate
1065 3655 1311 3709 mutuati.
1364 3651 1455 3708 Ea:
1491 3653 1580 3708 illo
1629 3654 1845 3723 quidem

249 3750 509 3815 vivimus;
538 3748 632 3804 sed
655 3748 785 3817 vita,
818 3746 960 3804 sicut
977 3747 1067 3802 ille
1088 3756 1191 3813 est,
1216 3761 1321 3802 non
1342 3760 1546 3824 sumus.
1568 3745 1703 3801 Jusli
1727 3759 1848 3801 esse

250 3857 568 3916 possumus,
595 3842 800 3913 justitia
828 3856 949 3899 esse
979 3855 1084 3898 non
1130 3844 1445 3911 possumus;
1464 3839 1555 3895 Ille
1576 3838 1698 3895 ideo
1719 3839 1865 3897 sim-7

249 3941 410 4014 plex,
438 3940 561 4010 quia
606 3939 735 3995 nihil
779 3940 829 3996 ei
887 3955 954 3996 ex
999 3938 1275 3996 accedenti
1318 3937 1565 4009 largitate
1594 3937 1847 3993 collatum

249 4040 365 4091 est.
397 4032 496 4100 Qui
526 4049 591 4089 ex
623 4047 682 4089 se
719 4032 996 4111 subsistit,
1025 4033 1239 4089 aliunde
1269 4033 1399 4088 nihil
1428 4029 1676 4099 sumpsit.
1708 4030 1849 4099 Deus

252 4135 315 4184 et
368 4126 553 4183 vivens
584 4125 781 4197 pariter
824 4135 880 4182 et
905 4126 1047 4189 vita;
1080 4126 1252 4183 bonus
1280 4135 1335 4183 et
1369 4126 1612 4190 bonitas;
1642 4124 1849 4182 miseri-

254 4234 391 4275 cors
415 4229 471 4275 et
496 4219 897 4285 misericordia;
929 4218 983 4275 in
1008 4220 1263 4276 virtutum
1285 4235 1502 4275 suarum
1522 4219 1712 4291 gloria,
1747 4218 1850 4275 hoc

252 4323 348 4370 est
373 4314 510 4384 ipse,
548 4313 692 4384 quod
720 4312 958 4383 possidet
984 4313 1152 4370 verbo
1190 4323 1345 4370 tenus
1374 4313 1534 4369 homo
1560 4312 1849 4368 deauratus

251 4413 367 4462 est.
412 4404 554 4460 Deus
574 4420 764 4460 aurqu
802 4414 887 4461 est
918 4423 931 4458 :
959 4405 1180 4476 quodin
1214 4406 1429 4461 homine
1472 4405 1640 4476 gratia
1666 4413 1767 4470 est,
1793 4403 1847 4459 in

252 4496 378 4552 Deo
411 4505 596 4552 natura
621 4504 722 4553 est.
747 4497 814 4553 Et
834 4508 1143 4568 propterea,
1172 4498 1297 4569 quia
1334 4497 1467 4554 nihil
1497 4499 1545 4554 ei
1586 4499 1850 4553 extrinse-

1935 1918 2125 1973 melius
2168 1919 2237 1974 sit
2276 1920 2474 1988 locare,
2524 1922 2607 1976 vel
2645 1922 3039 1980 administrare.
3095 1923 3186 1979 vel
3220 1924 3523 1982 distrahere
3593 1965 3602 1975 .

1937 2010 2206 2079 propriam
2236 2012 2534 2080 portionem
3004 2034 3005 2037 ‘

2009 2101 2243 2157 Primum
2279 2118 2463 2159 revera
2502 2106 2699 2161 bonum
2739 2117 2915 2174 esset,
2957 2118 3015 2163 ut
3052 2109 3250 2164 Christi
3296 2110 3524 2166 famulus

1940 2194 2141 2250 Christi
2176 2198 2427 2266 pauperis
2476 2200 2590 2254 vias
2627 2215 2695 2254 ex
2725 2209 2838 2255 toto
2867 2215 3069 2271 pauper
3100 2202 3342 2258 studeret
3380 2203 3525 2259 ince-

1938 2289 2087 2355 dere,
2131 2289 2174 2343 si
2224 2289 2516 2359 perfectam
2547 2292 2724 2361 magni
2765 2292 2991 2362 alicujus
3032 2293 3344 2349 monasterii
3369 2293 3529 2351 scho~

1939 2380 2067 2448 lam,
2093 2381 2174 2435 vel
2198 2389 2347 2437 certe
2376 2383 2606 2437 insulam
2635 2386 2896 2454 angelica:
2920 2387 3356 2455 congregationis
3380 2387 3529 2442 mili-

1942 2473 2069 2528 tiam
2106 2473 2291 2529 liceret
2312 2483 2583 2545 expetere.
2629 2475 2761 2530 Nam
2795 2476 2849 2531 in
2879 2477 3056 2532 medio
3099 2478 3281 2533 saaculi
3319 2479 3529 2535 institu-

1943 2566 2146 2621 tionem
2192 2568 2522 2623 eremiticam
2565 2568 2824 2639 proﬁteri,
2872 2578 3069 2639 quanta
3100 2569 3532 2641 magnanimitas,

1941 2665 2088 2711 tanta
2118 2665 2201 2711 est
2232 2657 2538 2713 diflicultas.

2013 2748 2136 2802 Suis
2164 2747 2296 2819 [Al.,
2328 2748 2484 2818 senis]
2512 2764 2644 2806 vero
2669 2751 2813 2806 vitiis
2856 2765 2970 2805 suae
2999 2750 3209 2821 pondus
3231 2751 3533 2822 imponere,

1943 2840 2236 2897 secundum
2277 2856 2376 2911 pro
2405 2842 2598 2896 anima:
2628 2843 2962 2899 revelatione
2992 2844 3390 2914 compendium.
3423 2844 3533 2901 Sed

1946 2934 2348 3003 pervidendum,
2382 2936 2427 2990 si
2454 2936 2647 3005 aliquis
2679 2936 2907 2992 ﬁliorum
2935 2947 3042 2992 tam
3064 2938 3233 2992 arduo
3258 2936 3534 2994 sufﬁciens

1943 3037 2064 3080 esse
2094 3025 2265 3095 possit
2294 3024 2577 3096 obsequio.
2610 3025 2638 3065 ι’
2674 3026 2750 3081 Νε
2793 3026 2930 3082 forte
2971 3032 3189 3095 paterna
3228 3027 3346 3097 ejus
3388 3025 3535 3084 sonis

1946 3116 2052 3190 [Al,
2085 3116 2238 3189 senis]
2268 3119 2556 3173 auctoritas
2588 3121 2640 3172 in
2669 3129 2994 3188 patrem.....
3045 3119 3321 3190 Optimum
3359 3127 3444 3174 est
3480 3118 3535 3175 in

1946 3207 2183 3263 secundo
2223 3208 2389 3279 gradu
2420 3209 2521 3265 sub
2564 3210 2725 3265 no'xio
2772 3211 3048 3267 beneﬁciis
3096 3210 3535 3267 administratore

1947 3300 2265 3365 consistere,
2301 3301 2345 3355 si
2369 3301 2453 3355 vel
2484 3303 2731 3357 voluntas
2761 3310 3032 3373 suppetat,
3071 3303 3159 3359 vel
3190 3303 3413 3359 facultas
3439 3317 3537 3360 ue-

1948 3392 2255 3448 cessitatem
2284 3407 2475 3448 annuae
2505 3394 2781 3464 pensionis
2807 3394 3133 3464 impleverit.

2016 3483 2259 3539 Tertium
2291 3495 2372 3539 est
2397 3498 2492 3553 per
2515 3486 2748 3541 ﬁdelium
2780 3486 3101 3541 famulorum
3129 3486 3298 3543 electa
3322 3486 3535 3555 solatia,

1948 3574 2213 3645 impositae
2247 3576 2639 3644 procurationis
2674 3577 2889 3642 ofﬁciis,
2928 3578 3030 3632 sub
3070 3577 3285 3647 propria
3326 3592 3389 3631 ac
3431 3574 3537 3630 mi-

1949 3679 2081 3721 noro
2112 3664 2477 3721 sollicitudine
2520 3666 2876 3735 quantitatem
2919 3675 3207 3722 reservata:
3239 3666 3538 3737 gubernare

1950 3760 2287 3825 substantiae,
2320 3771 2374 3816 et
2402 3777 2522 3816 eum
2566 3774 2662 3831 per
2687 3761 2827 3816 viam
2859 3761 3057 3831 regiam
3103 3770 3211 3816 tota
3250 3760 3539 3817 mediocri-

1951 3861 2059 3910 tate
2088 3854 2339 3926 dirigere.
2370 3855 2523 3923 Quod
2550 3870 2671 3910 cum
2701 3856 2926 3922 suadeo,
2953 3855 3143 3912 videor
3174 3857 3261 3912 vel
3299 3865 3537 3912 nostram

1951 3947 2270 4015 utilitatem,
2324 3948 2409 4002 vel
2454 3961 2750 4018 pauperum
2802 3949 3058 4016 rogitare.
3111 3948 3166 4001 In
3206 3963 3313 4019 quo
3348 3948 3539 4005 ordine

1953 4052 2058 4093 non
2106 4053 2290 4109 parum
2335 4046 2421 4093 est
2466 4038 2619 4105 lucri,
2660 4040 2705 4093 si
2749 4036 3023 4094 reservato
3064 4053 3191 4104 usu,
3241 4040 3539 4109 proprietas

1952 4127 2303 4184 distrahatur.
2340 4130 2521 4200 Itaque
2547 4129 2783 4185 breviter
2804 4129 3099 4185 indicantes
3133 4130 3258 4201 quid
3281 4132 3534 4201 primum,

1951 4219 2076 4291 quid
2104 4220 2423 4287 secundum,
2457 4220 2654 4291 quidve
2681 4221 2753 4275 sit
2781 4222 3016 4287 tertium,
3048 4222 3368 4277 electionem
3391 4221 3539 4292 judi-

1951 4313 2038 4369 cio
2072 4313 2158 4369 vel
2202 4313 2537 4383 possibilitati
2570 4315 2965 4370 reservavimus
3004 4314 3357 4369 consulentis.
3398 4313 3540 4380 Quid
3623 4386 3643 4397 _

1952 4408 2120 4478 magis
2147 4417 2419 4478 competat
2449 4408 2596 4479 quod
2635 4410 2936 4480 promptius
2979 4409 3149 4477 possit
3182 4407 3417 4478 impleri,
3450 4407 3541 4464 ille

1953 4502 2229 4557 insinuare
2257 4501 2530 4571 dignetur,
2554 4515 2653 4571 pro
2673 4503 2823 4572 cujus
2848 4503 3043 4556 timore
3062 4509 3118 4555 et
3137 4515 3319 4555 amore
3347 4514 3541 4555 ceraso-

250 4605 356 4646 cus
384 4590 644 4661 accessit,
694 4590 825 4646 nihil
861 4591 910 4647 ei
951 4590 1161 4647 detrahi
1196 4568 1406 4660 potest.
1458 4592 1847 4649 Detrimentum
1873 4568 1927 4630 Ῑ)
1953 4593 2085 4649 latio
2111 4594 2224 4662 ipsa
2275 4568 2570 4648 tractatur;
2587 4568 2847 4648 Dominus
2888 4592 3029 4647 Deus
3064 4601 3247 4647 noster
3280 4591 3541 4647 beneﬁcia

253 4697 371 4738 non
404 4682 613 4752 recipit,
641 4681 765 4753 quia
789 4682 962 4739 nescit
990 4692 1356 4754 augmentum.
1395 4684 1513 4753 Ipse
1536 4694 1591 4740 et
1616 4685 1716 4740 sibi
1747 4700 1848 4739 au-

251 4781 380 4830 ctor
403 4781 458 4828 et
478 4771 635 4839 Filio,
668 4774 790 4844 quia
809 4789 914 4830 una
940 4775 1091 4845 origo
1111 4784 1196 4831 est
1219 4783 1275 4829 et
1301 4773 1485 4841 fontis,
1509 4783 1564 4830 et
1590 4775 1845 4844 fluminis.

167 4894 175 4898 -
253 4864 339 4922 Ex
368 4864 479 4931 his,
510 4879 630 4935 qua:
669 4866 874 4936 absque
921 4864 1075 4921 initio
1124 4865 1344 4934 habent,
1392 4866 1699 4922 communio
1739 4874 1844 4935 est,

254 4956 559 5015 transfusio
583 4946 697 5014 non
726 4965 829 5014 est.

332 5051 412 5108 Et
434 5049 557 5121 quia
595 5050 663 5106 de
704 5049 843 5106 Filio
886 5049 1147 5121 legimus:
1192 5049 1433 5122 splendor
1477 5059 1552 5106 est
1598 5050 1846 5106 claritatis

257 5142 401 5212 Dei;
430 5143 568 5199 sicut
594 5157 866 5214 nunquam
892 5143 1035 5199 Deus
1072 5144 1189 5200 sine
1229 5142 1535 5215 splendore,
1572 5143 1647 5200 ita
1689 5144 1849 5201 Pater

258 5248 543 5305 nunquam
575 5232 673 5289 fuit
700 5235 819 5290 sine
847 5232 969 5290 Filii
994 5234 1290 5305 majestate.
1322 5234 1390 5290 Et
1409 5235 1547 5292 sicut
1572 5236 1848 5308 utriusque

258 5340 506 5396 rqumva
554 5335 679 5381 sunt
726 5326 946 5381 nomina
998 5327 1125 5396 (nisi
1183 5328 1325 5383 enim
1368 5327 1468 5383 iste
1513 5339 1844 5398 nasceretur,
1873 5315 1892 5343 ⁸

257 5419 430 5475 Pater
452 5418 542 5474 ille
584 5432 690 5474 non
736 5417 1051 5488 diceretur),
1097 5418 1169 5476 ita
1218 5434 1314 5475 eos
1359 5421 1476 5477 sine
1509 5423 1849 5492 separatione

257 5510 503 5565 cutieitat
523 5509 677 5565 unius
701 5509 1036 5580 paternitatis
1062 5510 1385 5581 antiquitas;
1416 5528 1482 5568 ex
1503 5512 1594 5570 illo
1622 5524 1726 5582 est,
1751 5518 1845 5572 sed

234 5605 537 5700 ιμιδιενίοιυ
561 5605 653 5661 illo
677 5619 782 5661 non
811 5612 892 5661 est
918 5623 927 5656 :
949 5605 1090 5661 sicut
1109 5605 1274 5661 facies
1298 5606 1365 5661 de
1386 5608 1561 5677 capite
1587 5610 1841 5681 nascitur,

333 5732 360 5757 ιι
400 5717 525 5775 Haec
552 5719 772 5789 epistola
804 5719 942 5788 apud
972 5718 1240 5774 Canisium
1270 5729 1483 5777 notatur
1510 5721 1570 5777 V.

332 5790 359 5828 ι’
411 5790 583 5847 Lucus
610 5790 850 5848 vitiosus.

1951 4685 2004 4739 in
2034 4683 2189 4738 nobis
2215 4697 2311 4738 sua
2344 4683 2485 4738 felici
2508 4697 2572 4738 ac
2598 4683 2793 4753 placita
2826 4681 3164 4752 longaevitate
3192 4680 3537 4752 multiplicet,

1950 4778 2166 4834 domine
2196 4778 2435 4849 piissime
2476 4788 2531 4834 et
2575 4780 2629 4834 in
2674 4778 2893 4841 Christo
2921 4793 3134 4835 summo
3161 4778 3290 4835 mihi
3330 4778 3539 4835 honore

1951 4872 2301 4943 singulariter
2327 4873 2624 4930 excolende
2655 4874 2751 4929 ﬁli.
2958 4884 2961 4887 ‘
3540 4884 3545 4891 '

2471 4966 2807 5024 EPISTULA
2844 4969 2955 5025 VIII
2989 4970 3051 5026 εἰ

2027 5059 2255 5115 Domino
2299 5060 2706 5119 deviuetissimo
2745 5072 2800 5120 et
2830 5072 2938 5120 tota
2972 5063 3183 5135 pietatis
3210 5064 3408 5121 virtute
3437 5066 3541 5123 sin-

1954 5150 2211 5221 gulariter
2235 5153 2532 5210 excolendo
2562 5154 2709 5210 fratri
2738 5153 2959 5210 Ruricio
2988 5154 3257 5224 Faustus.,

2027 5246 2264 5316 Propitia
2309 5247 2591 5305 divinitate
2627 5249 2689 5303 in
2724 5257 2934 5304 secreto
2984 5248 3258 5318 religionis
3306 5263 3543 5319 congruo

1957 5351 2011 5397 et
2041 5342 2481 5412 tranquillissime
2523 5342 2577 5397 in
2622 5342 2836 5397 silentio
2874 5340 3173 5409 constituti,
3212 5341 3266 5397 iu
3297 5356 3405 5411 quo
3434 5342 3538 5397 Do-

1958 5432 2137 5488 minus
2187 5434 2254 5489 ad
2302 5434 2600 5505 rubiginem
2649 5436 2806 5504 longa
2862 5432 3150 5489 securitate
3203 5440 3535 5490 contractam

1944 5511 2249 5582 salutifera:
2278 5528 2404 5582 lima
2436 5525 2800 5597 castigationis
2829 5525 3128 5581 admonuit.
3179 5524 3237 5581 ln
3284 5525 3404 5592 hac,
3451 5526 3536 5581 in-

1956 5635 2139 5689 quam,
2168 5622 2259 5691 qui
2288 5631 2339 5677 et
2372 5636 2583 5691 magna,
2629 5621 2673 5677 si
2704 5634 3080 5692 agnoscamus,
3122 5620 3403 5678 vacatione
3435 5619 3533 5677 do-

2035 5742 2055 5769 π
2097 5731 2219 5787 llaec
2249 5732 2473 5803 epistola
2502 5730 2641 5804 apud
2671 5731 2940 5791 Canisittm
2964 5722 3181 5792 notatur
3207 5730 3277 5791 VI
