4090 6330
574 291 681 355 359
1815 286 1868 341 S.
1912 284 2158 343 FAUS’I‘I
2198 284 2605 344 RHEGIENSIS
3721 298 3822 361 860

574 418 706 485 nati,
733 416 857 473 dum
888 425 1059 470 novos
1084 410 1228 466 cives
1252 406 1578 462 commercio
1626 404 1866 461 caritatis
1914 403 2146 474 acquiri-
2171 406 2226 464 Α
2250 403 2339 459 ubi
2364 404 2450 460 ille
2479 404 2791 474 magniﬁcus
2810 406 3064 477 Helcana,
3097 410 3188 482 qui
3233 412 3505 482 possessio
3533 413 3633 470 Dei
3658 415 3819 473 inter-

576 527 715 579 mus,
748 511 872 565 dum
916 508 983 562 de
1020 504 1401 575 acquisitorum
1446 500 1615 556 salute
1641 499 1976 586 gaudemus,
2010 498 2149 553 inter

575 603 689 658 htcc
731 598 885 671 positi
926 598 1097 664 bona,
1147 594 1399 665 praesenti
1446 593 1767 649 insultamus
1813 591 2034 658 exsilio,
2095 600 2149 646 et

572 701 777 764 patrem
824 704 923 746 nos
965 705 1069 744 non
1097 685 1377 754 amisisse,
1410 686 1506 741 sed
1544 693 1906 741 commutasse
1949 696 2147 753 cogno-

571 788 788 842 scimus.
820 784 951 840 Nam
980 782 1108 839 dum
1130 781 1315 841 ﬁdeles
1338 779 1524 836 famuli
1546 780 1640 834 Dei
1662 780 1716 833 in
1738 776 2147 834 necessitatibus

571 880 768 936 nostris
793 876 1084 933 bonitatem
1112 889 1226 932 suae
1254 874 1560 931 devotionis
1582 881 1858 941 exercent,
1884 872 2002 928 sine
2020 872 2147 928 sede

571 971 785 1042 propria
818 982 1185 1053 possessores,
1208 967 1325 1023 sine
1353 966 1692 1037 possessione
1720 965 1914 1020 divites
1938 977 2142 1020 sumus.

571 1063 682 1118 lmo
703 1076 797 1118 eos
817 1061 907 1133 qui
931 1060 999 1117 de
1020 1069 1199 1115 nostra
1224 1059 1455 1115 fructum
1475 1057 2140 1129 aecipiuntconsolatione,
2172 1136 2177 1137 γ

568 1155 835 1223 ditamus;
881 1155 1019 1211 miro
1049 1154 1211 1209 modo
1238 1153 1607 1210 consolatores
1632 1154 1797 1207 nostri
1830 1151 1899 1206 de
1924 1166 2149 1222 pauper-

569 1250 705 1306 culis
728 1250 1089 1321 negotiantur,
1118 1257 1175 1304 et
1203 1247 1269 1302 de
1296 1248 1478 1317 egenis
1507 1248 1651 1302 lucra
1676 1255 1933 1316 perpetua
1953 1260 2146 1303 conse-

569 1358 823 1420 quuntur.
870 1347 981 1418 Ego
1026 1355 1200 1401 autem
1243 1344 1382 1401 hanc
1429 1344 1654 1414 primam
1702 1345 2141 1412 muniﬁcentiam,

570 1440 800 1496 Domino
847 1439 1134 1510 largiente,
1182 1436 1438 1507 percepi,
1488 1436 1628 1506 quod
1673 1436 1944 1505 piissimus
1993 1450 2145 1491 mens

571 1534 825 1591 Ruricius
847 1542 965 1604 post
993 1533 1117 1588 vitae
1148 1530 1305 1601 hujus
1330 1530 1650 1600 iactationes
1677 1529 1745 1584 ad
1776 1538 1987 1599 portum
2018 1529 2145 1584 reli-

570 1626 763 1700 gionis,
822 1640 1036 1696 proram
1073 1606 1284 1688 salutis,
1328 1622 1541 1679 Excelsi
1587 1636 1748 1677 manu
1791 1621 2138 1690 gubernante,

571 1723 856 1799 cqnvertit,
887 1720 1028 1792 quod
1057 1729 1178 1790 post
1202 1719 1418 1773 umbras
1449 1715 1817 1772 seducentium
1849 1715 2140 1769 vanitatem

2252 505 2507 566 pretatur,
2538 499 2620 552 vir
2650 514 2784 554 unus
2811 502 3034 572 mystico
3058 513 3395 574 nuncupatur
3414 506 3651 576 eloquio.
3676 506 3817 577 Erat,

2233 584 2439 661 inquit,
2470 590 2544 644 vir
2574 607 2725 656 unus,
2755 592 2857 647 hoc
2882 601 2982 660 est,
3014 609 3229 665 semper
3251 597 3415 652 idem.
3447 598 3584 665 Quia
3615 600 3742 655 nihil
3768 602 3818 657 in

2248 694 2314 737 eo
2333 681 2627 752 apparebat
2666 684 2912 752 dubium,
2961 686 3098 742 nihil
3149 688 3367 759 duplex,
3419 690 3547 746 nihil
3598 693 3818 765 varium,

2248 773 2379 830 nihil
2404 775 2695 846 diversum,
2735 779 2831 833 sed
2873 795 2995 834 cum
3040 781 3090 835 in
3142 791 3286 837 statu
3331 784 3589 840 virtutum
3635 784 3819 843 incon-

2248 882 2408 924 cusso
2430 870 2617 925 ordine
2645 884 3073 943 permanentem,
3097 877 3402 932 accedentia
3426 868 3818 955 in’contrarium

2248 974 2356 1015 non
2393 964 2844 1031 commovebant;
2904 967 3173 1022 mutabilia
3215 979 3453 1038 tempora
3499 986 3606 1027 non
3648 983 3819 1031 muta-

2248 1052 2408 1119 bant;
2450 1069 2551 1145 ειεο
2591 1071 2737 1123 eum,
2774 1066 2833 1113 ut
2861 1060 3066 1129 magnis
3094 1061 3381 1118 virtutibus
3418 1065 3585 1120 moris
3630 1074 3736 1132 est,
3770 1068 3821 1125 in

2246 1146 2479 1203 alternas
2501 1160 2679 1219 partes
2717 1152 2854 1208 levia
2885 1165 3166 1235 ventorum
3199 1156 3363 1212 ﬂabra
3397 1159 3711 1215 versabant.
3749 1162 3820 1217 ita

2246 1248 2302 1296 et
2320 1241 2581 1297 sollicitus
2614 1243 2703 1299 Dei
2733 1245 2961 1301 famulus
2997 1256 3145 1303 vasta
3185 1249 3329 1304 mole
3374 1250 3495 1306 ﬁdei
3544 1251 3813 1322 fundatus,

2248 1333 2299 1386 in
2324 1332 2426 1387 hee
2456 1342 2680 1402 tantum,
2710 1336 2925 1392 Christo
2956 1339 3008 1392 in
3056 1354 3116 1394 se
3153 1350 3431 1411 operante,
3474 1353 3737 1413 mutatur,
3766 1355 3819 1402 ut

2246 1425 2398 1479 novis
2427 1440 2640 1495 semper
2658 1430 2842 1497 gratiis
2866 1430 3137 1489 induatur.
3175 1433 3229 1487 In
3257 1448 3388 1501 agro
3416 1438 3657 1503 pectoris
3679 1439 3821 1508 plan-

2247 1523 2427 1572 tentur
2455 1518 2636 1586 utilia;
2669 1522 2823 1576 noxia
2863 1523 3225 1580 succidantur.
3280 1526 3347 1581 Et
3390 1528 3513 1597 quia
3562 1529 3816 1588 militibus

2244 1612 2356 1667 suis
2382 1615 2636 1683 praecepit
2659 1630 2837 1670 sermo
2866 1617 3098 1674 divinus.
3130 1618 3278 1685 Cum,
3313 1620 3506 1689 inquit,
3539 1624 3613 1675 ad
3638 1625 3817 1678 betlunt

2245 1706 2548 1775 processeris
2566 1748 2580 1775 ,
2610 1716 2658 1761 et
2679 1709 2811 1762 inter
2839 1710 3064 1781 reliquas
3090 1713 3289 1780 pradas
3317 1714 3521 1784 petieris
3553 1716 3814 1787 virginem,

570 1794 927 1872 et-illusiones
956 1810 1396 1867 transvolantium
1425 1809 1777 1878 somniorum,
1809 1822 2057 1862 mansura
2082 1816 2136 1862 et
2164 1794 2215 1854 B
2238 1797 2497 1853 abscindes
2518 1816 2709 1872 ungues
2738 1811 2785 1856 et
2826 1804 2986 1858 crines
3010 1808 3139 1876 ejus,
3171 1815 3218 1859 et
3240 1807 3311 1861 ita
3335 1824 3447 1861 eam
3470 1808 3561 1861 tibi
3582 1812 3817 1881 conjugio

516 1954 519 1957 .
569 1906 740 1963 solida
763 1903 1089 1973 concupivit,
1111 1913 1164 1960 et
1184 1901 1439 1971 despecto
1462 1900 1673 1955 tandem
1696 1899 1897 1954 smculo
1923 1898 2138 1964 infelici,

568 2009 738 2055 artem
766 1996 881 2067 eius
909 2010 1153 2066 magnam
1178 1994 1373 2063 rapuit,
1404 1993 1714 2048 felicitatem
1739 1999 1792 2046 ct
1826 1991 2033 2045 lucrum
2060 1990 2139 2044 sui

569 2091 636 2147 de
654 2088 855 2145 mundo
883 2094 1140 2158 pereunte
1165 2084 1466 2155 acquisivit,
1497 2093 1613 2139 arte
1644 2082 1806 2146 ﬁdeli,
1843 2091 2001 2151 atque
2027 2081 2141 2136 col-

568 2183 859 2241 labentium
886 2195 1067 2238 rerum
1095 2178 1215 2249 fuga
1247 2178 1580 2249 praeteriens,
1611 2191 1712 2246 qua
1743 2190 1872 2245 opes
1901 2183 2144 2231 contem-

570 2285 665 2347 ptu
694 2291 792 2332 suo
830 2274 1095 2343 contulit,
1128 2287 1246 2342 quin
1285 2271 1398 2341 iam
1443 2282 1542 2324 usu
1586 2283 1684 2324 suo
1726 2268 1974 2323 conferre
2012 2268 2143 2323 nihil

568 2376 835 2441 poterant.
865 2366 1012 2423 Unde
1040 2372 1242 2436 quanta
1272 2361 1474 2418 dudum
1497 2360 1774 2416 alacritate
1799 2358 2143 2415 satcnlaribus

569 2460 757 2518 studiis
786 2459 1156 2525 militavimus,
1210 2462 1357 2512 tanta
1408 2469 1550 2510 nunc
1597 2452 1885 2507 devotione
1916 2451 2145 2506 Domino

569 2555 885 2613 serviamus.
916 2552 983 2608 Et
1026 2552 1150 2622 quia
1197 2564 1285 2605 me
1331 2547 1597 2605 austerius
1643 2547 1787 2616 loqui
1836 2560 2016 2601 secum
2048 2560 2143 2615 pro

569 2638 913 2720 peccatorum
951 2644 1248 2708 curatione,
1292 2642 1463 2711 pietas
1504 2647 1682 2697 vestra
1710 2638 2063 2708 constringit;
2090 2645 2147 2694 et

569 2742 712 2797 illius
745 2738 1030 2795 sententiae
1058 2751 1166 2791 non
1206 2735 1463 2790 observat
1501 2733 1781 2797 invidiam,
1810 2746 1929 2801 qum
1971 2730 2098 2786 dicit
2127 2748 2139 2783 :

569 2832 747 2888 Justus
771 2832 825 2885 in
855 2829 1111 2901 principio
1136 2828 1219 2882 sui
1247 2836 1319 2881 est
1340 2833 1609 2881 accusator
1637 2823 1819 2895 (Prov.
1851 2838 1998 2890 xvm,
2030 2822 2141 2892 17).

571 2926 835 2997 Imprimis
863 2939 991 2995 ergo
1037 2926 1216 2992 lapsus
1260 2923 1371 2976 oris
1413 2920 1701 2987 cordisque
1744 2920 1990 2973 vitemus.
2038 2916 2144 2971 Sed

570 3020 709 3092 quod
740 3019 843 3075 oris
874 3016 1141 3085 diximus,
1181 3015 1226 3069 si
1253 3013 1404 3069 cordi
1435 3011 1702 3068 studueris
1750 3009 2006 3065 adhibere
2044 3024 2143 3065 cu-

569 3113 819 3181 stodiam,
868 3112 951 3166 ori
991 3123 1099 3164 non
1144 3106 1412 3162 Iaborabis
1466 3106 1744 3175 imponere
1785 3103 2138 3171 disciplinam.

2246 1892 2506 1957 copulabt's
2532 1890 2709 1964 (Deut.
2746 1909 2863 1965 xxi,
2888 1894 2979 1967 ω)
3003 1912 3017 1960 ;
3044 1896 3115 1951 ita
3146 1912 3243 1952 nos
3271 1898 3340 1954 ad
3371 1910 3635 1968 sanctam,
3665 1899 3809 1955 Chri-

2245 1986 2314 2039 sti
2348 1986 2538 2040 timore
2566 1988 2863 2055 prmcincti,
2897 1990 3234 2058 prudentiam
3277 1992 3487 2063 saeculi,
3533 2005 3655 2062 quae
3703 1994 3818 2047 sim-

2247 2076 2394 2145 plex,
2428 2077 2754 2148 incorrupta,
2785 2081 3015 2146 sincera,
3050 2095 3080 2134 a
3113 2082 3224 2137 Deo
3255 2081 3395 2138 facta
3423 2092 3528 2149 est,
3556 2084 3814 2154 captivam

2248 2170 2477 2239 Spiritali
2514 2170 2792 2238 sapientia:
2836 2172 3244 2242 subjungamus,
3279 2190 3342 2229 ac
3382 2175 3652 2245 superﬂua
3692 2177 3814 2245 ejus,

2244 2263 2533 2333 amputatis
2562 2264 2725 2328 vitiis,
2750 2265 3152 2337 abscindamus,
3194 2275 3250 2324 et
3275 2276 3495 2339 pectore
3522 2276 3673 2323 casta
3697 2283 3811 2323 con-

2242 2355 2518 2425 iunctione
2538 2358 2823 2414 sociemus.

2317 2451 2454 2505 Ante
2490 2450 2668 2505 omnia
2706 2452 2763 2506 in
2801 2462 3077 2522 quantum,
3123 2454 3411 2525 adiuvante
3452 2456 3597 2522 Deo,
3641 2471 3813 2526 possu-

2245 2555 2384 2608 mus,
2433 2542 2555 2598 illas
2593 2544 2644 2597 in
2682 2545 2836 2600 nobis
2863 2545 3140 2603 debellare
3164 2561 3414 2602 curemus
3436 2538 3677 2618 quinque
3704 2563 3813 2604 sen-

2246 2650 2401 2691 suum
2447 2637 2743 2707 passiones.
2785 2637 3052 2708 Quidquid
3093 2640 3235 2693 enim
3296 2639 3623 2708 puichrescit
3666 2641 3809 2707 visu,

2246 2727 2501 2797 quidquid
2550 2728 2824 2784 blanditur
2868 2728 3126 2797 odoratu,
3180 2731 3438 2803 quidquid
3492 2734 3812 2788 lenocinatur

2247 2830 2470 2890 attactu,
2490 2823 2746 2895 quidquid
2770 2823 3224 2895 dulcescitgustu,
3245 2825 3502 2896 quidquid
3523 2826 3805 2895 corrumpit

2245 2914 2449 2981 auditu,
2497 2916 2611 2971 haec
2639 2918 2840 2982 omnia,
2887 2918 2932 2973 si
2981 2917 3067 2973 his
3114 2918 3417 2983 abutamur,
3474 2919 3810 2973 intentionem

2246 3008 2441 3065 mentis
2472 3009 2540 3064 de
2572 3009 2901 3079 spiritalibus
2933 3010 2999 3064 ad
3033 3019 3241 3067 terrena
3269 3011 3577 3067 devolvent.
3611 3012 3673 3067 Et
3699 3012 3810 3066 ideo

2247 3100 2386 3154 sicut
2407 3110 2559 3171 pater
2586 3102 2709 3157 ﬁdei
2745 3101 2897 3173 (Gen.
2930 3119 3037 3172 xlv,
3067 3105 3157 3173 H)
3185 3106 3417 3175 quinque
3444 3105 3565 3161 illos
3590 3104 3807 3175 regesin

570 3204 697 3259 Sine
721 3200 1031 3257 difﬁcultate
1062 3198 1250 3252 ostium
1293 3196 1690 3251 circumstantia:
1737 3210 2010 3265 Opponcre
2042 3210 2140 3265 po-
2172 3181 2218 3247 C
2253 3194 2506 3249 trecentis
2545 3193 2731 3251 decem
2781 3203 2835 3251 et
2882 3205 3041 3266 octo,
3088 3199 3345 3268 mysterio
3376 3199 3571 3254 in.......
3620 3197 3807 3254 latente

571 3295 693 3351 terit
720 3292 865 3347 labiis
893 3291 999 3347 suis
1028 3289 1150 3359 (Ps.
1183 3305 1304 3355 ch,
1334 3289 1413 3357 '5).
1446 3288 1576 3344 illud
1602 3288 1863 3357 siquidem
1895 3303 2027 3344 voce
2051 3288 2145 3343 de-

573 3374 851 3460 promitur,
883 3385 1025 3456 quod
1056 3386 1202 3455 prius
1243 3385 1296 3439 in
1329 3383 1541 3439 ofﬁcina
1574 3383 1923 3437 conscientiae
1967 3382 2146 3436 defor-

572 3489 766 3537 matur.
820 3479 932 3533 Hoe
976 3478 1211 3533 exterior
1253 3476 1449 3541 reddit,
1503 3474 1644 3544 quod
1691 3474 1857 3528 dictat
1902 3473 2142 3530 interior.

570 3573 718 3629 Mens
747 3578 962 3627 exercet
1003 3571 1325 3639 imperium;
1359 3568 1543 3637 lingua
1570 3566 1905 3621 famulatum.
1931 3566 1999 3620 Et
2026 3582 2146 3637 pro-

572 3675 753 3738 pterea
782 3664 1092 3722 ctelestibus
1112 3664 1403 3719 edocemur
1423 3661 1706 3731 colloquiis
1730 3678 1742 3714 :
1779 3660 1859 3714 Ex
1879 3660 2146 3715 abundan-

571 3761 643 3814 tia
670 3760 836 3814 cordis
860 3775 915 3813 os
946 3758 1170 3827 loquitur
1210 3755 1424 3827 (Matth.
1464 3770 1535 3809 xit
1556 3794 1570 3819 ,
1602 3753 1715 3825 54).
1750 3753 1901 3821 Quod
1932 3754 2000 3809 de
2028 3769 2146 3809 scr-

570 3867 729 3908 ntone
755 3850 903 3907 nasci
924 3850 1159 3915 videtur,
1189 3848 1337 3918 prius
1360 3845 1683 3917 cogitatione
1710 3845 2031 3915 concipitur.
2081 3846 2148 3901 Ut

570 3943 679 3999 oris
708 3955 870 3997 sonus
904 3940 1115 4011 indigna
1147 3953 1253 3993 non
1287 3929 1556 4009 proferat,
1603 3937 1813 3991 animus
1836 3935 1979 4005 iusta
2011 3951 2147 4005 prte-

569 4033 749 4104 cipiat.

644 4124 712 4177 Et
731 4123 856 4193 quia
880 4122 988 4175 duo
1016 4122 1141 4189 sunt
1164 4121 1489 4190 ieiuniorum
1518 4135 1738 4189 genera,
1773 4134 1934 4174 unum
1964 4119 2149 4175 incon-

490 4222 497 4227 “
572 4214 812 4271 tinentite
838 4211 1132 4282 appetitum
1161 4227 1189 4265 a
1213 4212 1349 4267 male
1389 4211 1599 4267 blandis
1633 4210 1942 4265 deliciarum
1972 4209 2149 4265 suavi~

572 4294 771 4364 tatibus
787 4317 1060 4372 coercere,
1082 4304 1384 4359 utexterior
1405 4315 1459 4360 et
1482 4312 1730 4358 terrenus
1754 4302 1913 4357 homo
1932 4316 2147 4358 vomere

571 4400 747 4457 crucis
791 4394 1058 4455 edomitus
1111 4395 1393 4451 commoda
1442 4394 1751 4450 inﬁrmitate
1802 4403 2143 4458 macrescat;

568 4492 792 4549 alterum
811 4487 1150 4557 abstinentia:
1173 4501 1342 4556 genus
1363 4493 1446 4540 est
1471 4484 1639 4545 multo
1660 4484 1962 4548 sublimius,
1976 4485 2146 4539 multo

2247 3286 2477 3353 devicit;
2526 3289 2596 3342 ita
2630 3305 2724 3357 per
2751 3289 3075 3360 adiutorium
3102 3292 3348 3362 Domini,
3381 3303 3437 3348 et
3482 3309 3574 3362 per
3599 3306 3797 3347 crucem

2245 3392 2396 3433 suam
2432 3378 2528 3434 has
2554 3379 2786 3448 quinque
2813 3381 3185 3451 principalium
3231 3384 3477 3439 vitiorum
3512 3398 3797 3455 expugnare

2245 3470 2553 3527 studeamus
2582 3472 2883 3528 illecebras.
2918 3474 3017 3529 Per
3044 3474 3216 3529 crucis
3238 3476 3379 3530 cnim
3406 3477 3625 3546 signum,
3642 3486 3694 3531 et
3710 3490 3806 3545 per
3867 3518 3878 3527 .

2247 3579 2457 3622 Sacrum
2482 3565 2609 3622 Jesu
2640 3582 2859 3634 nomen,
2888 3568 3038 3636 apud
3069 3569 3285 3624 Grtecos
3321 3569 3467 3624 Hera
3497 3571 3663 3625 utrius
3690 3584 3811 3639 sup-

2247 3660 2536 3729 putationis
2571 3660 2912 3729 imprimitur.
2964 3661 3168 3728 Quibus
3201 3662 3367 3717 armis
3406 3664 3639 3718 carnalia
3679 3663 3814 3718 delc-

2248 3759 2516 3807 ctamenta
2567 3742 2886 3822 superantes
2924 3754 3271 3809 merebuntur
3310 3754 3500 3817 audire
3535 3774 3547 3808 :
3596 3756 3816 3811 Vincenti

2247 3845 2381 3898 dabo
2430 3860 2670 3899 coronam
2702 3836 2846 3901 ivitte.
2904 3846 3010 3902 Et:
3059 3848 3159 3915 Qui
3203 3848 3374 3901 vicerit
3419 3864 3523 3903 non
3564 3850 3764 3904 (reditur
3792 3867 3819 3903 α

2249 3946 2410 3990 morte
2446 3938 2666 3991 secunda
2710 3938 2898 4010 (Apoc.
2932 3938 3021 4010 tt).
3070 3939 3224 3996 Unde
3260 3941 3374 4009 ipsa
3415 3941 3571 3997 facile
3618 3954 3818 3999 terrena

2249 4026 2499 4096 despicis,
2546 4028 2629 4083 vel
2681 4029 2968 4084 fencrantis
3009 4045 3158 4085 more
3184 4031 3491 4101 dispensas,
3537 4033 3665 4088 dum
3698 4034 3819 4089 illud

2247 4120 2449 4189 cogitas
2477 4129 2691 4189 tempus
2720 4136 2829 4191 quo
2869 4131 3163 4177 esurentur
3206 4132 3522 4193 peccatores
3568 4126 3710 4181 sicut
3753 4126 3821 4180 fe-

2248 4226 2395 4277 num,
2420 4227 2525 4282 quo
2549 4222 2839 4269 aestuantes
2869 4214 3129 4285 gehennae
3149 4214 3331 4270 furore
3357 4226 3645 4286 perpetuo,
3676 4219 3821 4287 cuius

2248 4304 2419 4372 [uinus
2460 4307 2685 4360 ascendit
2727 4308 2781 4359 in
2818 4308 3009 4361 saecula
3044 4308 3348 4362 scccttlorum
3393 4310 3577 4380 (Apoc.
3608 4327 3725 4375 vm,
3752 4314 3819 4381 7).

2251 4395 2314 4450 Hi
2342 4396 2428 4465 qni
2470 4398 2821 4466 neglexerunt
2849 4398 3045 4464 oblata,
3102 4399 3195 4453 tali
3224 4410 3397 4456 morte
3424 4402 3745 4470 punientur;
3776 4414 3821 4457 ul

2222 4488 2327 4541 .cis
2377 4489 2511 4543 mori
2557 4489 2609 4543 in
2654 4488 2845 4545 dolore
2892 4504 3001 4544 non
3046 4491 3245 4548 liceat:
3294 4493 3538 4547 morituri
3581 4496 3732 4563 vitae,
3778 4505 3825 4550 ct

567 4584 879 4658 pretiosius,
918 4580 1005 4639 cui
1029 4580 1175 4636 nulla
1204 4577 1579 4636 contradicere
1614 4577 1784 4647 possit
1822 4576 2130 4642 inﬁrmitas,
2172 4575 2218 4633 D
2243 4583 2402 4636 morti
2433 4584 2549 4637 sine
2570 4584 2677 4638 ﬁne
2704 4584 2917 4639 victuri.
2970 4586 3101 4639 Dum
3132 4586 3281 4654 illud,
3328 4588 3564 4659 inquam,
3623 4601 3827 4663 tempus

568 4686 745 4734 motus
768 4675 935 4731 animi
962 4690 1175 4744 regere,
1207 4682 1262 4730 et
1287 4672 1683 4729 irrationabiles
1708 4670 2144 4741 perturbationes

568 4768 655 4826 vel
672 4768 1074 4823 eolluctantium
1096 4768 1234 4822 inter
1250 4782 1325 4837 se
1345 4767 1731 4837 cogitationum
1763 4764 2039 4830 tumultus,
2066 4763 2146 4819 in-

571 4858 784 4915 terioris
808 4858 1012 4927 iudicio
1049 4858 1346 4924 refrenare,
1392 4870 1445 4914 et
1485 4869 1673 4915 contra
1718 4860 2147 4931 impugnationcs

569 4949 838 5013 occultas,
905 4947 989 5003 vel
1056 4958 1239 5027 contra
1293 4950 1637 5007 demeaticos
1674 4953 1920 5007 inimicos
1974 4953 2142 5006 rixam

569 5040 854 5116 quamdam
887 5041 1204 5109 irascentes,
1248 5038 1371 5113 fidei
1400 5044 1716 5098 auctoritate
1743 5052 2046 5108 conterere,
2088 5053 2142 5097 et

569 5150 663 5210 per
714 5134 1172 5196 benevolentiam,
1236 5132 1737 5201 mansuetudinem,
1790 5135 2136 5205 patientiam,

566 5228 1027 5300 tranquillitatem,
1096 5224 1193 5282 Dei
1242 5224 1528 5294 imaginem
1577 5226 1630 5279 in
1685 5226 1817 5283 facie
1873 5227 2141 5283 interioris

566 5326 859 5385 excolere:
908 5323 1061 5392 cuius
1106 5320 1271 5376 decus
1311 5333 1414 5373 non
1450 5320 1502 5374 in
1543 5320 1786 5388 corporis
1826 5338 2138 5392 personam,

568 5418 667 5477 sed
694 5416 749 5471 in
774 5416 932 5471 animi
966 5414 1190 5469 formant
1214 5412 1431 5469 solertia
1462 5411 1683 5467 factoris
1709 5412 1999 5483 impressit.

642 5508 825 5563 Virum
845 5507 1139 5578 spiritualia
1159 5517 1213 5562 et
1241 5506 1418 5563 divina
1442 5506 1763 5577 cogitantem
1794 5508 2005 5565 tristitia
2032 5526 2136 5567 non

568 5597 800 5666 frangat,
850 5599 1031 5655 laetitia
1073 5615 1179 5654 non
1220 5598 1475 5664 resolvat,
1512 5598 1804 5655 stabilitum
1852 5602 1906 5655 in
1951 5602 2140 5659 timore

571 5686 669 5747 Dei
694 5697 876 5757 pectus
910 5692 1313 5759 magnanimitas
1342 5691 1658 5763 aequalitatis
1684 5693 1953 5762 ostendat,
2001 5705 2057 5751 ut
2089 5706 2143 5751 et

569 5779 729 5847 nobis
755 5782 989 5853 coaptati
1017 5782 1363 5855 possitlibelli
1400 5784 1539 5843 illius
1559 5785 1765 5863 insigne
1798 5786 2141 5865 principium,

2247 4683 2373 4730 ante
2395 4674 2580 4729 oculos
2605 4684 2725 4729 tuos
2753 4676 2980 4743 provida
3008 4676 3060 4732 in
3086 4678 3319 4733 futurum
3350 4690 3534 4737 mente
3561 4681 3826 4753 disponis,

2248 4765 2316 4821 de
2335 4780 2442 4835 quo
2462 4753 2692 4835 legimus
2721 4782 2736 4819 :
2764 4765 2998 4822 Introibo
3028 4769 3079 4823 in
3104 4770 3309 4823 domum
3352 4780 3493 4825 tuam
3530 4789 3647 4826 cum
3691 4776 3829 4829 Italo-

2248 4859 2437 4913 caustis
2460 4857 2577 4929 (Ps.
2612 4874 2733 4925 va,
2768 4860 2857 4929 15)
2892 4877 2905 4913 :
2940 4860 2991 4915 id
3023 4869 3128 4927 est,
3169 4863 3382 4931 quando
3410 4866 3677 4921 bonorum
3706 4884 3832 4935 ope-

2250 4969 2366 5008 rum
2397 4955 2570 5008 fructu
2610 4954 3033 5021 subsarcinatus,
3072 4964 3127 5010 et
3162 4955 3386 5024 iustitiae
3418 4958 3720 5028 insignibus
3752 4976 3834 5013 re-

2249 5044 2467 5099 dimittis
2490 5045 2709 5114 ianuam
2756 5047 2884 5100 vitae.
2921 5060 3043 5100 cum
3096 5046 3364 5118 triumpho
3408 5050 3599 5128 evictte
3656 5053 3834 5105 carnis

2252 5137 2493 5193 intrabis.
2526 5137 2598 5192 De
2628 5152 2734 5205 quo
2762 5137 2989 5207 legimus
3023 5155 3035 5189 :
3081 5138 3383 5192 Adorabunt
3409 5154 3529 5193 eum
3563 5142 3695 5209 [ilia
3718 5141 3836 5211 Tyri

2248 5232 2301 5285 in
2340 5230 2630 5283 muneribus
2673 5229 2789 5300 (Ps.
2821 5245 2961 5298 xuv,
2998 5229 3107 5301 15),
3160 5230 3213 5285 id
3240 5240 3342 5299 est,
3389 5232 3587 5287 anima:
3616 5232 3836 5289 Christo

2249 5322 2317 5378 de
2340 5322 2587 5392 gentibus
2618 5322 2913 5391 acquisita,
2955 5336 3176 5378 munera
3211 5337 3315 5378 non
3347 5322 3415 5379 de
3444 5336 3544 5379 suo
3574 5324 3833 5387 onerent,

2250 5433 2368 5474 cum
2412 5419 2699 5488 gratiarum
2744 5418 2957 5475 actione
2993 5418 3260 5474 dictum:
3298 5420 3437 5476 Ecce
3481 5421 3835 5491 multiplicavi

2228 5511 2506 5566 talentum
2535 5511 2678 5581 quod
2702 5511 2917 5566 dedisti.
2967 5510 3165 5582 Recipe
3206 5526 3326 5568 cum
3356 5527 3517 5572 usura
3542 5559 3557 5583 ,
3588 5514 3835 5579 domine,

2253 5603 2404 5661 fenus
2426 5612 2594 5659 tuum.
2624 5604 2737 5661 Erit
2764 5605 2903 5659 enim
2935 5612 3047 5660 tum
3082 5606 3351 5675 quoddam
3387 5606 3549 5662 dandi
3581 5618 3640 5663 et
3691 5610 3877 5686 acci-.

2254 5696 2428 5765 piendi
2460 5697 2841 5754 commercium
2870 5697 3011 5754 inter
3034 5698 3306 5758 hominem
3336 5707 3391 5755 et
3420 5699 3611 5759 Deum.
3664 5701 3840 5756 llomo

2254 5786 2440 5852 alieret
2468 5789 2604 5865 quod
2632 5788 2931 5863 laboravit;
2973 5788 3029 5849 ot
3055 5792 3193 5852 Deus
3242 5792 3489 5855 restituet
3523 5792 3673 5865 quod
3704 5810 3833 5865 pro:
