4090 6330
262 238 433 332 ’861

1799 267 2173 329 ΕΡΙδΤΟιιΕ.

3371 266 3582 343 ’sss

332 389 497 447 misit.
523 389 640 458 Quo
662 394 906 462 tempore
936 401 1059 452 cum
1082 395 1298 445 sanctus
1321 387 1457 444 alter
1484 401 1579 457 pro
1606 386 1775 443 altero
1809 400 1898 442 re-
1927 386 1981 448 Α
2010 387 2301 447 visceribus
2329 391 2652 460 evellantur,
2684 400 2742 450 ut
2768 392 2856 451 hic
2896 394 3118 453 vulnera
3144 396 3276 465 ipsis
3315 396 3424 455 alte
3461 414 3580 459 me-

335 486 719 552 munerandus,
746 500 945 541 corona
972 485 1169 555 duplici
1194 498 1292 555 pro
1324 490 1505 555 mutua
1543 483 1716 538 salute
1744 479 1905 537 deco-

331 578 555 647 rendus,
585 577 769 634 audire
790 576 1077 634 mereberis
1105 594 1120 630 :
1147 576 1311 647 Euge,
1336 590 1474 631 serae
1499 575 1623 629 bene
1642 584 1687 630 et
1715 573 1907 644 ﬁdelis,

329 673 450 744 quia
470 688 624 742 super
652 686 821 742 pauca
853 670 999 741 fuisti
1028 670 1216 739 ﬁdelis,
1246 686 1402 739 super
1430 668 1593 723 multa
1626 678 1675 722 te
1713 670 1905 725 consti-

329 774 514 833 tuam;
544 764 676 819 intra
701 762 755 819 in
781 762 1029 835 gaudium
1052 762 1259 817 Domini
1286 762 1380 818 tui.

402 856 553 913 Tunc
581 869 736 913 usum
767 853 1110 927 praesentium
1157 854 1211 910 in
1261 862 1581 911 mternorum
1614 855 1905 926 proprieta-

334 957 445 1005 tem
477 948 733 1005 transisse
775 947 1083 1015 miraberis,
1124 956 1178 1003 et
1212 962 1309 1019 pro
1349 947 1627 1003 datoribns
1657 947 1761 1005 tuis
1788 948 1904 1018 glo-

326 1039 656 1108 riﬁcandus,
710 1040 1006 1097 debitorem
1059 1049 1109 1096 te
1168 1044 1216 1097 ei
1276 1042 1392 1097 ﬁeri
1439 1040 1670 1111 jucunda
1720 1056 1899 1099 rerum

326 1130 625 1191 mutatione
652 1131 928 1202 gaudebis.

397 1222 729 1280 ludividuum
760 1222 926 1279 ﬁlium
962 1231 1200 1280 nostrum
1237 1221 1548 1294 Leontium,
1581 1240 1905 1297 omnemque

325 1316 543 1375 domum
597 1317 697 1387 piis
751 1318 871 1375 illos
902 1333 1045 1386 ,cum
1101 1316 1391 1389 majoribus
1446 1319 1533 1390 pio
1580 1322 1903 1392 sospitamus

324 1408 527 1469 ofﬁcio.
560 1408 817 1465 Dominus
840 1410 981 1467 Deus
1011 1418 1195 1468 noster
1218 1410 1476 1467 beneﬁcia
1517 1412 1571 1467 in
1600 1413 1753 1469 vobis
1781 1428 1901 1480 sua,

324 1503 469 1562 felici
496 1513 549 1565 et
575 1505 766 1575 placita
794 1505 896 1561 sibi
927 1506 1266 1576 lougaavitate
1296 1505 1608 1575 multiplicet
1628 1548 1643 1573 ,
1686 1506 1902 1565 domine

323 1596 727 1657 devinctissime
776 1608 831 1654 et
877 1597 990 1653 sola
1042 1597 1254 1667 pietatis
1299 1597 1494 1655 virtute
1557 1598 1897 1669 singulariter

322 1690 620 1751 excolendo
649 1691 830 1748 frater.

320 1790 325 1791 “
861 1784 1192 1844 EPISTOLA
1233 1784 1303 1843 IX
1333 1794 1379 1842 λ.

404 1878 634 1935 Domino
656 1877 1075 1947 devinctissimo,
1094 1879 1296 1935 honore
1311 1880 1577 1950 praecipuo
1599 1877 1899 1950 specialiter

321 1970 641 2036 excolendo,
676 1970 892 2029 Ruricio
921 1970 1030 2027 ﬁlio
1053 1969 1299 2027 Faustus.

400 2061 610 2119 Gratias
658 2060 915 2126 Domino,
972 2060 1062 2130 qui
1110 2060 1163 2117 id
1219 2061 1455 2132 generali
1507 2061 1904 2131 dispensatione

322 2154 548 2226 largitus
574 2163 677 2222 est,
703 2162 765 2210 ut
791 2154 933 2209 inter
956 2166 1052 2211 eos
1074 2167 1208 2224 quos
1243 2154 1480 2209 locorum
1502 2153 1782 2211 intervalla
1823 2154 1904 2209 di-

321 2246 660 2311 seriminant,
684 2245 818 2303 liber
842 2259 907 2302 ac
929 2245 1095 2305 nullis
1116 2245 1399 2301 conclusus
1418 2244 1677 2300 absentiae
1698 2245 1903 2315 legibus

321 2341 538 2396 animus
559 2348 903 2406 commearet,
920 2337 1159 2409 nihilque
1184 2348 1324 2394 esset
1352 2346 1456 2392 tam
1480 2336 1901 2406 impenetrabile,

323 2433 472 2505 quod
504 2432 699 2488 mentis
723 2431 1029 2502 aspectibus
1058 2446 1164 2487 non
1196 2437 1441 2501 pateret;
1478 2428 1571 2485 sed
1602 2443 1697 2500 per
1726 2428 1903 2485 cordis

322 2526 578 2583 intuitum
624 2524 747 2581 inde
775 2539 835 2583 se
863 2524 1090 2581 invicem
1119 2524 1253 2589 cari,
1289 2524 1460 2594 gratia
1489 2522 1899 2587 intercurrente,

322 2617 722 2687 conspicerent,
759 2615 847 2673 ubi
876 2617 1072 2672 caritas
1102 2614 1213 2685 ipsa
1245 2614 1491 2670 consistit
1753 2622 1768 2636 '

404 2711 578 2767 Habet
627 2708 887 2780 siquidem
939 2700 995 2764 et
1044 2707 1267 2763 interior
1308 2716 1491 2762 noster
1528 2706 1713 2761 oculos
1752 2717 1901 2771 suos,

323 2805 526 2878 quibus
548 2804 608 2860 s’e
637 2803 978 2860 conscientiae
1004 2802 1157 2858 testis
1192 2800 1521 2870 introspicit;
1551 2799 1745 2869 quibus
1768 2798 1824 2852 in
1847 2810 1907 2851 se

325 2910 628 2976 conversus
656 2902 749 2952 aut
775 2894 1171 2960 erubescenda,
1210 2902 1303 2949 aut
1346 2891 1623 2961 gaudenda
1662 2888 1907 2946 conside-

327 2999 446 3057 ret;
471 2989 663 3061 quibus
695 2988 838 3044 diem
871 2986 1116 3043 ultimum
1142 2984 1418 3061 pervidet;
1449 2982 1641 3059 quibus
1663 2982 1744 3039 vel
1775 2995 1905 3035 con-

327 3084 600 3142 fusibilem
629 3081 741 3148 vel,
774 3081 883 3135 Deo
911 3079 1212 3144 tribuente,
1240 3076 1559 3134 laudabilem
1591 3076 1753 3131 totius
1783 3074 1905 3131 vitm

1930 1778 1979 1841 B

2007 481 2167 538 dullis
2201 483 2457 553 impressa
2500 494 2781 557 curentur,
2822 498 2878 545 ut
2916 488 3002 547 hic
3034 478 3253 547 macula:
3293 492 3581 551 invisibiles

2007 576 2312 646 diluantur,
2357 586 2415 633 ut
2445 579 2532 637 hic
2565 590 2765 637 :eterna
2792 583 2983 654 gaudia
3020 584 3253 641 ﬁdelium
3282 585 3579 643 studiorum
3644 574 3649 581 ’

2007 667 2193 725 labore
2244 679 2645 740 comparentur.
2700 673 2818 730 Illic
2867 675 3082 745 quidem
3139 677 3245 731 vita
3301 678 3580 748 praemium

2008 759 2161 819 istius
2187 762 2317 829 erit;
2345 762 2441 818 sed
2476 774 2686 834 oportet
2716 774 2771 821 ut
2801 768 2942 824 illius
2968 769 3068 824 ista
3096 768 3165 826 sit
3195 771 3445 840 pretium.

2076 854 2318 911 Praelatis
2348 855 2527 926 itaque
2551 856 2845 932 obsequiis,
2876 875 3059 929 quaeso
3088 871 3147 917 ut
3176 876 3298 919 cum
3327 878 3386 919 se
3414 863 3579 919 facul-

2009 954 2087 1002 tas
2116 955 2417 1019 opportune
2443 948 2749 1017 praebuerit,
2781 951 3013 1020 gaudere
3054 968 3149 1008 nos
3181 954 3249 1009 de
3289 965 3462 1010 vestra
3495 971 3579 1013 so-

2005 1040 2198 1111 spitate
2224 1054 2286 1095 ac
2316 1042 2641 1112 proprietate
2662 1042 2889 1099 faciatis.
2920 1045 3020 1101 Pro
3043 1045 3165 1100 ﬁliis
3182 1055 3237 1101 et
3267 1047 3577 1102 diaconihus

2005 1132 2141 1213 meis
2165 1131 2359 1189 uberes
2390 1132 2564 1190 refero
2608 1135 2826 1207 gratias.
2882 1136 3161 1193 Dominam
3196 1138 3357 1195 ﬁliam
3403 1155 3576 1195 meam

2005 1223 2279 1295 religionis
2319 1226 2622 1294 speculum,
2662 1236 2715 1282 ct
2756 1225 2967 1296 pictatis
3012 1229 3355 1298 exemplum,
3398 1230 3577 1286 debito

2005 1320 2151 1375 cultu
2182 1328 2465 1377 veneratus
2486 1320 2679 1376 saluto.
2715 1320 2971 1376 Dominus
2994 1322 3134 1378 Deus
3164 1331 3346 1378 noster
3374 1322 3575 1393 magni-

2007 1411 2266 1490 ﬁcandam
2311 1413 2440 1468 mihi
2481 1413 2773 1468 bonitatem
2820 1423 3072 1484 vestram,
3123 1424 3178 1471 et
3226 1416 3577 1485 praesentibus

2006 1506 2212 1576 repleat
2248 1506 2423 1573 bonis,
2477 1515 2530 1563 et
2572 1507 2785 1577 dignam
2831 1507 3020 1562 reddat
3067 1509 3315 1579 aeternis,
3360 1508 3577 1564 domine

2004 1598 2404 1656 devinctissime
2435 1610 2487 1656 ct
2532 1604 2733 1656 honore
2777 1600 3045 1671 praecipuo
3084 1600 3388 1673 specialiter
3415 1615 3576 1657 exco-

2005 1693 2160 1751 lende
2182 1694 2275 1749 illi.

2543 1784 2872 1843 EPISTOLA
2911 1785 2958 1841 X
2987 1797 3030 1842 ο.
3242 1841 3247 1844 .

2075 1882 2299 1938 Domino
2344 1880 2655 1941 beatissimo
2702 1890 2756 1937 et
2795 1896 3005 1938 summo
3047 1882 3177 1938 mihi
3212 1882 3414 1949 honore
3450 1890 3574 1940 ante

2004 1990 2190 2033 omnes
2218 1976 2558 2046 singulariter
2574 1974 2886 2042 excolendo,
2912 1976 3062 2032 fratri
3094 1976 3307 2033 Ruricio
3324 1977 3574 2049 episcopo

2005 2067 2253 2124 Faustus.

2077 2160 2242 2216 Tanta
2271 2157 2401 2214 mihi
2430 2157 2498 2217 de
2526 2158 2689 2215 animi
2718 2159 2880 2217 vestri
2909 2159 3235 2230 benignitate
3257 2160 3446 2217 ﬁducia
3471 2170 3572 2227 est,

2006 2260 2065 2306 ut
2104 2266 2172 2307 ex
2211 2250 2326 2320 ejus
2369 2249 2517 2307 fonte
2552 2251 2837 2320 purissimo
2871 2250 2978 2306 non
3014 2252 3125 2321 jam
3167 2252 3314 2310 solus
3362 2252 3576 2309 haurire

2005 2352 2287 2399 contentus
2317 2344 2442 2406 sim,
2488 2342 2585 2399 sed
2614 2343 2753 2399 alios
2786 2359 3025 2415 quoque,
3069 2345 3157 2414 qui
3190 2345 3304 2415 ejus
3334 2361 3430 2401 usu
3465 2360 3576 2401 mc-

2006 2450 2128 2493 eum
2162 2436 2499 2502 reﬁciantur,
2530 2436 2771 2493 invitem.
2813 2436 3115 2493 Praesertim
3146 2453 3264 2493 eum
3295 2448 3577 2509 prorogata

2009 2529 2164 2598 hujus
2195 2528 2413 2598 largitas
2442 2529 2495 2585 in
2526 2527 2730 2585 lucrum
2763 2536 2997 2586 transeat
3022 2528 3328 2599 largientis;
3355 2530 3576 2600 ejusque

2008 2619 2149 2675 bono
2171 2622 2241 2675 ita
2268 2628 2580 2677 muneretur
2605 2620 2899 2689 accipiens,
2929 2629 2987 2675 ut
3012 2636 3116 2676 non
3142 2622 3438 2677 mitteretur
3479 2623 3575 2678 im—

2009 2709 2276 2777 pertiens;
2305 2708 2436 2771 etin
2464 2723 2668 2765 morem
2701 2709 2899 2764 fenoris
2925 2710 3008 2767 sui
3049 2720 3258 2765 crescat
3306 2712 3575 2780 expensis,

2008 2800 2224 2857 domine
2282 2802 2589 2859 beatissime
2652 2811 2707 2859 et
2763 2816 2973 2859 summo
3016 2803 3146 2859 mihi
3202 2802 3407 2860 honore
3454 2814 3577 2861 ante

2008 2908 2194 2949 omnes
2221 2894 2562 2964 singulariter
2585 2894 2897 2951 excolende.

2082 2987 2173 3041 llis
2202 2988 2381 3054 itaque
2410 2986 2649 3043 caritatis
2679 2986 3085 3043 inexsolubilem
3117 2987 3446 3059 pensionem,
3475 3002 3578 3059 quo

2009 3078 2264 3135 solventis
2295 3077 2461 3147 magis
2492 3092 2684 3137 census
2713 3077 2927 3143 dilatus,
2954 3077 3205 3147 exhibeo,
3226 3088 3280 3136 et
3302 3078 3581 3135 materiam

330 3178 633 3242 historiam,
659 3182 782 3231 ante
796 3173 987 3229 animm
1007 3187 1119 3227 sua:
1143 3170 1332 3233 faciem
1357 3170 1573 3239 provida
1598 3169 1650 3223 in
1674 3167 1905 3223 futurum
1934 3150 1981 3215 C
2013 3166 2137 3223 boni
2163 3167 2343 3237 operis
2366 3168 2609 3236 ingerere
2636 3184 2732 3239 pro
2756 3168 3089 3227 laborantum
3118 3169 3579 3243 commendatione

331 3268 659 3341 cogitatione
686 3265 946 3337 disponit,
973 3272 1030 3319 et
1057 3263 1111 3319 in
1144 3262 1481 3333 praesentiam
1514 3260 1732 3329 trepida:
1762 3259 1909 3315 solli-

331 3358 583 3416 citudinis
614 3367 823 3426 tempus
858 3353 1145 3413 reddendae
1184 3354 1407 3411 rationis
1452 3351 1709 3416 adducit;
1758 3360 1812 3407 et
1846 3364 1907 3404 ea

334 3451 672 3523 qua-parauit
703 3449 843 3503 Deus
880 3447 1207 3518 diligentibus
1256 3464 1308 3501 se
1351 3444 1401 3514 (I
1436 3446 1554 3499 Cor.
1603 3460 1676 3508 tt,
1707 3445 1808 3512 9),
1854 3444 1907 3497 in

336 3551 541 3600 secreta
559 3540 788 3611 pectoris
813 3540 893 3594 sui
914 3539 1123 3608 pagina,
1155 3552 1250 3607 spe
1272 3536 1616 3606 imaginante,
1646 3536 1903 3606 depingit.

338 3635 505 3702 Quos,
553 3643 610 3688 ut
645 3640 791 3700 puto,
833 3631 1017 3686 oculos
1056 3644 1109 3685 et
1142 3630 1257 3699 ipse
1298 3629 1363 3682 ad
1406 3627 1667 3682 tremendi
1709 3627 1909 3682 iudicis

338 3729 591 3784 thronum
619 3740 833 3795 semper
861 3722 1087 3788 attollis,
1116 3732 1172 3777 ut
1207 3722 1273 3777 de
1306 3731 1355 3777 te
1386 3720 1516 3776 illud
1544 3720 1909 3791 propheticum

337 3822 532 3879 merito
591 3820 695 3876 dici
741 3804 958 3889 possit:
1008 3817 1271 3886 Sapientis
1313 3817 1445 3873 oculi
1488 3816 1542 3870 in
1588 3816 1753 3884 capite
1800 3816 1909 3884 ejus

336 3914 509 3987 (Eccl.
540 3928 598 3981 tt,
628 3911 739 3982 14).
766 3910 951 3977 blade
973 3920 1073 3977 est,
1107 3912 1170 3965 ab
1204 3926 1264 3966 eo
1298 3910 1437 3967 enim
1482 3909 1588 3967 illic
1623 3908 1764 3963 illius
1793 3921 1908 3962 ma-

339 4015 533 4063 ter.....
566 4005 770 4061 ditores
809 4014 948 4059 tuos.
996 4003 1123 4058 lude
1164 4014 1266 4070 est,
1307 4004 1545 4073 inquam,
1590 4000 1733 4073 quod
1776 4016 1912 4071 prae-

334 4099 564 4157 sentium
618 4111 798 4153 rerum
844 4096 1192 4166 relinquenda
1225 4094 1495 4161 subsidia,
1550 4095 1700 4164 quasi
1726 4094 1911 4149 avidus

336 4192 643 4256 fenerator;
676 4204 772 4260 per
803 4188 969 4259 pretia
999 4188 1361 4257 captivorum,
1400 4187 1450 4240 in
1492 4186 1615 4241 sinu
1664 4200 1913 4243 remune~

334 4282 551 4350 ratoris,
583 4279 894 4338 seminantis
919 4293 1090 4343 more,
1122 4277 1498 4340 commendas;
1539 4277 1605 4331 dc
1639 4292 1737 4333 usu
1782 4291 1907 4346 pro-

334 4374 620 4446 prietatem
653 4372 802 4435 iacis,
850 4378 907 4426 et
944 4370 998 4425 in
1039 4382 1304 4441 perennes
1352 4368 1631 4424 thesauros
1678 4368 1912 4437 peritura

335 4466 628 4522 convertis.
680 4463 805 4518 inde
848 4471 934 4519 est
966 4462 1105 4532 quod
1138 4476 1258 4517 cum
1304 4461 1610 4516 ﬁdelissima
1650 4463 1775 4515 Sara
1823 4470 1911 4516 tua

2011 3275 2295 3330 praesumo.
2326 3260 2459 3327 Quia
2488 3262 2584 3316 etsi
2609 3262 3021 3317 insinuationem
3048 3277 3221 3319 meant
3258 3263 3320 3331 ad
3352 3262 3581 3325 fructum

2010 3365 2244 3409 vestrum
2288 3356 2555 3423 pertinere
2598 3354 2847 3421 conﬁdo,
2889 3363 2943 3411 et
2968 3354 3101 3423 ideo
3137 3355 3579 3423 misericordiam,

2009 3464 2165 3520 quam
2197 3448 2404 3503 miseris
2432 3448 2794 3503 ecclesiastica
2820 3449 3061 3519 praebere
3089 3451 3363 3507 consuevit
3392 3451 3583 3506 huma-

2010 3540 2172 3605 nitas,
2209 3539 2395 3593 ltarum
2428 3540 2696 3610 portitori,
2742 3542 2831 3610 qui
2877 3542 2928 3596 in
2972 3542 3314 3611 Lugdunensi
3368 3545 3583 3612 pertulit

2012 3632 2394 3699 captivitatem,
2436 3648 2635 3702 negare
2672 3648 2778 3689 non
2820 3636 2986 3703 potui.
3037 3636 3251 3692 Utinam
3286 3646 3388 3689 tam
3419 3639 3587 3705 possit

2014 3733 2257 3793 prompta
2299 3737 2419 3779 esse
2458 3724 2698 3779 ﬁdelium
2739 3725 2984 3794 largitas,
3032 3742 3187 3797 quam
3231 3727 3385 3796 hujus
3428 3729 3585 3783 nimis

2015 3815 2289 3870 manifesta
2315 3815 2606 3871 necessitas
2635 3817 2752 3870 est!
2800 3816 2867 3869 Et
2896 3818 3016 3886 quia
3058 3817 3108 3871 in
3155 3831 3213 3872 se
3255 3818 3586 3888 aliquatenus
3632 3826 3635 3829 ‘

2013 3910 2329 3977 absolutus,
2376 3909 2429 3963 in
2481 3924 2645 3963 uxore
2688 3909 2769 3964 vel
2812 3909 3038 3964 ﬁliorum
3081 3918 3290 3966 tenetur
3330 3911 3586 3966 servitute

2015 4005 2275 4073 captivus,
2303 4002 2536 4073 praelatis
2564 4000 2776 4067 ofﬁciis,
2804 4017 2984 4072 quaeso
3016 4012 3071 4056 ut
3108 4018 3310 4057 morem
3346 4002 3587 4072 benigni-

2016 4097 2140 4151 tatis
2171 4104 2385 4162 vcstrur,
2417 4095 2576 4151 etiam
2619 4095 2669 4149 in
2716 4092 2873 4167 hujus
2906 4095 3275 4150 consolatione
3320 4096 3585 4159 teneatis;

2013 4196 2067 4242 et
2092 4185 2230 4256 apud
2260 4194 2383 4240 ante
2415 4185 2643 4254 positos,
2687 4199 2791 4255 quo
2822 4170 3196 4255 poposcerint,
3236 4184 3431 4240 litteris
3460 4199 3583 4256 pro-

2014 4278 2279 4349 sequaris.

2084 4367 2410 4439 Conservus,
2445 4374 2499 4422 et
2539 4367 2809 4437 praecipue
2845 4367 3137 4422 admirator
3182 4376 3382 4434 vester,
3430 4366 3588 4422 frater

2017 4475 2191 4525 meus,
2248 4459 2528 4530 presbyter
2558 4458 2845 4515 Memorius
2900 4474 3109 4513 mecum
3154 4458 3589 4514 reverentissime

333 4557 438 4616 sub
468 4573 574 4613 uno
613 4554 813 4611 ChriSti
847 4554 974 4625 jugo
1011 4555 1077 4609 ad
1120 4569 1457 4609 communem
1496 4555 1719 4609 tendens
1760 4569 1912 4611 coro-
1940 4530 1992 4597 θ
2017 4554 2299 4621 sospitant.
2330 4552 2579 4605 Dominus
2605 4550 2741 4604 Deus
2768 4558 2952 4603 noster
2984 4563 3275 4603 memorem
3311 4549 3413 4602 mei
3448 4550 3589 4617 piant

230 4722 241 4733 ν
334 4665 485 4720 nam,
517 4656 851 4705 terrenarum
885 4646 1188 4716 despector,
1226 4656 1279 4700 et
1319 4645 1619 4701 cmlestium
1649 4646 1910 4716 competi-

336 4752 444 4808 tor,
467 4739 645 4796 sscculi
670 4740 999 4809 peregrinus,
1024 4749 1073 4793 et
1092 4737 1330 4793 Paradisi
1356 4737 1668 4792 candidatus
1684 4755 1698 4804 ;
1717 4738 1914 4797 mundo

336 4834 485 4898 huic,
519 4833 611 4902 qui
627 4832 736 4903 jam
762 4846 872 4887 non
912 4830 1073 4887 habet
1102 4829 1243 4885 unde
1278 4829 1506 4900 decipiat
1553 4830 1636 4887 vel
1672 4830 1911 4898 seducat,

337 4926 496 4983 miles
525 4922 725 4983 Christi
753 4930 1000 4981 secretus
1023 4920 1237 4989 illudis;
1270 4936 1391 4977 cum
1424 4922 1570 4992 regni
1607 4922 1916 4981 intermina.

337 5017 462 5075 bilis
490 5014 631 5073 socia
655 5014 901 5085 jejuaiis,
949 5021 1006 5068 et
1044 5011 1395 5080 orationibus,
1437 5021 1493 5073 et
1520 5013 1746 5083 quadam
1791 5013 1912 5075 ﬁdei

338 5123 507 5167 manu
545 5106 759 5178 januam
809 5106 951 5174 vitae,
999 5104 1083 5176 pia
1128 5105 1516 5176 conjuratione,
1567 5105 1810 5175 pulsatis,
1857 5112 1915 5163 ut

339 5201 610 5274 duplicem
642 5201 883 5271 palmam
901 5199 969 5259 de
999 5208 1180 5259 mutua
1204 5198 1376 5267 salute
1401 5199 1646 5267 capiatis.

415 5294 521 5353 Sed
564 5295 704 5352 inter
753 5293 869 5357 haec
916 5307 1100 5363 parum
1148 5300 1260 5359 est,
1302 5292 1559 5364 quidquid
1604 5294 1808 5363 agitur,
1855 5299 1919 5349 ut

341 5404 522 5449 mea!
549 5388 869 5445 insanabiles
918 5385 1004 5443 hic
1047 5395 1325 5451 sanentur,
1367 5395 1424 5441 ut
1470 5386 1914 5456 inexstinguibilis

344 5480 488 5553 ignis
507 5480 593 5536 hic
620 5480 1014 5550 esstinguatur,
1042 5478 1111 5547 '_ut
1150 5476 1519 5535 ineluctabiies
1568 5477 1916 5543 necessitates

348 5573 437 5629 hic
456 5580 795 5640 superentur,
830 5580 885 5625 ut
912 5570 998 5624 hic
1027 5578 1365 5639 peccatorum
1395 5568 1597 5639 sagittae
1626 5569 1693 5624 de
1724 5570 1913 5627 animae

423 5697 449 5726 α
478 5687 604 5743 Haec
632 5685 853 5757 epistola
882 5692 1097 5747 u0tatur
1124 5681 1213 5741 Vll
1243 5680 1382 5755 apud
1413 5680 1705 5741 Canisium.

421 5757 449 5803 ιι
487 5759 660 5835 Locus
683 5759 925 5819 vitiosus.

2016 4645 2397 4699 beatitudinem
2426 4651 2657 4698 vestram
2693 4639 2948 4696 Ecclesiae
2969 4655 3080 4695 suze
3107 4639 3431 4711 profectibus
3449 4639 3589 4697 felici

2017 4736 2355 4804 longmvitate
2377 4741 2683 4800 conservet,
2717 4731 2934 4787 domine
2965 4731 3276 4787 beatissime
3302 4738 3359 4786 et
3380 4744 3588 4785 summo

2020 4828 2147 4881 mihi
2203 4826 2408 4883 honore
2460 4834 2585 4881 ante
2640 4840 2826 4880 omnes
2888 4823 3236 4895 singulariter
3292 4822 3589 4879 excolenda

2021 4920 2199 4975 frater.
2466 4908 2474 4915 ”

2551 5004 2882 5067 EPISTOLA
2919 5008 2989 5072 XI
3012 5006 3061 5063 ά.

2095 5106 2318 5163 Domino
2369 5104 2714 5172 beatissimo,
2764 5105 2939 5159 debita
2990 5103 3189 5174 pietate
3226 5099 3588 5172 suspiciende.
3628 5142 3637 5148 ς

2022 5209 2182 5270 atque
2240 5197 2531 5270 apostolica
2596 5196 2725 5254 sede
2774 5194 3326 5266 dignissimo,.fratri
3381 5193 3589 5249 Ruricio

2023 5292 2295 5363 episcopo,
2327 5288 2573 5346 Faustus.

2094 5384 2302 5440 Gratias
2344 5382 2409 5443 ad
2456 5398 2577 5449 vos,
2619 5381 2747 5437 dum
2789 5380 2943 5437 vobis
2980 5380 3051 5437 de
3092 5382 3262 5452 patria
3291 5379 3588 5448 scribimusl

2022 5478 2110 5550 qui
2141 5478 2293 5533 nobis
2326 5475 2550 5546 patriam
2583 5474 2635 5530 in
2668 5474 3094 5545 peregrinatione
3123 5474 3346 5541 fecistis;
3383 5474 3473 5547 qui
3516 5474 3590 5528 in-

2024 5570 2231 5627 defessa
2282 5570 2602 5625 liberalitate
2662 5569 2848 5637 patriae
2903 5570 3168 5625 desideria
3224 5569 3585 5641 temperastis;

2102 5694 2120 5750 ς
2165 5681 2287 5735 litec
2310 5678 2539 5749 epistola
2566 5678 2705 5750 apud
2728 5677 2995 5735 Canisium
3021 5689 3231 5738 notatur
3265 5681 3392 5740 Vill.

2097 5748 2123 5795 ἀ
2165 5750 2317 5839 Apud
2344 5748 2614 5813 Canisiutu
2647 5757 2861 5811 notatur
2889 5751 2975 5834 lli.
