4090 6330
696 240 794 253 με-
820 242 831 250 ι

503 331 611 389 863

1742 328 1800 382 ς.
1839 326 2088 385 FAUSTI
2126 324 2533 387 RIIEGIENSIS

3651 335 3749 387 803

503 448 610 502 vim
644 400 926 516 quamdam
954 441 1150 498 divinat
1184 441 1409 512 justitire
1437 437 1847 494 succedentibus
1876 438 1972 493 sibi
1991 439 2081 492 be-
2108 438 2160 499 Λ
2188 436 2371 491 debito
2397 445 2543 491 cultu
2572 437 2911 516 singulariter
2943 439 3278 496 observando
3316 440 3369 497 in
3403 441 3619 499 Christo
3658 458 3750 513 pa-

462 542 705 601 .neficiis
742 540 1064 595 inferentes:
1110 547 1167 591 ttt
1213 537 1354 607 quod
1397 536 1654 590 intulerat
1679 534 1743 589 ad
1770 535 2075 604 castigatio-

502 648 645 697 nem,
674 638 1012 685 converteret
1039 630 1103 682 ad
1129 629 1408 695 honorem,
1445 628 1716 682 conferret
1737 625 1803 680 ad
1834 626 2077 681 consola-

500 727 723 792 tionem,
759 732 995 779 mutaret
1017 722 1084 778 ad
1124 723 1360 794 requiem
1392 722 1617 785 mentis;
1651 730 1828 774 nostra
1861 729 2077 789 praeter-

498 817 758 887 mitteret,
784 826 844 872 ut
867 825 1045 873 vestra
1074 816 1405 881 cumularet;
1438 815 1614 871 debita
1646 815 1996 878 obliviscens,
2024 824 2078 868 et

501 911 646 967 lucra
697 919 874 967 vestra
923 910 1319 980 multiplicans;
1388 908 1527 979 apud
1582 916 1837 977 utrasque
1898 916 2077 975 partes

501 1002 924 1073 magnitudinem
972 1017 1084 1057 sua:
1126 1001 1381 1057 bonitatis
1421 1015 1698 1066 exercens,
1751 1014 1848 1054 nos
1897 1006 2078 1054 vestro

498 1095 850 1166 Iocuplctaret
896 1094 1186 1164 obsequio,
1236 1109 1331 1147 vos
1390 1103 1575 1148 nostro
1622 1092 1818 1146 ditaret
1866 1090 2073 1145 exsilio.

502 1187 654 1244 Unde
684 1185 884 1242 factum
916 1195 999 1241 est
1025 1195 1085 1241 ut
1107 1186 1219 1257 jam
1260 1187 1312 1240 in
1345 1186 1591 1255 prmsenti
1624 1183 2074 1250 benedictionem,

500 1275 799 1333 futurorum
839 1277 1158 1347 impatiens,
1198 1276 1553 1346 dispensaret,
1609 1284 1665 1329 ct
1710 1273 2076 1328 ﬁdelissimum

500 1368 765 1425 famulum
791 1384 949 1424 suum
972 1384 1134 1439 super
1155 1369 1535 1424 candelabrum
1559 1368 1748 1421 domus
1776 1376 1922 1430 suae;
1953 1382 2079 1421 eoo-

498 1472 721 1531 perante
749 1461 1388 1530 miSericordia,justitia,
1432 1460 1758 1522 sinceritate,
1791 1460 2078 1513 continen-

501 1552 600 1619 tia,
628 1553 977 1623 benignitate,
1028 1553 1078 1608 id
1109 1562 1215 1617 est,
1265 1551 1578 1607 domesticis
1613 1551 2074 1620 suffragatoribus,

499 1645 836 1701 sublimaret.
885 1646 1024 1700 Ecce
1067 1645 1206 1714 quali
1256 1647 1426 1714 pretio
1469 1639 1717 1699 Ruricius
1754 1647 1904 1700 meus
1933 1658 2078 1698 sum-

501 1752 647 1791 mum
699 1737 1057 1791 sacerdotium
1095 1738 1442 1807 comparavit.
1504 1737 1654 1792 Unde
1699 1739 1847 1801 emit,
1903 1738 2074 1807 ipsum

2178 537 2333 583 trono
2364 529 2578 586 Ruricio
2599 514 2848 601 episcopo
2878 534 3203 591 Victorinus.

2236 623 2380 685 ,Cutn
2405 624 2787 679 beatitudinem
2822 635 3058 682 vestram
3088 628 3287 692 videre,
3336 637 3391 699 et
3435 626 3754 689 brevissimo

2180 725 2443 786 tempore,
2473 727 2526 772 et
2549 733 2650 773 una
2691 728 2892 774 tantum
2926 721 3039 775 vice
3086 722 3373 776 meruerim
3400 766 3415 791 ,
3461 724 3533 779 ita
3578 733 3753 782 tamen

2179 810 2244 864 ad
2296 811 2528 881 primum
2574 822 2767 869 vestrre
2820 814 3139 884 cognitionis
3186 818 3755 891 contetnplationisque

2182 915 2529 972 congressum
2580 921 2771 961 sensus
2826 922 2976 963 meos
3024 909 3169 964 fonte
3209 911 3497 978 purissimo
3542 913 3754 985 benigni

2184 996 2413 1061 pectoris
2442 998 2705 1065 intrastis,
2736 1007 2814 1063 ut,
2844 999 3138 1068 quamlibet
3178 993 3532 1072 alloqnierttm
3552 1012 3757 1060 vestro-

2183 1102 2297 1141 rum
2330 1103 2547 1143 munera
2579 1091 2810 1159 pretiosa
2847 1108 2952 1146 non
3000 1094 3228 1164 capiam,
3286 1096 3625 1165 prasentitm
3676 1108 3757 1154 ta-

2183 1191 2305 1232 men
2332 1190 2562 1233 vestram
2590 1179 2729 1235 intra
2757 1185 2950 1237 mentis
2991 1184 3253 1253 profunda
3297 1186 3599 1257 possideam
3633 1206 3648 1244 :
3701 1199 3761 1247 ut

2182 1271 2282 1325 etsi
2310 1285 2499 1326 causas
2526 1271 2778 1328 desiderii
2810 1274 3083 1331 refovendi
3111 1277 3442 1333 extrinsecus
3485 1294 3591 1332 non
3622 1282 3759 1338 acci-

2182 1366 2347 1434 piam,
2379 1364 2517 1420 intra
2550 1382 2635 1421 me
2668 1382 2760 1421 eas
2789 1375 2964 1422 tamen
2996 1369 3122 1423 dum
3155 1370 3343 1438 gratiae
3371 1377 3566 1425 vestra:
3598 1372 3760 1429 remi-

2182 1460 2384 1525 niseor,
2433 1459 2720 1512 inveniam.
2781 1459 2960 1528 Neque
3006 1460 3150 1514 enim
3197 1460 3276 1514 fas
3321 1471 3424 1527 est,
3474 1471 3533 1516 ut
3562 1461 3759 1520 bonum

2182 1552 2311 1607 illud
2340 1567 2406 1606 ex
2437 1551 2812 1607 accedentibus
2858 1561 3059 1606 tantum
3108 1552 3346 1622 requirat
3369 1552 3651 1622 adiutoriis
3682 1554 3760 1610 in-

2181 1655 2532 1709 crcmentum,
2564 1643 2703 1713 quod
2729 1642 2975 1697 medullis
3001 1652 3212 1697 constat
3235 1642 3490 1697 infusum.
3543 1644 3661 1711 Quo
3704 1644 3760 1700 Iit

2182 1749 2240 1794 ut
2268 1738 2479 1804 caritas,
2512 1753 2628 1806 quae
2656 1738 2706 1790 in
2753 1736 3047 1791 visceribus
3096 1737 3228 1791 meis
3256 1734 3363 1807 iugi
3407 1734 3759 1792 recollatione

501 1840 580 1885 est
602 1830 740 1899 quod
772 1831 929 1896 emit;
958 1839 1015 1885 et
1041 1830 1264 1885 testibus
1286 1831 1518 1901 prepriis
1549 1832 1987 1896 acclamantibus,
2024 1834 2075 1886 in
2107 1820 2156 1881 Β
2181 1833 2345 1889 vestri
2366 1833 2618 1887 innovata
2640 1830 2919 1895 dulcescit,
2948 1830 3184 1886 caritatis
3213 1831 3342 1885 mihi
3383 1840 3576 1887 vestra:
3602 1831 3760 1889 vicis.

497 1938 556 1978 se
578 1922 799 1979 honoris
830 1936 1040 1989 causas,
1071 1923 1271 1993 refugia
1302 1923 1523 1978 honoris
1553 1924 1818 1979 exhibuit.
1845 1925 2075 1979 Tantum

498 2015 679 2085 itaque
706 2028 900 2068 munus
940 2013 1041 2069 scit
1087 2012 1138 2067 in
1180 2013 1381 2067 (Thristi
1419 2015 1634 2068 nomine
1675 2014 1946 2069 custodire
1987 2016 2074 2084 qui

497 2107 656 2163 scivit
683 2107 987 2177 acquirere.

566 2198 767 2253 Ilarum
814 2208 991 2253 autem
1044 2201 1356 2269 portitorem
1406 2209 1650 2254 sanetum
1704 2200 2074 2269 presbyterum

496 2288 829 2345 Florentium
859 2288 987 2344 mihi
1016 2290 1125 2359 jam
1155 2290 1244 2345 diu
1275 2291 1569 2360 cognitum,
1601 2299 1656 2344 et
1685 2291 1946 2360 exemplis
1967 2306 2079 2345 ma-

496 2380 665 2450 gistri,
696 2392 751 2434 et
780 2395 986 2436 morum
1026 2380 1247 2436 ﬂoribus
1284 2381 1643 2446 adornatum;
1689 2382 1778 2450 qui
1827 2396 1921 2449 pro
1957 2396 2079 2450 ger-

500 2486 671 2526 manm
726 2487 839 2526 sua:
889 2472 1227 2528 absolutione
1274 2474 1663 2542 peregrinatur,
1706 2472 1940 2536 insinuo,
1987 2473 2078 2541 qui

486 2554 631 2621 mihi
664 2574 1022 2635 Opportunum
1053 2566 1317 2619 mediator
1339 2566 1582 2635 ingessit.
1607 2566 1831 2619 Omnem
1860 2566 2075 2618 domum

501 2666 525 2695 ι
558 2667 818 2724 nostram,
845 2656 1083 2713 seniores
1128 2672 1250 2710 cum
1296 2657 1598 2725 junioribus
1641 2664 1866 2725 paterno
1908 2656 2078 2723 SttSpi-

502 2762 676 2805 tamus
704 2748 917 2804 affectu.
952 2749 1205 2804 Conservi
1246 2750 1373 2814 mei,
1404 2749 1674 2803 debitores
1703 2757 1763 2803 et
1783 2748 2076 2801 admirato-

499 2858 585 2897 res
609 2843 792 2909 vestri,
818 2858 1025 2898 meeum
1049 2845 1484 2899 reverentissime
1513 2845 1795 2913 sospitant.
1821 2842 2078 2897 Dominus

497 2946 681 2993 noster
723 2937 1166 3005 magnificandam
1218 2938 1347 2992 mihi
1398 2938 1781 2993 beatitudinem
1840 2947 2076 2993 vestram

500 3028 751 3084 Ecclesize
778 3044 888 3083 sure
916 3029 1262 3099 profectibus,
1282 3030 1583 3099 nostrisque
1612 3030 1820 3100 gaudiis
1843 3031 2075 3100 perfecta

496 3119 834 3190 longaevitate
858 3130 1168 3187 conservet,
1220 3120 1438 3176 domine
1490 3121 1805 3176 beatissime
1833 3165 1848 3189 ,
1894 3119 2071 3176 debita

498 3186 696 3282 pietate
751 3211 1087 3282 suspiciende
1149 3222 1308 3282 atque
1364 3213 1657 3283 apostolica
1700 3186 2146 3283 SBdC'diglliS‘c

498 3301 632 3357 sime
654 3301 838 3358 frater.

758 3472 771 3481 ἢ
832 3398 1186 3454 EPISTOLIE
1240 3400 1725 3457 PSEUDONYMZE

500 3511 545 3567 Α
579 3510 774 3567 Fausto
804 3514 871 3566 ad
898 3513 1168 3588 Ruricium
1215 3514 1618 3588 Lemoviceusetu
1666 3516 1955 3588 episcopum
1983 3517 2072 3571 sub

869 3585 1127 3639 variorum
1154 3586 1441 3640 nominibus
1465 3588 1683 3659 scripula.

1012 3677 1340 3733 EPISTULA
1381 3679 1470 3733 XII
1496 3679 1546 3735 ι).

595 3799 792 3848 lomtno
821 3792 1093 3864 religionis
1131 3794 1336 3849 honore
1372 3794 1589 3851 sublimi
1632 3810 1695 3851 ac
1718 3795 1839 3852 fidei
1872 3798 2074 3855 meritis

496 3884 886 3952 magnificando
910 3886 1019 3940 tilio
1046 3885 1265 3942 Ruricio
1294 3887 1533 3943 Graecus.

563 3981 772 4037 Gratias
803 3981 1046 4048 Domino,
1079 3982 1222 4052 quod
1250 3983 1374 4039 ﬁdei
1415 3991 1608 4040 vestrae
1649 3984 1897 4040 meritum
1936 3988 2078 4043 sicut

500 4070 710 4141 proiicit
738 4072 1058 4141 devotione,
1108 4073 1179 4127 ita
1224 4076 1416 4129 crescit
1460 4086 1512 4130 et
1561 4092 1748 4147 opere.
1802 4077 2075 4132 Laboran-

497 4163 626 4216 tium
658 4163 1003 4217 necessitates
1042 4163 1405 4219 sollicitudine
1438 4169 1718 4235 prmvenis,
1753 4168 2076 4238 ben’gnitate

499 4251 673 4314 foves,
701 4250 1031 4307 humanitate
1056 4262 1347 4309 sustentes.
1384 4257 1473 4309 llis
1517 4260 1659 4311 enim
1716 4259 1897 4326 rebus,
1923 4260 2075 4328 juxta

498 4342 837 4414 Apostolum,
865 4345 1048 4412 spiritu
1085 4345 1357 4415 ferventes,
1400 4346 1620 4403 Domino
1649 4351 1940 4417 servientes,
1987 4370 2079 4423 spe

402 4436 407 4445 '
497 4435 772 4507 gaudentes
802 4437 982 4508 (Rom.
1018 4454 1112 4507 xu,
1150 4438 1263 4509 11),
1312 4440 1519 4496 divinas
1547 4444 1697 4498 vobis
1742 4454 1957 4500 aeterna:
1986 4462 2075 4500 rc-

2180 1923 2465 1978 situdinem
2494 1923 2849 1991 repromittat.
2878 1922 2955 1976 Ae
2980 1923 3056 1976 sic
3078 1922 3303 1977 allectus
3328 1937 3453 1994 erga
3485 1938 3582 1978 vos
3608 1939 3760 1980 meus

2181 2014 2340 2069 vestri
2375 2013 2502 2068 mihi
2528 2013 2689 2068 animi
2724 2013 3005 2083 fidejussor
3030 2014 3256 2082 accedit,
3285 2025 3340 2071 et
3364 2017 3761 2085 quodammodo

2177 2106 2511 2162 conscientia
2539 2105 2811 2160 interioris
2832 2107 2934 2160 mei
2964 2114 3149 2160 mutuo
3196 2106 3324 2160 mihi
3370 2117 3562 2162 vestra:
3609 2110 3760 2164 testis

2180 2200 2485 2254 dilectionis
2525 2200 2775 2255 assistit:
2818 2206 3288 2270 quantumcunque
3334 2199 3463 2255 mihi
3513 2200 3581 2255 de
3609 2201 3760 2256 vobis

2181 2306 2508 2363 prmsumere
2536 2291 2785 2355 debeam,
2817 2299 3049 2345 mentem
3089 2305 3281 2358 meam,
3312 2305 3431 2361 qum
3470 2274 3585 2346 toto
3628 2306 3754 2363 erga

2179 2400 2276 2439 vos
2301 2384 2498 2438 amoris
2528 2383 2721 2438 ardore
2744 2384 2956 2454 ﬂagrat,
2981 2384 3273 2454 interrogo.
3304 2382 3458 2439 Unde
3485 2384 3758 2455 salutatio-

2180 2491 2300 2529 ncm
2329 2475 2597 2538 deferens,
2629 2482 2682 2528 ct
2715 2475 3156 2529 intercessionem
3186 2474 3486 2545 deposcens
3531 2491 3627 2545 pro
3667 2475 3758 2529 ba-

2178 2582 2296 2621 rum
2321 2567 2599 2635 portitore,
2631 2566 3016 2622 insufﬁcientes
3038 2565 3474 2636 gratiasrefero.
3529 2566 3594 2621 Et
3631 2568 3752 2636 quia

2180 2646 2446 2715 infelicem
2469 2661 2634 2727 ipsius
2665 2659 2922 2725 laborem,
2958 2674 3063 2730 quo
3092 2674 3190 2729 pro
3238 2658 3578 2715 absolutione
3623 2675 3757 2715 uxo-

2179 2752 2257 2805 ris
2301 2766 2398 2820 per
2445 2750 2777 2806 diversarum
2824 2750 3099 2820 regionum
3146 2758 3228 2803 est
3264 2749 3497 2818 iactatus
3543 2749 3749 2816 exsilia,

2180 2856 2325 2897 mors
2356 2842 2647 2912 redemptae
2669 2843 2912 2911 protinus
2938 2843 3221 2897 subsecuta
3256 2841 3511 2903 cessavit,
3529 2840 3601 2897 'et
3618 2857 3755 2899 nunc

2179 2948 2363 2989 rursus
2393 2950 2490 3003 pro
2521 2934 2642 2988 ﬁliae
2665 2934 3033 3003 redemptione
3052 2934 3292 2989 anxietas
3313 2941 3538 3002 paterna
3561 2933 3755 2989 disten-

2176 3026 2341 3092 ditur,
2371 3028 2566 3083 vestris
2592 3043 2717 3083 eum
2769 3028 2963 3084 litteris
3013 3026 3261 3098 prosequi
3305 3040 3404 3097 pro
3440 3026 3753 3084 cumulanda

2178 3118 2446 3174 mercedis
2467 3127 2658 3173 vestrae
2689 3118 2932 3173 ubertate
2957 3118 3209 3188 iubeatis.
3754 3166 3759 3173 .

2247 3209 2371 3264 Pius
2398 3209 2659 3266 Dominus
2695 3210 3044 3266 reverendam
3089 3211 3216 3266 mihi
3261 3211 3633 3268 beatitudinem
3659 3224 3749 3265 ve-

2176 3313 2340 3358 stram
2362 3304 2426 3358 ad
2451 3303 2742 3372 profectum
2774 3313 2829 3359 et
2857 3313 3104 3359 ornatum
3134 3304 3388 3361 Ecclesia:
3417 3319 3539 3372 suae,
3561 3313 3612 3360 et
3639 3318 3735 3357 an-

2176 3395 2259 3449 nis
2294 3395 2645 3464 multiplicare
2679 3395 2929 3465 dignetur
2956 3404 3009 3451 et
3044 3396 3269 3464 meritis,
3301 3396 3507 3451 domine
3552 3392 3739 3449 beatis.

2176 3487 2309 3541 sime
2350 3501 2413 3541 ac
2456 3488 2927 3554 reverentissime,
2976 3497 3133 3559 atque
3180 3504 3210 3543 a
3258 3503 3345 3544 me
3391 3489 3565 3545 debito
3604 3486 3749 3545 cultu

2177 3579 2518 3650 singulariter
2546 3580 2878 3638 observande
2909 3581 2961 3636 in
2985 3582 3195 3638 Christo
3221 3592 3466 3653 patrone.

2585 3754 2596 3767 '
2679 3739 3013 3796 EPISTOLA
3040 3739 3155 3796 XIV
3186 3738 3234 3794 ἀ.

2250 3878 2473 3934 Domino
2496 3888 2683 3935 sancto
2705 3895 2767 3935 ac
2792 3880 3122 3948 beatissimo,
3163 3891 3218 3937 et
3259 3884 3402 3937 omni
3446 3882 3575 3938 ntihi
3617 3885 3761 3941 cultu

2177 3978 2338 4039 atque
2367 3969 2575 4024 honore
2598 3970 2905 4025 venerando
2937 3974 3094 4039 patri,
3127 3980 3179 4027 ct
3210 3974 3260 4026 in
3295 3972 3510 4028 Christo
3539 3973 3760 4030 Domino

2180 4068 2407 4127 patrono
2431 4059 2646 4114 Ruricio
2669 4060 2918 4128 episc0po
2950 4071 2973 4097 ε
2996 4060 3297 4115 Tttrcntius.

2250 4151 2463 4205 Littera:
2488 4153 2791 4206 sanctitatis
2822 4161 3015 4207 vestra:
3046 4167 3132 4208 me
3152 4152 3375 4223 spiritali
3407 4154 3528 4208 cibo
3550 4165 3764 4223 pastum

2181 4240 2538 4295 incitaverunt
2569 4242 2634 4296 ad
2665 4258 2815 4311 spem
2848 4242 3165 4309 futurorum,
3214 4255 3267 4297 ct
3309 4244 3472 4297 verba
3523 4247 3766 4316 prophe-

2182 4332 2284 4388 tica
2336 4334 2592 4390 claritate‘
2626 4335 2887 4391 radiantia
2924 4378 2938 4403 ,
2991 4335 3057 4390 ad
3112 4336 3472 4391 discutiendas
3514 4352 3767 4394 errorum

2182 4426 2450 4493 tenebras,
2474 4426 2756 4497 purissima
2786 4429 2905 4484 luce
2930 4428 3210 4483 fulserunt.
3259 4428 3607 4497 Recognosce
3651 4431 3768 4498 ple.-

497 4529 811 4586 tributiones
839 4531 1137 4600 acquiritis.
1169 4532 1295 4603 Sed.
1316 4533 1368 4588 in
1395 4534 1723 4595 sublimitate
1769 4549 1944 4591 ve5tra
1978 4539 2073 4593 ista

2183 4533 2309 4572 num
2339 4519 2579 4575 caritatis
2608 4519 2875 4590 affectum,
2904 4529 2961 4576 et
2988 4521 3348 4576 sinceritatem
3386 4522 3488 4591 pia:
3528 4524 3770 4593 castiga-

2184 4611 2339 4634 .2-..!-
2404 4612 2701 4634 A.....I--.-_
2739 4611 3087 4634 Δ1.......ι2....
3124 4612 3173 4634 2..
3197 4612 3373 4634 --Αμι-ε-
3421 4613 3470 4634 2..
3501 4613 3768 4634 ---μ-12-

499 4638 606 4679 non
637 4639 773 4697 nova
798 4634 963 4692 sunt;
998 4625 1121 4696 quia
1148 4626 1359 4682 animus
1386 4636 1564 4683 vester
1603 4628 1737 4683 sicut
1770 4628 1961 4700 plenus
1997 4640 2079 4687 est

497 4714 591 4770 Dei
627 4715 840 4785 timore,
866 4717 934 4771 ita
960 4717 1145 4787 plenus
1171 4727 1253 4773 est
1274 4720 1529 4786 caritate;
1563 4722 1806 4787 caritate,
1835 4722 2071 4792 inquam,

495 4823 616 4880 quae
636 4808 751 4864 solo
777 4824 871 4864 usu
902 4811 1131 4880 proiicit,
1163 4824 1212 4866 et
1234 4813 1507 4882 largiendo
1530 4816 1842 4882 succrescit,
1862 4828 1914 4871 et
1938 4832 2074 4886 pen-

495 4914 614 4956 sum
644 4901 841 4967 sciens,
866 4910 923 4957 et
967 4901 1287 4958 detrimenta
1330 4920 1432 4959 non
1462 4906 1715 4961 sentiens.
1752 4907 1883 4961 Dum
1932 4911 2071 4964 enim

494 4993 834 5062 dependitur,
862 5010 964 5049 non
997 4997 1354 5067 expenditur;
1385 4998 1477 5053 sed
1512 5000 1701 5069 magis,
1728 5001 1853 5055 dum
1879 5018 2067 5070 proro-

493 5092 666 5154 gatur,
690 5095 942 5155 augetur;
975 5086 1197 5157 ejusque
1220 5088 1385 5158 gratia
1423 5090 1492 5142 ita
1517 5099 1848 5155 muneratur,
1873 5095 2048 5160 perci-

496 5177 674 5246 piens;
689 5188 743 5233 et
763 5193 868 5232 non
885 5179 1181 5234 minoratttr
1195 5181 1524 5249 impertiens,
1541 5197 1657 5252 qure
1671 5181 1735 5235 ad
1758 5183 2016 5238 similitttd
2030 5186 2073 5238 i-

495 5281 616 5325 nem
634 5268 935 5327 Divinitatis
948 5271 1040 5328 dat
1053 5272 1193 5342 quod
1210 5272 1388 5343 habet,
1405 5272 1669 5345 habetque
1684 5273 1823 5345 quod
1840 5274 2069 5333 dederit.

1003 5407 1335 5466 EPISTOLA
1364 5408 1481 5465 XIII
1516 5419 1539 5448 ο
1553 5446 1570 5463 .

565 5502 792 5577 Domino
820 5520 1132 5579 beatissimo
1162 5536 1225 5579 ac
1247 5522 1687 5580 reverentissimo
1739 5531 1900 5581 atoue
1929 5538 1958 5579 a
1984 5538 2071 5582 me

567 5672 592 5702 ⁸
626 5661 789 5719 Forte
819 5674 1054 5721 vestram.

566 5734 595 5774 ι’
616 5733 771 5803 Apud
800 5734 1072 5803 Canisiutn
1105 5738 1170 5793 Χ.

570 5821 591 5850 c
624 5802 779 5873 Apud
807 5802 1075 5863 Canisiutn
1107 5808 1195 5862 XI.

2184 4611 2363 4666 tionis.
2395 4612 2702 4683 Amplector
2733 4611 3091 4681 eloquentiam
3124 4612 3177 4667 in
3197 4612 3394 4679 verbis,
3421 4613 3473 4666 in
3495 4613 3771 4684 exemplis

2183 4701 2585 4772 perfectionem,
2619 4702 2671 4757 in
2707 4703 2932 4759 consilio
2968 4704 3213 4774 gratiam,
3265 4703 3318 4757 in
3363 4703 3544 4759 officio
3588 4705 3770 4761 indul-
3858 4764 3861 4767 _

2179 4795 2435 4865 gentiam,
2487 4796 2538 4849 in
2587 4797 2813 4852 veritate
2864 4795 3251 4862 con5tantiam,
3294 4795 3346 4850 in
3391 4794 3770 4853 admonitione

2181 4885 2461 4942 veritatem
2487 4894 2541 4942 et
2572 4886 2869 4941 scientiam.
2904 4886 3145 4941 Probatis
3175 4885 3227 4940 in
3256 4885 3503 4955 dogmate
3540 4900 3646 4941 vos
3671 4903 3765 4941 att-

2182 4976 2357 5045 tiquos
2386 4976 2777 5048 Scripturarum
2806 4978 3155 5047 interpretes,
3186 4984 3240 5032 et
3262 4977 3566 5032 divinorum
3608 4979 3768 5032 volu-

2181 5069 2383 5122 minum
2412 5076 2747 5133 tractatores,
2787 5067 3085 5123 veneranda
3116 5068 3243 5122 mihi
3274 5067 3511 5134 nomina,
3535 5069 3772 5139 Cypria-

2176 5175 2338 5226 num,
2392 5160 2787 5230 Augustinum,‘
2825 5160 3103 5225 llilarium,
3141 5158 3502 5226 Ambrosium,
3559 5161 3666 5215 sed
3721 5171 3776 5217 et
3858 5192 3863 5195 -

2177 5250 2410 5305 illustres
2439 5250 2574 5305 alios
2612 5249 2875 5305 facundiae
2903 5249 3035 5304 ﬂore
3065 5258 3380 5315 vernantes,
3425 5249 3565 5305 alios
3606 5260 3669 5307 et
3720 5246 3773 5307 in

2174 5343 2479 5401 revelandis
2525 5342 2906 5400 occultioribus
2945 5341 3240 5413 spiritales,
3285 5341 3421 5397 alios
3458 5338 3819 5415 mulcendis:

2182 5438 2551 5507 imperitorum
2576 5437 2824 5494 sensibus
2852 5434 3207 5500 blandientes,
3240 5434 3377 5489 alios
3402 5435 3455 5490 in
3493 5434 3631 5491 fidei
3679 5451 3775 5491 as-

2178 5530 2413 5587 sertione
2471 5536 2788 5601 pugnantes.
2835 5525 3129 5584 Praeteritre
3155 5524 3542 5582 calumniamur
3588 5529 3772 5593 aetati,

2256 5671 2278 5708 ί¹
2299 5672 2452 5739 Apud
2481 5670 2751 5725 Canisium
2783 5667 2905 5723 XII.

2257 5754 2275 5777 ε
2303 5735 2468 5805 AIias.
2498 5742 2747 5795 Turitius.
2773 5738 3055 5805 Tureilius,
3088 5735 3414 5793 Taurenfiua.
