4090 6330
332 363 438 415 ἃ)ϋό

1786 353 2163 412 ΕΡΙΒΪΟΙΑΣ.

3372 313 3660 419 ιιςίιιὲ⁴

326 471 469 544 quod
494 470 636 526 viros
657 468 776 525 illos
802 466 1156 525 admiratione
1184 466 1528 538 dignissimos
1560 464 1680 521 haec
1721 477 1913 521 saecula
1939 467 1994 529 Α
2016 466 2161 524 dicta
2186 476 2332 534 sunt,
2364 469 2647 527 desideriis
2668 470 2974 539 obsistunt;
3014 485 3167 545 rogo,
3205 479 3261 529 et
3301 485 3398 544 per
3430 473 3589 532 Chri-

326 581 435 621 non
456 564 691 620 tulerunt
713 580 729 621 :
761 578 855 634 pro
873 570 1023 619 certo
1042 561 1342 619 doctrinam
1359 560 1588 633 junioris
1610 557 1906 627 ambirent,

1980 576 1985 579 ·
2016 566 2160 614 stum
2192 573 2285 614 vos
2315 559 2526 629 adjuro,
2558 571 2618 617 ut
2641 576 2725 617 me
2764 563 2917 620 vobis
2942 572 3119 620 vestra
3161 578 3374 635 semper
3419 566 3593 637 pietas

324 659 415 729 qui
445 666 571 739 ante
598 655 914 729 docuerunt.
948 656 1059 728 Ego
1093 663 1271 712 autem
1299 663 1508 711 aetatem
1538 668 1656 711 eam
1686 668 1794 710 non
1843 653 1913 709 de
2003 659 2386 720 .repratsentet.
2410 650 2518 706 Nec
2543 652 2816 722 patiamini
2854 662 2911 709 ut
2938 669 3053 725 pro
3077 653 3382 711 ofﬁciorum
3424 655 3593 713 tardi-

325 747 629 803 canentium
661 747 932 817 putamine
983 746 1293 817 capillorum
1322 784 1338 810 ,
1392 759 1512 813 nec,
1562 745 1702 801 sicut
1738 744 1911 801 beati-

324 839 455 893 tndo
482 846 659 894 vestra
684 838 751 893 de
779 837 1019 893 saeculari
1049 845 1267 893 auctore
1288 844 1527 892 mutuata
1566 845 1649 891 est
1669 876 1685 903 ,
1714 835 1783 890 de
1821 849 1913 892 co-

327 930 444 984 lore
474 929 650 982 barba:
686 927 916 984 albentis
943 940 1197 998 agnosco.
1251 927 1385 981 Cum
1424 926 1633 982 etiamsi
1672 940 1779 982 non
1823 940 1911 980 es-

328 1034 445 1075 sem
476 1019 527 1075 in
558 1030 810 1089 computo
838 1020 1187 1085 senescentis,
1222 1034 1392 1075 annos
1417 1019 1722 1089 decrepitos
1742 1033 1912 1075 mem-

316 1111 547 1170 .brorum
572 1126 665 1181 per
687 1112 857 1168 morbi
880 1098 1207 1168 incrementa
1233 1113 1512 1170 sentirem.
1537 1112 1644 1169 Sed
1670 1114 1911 1169 omnium

325 1218 547 1274 precum
576 1203 876 1260 humilitate
895 1204 1148 1276 deposco,
1176 1215 1238 1261 ut
1284 1222 1381 1276 pro
1419 1207 1755 1263 correctione
1796 1222 1914 1263 mo-

323 1309 443 1351 rum
474 1310 734 1365 meorum,
764 1311 862 1367 pro
898 1296 1210 1367 inspirando
1254 1299 1382 1353 mibi
1427 1298 1698 1355 desiderio
1738 1298 1913 1369 pumi-

323 1387 502 1453 tendi,
540 1402 638 1458 pro
684 1387 893 1443 Domini
940 1388 1111 1444 nostri
1155 1389 1553 1460 propitiatione,
1606 1390 1660 1444 in
1708 1390 1911 1444 sanctis

327 1480 526 1538 vestris
546 1479 875 1536 orationibus
904 1482 1233 1551 supplicetis,
1282 1490 1339 1536 ut
1385 1483 1473 1551 qui
1519 1480 1585 1535 ad
1635 1480 1908 1537 vitandum

326 1572 570 1642 proclive
596 1559 737 1628 illius
756 1571 858 1627 vite
885 1571 940 1627 in
969 1571 1267 1643 perniciosa
1302 1573 1594 1642 vergentis,
1618 1580 1820 1627 rectum
1855 1580 1909 1627 et

326 1679 454 1721 cum
480 1665 665 1721 labore
688 1663 1037 1736 gradientium
1072 1666 1172 1720 iter
1198 1664 1502 1731 ostenditis,
1535 1673 1589 1719 et
1609 1665 1908 1735 ingressum

321 1757 452 1816 boni
472 1757 651 1828 operis
676 1767 731 1813 et
782 1757 881 1827 pia:
908 1756 1298 1813 emendationis
1322 1756 1607 1811 obtineatis
1635 1756 1902 1821 effectum,

2018 749 2129 797 tate
2170 741 2447 797 caritatem
2492 744 2799 810 imminuat,
2849 754 2943 802 aut
2972 745 3197 803 oﬂuscet
3227 746 3445 814 oblivio,
3494 747 3591 804 sed

2014 845 2115 902 pro
2144 847 2251 899 me,
2302 834 2443 888 sicut
2494 832 2669 890 facere
2712 850 2807 891 vos
2854 846 3036 895 certus
3078 853 3216 905 sum,
3261 837 3595 896 incessanter

1974 948 1981 951 λ
2015 923 2221 991 oretis;
2267 934 2322 980 ct
2370 925 2581 995 quoties
2619 935 2972 996 opportunum
3018 928 3210 999 fuerit,
3249 944 3465 988 servum
3504 944 3596 988 ve-

2015 1023 2184 1073 strum
2212 1030 2309 1087 per
2328 1017 2595 1088 colloquia
2627 1017 2923 1075 litterarum
2952 1021 3170 1079 visitare
3190 1021 3500 1093 dignemini.

2531 1128 2860 1186 EPISTOLA
2883 1130 3000 1186 XVI
3031 1142 3078 1187 ο.

2085 1220 2311 1276 Domino
2338 1229 2524 1276 sancto
2550 1236 2613 1276 ac
2645 1221 2956 1278 beatissimo
3000 1232 3056 1279 et
3103 1225 3397 1295 apostolica
3439 1239 3593 1283 reve-

2012 1310 2186 1365 rentia
2214 1309 2575 1381 suscipiendo,
2608 1328 2784 1383 papte,
2823 1321 2878 1370 et
2903 1328 3025 1371 meo
3058 1315 3277 1386 speciali
3317 1316 3456 1387 apud
3485 1315 3589 1373 Do-

2012 1401 2214 1457 minum
2243 1411 2470 1472 patrono
2497 1403 2716 1459 Ruricio
2740 1404 2988 1462 Sedatus.

2082 1492 2287 1549 Refecit
2319 1510 2405 1550 me
2448 1494 2587 1551 ﬁlius
2630 1505 2832 1564 noster,
2882 1497 3131 1568 salutem,
3187 1498 3591 1557 salutationem-

2010 1599 2115 1655 que
2137 1595 2278 1641 tuam
2312 1586 2560 1644 nuntians
2588 1605 2608 1643 :
2639 1604 2735 1658 per
2761 1606 2921 1660 quem
2946 1605 3046 1661 ego
3091 1605 3223 1663 quas
3274 1608 3379 1648 non
3427 1594 3599 1649 merui

2010 1674 2253 1731 litteras?
2283 1677 2415 1735 Dedi
2446 1695 2511 1734 ex
2541 1679 2643 1735 hoc
2672 1680 2939 1738 desiderio
2978 1696 3100 1737 meo
3149 1683 3508 1753 satisfaciens,
3555 1684 3602 1738 si

2012 1768 2097 1823 vel
2119 1768 2285 1825 ol'licii
2328 1770 2393 1825 ad
2433 1786 2529 1826 vos
2570 1772 2758 1842 pagina
2808 1773 3138 1842 perveniret.
3189 1773 3375 1830 Saluto
3424 1775 3602 1846 itaque

320 1866 434 1908 non
463 1852 517 1906 in
545 1851 756 1907 fervore
782 1850 1102 1919 discipline,
1135 1850 1230 1907 sed
1258 1851 1310 1906 I0
1352 1850 1700 1922 indulgenti-.1:
1737 1852 1907 1908 medi-
1939 1842 1987 1903 Β
2015 1858 2325 1932 plurimum,
2348 1870 2403 1917 ει
2424 1876 2552 1933 rogo
2578 1878 2674 1932 per
2699 1863 2845 1917 illam
2871 1864 3150 1921 caritatem
3173 1880 3291 1935 qua}
3326 1865 3456 1921 mihi
3504 1842 3591 1919 5r-

319 1943 446 2001 cina
490 1953 542 2001 et
586 1942 971 2002 misericordia:
1019 1944 1258 2002 lenitate.
1310 1946 1458 2001 Ilanc
1506 1962 1717 2017 quoque
1759 1947 1911 2003 vobis

320 2037 564 2097 conferte
588 2038 892 2094 mercedem
926 2056 940 2092 :
981 2038 1190 2095 debetis
1217 2039 1358 2093 enim
1400 2038 1553 2094 fenus
1582 2039 1808 2094 Domino
1845 2039 1913 2094 de

324 2128 602 2199 thesauro,
634 2130 723 2200 qui
752 2130 875 2185 fidei
907 2140 1102 2186 vestra:
1124 2131 1354 2187 traditus
1387 2141 1441 2188 et
1478 2132 1630 2187 vobis
1654 2132 1744 2187 illo
1767 2147 1914 2188 com-

322 2220 620 2278 mendantc
648 2230 933 2292 susceptus
952 2233 1053 2279 est.

274 2322 277 2325 '
397 2312 669 2384 Acquirite
688 2313 1065 2384 desperantes,
1107 2316 1313 2387 arguite
1356 2318 1709 2387 negligentes,
1754 2317 1908 2372 dedi-

321 2415 411 2462 tos
437 2420 626 2462 somno
654 2405 854 2476 ignava:
873 2408 1175 2463 securitatis
1204 2408 1462 2472 excutite,
1511 2407 1724 2463 desides
1765 2409 1911 2463 exci-

320 2505 454 2552 tate.
508 2497 668 2552 Decet
732 2511 884 2554 ovem
932 2499 1193 2569 perditam
1252 2499 1305 2553 in
1365 2500 1603 2555 humeris
1653 2499 1765 2555 suis
1822 2500 1916 2555 bo-

321 2604 455 2644 num
512 2597 787 2660 reportare
839 2600 1104 2659 pastmem
1135 2632 1151 2658 ,
1205 2600 1261 2647 et
1319 2591 1696 2647 munitioribus
1749 2591 1917 2650 caulis

321 2696 419 2739 cas
440 2681 630 2753 quibus
668 2682 821 2754 lupus
850 2683 1130 2739 insidiatur
1160 2683 1451 2740 includere.
1740 2670 1761 2689 ⁸

400 2777 653 2833 Sanctum
698 2777 1090 2848 Augustinum,
1142 2779 1280 2834 sicut
1335 2778 1653 2846 jusseratis,
1717 2778 1916 2844 inveni,

322 2884 486 2941 quem
534 2885 654 2928 cum
698 2871 810 2926 lilio
851 2873 1121 2927 communi
1172 2872 1393 2927 ltustico
1438 2874 1754 2942 presbytero
1798 2886 1920 2928 esse

327 2964 639 3021 credebam.
661 2964 852 3034 Opera:
879 2966 1106 3035 pretium
1136 2974 1217 3020 est
1239 2974 1296 3019 ut
1321 2965 1656 3020 admiremini
1686 2964 1918 3020 studimn

327 3071 531 3126 meum,
578 3058 719 3128 quod
765 3073 885 3128 qua:
933 3057 1187 3127 opuscula
1244 3057 1591 3123 continebat,
1643 3056 1919 3126 hucusque

328 3150 527 3207 nescivi
559 3163 711 3216 sane,
732 3161 759 3189 ιι
790 3148 1120 3219 capitulatim
1142 3150 1250 3221 jam
1280 3149 1473 3206 librum
1509 3150 1801 3205 traditurus
1834 3151 1917 3204 in-

328 3243 505 3313 spexi.
534 3241 860 3299 Chartaceus
892 3242 1024 3299 liber
1052 3252 1158 3311 est,
1184 3254 1236 3299 et
1266 3242 1332 3298 ad
1361 3242 1634 3299 ferendam
1668 3222 1991 3313 injuriam'c

331 3348 517 3405 parum
540 3334 694 3392 fortis
724 3354 737 3390 :
783 3337 906 3406 quia
936 3335 1093 3394 citius
1114 3337 1321 3405 charta,
1352 3338 1491 3393 sicut
1521 3338 1691 3394 nostis
1711 3378 1727 3405 ,
1764 3348 1920 3394 vetu~

333 3438 473 3484 state
502 3429 860 3495 consumitur;
891 3429 1049 3499 legite
1073 3430 1118 3484 si
1150 3428 1319 3495 lubet,
1351 3438 1513 3500 atque
1555 3431 1915 3486 transcribite.

335 3516 403 3572 Et
428 3532 587 3586 spero
617 3530 673 3572 ut
698 3527 977 3587 postquam
1008 3518 1159 3574 vobis
1181 3519 1320 3575 bene
1362 3519 1607 3589 cognitus
1636 3521 1817 3588 fuerit,
1848 3520 1916 3574 ad

340 3622 447 3673 me,
480 3606 563 3660 cui
591 3615 676 3662 est
725 3608 1049 3679 incognitus,
1101 3610 1440 3674 remittatur;
1482 3609 1607 3677 quia
1652 3600 1922 3681 corrigere

341 3699 720 3769 negligentiam
764 3714 936 3756 meam
996 3701 1330 3771 lrequentata
1378 3694 1708 3759 membrana:
1755 3704 1921 3774 ipsius

338 3789 567 3849 lectione
592 3792 836 3863 dispono.
864 3793 968 3849 Ora
1000 3808 1094 3862 pro
1123 3810 1229 3852 me.

358 3874 363 3877 ’
832 3884 1166 3943 El‘lSTOLA
1196 3886 1288 3942 xv
1316 3886 1367 3941 δ.

412 3978 636 4035 Domino
662 3988 848 4036 sancto
894 3995 959 4037 ac
997 3980 1310 4037 beatissimo
1352 3989 1408 4037 et
1443 3982 1733 4052 apostolica
1764 3997 1919 4039 reve-

347 4074 519 4129 rentia
548 4072 908 4144 suscipiendo,
940 4086 1091 4143 papa:
1117 4071 1332 4128 Ruricio
1352 4062 1604 4130 Sedatus.

412 4164 555 4220 Satis
582 4138 808 4229 credidi,
838 4138 901 4220 et
916 4138 1076 4234 quam
1117 4162 1315 4220 habere
1344 4164 1446 4221 iter
1491 4164 1645 4220 vobis
1690 4163 1922 4220 laborio-
1988 4138 1993 4141 I

337 4270 457 4311 sum
490 4266 652 4325 CSeeI,
680 4266 734 4311 et
761 4254 1111 4311 vehementer
1130 4254 1308 4325 optavi
1336 4264 1395 4310 ut
1432 4256 1500 4310 ad
1541 4257 1918 4312 necessitatem

339 4349 520 4415 istam,
544 4364 663 4418 qua:
692 4348 776 4404 hic
802 4362 900 4404 nos
926 4347 1190 4413 exhibuit,
1230 4348 1486 4404 veniretis
1512 4348 1595 4405 vel
1638 4364 1733 4420 per
1760 4364 1921 4407 occa-

338 4439 577 4507 sionem;
611 4449 660 4495 ct
686 4439 1112 4497 benedictionem
1143 4448 1377 4496 vestram
1404 4455 1663 4504 mererer.
1696 4450 1750 4498 et
1778 4441 1922 4498 desi-

339 4530 549 4586 derium
578 4546 863 4589 commune
886 4541 1069 4586 mutuo
1094 4530 1380 4587 satiaretur
1406 4540 1623 4600 aspectu
1649 4550 1662 4599 ;
1711 4542 1766 4589 et
1790 4548 1920 4589 vere

340 4629 688 4691 posteaquam
713 4636 801 4676 me
823 4623 1122 4691 praesentiat
1160 4633 1355 4678 vestra:
1385 4637 1507 4693 spes
1537 4623 1789 4678 frustrata
1811 4634 1915 4691 est,

339 4714 491 4768 velut
515 4713 580 4769 de
618 4722 861 4769 votorum
890 4712 1123 4770 culmine
1148 4715 1409 4785 dejectus,
1434 4723 1489 4771 et
1523 4715 1695 4781 labor,
1722 4715 1811 4785 qui
1836 4716 1920 4770 in-

339 4805 547 4870 cubuit,
578 4815 633 4860 et
670 4804 911 4860 absentia
938 4804 1152 4871 domus,
1190 4816 1246 4859 et
1287 4806 1486 4870 omnia,
1533 4805 1723 4883 quibus
1766 4805 1922 4875 aegri-

340 4896 474 4952 tudo
493 4895 733 4966 decepta:
761 4896 896 4966 spei,
928 4905 984 4951 et
1009 4898 1254 4953 anxietas
1276 4897 1577 4953 cumulatur
1605 4882 1656 4950 in
1672 4882 1919 4951 animum

340 5002 524 5043 meum
555 4987 753 5056 pariter
778 4997 1165 5043 convenerunt.
1199 4989 1266 5044 Et
1312 4988 1415 5044 scit
1460 4985 1737 5055 Dominus,
1782 4988 1925 5057 quod
1958 5034 1959 5037 η

341 5084 392 5139 si
418 5082 562 5139 vires
587 5092 951 5155 suppeterent,
981 5093 1072 5140 aut
1100 5099 1289 5155 parere
1316 5083 1619 5148 desideriis,
1650 5081 1820 5138 aetatis
1847 5083 1929 5138 in-

346 5178 574 5232 tirnntas
617 5187 918 5248 pateretur;
965 5188 1058 5233 aut
1098 5178 1144 5232 si
1182 5185 1362 5234 essent
1411 5175 1679 5242 animalia,
1731 5175 1927 5247 quibus

347 5277 556 5324 tantum
603 5270 981 5341 taliitempore
1029 5281 1210 5342 posset
1254 5271 1461 5326 itineris
1515 5269 1780 5340 expediri.
1820 5285 1926 5326 non

351 5360 502 5430 prius
533 5373 636 5431 ego
665 5375 697 5416 a
722 5361 915 5417 Tolosa
940 5373 1259 5437 reverterer,
1287 5379 1443 5433 quam
1474 5362 1816 5419 beatitudinis
1835 5379 1929 5419 ve-

349 5462 483 5508 stra
511 5462 568 5509 et
602 5454 886 5525 singularis
916 5454 1056 5510 illius
1084 5457 1320 5512 caritatis
1360 5456 1787 5514 benedictionem
1827 5458 1926 5514 de-

350 5543 794 5604 sideratissimam
817 5561 1173 5617 promererer.
1208 5548 1312 5604 Sed
1339 5550 1459 5619 quia
1484 5549 1598 5604 ha:c
1622 5564 1740 5618 quae.
1767 5564 1928 5619 supra

427 5687 455 5748 9
495 5678 655 5735 Forte
680 5678 919 5748 Capitula
949 5687 1114 5735 tamen
1135 5681 1338 5737 librum.

427 5747 458 5789 ι’
484 5750 637 5817 Apud
668 5747 937 5806 Canisium
968 5750 1104 5805 XIII.

434 5830 455 5860 ε
483 5820 635 5889 Apud
661 5821 933 5889 (Ianisiuui
974 5821 1115 5878 XIV.

2016 1953 2211 2009 fectum
2235 1954 2706 2027 dignationemque
2737 1966 2879 2011 tuam
2916 1958 3145 2024 nuntiat,
3196 1972 3263 2013 ne
3307 1966 3361 2014 te
3402 1959 3597 2029 pigeat,

2014 2048 2227 2116 qumies
2250 2055 2629 2118 Opportunum,
2651 2064 2865 2104 servum
2891 2057 3035 2105 tuum
3060 2049 3357 2105 litterarum
3380 2064 3603 2105 munere

2015 2140 2253 2196 visitare.
2279 2141 2416 2209 Quia
2449 2150 2615 2197 testor
2645 2140 2927 2196 Dominum
2951 2141 3093 2212 quod
3126 2150 3243 2211 post
3265 2142 3604 2214 praesentiam

2018 2242 2163 2288 tuam
2193 2233 2323 2287 nihil
2353 2234 2481 2288 mihi
2514 2233 2720 2289 dulcius
2749 2243 2854 2299 est,
2879 2249 3038 2304 quam
3065 2235 3109 2288 si
3141 2234 3460 2305 colloquium
3507 2234 3604 2290 de-

2024 2326 2467 2380 siderantissimae
2493 2327 2725 2394 pietatis,
2767 2326 2852 2380 vel
2892 2326 3190 2382 litterarum
3237 2328 3602 2398 dignationem

2028 2433 2297 2473 meruero.
2328 2418 2475 2488 llogo
2502 2420 2685 2486 etiam,
2713 2428 2766 2473 et
2788 2421 2933 2474 omni
2957 2435 3117 2489 prece
3138 2422 3391 2491 deposco,
3417 2430 3473 2476 ut
3507 2435 3604 2491 pro

2018 2514 2128 2577 tne,
2154 2511 2291 2564 sicut
2322 2509 2495 2566 facere
2526 2526 2620 2565 vos
2649 2519 2827 2566 certus
2847 2527 2987 2578 sum,
3025 2513 3142 2567 sine
3181 2513 3479 2568 cessatione
3518 2512 3599 2567 in-

2022 2602 2299 2658 tercedere
2329 2613 2382 2658 et
2432 2618 2587 2656 mare
2616 2601 2930 2673 dignemini.
2962 2602 3131 2660 Filios
3171 2615 3382 2660 nostros
3428 2612 3483 2659 et
3510 2618 3604 2660 vc-
3669 2642 3675 2648 -

2029 2710 2225 2750 nerans
2256 2704 2311 2750 ct
2338 2695 2653 2750 desiderans
2680 2695 2875 2752 saluto.

2530 2810 2861 2867 EPISTULA
2892 2812 3031 2867 XVII
3055 2809 3098 2867 (ί.

2097 2922 2325 2979 Domino
2354 2931 2561 2993 sancto,
2592 2924 2797 2979 meritis
2832 2925 3163 2992 beatissimo,
3199 2939 3369 2995 papae,
3393 2924 3607 2982 honoris

2025 3014 2169 3068 cultu
2215 3015 2592 3085 suspiciende,
2659 3026 2819 3087 atque
2875 3017 3171 3086 apostolico
3216 3016 3351 3086 patri
3392 3015 3608 3072 domino

2025 3101 2244 3159 Ruricio
2273 3106 2526 3175 episcopo
2550 3103 2845 3163 Enl'rasius.

2098 3190 2395 3252 deiosam
2446 3197 2696 3273 pietatem
2739 3206 2968 3253 vestram
3018 3213 3138 3255 csse
3193 3197 3337 3254 tenui
3397 3211 3610 3254 rumore

2022 3290 2283 3358 cognovi;
2332 3288 2426 3345 sed
2462 3287 2653 3344 harum
2701 3289 2940 3359 bajulum
2972 3288 3256 3357 destinavi,
3285 3298 3344 3344 ut
3368 3287 3609 3344 anxieta-

1984 3370 2131 3439 .'tem
2161 3382 2440 3437 meam-de
2488 3382 2782 3437 acerbitate
2832 3383 3001 3437 nuntii
3045 3383 3296 3439 celeriter
3331 3382 3609 3438 reveletis.

2022 3474 2158 3542 Quia
2187 3474 2287 3528 scit
2316 3472 2492 3527 divina
2538 3472 2708 3543 pietas
2752 3473 2893 3543 quod
2926 3482 2979 3529 et
3008 3473 3276 3529 tristitiam
3302 3481 3358 3529 et
3384 3473 3610 3527 infirmi-

2025 3575 2188 3621 tatem
2210 3574 2442 3621 vestram
2476 3581 2581 3621 non
2609 3565 3013 3636 compatientis,
3039 3566 3132 3620 sed
3166 3565 3485 3635 perferentis
3520 3563 3611 3617 do-

1988 3714 1991 3717 λ
2024 3658 2143 3713 lore
2168 3657 2452 3727 participe.
2483 3657 2572 3712 Sic
2616 3656 2974 3727 ita‘concedat
3008 3656 3189 3712 divina
3222 3656 3514 3720 miseratio,
3555 3661 3612 3714 ul

2026 3750 2159 3805 mihi
2195 3749 2488 3817 permultos
2514 3762 2685 3803 annos
2713 3750 2994 3804 exterioris
3035 3749 3202 3803 vestri
3249 3749 3509 3817 vigorem,
3560 3754 3611 3803 et

2024 3842 2361 3897 alacritatem
2413 3840 2633 3910 integrae
2676 3841 2919 3895 sanitatis
2969 3839 3261 3909 indulgeat.
3309 3839 3443 3907 Quia
3488 3855 3613 3895 vere

2028 3944 2157 3989 tunc
2186 3942 2492 4003 reparatum
2524 3947 2645 3988 esse
2675 3947 2761 3989 me
2791 3932 2985 3997 sentio,
3027 3931 3074 3988 si
3114 3931 3181 3986 de
3224 3932 3480 4001 sospitate
3522 3945 3611 3986 ve-

2030 4035 2142 4083 stra
2171 4027 2404 4084 celerius
2428 4036 2609 4097 optata
2637 4041 2961 4096 cognovero.

2523 4137 2853 4194 EPISTOLA
2876 4134 3040 4192 XVIII
3075 4148 3118 4189 θ.

2104 4252 2335 4310 Domino
2376 4260 2564 4308 sancto
2606 4249 2951 4305 meritissimo
2993 4250 3048 4303 in
3087 4246 3286 4302 Christi
3330 4246 3608 4304 luminaria

2031 4343 2379 4416 prmfercndo
2438 4351 2492 4399 et
2555 4342 2840 4413 plurimum
2889 4339 2943 4395 in
2994 4338 3210 4394 Christo
3252 4337 3607 4395 desiderando

2026 4436 2505 4510 piissimodomino
2522 4435 2743 4491 Ruricio
2759 4433 3014 4504 episcopo
3026 4430 3289 4488 Caesarius
3305 4430 3605 4501 episcopus.

2102 4531 2237 4585 Dum
2267 4531 2489 4585 nimium
2519 4527 2861 4584 tribularetur
2896 4524 3109 4579 animus
3136 4538 3309 4586 meus,
3342 4536 3508 4592 quare
3540 4520 3609 4576 ad

2033 4621 2298 4691 synodum
2311 4628 2542 4675 vestram
2559 4615 2896 4686 praesentiam
2915 4627 3020 4667 non
3032 4612 3326 4667 meruimus
3342 4610 3607 4676 obtinere,

1986 4760 1991 4763 _
2029 4720 2246 4767 sanctus
2276 4719 2332 4766 et
2349 4709 2578 4764 domnus
2603 4720 2756 4763 meus
2771 4703 2943 4759 Verus
2967 4702 3251 4771 episcopus
3271 4700 3401 4755 mihi
3423 4699 3611 4770 digna-

2027 4809 2118 4857 tus
2147 4811 2232 4857 est
2263 4800 2464 4865 dicere,
2488 4797 2629 4869 quod
2654 4810 2748 4866 per
2760 4809 2914 4850 suum
2937 4793 3225 4848 diaconum
3247 4790 3378 4846 mihi
3402 4789 3421 4827 τ
3440 4791 3609 4861 Agate

2029 4904 2237 4952 vestras
2266 4894 2472 4950 litteras
2496 4890 2843 4955 destinasset,
2868 4900 3001 4958 quas
3028 4899 3127 4956 ego
3152 4884 3333 4940 nescio
3354 4898 3461 4954 quo
3483 4897 3611 4938 casu

1994 4974 1995 4977 I
2034 5000 2259 5060 antqua
2287 4985 2610 5057 negligentia
2633 4998 2719 5039 me
2745 4996 2853 5038 non
2896 4981 3106 5037 retineo
3142 4977 3462 5047 suscepisse.
3504 4974 3613 5032 Sed

2034 5092 2217 5139 tamen
2242 5090 2429 5137 sancto
2454 5088 2511 5136 et
2538 5077 2755 5135 domino
2784 5090 2905 5131 meo
2929 5073 3080 5130 fratri
3108 5079 3288 5128 vestro
3316 5068 3615 5126 certissime

2032 5176 2233 5243 credo;
2265 5184 2320 5231 et
2348 5174 2489 5230 malo
2520 5156 2623 5229 hoc
2652 5168 2930 5243 portitoris
2963 5164 3301 5237 negligentiae
3329 5164 3613 5234 imputare.

2037 5271 2146 5329 Sed
2180 5270 2304 5326 licet
2328 5276 2544 5325 sanctos
2568 5277 2623 5322 et
2651 5262 3037 5321 desiderabiles
3066 5267 3273 5316 vestros
3306 5259 3489 5329 apices
3512 5257 3615 5313 mi-

2037 5364 2243 5430 seritis,
2275 5373 2456 5418 tamen
2484 5360 2623 5416 sicut
2649 5357 2752 5427 ipsi
2791 5355 2993 5425 optime
3035 5350 3227 5422 nostis,
3252 5348 3616 5421 dignissimum

2036 5458 2209 5513 fuerat
2234 5463 2292 5510 ut
2320 5465 2604 5524 personant
2624 5445 2927 5516 dirigeretis
2951 5459 3072 5515 qua:
3100 5441 3166 5498 ad
3194 5441 3364 5498 vicem
3386 5447 3617 5496 vestram

2036 5548 2435 5611 subscriberet;
2459 5552 2512 5600 et
2535 5541 2678 5613 quod
2697 5540 2868 5597 sancti
2890 5537 3083 5595 fratres
3108 5534 3274 5593 vestri
3294 5539 3615 5599 statuerunt,

2103 5647 2154 5725 ’ἀ
2176 5682 2331 5753 Apud
2360 5680 2628 5755 Qanisium
2650 5677 2774 5755 χιι.

2174 5745 2326 5826 Apud
2354 5751 2627 5826 Canisiom
2648 5745 3002 5826 idem‘XVllI.

2130 5829 2153 5865 ³
2169 5824 2328 5882 Forte
2356 5840 2387 5879 a
2416 5824 2661 5880 clmriialc
2686 5825 2871 5876 vestra.

2286 5964 2391 5975 “ea.
