4090 6330
512 320 620 394 86ft
700 304 706 311 ’

1743 322 1804 379 S.
1846 317 2096 377 FAUSTI
2136 320 2543 378 RiiEGlENSlS

3689 327 3795 386 868

511 440 568 497 in
597 449 826 507 persona
850 444 1025 492 vestra
1066 436 1387 495 ﬁrmaretur.
1444 436 1553 492 Sed
1594 436 1717 507 quia
1767 437 1891 494 novi
1934 452 2098 508 quam
2125 442 2181 502 Α
2202 441 2374 494 rentia
2423 436 2763 507 suscipiendo
2787 437 3007 498 domino
3028 448 3081 499 et
3104 457 3255 514 papa:
3284 443 3509 501 Ruricio
3538 445 3796 520 episcopo

454 590 461 599 Ἰ
512 538 721 593 sancto,
747 543 808 581 ac
831 527 1115 598 frequenti,
1139 536 1195 584 et
1216 528 1304 598 pio
1330 529 1600 585 desiderio
1625 529 1888 587 interesse
1914 530 2097 585 volue-

447 603 456 607 ﬂ
510 620 631 675 ritis
671 620 920 675 omnibus
969 620 1225 676 fratribus
1271 623 1464 678 vestris
1492 661 1508 689 ,
1551 631 1734 679 velum
1771 632 2006 680 vestrum
2045 630 2099 677 et

508 721 748 767 sanctam
780 713 1105 769 voluntatem
1134 715 1379 784 exposui,
1413 731 1507 785 pro
1532 731 1637 786 qua
1658 732 1718 771 re
1746 715 1882 772 nihil
1914 715 2097 785 pietati

507 811 701 859 vestras
742 806 824 860 vel
871 807 1173 875 potuimus,
1209 807 1299 862 vel
1333 807 1615 863 debuimus
1656 798 1938 878 imputare.
1990 806 2095 863 Sed

510 896 636 952 licet
666 898 1079 955 desiderabilem
1111 910 1344 955 vestram
1390 902 1728 970 praesentiam
1758 915 1864 956 non
1896 899 2097 955 habue-

506 991 711 1058 rimus,
767 992 1075 1049 orationum
1122 1004 1301 1051 tamen
1354 1002 1651 1051 vestrarum
1700 994 1949 1066 suffragia
1999 1008 2097 1050 nos

506 1084 769 1139 meruisse
791 1087 1247 1154 persentimus,et
1272 1088 1395 1144 ideo
1427 1089 1508 1143 his
1537 1088 1699 1143 dietis
1728 1088 1904 1143 saluto
1934 1086 2099 1155 pluri-

510 1189 655 1228 mum
688 1174 884 1231 affectu
914 1186 969 1232 et
994 1179 1220 1247 honore,
1261 1196 1366 1251 quo
1396 1180 1612 1252 dignum
1656 1190 1767 1245 est;
1807 1189 1859 1235 et
1880 1194 2011 1250 rogo
2040 1188 2099 1235 ut

504 1282 591 1322 me
628 1270 827 1323 sanctis
862 1279 917 1324 et
964 1271 1262 1327 illustribus
1293 1276 1542 1342 precibus
1583 1274 1743 1329 simul
1783 1288 1846 1329 ac
1889 1275 2095 1329 meritis

505 1359 732 1415 Domino
750 1363 1166 1429 commendetis,
1186 1364 1458 1435 simulque
1478 1365 1656 1421 indico
1672 1366 1856 1435 pietati
1873 1373 2091 1434 vestra},

503 1462 559 1507 ct
582 1454 703 1523 quia
733 1454 872 1509 ﬁlius
896 1467 1071 1511 vester
1102 1458 1423 1526 Eudomius,
1455 1460 1497 1514 si
1525 1460 1760 1528 potuerit
1786 1459 1887 1514 hoc
1916 1460 2097 1514 elabo-

507 1560 647 1612 rare,
671 1547 939 1602 desiderat
965 1564 978 1614 ;
1008 1558 1065 1602 ut
1093 1552 1505 1619 superveniente
1530 1568 1673 1608 anno
1697 1552 1908 1608 Tolosa:
1934 1567 2096 1622 syno-

512 1637 655 1701 tlum,
688 1637 901 1693 Christo
945 1632 1192 1711 propitio,
1228 1644 1541 1712 habeamus,
1573 1645 1687 1713 ubi,
1725 1646 1887 1701 etiam
1925 1646 1971 1700 si
2002 1660 2096 1713 po-

509 1727 688 1790 tuerit,
722 1729 991 1813 Hispanos
1020 1732 1134 1787 vult
1161 1734 1446 1804 episcopos
1488 1737 1799 1792 convenire.
1857 1738 1924 1792 Et
1974 1737 2094 1793 ideo

508 1828 534 1857 ι
564 1835 660 1874 oro
693 1830 742 1874 tc
774 1831 831 1876 ut
864 1831 970 1878 tam
1008 1834 1196 1885 sancto
1224 1824 1496 1884 desiderio
1547 1844 1645 1886 suo
1697 1830 1955 1886 Dominus
1999 1831 2097 1885 tri-
2126 1838 2173 1899 Β

507 1909 668 1967 huere
691 1912 936 1983 dignetur
959 1916 1234 1974 effectum.

579 2006 833 2062 Sanctam
870 2025 997 2063 vero
1028 2018 1081 2065 et
1119 2011 1490 2070 dulcissimum
1535 2016 1754 2074 fratrem
1785 2032 1963 2074 meum
1992 2017 2092 2075 Ca-

440 2146 449 2155 .
506 2094 747 2166 pillutum
805 2100 1196 2171 presbyterum,
1244 2114 1538 2162 amatorem
1584 2117 1639 2164 et
1685 2110 2091 2178 praedicatorem

506 2193 761 2256 vestrum,
796 2198 990 2242 vestrae
1020 2191 1417 2261 sanctimoniae,
1445 2203 1639 2265 quanta
1669 2198 1825 2257 valeo
1859 2200 2094 2255 insinua-

503 2278 647 2336 tione
672 2282 1022 2349 commendo;
1064 2294 1119 2340 et
1144 2301 1239 2354 pro
1269 2288 1386 2357 ipso
1432 2290 1582 2345 vobis
1610 2292 1853 2362 ingentes
1881 2304 1936 2350 et
1964 2295 2095 2352 ube-

502 2384 591 2428 res
612 2374 812 2442 gratias
840 2390 962 2445 ago,
993 2376 1118 2445 quia
1148 2388 1407 2449 quantum
1445 2383 1560 2451 ipse
1596 2385 1848 2453 asseruit,
1883 2394 2089 2443 tantum

402 2528 411 2533 δ
501 2476 562 2518 se
588 2463 731 2519 circa
770 2464 920 2520 illum
970 2465 1233 2537 impendit
1277 2470 1363 2540 pia
1393 2481 1447 2527 et
1478 2473 1690 2529 sincera
1714 2476 2088 2535 benevolentia

503 2566 682 2613 vestra
712 2600 728 2627 ,
789 2566 849 2613 ut
900 2559 1004 2615 hoc
1049 2561 1228 2617 nullus
1275 2563 1551 2621 hominum
1585 2567 1753 2635 possit
1795 2584 2085 2640 exponere.

503 2647 654 2705 Nunc
682 2664 813 2719 ergo
842 2651 967 2722 quia
997 2668 1093 2722 pro
1125 2663 1307 2710 vestro
1341 2658 1611 2713 desiderio
1647 2670 1882 2717 aestuans
1920 2663 2091 2733 pieta-

501 2752 609 2800 tem
635 2754 866 2801 vestram
894 2748 1137 2816 expetiit,
1162 2750 1380 2820 dignum
1406 2751 1640 2822 iudicavi
1683 2763 1741 2808 ut
1788 2770 1881 2826 per
1911 2756 2087 2827 ipsum

500 2836 817 2894 humilitatis
868 2840 1075 2895 litteras
1125 2840 1489 2911 destinarem,
1541 2862 1647 2916 quo
1694 2853 2085 2917 remeante,,si

498 2929 744 2987 Christus
767 2934 1035 3023 annuerit,
1070 2936 1247 3006 apices
1274 2948 1507 3008 vestros,
1535 2943 1687 3011 quasi
1715 2942 1934 3001 caeleste
1966 2960 2085 3001 mu-

497 3035 599 3080 nus
625 3022 873 3082 desidero
901 3030 1221 3096 promereri.
1247 3030 1353 3087 Ora
1382 3047 1479 3103 pro
1506 3049 1612 3092 me.

1032 3207 1366 3266 EPISTOLA
1407 3211 1547 3267 XIX.

569 3357 598 3400 ιι
626 3360 853 3417 Domino
883 3371 1069 3419 sancto
1099 3378 1163 3418 ac
1200 3363 1512 3421 beatissimo
1535 3374 1590 3422 et
1617 3371 1906 3439 apostolica
1935 3357 2087 3429 reve-

568 3507 593 3536 δ
618 3495 778 3553 Forte
803 3508 964 3555 orate.

567 3566 604 3645 ξ
638 3567 887 3645 Epistula;
902 3571 969 3626 a‘d
985 3584 1158 3645 quam
1188 3570 1278 3645 hic
1323 3574 1613 3645 respondet
1654 3577 1880 3637 Sedatus
1912 3595 2089 3642 exstat

493 3639 555 3766 in;
563 3640 772 3767 guricii
794 3639 1154 3713 Epistolarum
1183 3644 1276 3700 lib.
1314 3660 1387 3713 ιι,
1414 3639 1586 3717 'epist.
1631 3648 1735 3718 54,
1779 3666 1938 3724 supra
1976 3639 2081 3713 col.

568 3793 591 3822 ο
618 3783 799 3867 Codex
845 3800 946 3841 ms.
977 3785 1091 3868 huic
1122 3787 1238 3843 sine
1264 3788 1373 3844 ulla
1401 3789 1763 3868 distinctione
1792 3796 2081 3868 conjungit.

495 3850 611 3935 Ego
654 3856 875 3935 sejungo
905 3867 959 3912 et
987 3857 1244 3935 lacuna_m__
1285 3871 1431 3935 noto.
1484 3861 1619 3935 Nam
1651 3865 1720 3920 ab
1750 3864 1850 3919 hoc
1882 3850 2081 3935 Genio,

490 3927 856 4005 quiqueetiam
877 3971 892 3995 ,
923 3943 1096 4005 usque
1122 3931 1190 4005 ad
1216 3931 1564 4005 linem‘hujus
1589 3936 1833 4005 epistolae
1856 3980 1868 4002 ,
1904 3927 2084 3995 omnia

493 3995 560 4078 ad
586 3995 806 4078 verbum
833 4007 962 4078 s_unt_
985 3995 1192 4078 Sidonii
1242 4003 1309 4057 ad
1356 3995 1667 4078 Hecdicium
1701 4007 1794 4060 lib.
1824 3995 1895 4074 ti,
1924 4012 2081 4078 epist.

496 4067 551 4139 ii,
584 4083 702 4136 qua:
742 4070 817 4123 sic
862 4070 1047 4139 incipit
1079 4088 1092 4122 :
1129 4072 1242 4126 Duo
1275 4090 1408 4126 nunc
1431 4075 1621 4139 pariter
1651 4077 1791 4130 mala
1836 4067 2083 4136 sustinent

493 4138 703 4213 Arverni
730 4142 823 4213 tui.
860 4138 1146 4213 Quaenam?
1188 4144 1376 4212 inquis.
1423 4138 1761 4199 Prwsentiam
1802 4149 2082 4213 Seronati,

493 4215 539 4260 et
567 4208 845 4288 absentiam
872 4220 1032 4290 tuam.
1067 4208 1304 4291 serenati
1324 4253 1338 4278 ,
1372 4215 1866 4291 inguain-,_decujus
1898 4231 1951 4273 ut
1981 4208 2087 4291 pri;

493 4291 630 4328 mum
664 4278 831 4359 etiam
873 4281 1349 4359 nomine‘loguar;
1393 4278 1465 4337 sic
1506 4278 1631 4338 milii
1676 4278 1894 4359 videtur,
1940 4278 2085 4359 quasi

491 4348 708 4416 prwscia
747 4348 1039 4421 futurorum
1085 4348 1266 4405 lusisse
1306 4353 1551 4421 fortuna,
1596 4358 1748 4411 sicuti
1786 4374 1848 4412 ex
1876 4348 2084 4417 adi'erso

491 4420 912 4499 majoresnostri
949 4421 1129 4499 prazlia
1154 4464 1169 4490 ,
1216 4420 1399 4499 quibus
1439 4424 1569 4480 nihil
1595 4437 1668 4481 est
1698 4430 1911 4499 fmdius,
1953 4433 2085 4488 bella

444 4502 445 4505 ‘
494 4488 732 4542 dixerunt
762 4506 780 4544 .'
810 4493 1001 4572 quique
1041 4488 1189 4547 etiam
1222 4488 1335 4572 pari
1360 4488 1754 4572 contrarietate,
1787 4488 1933 4568 futa',
1965 4506 2083 4572 quia

490 4574 593 4613 non
632 4561 1159 4640 parcerenthl’arcas
1197 4561 1494 4622 vocitavere.
1532 4561 1820 4636 Rediit,’e‘t
1849 4561 2039 4628 ctetera
2064 4614 2080 4640 ,

489 4644 611 4705 qua:
643 4645 810 4702 usque
838 4634 902 4688 ad
934 4633 1094 4689 tinem
1147 4637 1198 4690 in
1242 4651 1342 4693 ms.
1392 4647 1536 4693 sunt.
1580 4633 1859 4705 Quomodo
1903 4633 2077 4700 autem

489 4701 582 4780 h_ic_
604 4701 756 4757 error
785 4706 1068 4780 contigerit
1087 4751 1101 4775 ,
1130 4716 1193 4780 Aut
1237 4723 1359 4777 pars
1385 4701 1629 4780 epistolae
1658 4713 1839 4768 Sedati
1870 4716 1935 4769 ad
1968 4717 2080 4771 Ru-

490 4772 701 4846 ricium.
734 4783 788 4829 et
810 4772 1193 4846 pars—epistolae
1216 4772 1433 4838 Sidonii
1451 4782 1515 4837 ad
1559 4783 1868 4839 llecdiciuin
1890 4788 1959 4841 ab
1983 4804 2079 4842 ex-

489 4843 753 4912 scriptore
801 4843 1210 4922 hic‘pe’rperam
1242 4852 1351 4922 sint
1388 4852 1707 4922 conjuncta,
1758 4872 1864 4910 non
1917 4857 2073 4914 facile

490 4925 768 4998 assequor,
815 4917 914 4998 nisi
964 4917 1528 4998 scriba_inciderit_i'n
1558 4917 1812 4998 codicem
1864 4927 1915 4981 in
1966 4946 2070 4998 quo

488 4987 713 5065 pagellae
752 4990 996 5057 quaedam
1042 4991 1385 5065 exciderunt.
1417 4992 1717 5065 Contigisse
1761 5006 1936 5052 autem
1984 4987 2071 5055 hic

489 5055 649 5132 talem
680 5055 917 5132 errorem
947 5068 1093 5128 patet
1121 5075 1186 5116 ex
1215 5064 1557 5132 epistolarum
1575 5055 1771 5123 "indice
1813 5071 1863 5123 in
1896 5070 2070 5126 fronte

488 5125 645 5224 libri,
675 5129 761 5183 ubi
795 5141 914 5212 post
951 5125 1411 5224 hanc-epistolam
1446 5136 1637 5219 Sedati
1679 5140 1745 5193 ad
1796 5139 2066 5224 Ruricium

490 5206 741 5277 notantur
778 5200 942 5277 variae
989 5200 1231 5277 epistolae
1274 5204 1513 5271 Sidonii,
1554 5224 1778 5277 quarum
1825 5212 1966 5265 nulla
2012 5202 2063 5267 in

488 5282 590 5322 ms.
613 5269 799 5326 codice
826 5269 1038 5342 scripta
1054 5282 1156 5329 est.
1184 5274 1347 5333 Index
1371 5269 1513 5353 enim
1546 5269 1646 5335 lt'oc
1670 5281 1829 5337 modo
1857 5281 2017 5339 habet
2049 5301 2062 5338 :

629 5380 869 5448 Epistula
892 5382 1073 5439 Sedati
1099 5386 1167 5439 ad
1190 5385 1479 5444 Ruricium.

630 5451 871 5522 Epistula
897 5454 1105 5510 Sidonii
1128 5458 1195 5510 ad
1214 5459 1593 5518 Constantium.

630 5524 747 5577 Alia
776 5524 980 5585 Sidonii
1006 5528 1076 5581 ad
1106 5527 1398 5586 Euceriuin.

628 5592 747 5647 Alia
776 5595 980 5650 Sidonii
1010 5600 1077 5652 ad
1106 5598 1428 5659 Tetradium.

629 5662 982 5741 4fia_Si_donii
1002 5670 1069 5722 ad
1078 5670 1361 5741 ‘Asperum.

630 5733 716 5787 Al.
746 5734 950 5791 Sidonii
974 5742 1042 5793 ad
1064 5733 1367 5796 Proculum.

629 5803 720 5861 Αι.
748 5806 954 5863 Sidonii
979 5812 1043 5865 ad
1072 5810 1397 5869 Damnatum-

2105 4820 2154 4879 ι)

2204 531 2432 589 Sedatus
2460 532 2764 603 episcopus.
3714 602 3717 607 ί
3749 557 3752 559 λ

2278 626 2483 696 Equum
2534 642 2692 697 quem
2722 642 2818 699 per
2862 629 3080 685 fratrem
3120 638 3364 717 nostrum
3414 631 3796 717 presbyterum

2202 720 2593 787 transmisistis,
2615 721 2820 791 accepi,
2852 722 3148 792 magniﬁcis
3175 720 3461 780 verborum
3491 737 3796 784 vestrorum

2203 811 2436 882 phaleris
2480 812 2800 869 honoratum
2835 830 2846 866 :
2881 815 2937 869 in
2967 814 3049 868 via
3077 815 3239 871 vilem
3262 857 3278 883 ,
3325 817 3378 870 in
3410 816 3638 886 epistola
3677 833 3801 888 pre-

2204 907 2433 973 tiosum;
2468 889 2773 964 moventem
2826 923 2885 964 se
2932 923 3053 965 cum
3105 909 3304 965 foditur
3345 910 3679 976 calcaribus,
3710 922 3805 967 aut

2202 1006 2424 1069 urgetur
2451 999 2767 1056 verberibus
2787 1044 2803 1070 ,
2849 1014 2904 1056 et
2950 1002 3080 1057 nihil
3110 1003 3324 1073 penitus
3355 1012 3799 1074 promoventem;

2202 1089 2375 1144 forma
2432 1089 2816 1157 deterrimum,
2859 1088 3042 1148 colore
3087 1093 3437 1162 vilissimum,
3495 1095 3801 1157 molliorem

2203 1182 2429 1252 plumis,
2458 1184 2648 1240 statuis
2678 1184 3002 1254 pigriorem,
3045 1186 3217 1242 solida
3247 1202 3476 1255 corpora
3504 1204 3805 1258 pavescen-

2200 1281 2331 1344 tem,
2372 1275 2590 1331 umbras
2625 1277 2831 1347 solum,
2872 1286 2932 1333 ut
2954 1277 3148 1344 credo,
3181 1279 3250 1335 de
3277 1282 3673 1339 consuetudine
3692 1299 3802 1338 non

2201 1366 2479 1424 timentem
2504 1384 2521 1430 ;
2544 1369 2820 1439 fugitivum
2843 1384 2966 1425 cum
2993 1370 3297 1437 dimittitur,
3323 1374 3652 1430 immobilem
3677 1389 3803 1432 cum

2198 1460 2454 1527 caeditur;
2485 1462 2539 1517 in
2571 1462 2745 1533 planis
2789 1472 3019 1520 stantem
3040 1503 3056 1530 ,
3099 1466 3154 1519 in
3182 1465 3393 1535 asperis
3420 1478 3799 1536 corruentem;

2198 1555 2289 1625 qui
2321 1557 2491 1612 teneri
2525 1559 2755 1626 nesciat,
2783 1559 3063 1617 ambulare
3085 1577 3193 1618 non
3217 1563 3416 1633 possit;
3438 1579 3600 1635 quem
3629 1566 3804 1633 prius-

2198 1661 2357 1716 quam
2391 1647 2652 1716 viderem,
2682 1652 2808 1705 dum
2830 1653 3088 1722 epistolas
3110 1664 3318 1710 vestras
3346 1656 3547 1727 relego,
3584 1657 3802 1714 illorum

2198 1738 2268 1797 de
2288 1750 2447 1811 gente
2472 1756 2594 1797 esse
2616 1744 2829 1799 credidi.
2851 1760 2987 1815 quos
3018 1746 3232 1802 Daedala
3261 1747 3414 1804 Circe

2326 1855 2588 1919 Supposita
2606 1856 2670 1908 de
2695 1865 2853 1910 matre
2874 1860 3051 1910 nothos
3073 1859 3229 1912 furata
3249 1864 3447 1912 creavit.

2268 1994 2527 2053 Putabam
2563 1998 2714 2054 illum
2754 1999 2988 2054 calidum
3039 2000 3234 2055 animis
3255 2041 3271 2067 ,
3303 2016 3484 2058 acrem
3517 2002 3798 2070 cursibus;

2197 2086 2407 2157 ignem,
2448 2105 2569 2144 cum
2617 2089 2985 2165 exhiberetur,
3012 2091 3166 2147 elatis
3210 2092 3428 2148 naribus
3458 2092 3796 2164 cfflaturum,

2196 2193 2587 2236 concessurum
2607 2182 2779 2237 solido
2807 2198 2975 2237 cornu
3007 2196 3259 2253 campos;
3292 2185 3575 2240 celeritate
3605 2194 3795 2241 ventos

2195 2280 2251 2328 et
2290 2273 2512 2330 flumina
2544 2289 2961 2344 prazcursurum.
2986 2274 3168 2331 Talem
3197 2277 3341 2331 enim
3382 2276 3513 2331 mihi
3560 2277 3796 2347 splendi-

2194 2367 2449 2425 dissimus
2468 2368 2711 2439 epistolre
2734 2384 2915 2426 sermo
2938 2370 3279 2439 promiserat.
3301 2369 3604 2426 Credebam
3630 2373 3793 2425 etiam

2194 2460 2339 2530 quod
2362 2460 2513 2516 illum
2542 2460 2953 2517 manducantem
2984 2461 3203 2527 frenos,
3238 2470 3504 2517 terentem
3528 2463 3795 2519 morsibus

2194 2549 2429 2623 ferrum,
2485 2552 2591 2608 duo
2644 2553 2894 2610 fortiores
2941 2554 3044 2609 viri
3074 2569 3141 2610 ne
3174 2553 3427 2610 evaderet
3476 2555 3790 2611 retinerent.

2192 2640 2420 2700 Nec‘me
2447 2645 2674 2714 fefellit;
2702 2663 2827 2702 nam
2856 2647 3144 2703 trahebant
3164 2663 3284 2703 eum
3307 2648 3549 2719 aliquot;
3601 2649 3794 2720 impin-

2193 2734 2388 2803 gebant
2409 2737 2531 2795 alii.
2569 2748 2624 2793 et
2655 2738 2835 2807 plures
2864 2738 3163 2797 caedebant.
3189 2741 3359 2808 Quem
3388 2750 3447 2796 ut
3471 2743 3553 2797 sic
3581 2742 3791 2797 exhibi-

2192 2833 2303 2881 tum
2330 2828 2461 2895 vidi,
2489 2830 2669 2899 optavi
2700 2839 2757 2884 ut
2780 2831 2902 2885 talia
2932 2832 3109 2902 qualia
3130 2841 3304 2897 erant,
3333 2847 3442 2888 non
3472 2834 3653 2903 qualia
3680 2835 3790 2905 epi-

2190 2919 2326 2975 stola
2371 2936 2491 2977 mea
2542 2922 2811 2993 continet,
2867 2938 3084 2993 semper
3131 2924 3271 2979 caris
3318 2923 3519 2979 vestris
3566 2939 3789 2983 munera

2192 3009 2494 3068 mitteretis.
2528 3013 2641 3084 Ego
2671 3024 2849 3070 tamen
2893 3015 3015 3085 quia
3066 3015 3196 3071 mihi
3245 3031 3353 3071 non
3405 3015 3707 3087 reliquistis
3738 3018 3787 3072 in

2194 3109 2493 3164 transmissi
2542 3110 2781 3167 muneris
2824 3109 2981 3167 laude
3009 3111 3155 3181 quod
3193 3110 3430 3168 dicerem
3484 3121 3508 3151 ο
3559 3126 3631 3169 ne
3674 3127 3790 3169 om-

2113 3224 2160 3293 C
2193 3201 2436 3293 nino.....

2261 3290 2287 3331 ἀ
2318 3295 2528 3366 Quique
2557 3298 2719 3352 etiam
2766 3300 2881 3369 pari
2913 3300 3296 3356 contrarietate
3328 3299 3468 3368 fata,
3511 3314 3629 3371 quae
3655 3300 3782 3369 quia

2198 3399 2305 3441 non
2339 3397 2646 3456 parcerent,
2681 3388 2875 3445 Parcas
2908 3391 3238 3449 vocitavere.
3285 3392 3459 3450 Rediit
3496 3393 3609 3464 ipse
3634 3391 3778 3448 Cati-

2466 3524 2672 3601 Sidonii
2696 3529 2765 3582 ad
2796 3529 3190 3601 Nymphidium.

2457 3596 2663 3671 Sidonii
2690 3602 2758 3653 ad
2782 3595 3130 3671 Simplicium.

2449 3667 2656 3743 Sidonii
2684 3673 2753 3743 ad
2790 3667 3145 3743 Tau'mastum.

2337 3738 2423 3793 ΑΙ.
2449 3739 2656 3795 Sidonii
2679 3742 2747 3795 ad
2778 3740 3066 3799 Ruricium.

2334 3810 2419 3863 Al.
2454 3810 2663 3865 Sidonii
2693 3814 2761 3866 ad
2796 3814 3168 3879 Papianillam.

2334 3880 2417 3932 Al.
2455 3880 2662 3936 Sidonii
2689 3884 2756 3937 ad
2788 3883 3074 3941 Patientem

2688 3956 2755 4030 ad
2779 3956 2982 4030 [ἐκρίθη
3004 3961 3298 4030 episcopum
3330 3961 3394 4013 ν.

2332 4021 2415 4074 Al.
2452 4020 2656 4077 Sidonii
2686 4027 2753 4078 ad
2784 4020 3101 4083 Censorium.

2338 4093 2457 4145 Alia
2490 4092 2700 4148 Sidonii
2725 4098 2794 4150 ad
2823 4097 3153 4156 Mamrrtum.

2331 4162 2449 4245 alia
2712 4168 2781 4245 ad
2810 4170 3093 4245 agrarium
3115 4176 3435 4245 episcopum.

2331 4233 2449 4309 {ilia
2479 4233 2688 4309 Sidonii
2715 4239 2781 4292 ad
2814 4233 3118 4309 sulpitium.

2329 4304 2444 4356 Alia
2468 4304 2674 4361 Sidonii
2693 4311 2760 4362 ad
2784 4304 3070 4369 Ruricium.

2329 4374 2447 4428 Alia
2476 4376 2683 4432 Sidonii
2707 4382 2776 4433 ad
2805 4380 3045 4437 Gothum.

2705 4453 2775 4532 ad
2802 4451 3125 4532 Erincipiam
3155 4459 3473 4532 epismpnm.

2801 4517 3099 4601 ﬂamonium
3129 4517 3443 4601 episcopum.

2328 4588 2448 4673 alia
2708 4593 2775 4673 ad
2799 4588 3054 4673 faustum
3081 4588 3395 4673 episcopum.

2328 4660 2444 4712 Alia
2472 4659 2677 4716 Sidonii
2698 4664 2763 4717 ad
2789 4663 3080 4725 Heresium.

2331 4730 2515 4819 Habet.
2528 4732 2582 4785 in
2612 4736 2842 4819 sequenti
2862 4738 3199 4808 epistularum
3221 4744 3377 4799 libros
3405 4738 3440 4799 2
3462 4745 3647 4802 damni
3666 4746 3786 4804 Ru-

2400 4818 2514 4857 rwn
2542 4818 2786 4874 episcopi.
3636 4852 3639 4855 »

2325 4871 2522 4955 Deinde
2554 4871 2891 4956 epistularum
2920 4882 3105 4939 librum
3124 4902 3289 4941 unum
3313 4887 3488 4943 damni
3519 4888 3785 4946 Desiderii

2394 4960 2638 5015 episcOpi.

2323 5012 2457 5089 Item
2504 5012 2751 5089 epistulas
2799 5022 3115 5082 diversorum
3153 5030 3219 5083 ad
3259 5030 3494 5086 canalem
3522 5031 3781 5089 damnum

2392 5084 2736 5145 Desiderium.

2250 5258 2671 5348 l‘iullageplfstola
2701 5264 2906 5348 Sidonii
2946 5284 3021 5348 ex
3052 5272 3145 5348 his
3167 5272 3264 5348 _in‘
3297 5273 3482 5330 codice
3499 5288 3621 5348 _ms.
3651 5287 3741 5333 est
3760 5324 3778 5348 ,

2182 5330 2284 5387 nisi
2336 5330 2830 5408 quod’fragmento
2874 5340 3116 5408 epistola:
3162 5343 3341 5401 Sedati
3385 5348 3451 5401 ad
3494 5330 3780 5407 Ruricium

2184 5417 2459 5483 perperam
2484 5404 2598 5458 sine
2631 5404 3114 5483 ulla_dis_tinctione
3143 5415 3487 5483 coniunctum
3519 5404 3784 5475 estaliud

2183 5473 2535 5545 fragmentum
2563 5477 2801 5545 cpistola:
2829 5479 3035 5537 Sidonii
3078 5484 3144 5538 ad
3195 5473 3525 5541 Hécdicium.
3558 5488 3628 5543 Et
3657 5473 3784 5543 sta;

2186 5542 2285 5609 tim’
2321 5542 2615 5623 sequuntur
2634 5548 2765 5623 _duo
2810 5550 2931 5623 libri
2975 5554 3320 5623 epistolarum
3366 5542 3587 5614 Ruricii.
3618 5542 3785 5616 illac

2181 5630 2401 5672 monere
2433 5617 2600 5673 volui.
2632 5618 2763 5674 Nam
2791 5620 2884 5677 diu
2904 5637 2991 5679 me
3010 5617 3247 5682 torserat
3287 5627 3376 5684 hic
3414 5630 3580 5685 locus.
3612 5629 3790 5701 Cam-

2180 5699 2310 5740 SIUS.
3356 5714 3376 5731 ⁸

2250 5753 2281 5837 ἦ
2308 5757 2767 5837 Οιιῇῑβρᾳιιιιηςυιν
2794 5774 2920 5837 sunt
2948 5781 3013 5820 ex
3035 5768 3259 5837 epistola
3287 5768 3495 5827 Sidonii
3537 5772 3604 5827 ad
3633 5771 3790 5831 ﬂec-

2178 5825 2375 5883 dicium
2399 5828 2494 5885 lib.
2525 5825 2586 5900 ti,
2615 5833 2775 5903 epist.
2807 5833 2863 5904 1,
2890 5849 3055 5907 supra
3070 5825 3189 5896 'col.
3213 5838 3343 5895 471,

4088 3918 4090 3941 |

4088 4040 4090 4063 |
