4090 6330
300 363 402 420 869

1749 357 2129 417 SERMONES.
2206 400 2215 413 ς

3449 367 3554 428 870

298 480 404 536 lina
426 474 615 533 saeculi
663 479 830 535 nostri
878 492 1046 549 nuper
1072 486 1097 514 ιι
1127 476 1411 533 Aturribus
1432 516 1446 543 ,
1479 483 1536 530 ut
1563 474 1875 545 sanguinem
1906 480 1951 537 Α
1978 475 2141 531 clesia
2163 475 2394 545 iocatur,
2414 477 2470 531 in
2488 477 2736 533 convivio
2761 476 3036 547 pmdicat,
3058 477 3113 533 in
3132 476 3377 535 cubiculo
3401 480 3556 538 dam-

242 624 251 641 ,
298 573 644 642 fortunasque
669 571 1008 636 miserorum,
1030 569 1059 610 ὶι
1080 585 1202 641 quae
1222 570 1323 626 sibi
1350 584 1417 625 ex
1449 576 1599 639 parte
1626 569 1873 638 propina-

297 674 468 732 verat,
499 680 566 720 ex
587 679 708 721 asse
728 666 994 720 misceret.

366 759 573 815 Scitote
610 760 665 812 in
706 773 771 813 eo
799 773 895 828 per
921 758 1038 813 dies
1066 756 1312 827 spiritum
1336 756 1424 811 diu
1452 755 1770 811 dissimulati
1794 743 1877 810 fu:

296 852 437 908 roris
465 850 681 921 aperiri.
704 852 901 919 Aperte
930 850 1153 915 invidet,
1182 848 1388 917 ahjecte
1409 847 1580 918 ﬁngit,
1609 847 1877 927 serviliter

295 943 568 1014 superbit,
596 952 619 982 ο
650 941 838 997 indicit
864 949 921 997 ut
957 942 1237 1009 dominus,
1288 942 1451 1011 exigit
1491 951 1550 995 ut
1580 952 1833 1012 tyrannus
1861 982 1876 1008 ,

296 1036 496 1092 addicit
524 1043 583 1089 ut
606 1033 790 1104 judex,
814 1034 1169 1089 calumniatur
1196 1041 1254 1089 ut
1280 1032 1562 1096 barbarus,
1591 1041 1702 1087 toto
1734 1032 1819 1087 die
1849 1048 1878 1085 a

296 1138 445 1186 metu
474 1138 712 1183 armatus
732 1168 746 1193 ,
775 1128 842 1183 ab
869 1128 1088 1184 avaritia
1114 1129 1357 1201 jejunus,
1392 1143 1421 1182 a
1453 1128 1749 1198 cupiditate
1778 1138 1881 1183 lcr-

296 1221 471 1277 rihilis
493 1263 509 1289 ,
541 1236 571 1275 a
598 1221 832 1276 vanitate
854 1221 1087 1276 crudelis
1107 1261 1122 1287 ,
1154 1216 1181 1257 ἀ
1210 1236 1316 1275 non
1348 1232 1521 1275 cessat
1561 1220 1720 1275 simul
1744 1221 1879 1276 furta

295 1316 382 1372 vel
409 1318 610 1384 facere,
642 1316 724 1371 vel
756 1317 964 1385 punire,
1012 1317 1188 1387 palam
1218 1325 1273 1371 et
1298 1315 1600 1371 ridentibus
1622 1330 1879 1369 convoca-

297 1412 391 1479 tis,
419 1419 593 1466 ructat
618 1410 757 1465 inter
784 1410 929 1465 cives
957 1423 1176 1480 pugnas,
1206 1409 1346 1463 inter
1366 1407 1627 1463 barbaros
1656 1408 1876 1461 litteras.

298 1504 607 1574 Epistolas,
657 1518 726 1559 ne
773 1503 961 1572 primis
1008 1500 1221 1573 quidem
1276 1501 1517 1571 apicibus
1563 1498 1883 1554 sufﬁcienter

302 1595 580 1661 initiatus,
612 1595 824 1665 publice
847 1610 873 1647 a
898 1594 1152 1664 jactantia
1191 1592 1387 1656 dictat,
1445 1592 1512 1645 ab
1558 1591 1881 1661 impudentia

270 1688 589 1753 emendat;
628 1696 795 1743 totum
823 1687 963 1757 quod
1006 1686 1369 1758 concupiscit,
1402 1685 1552 1755 quasi
1581 1692 1880 1754 comparat,

297 1796 403 1837 nec
424 1781 516 1834 dat
545 1781 713 1850 pretia
732 1820 746 1845 ,
770 1789 1119 1835 contemnens
1137 1820 1151 1844 ,
1185 1791 1283 1832 nec
1314 1778 1507 1846 accipit
1534 1763 1882 1831 instrumenta

296 1877 613 1948 desperans.
642 1874 699 1931 In
724 1876 952 1930 concilio
975 1874 1145 1945 jubet,
1179 1872 1231 1927 in
1254 1871 1482 1927 consilio
1510 1879 1682 1937 tacet,
1715 1871 1768 1924 in
1797 1884 1883 1924 ee-

1983 575 2103 633 nat,
2150 566 2205 621 in
2240 569 2535 636 quaestione
2576 569 2851 626 dormitat.
2885 565 3075 641 Implét
3103 569 3340 640 quotidie
3378 562 3557 643 sylvas

1977 660 2322 730 fugientibus,
2351 659 2506 715 villas
2530 670 2553 698 ο
2586 661 2851 728 hostibus,
2886 658 2907 699 ί
2939 661 3127 718 altaria
3156 662 3286 730 reis,
3313 677 3556 720 carceres

1978 751 2219 817 clericis;
2270 750 2548 806 exsultans
2588 751 2812 819 Gothis,
2868 752 3234 823 insultansque
3273 752 3555 823 Romanis,

1980 840 2206 898 illudens
2246 842 2541 912 praefectis,
2567 852 2592 890 ε
2615 843 2999 914 colludensque
3029 846 3344 902 numerariis
3363 884 3379 912 ,
3412 848 3559 917 leges

1981 935 2380 995 Theudosianas
2424 936 2674 1002 calcans,
2726 936 3176 995 Theodoricianas
3220 953 3555 1009 proponens;

1981 1041 2187 1087 veteres
2212 1032 2417 1101 culpas,
2442 1046 2581 1086 nova
2603 1032 2798 1087 tributa
2821 1034 3097 1102 perquirit.
3131 1034 3362 1092 Proinde
3381 1051 3560 1095 moras

1983 1134 2099 1179 tuas
2149 1122 2173 1160 ιλ
2214 1125 2368 1179 citius
2415 1124 2642 1194 explica.
2674 1123 2740 1179 Et
2765 1123 3021 1193 quidquid
3069 1124 3198 1181 illud
3225 1135 3311 1184 est
3335 1128 3479 1198 quod
3503 1137 3557 1187 te

1981 1226 2243 1281 retentat,
2283 1216 2295 1254 ί
2332 1218 2523 1273 incide.
2555 1218 2629 1273 Te
2666 1226 2939 1288 exspectat
2966 1220 3332 1290 palpitantium
3360 1224 3557 1282 civium

1982 1321 2221 1367 extrema
2243 1312 2477 1367 libertas.
2510 1312 2773 1380 Quidquid
2803 1312 3158 1382 sperandum.
3185 1317 3441 1387 quidquid
3466 1319 3556 1375 de-

1983 1405 2305 1475 sperandum
2336 1414 2416 1461 est
2435 1446 2451 1470 ,
2485 1404 2598 1459 ﬁeri
2633 1415 2683 1460 te
2712 1405 2917 1471 medio,
2947 1414 3001 1461 te
3030 1408 3257 1476 pressule
3282 1409 3473 1479 placet.
3502 1410 3558 1466 Si

1986 1496 2143 1551 nulla:
2189 1512 2220 1550 a
2268 1496 2538 1565 republica
2586 1497 2766 1564 vires,
2818 1497 2961 1551 nulla
3004 1498 3284 1566 praesidia,
3329 1501 3374 1555 si
3402 1501 3559 1557 nulla:

1987 1590 2282 1660 (quantum
2328 1602 2511 1642 rumor
2554 1586 2667 1657 est)
2722 1586 2734 1638 i
2778 1587 3047 1643 Anthemii
3100 1589 3354 1659 principis
3401 1605 3559 1660 opes,

1985 1684 2203 1749 statuit,
2240 1694 2291 1739 te
2318 1692 2538 1738 auctore
2558 1727 2572 1752 ,
2612 1683 2862 1739 nobilitas
2892 1699 2986 1739 seu
3017 1685 3240 1754 patriam
3271 1685 3560 1753 dimittere,

1986 1793 2080 1834 seu
2102 1778 2343 1848 capillos.
2373 1777 2521 1833 Vale.

378 2021 401 2048 '
431 2012 504 2068 Ita
533 2011 799 2080 expressis
851 2010 1044 2065 litteris
1075 2024 1175 2062 ms.
1212 2008 1373 2080 Recte
1417 2023 1542 2078 ergo
1585 2007 1785 2061 Savaro
1824 2009 1877 2063 in
1908 2015 1954 2074 Β
1983 2007 2059 2062 nii
2093 2022 2240 2080 esse,
2275 2022 2381 2062 non
2410 2006 2620 2080 Sedatj;
2672 2021 2790 2061 nam
2824 2006 3074 2080 Sidonius
3101 2007 3168 2063 de
3192 2006 3378 2062 eodem
3405 2009 3561 2063 Sero.

296 2086 459 2155 epist.
498 2079 672 2155 l,7|‘ib.
702 2097 734 2134 ll
765 2081 968 2155 Sidonii
1001 2082 1077 2155 ita
1102 2079 1339 2155 correxit
1373 2081 1683 2155 et.no_tnvit.
1719 2080 1877 2133 Atur-

295 2148 390 2211 rés
416 2163 540 2208 sunt
559 2152 1085 2221 NovempOpulanize,
1111 2152 1177 2204 ah
1202 2151 1398 2204 Aturro
1420 2148 1601 2213 ﬂuvio,
1631 2149 1872 2214 Aturres,

295 2238 356 2282 ut
390 2226 456 2279 ab
483 2224 706 2288 Astura,
735 2220 981 2285 Astures,
1015 2220 1173 2275 Floro
1203 2223 1295 2274 lib.
1338 2236 1416 2285 tv,
1452 2222 1549 2275 sub
1591 2220 1772 2275 linem.
1806 2221 1878 2274 De

295 2298 501 2353 Aturro
534 2305 586 2350 et
609 2297 853 2348 Aturrico
876 2293 1040 2361 pisce,
1075 2291 1195 2346 vide
1222 2292 1408 2346 Sidon.
1446 2291 1536 2344 lib.
1573 2306 1683 2356 VIII,
1716 2294 1871 2358 epist.

297 2367 393 2429 12.
418 2365 608 2420 Civitas
640 2367 978 2418 Aturettsium
1012 2364 1173 2417 Notit.
1209 2363 1456 2415 Provinc.
1490 2362 1540 2414 in
1580 2361 1880 2427 Novempo-

297 2437 501 2509 pulana
534 2434 803 2509 provincia
823 2450 1035 2509 ,_q_uam_
1048 2434 1382 2509 itinerarium
1399 2433 1663 2509 _Antonini
1685 2432 1880 2509 Adiur-

248 2532 249 2535 η
295 2503 419 2565 rem
436 2503 611 2571 vocat,
635 2506 722 2560 ubi
740 2506 803 2559 de
825 2506 993 2560 Gallia
1018 2504 1368 2560 Narbonensi.
1398 2504 1463 2556 Et
1484 2503 1626 2573 quod
1650 2504 1879 2557 maxime

278 2580 430 2635 facit
457 2578 522 2632 ad
552 2578 690 2632 hanc
718 2585 950 2631 veteuem
980 2576 1285 2640 lectionem,
1315 2584 1369 2629 et
1390 2575 1592 2630 Sidonii
1623 2584 1876 2635 mentem,

250 2712 251 2717 η
296 2658 419 2706 erat
459 2661 582 2703 tunc
624 2646 1256 2716 temporisGothicarum
1292 2645 1533 2717 partium.
1568 2644 1879 2698 COlllmOIIi'

298 2723 498 2776 torium
530 2718 836 2773 Timothei:
872 2717 1098 2769 Arrianus
1142 2717 1216 2769 vir
1256 2716 1543 2783 spectabilis
1582 2731 1646 2768 ex
1696 2731 1881 2780 prtere-

297 2792 475 2861 plione
500 2790 580 2861 D.
609 2789 679 2843 Ν.
724 2788 1076 2859 gloriosissimi
1098 2786 1259 2861 gitunc
1290 2787 1610 2861 codicenrde
1642 2784 1877 2861 Theodo-

244 2904 249 2909 -
297 2855 443 2917 siani.
466 2860 656 2931 legibus
699 2855 849 2928 atque
892 2858 1151 2911 sententiis
1186 2858 1341 2931 juris
1373 2859 1449 2910 vel
1489 2856 1699 2931 diversis
1740 2855 1880 2931 libris

299 2932 494 2987 Aduris
512 2926 665 2985 ⁷(ιηηο
704 2926 773 2984 2‘2
819 2947 877 2983 eo
925 2936 1161 3000 regnante
1205 2927 1343 2980 edidi
1392 2936 1539 2995 atque
1584 2926 1881 2996 subscripsi.

300 3002 476 3075 Vulgo
507 3004 651 3057 Aire.
685 3000 949 3075 Csarsws.

376 3067 635 3131 l“Sidonii
658 3073 901 3142 vulgatus
930 3070 1119 3134 codex,
1151 3068 1389 3142 quas__ille
1412 3067 1481 3121 ibi
1506 3077 1733 3142 exparte
1763 3082 1884 3142 pro-

302 3146 569 3216 pinaverat
592 3186 608 3212 ,
640 3144 725 3216 hic
750 3137 813 3199 cx
833 3158 958 3216 asse
980 3137 1227 3216 misceret.
1268 3140 1345 3194 Ex
1386 3153 1489 3209 qua
1525 3137 1883 3216 phrasihlieet

306 3206 665 3286 conjecturam
695 3214 909 3281 ducere,
946 3212 1046 3267 hoc
1080 3206 1432 3281 fragmentum
1455 3209 1694 3279 epistolae
1723 3206 1883 3264 Sido-

1983 2087 2108 2133 nato
2138 2078 2233 2132 lib.
2262 2094 2351 2142 vtt,
2368 2095 2450 2146 ep.
2478 2081 2530 2143 7,
2553 2076 2856 2133 Seronatum
2887 2077 3113 2133 barbaris
3140 2079 3423 2149 provincias
3445 2096 3561 2147 pra-

1983 2151 2266 2220 pinantem.
2295 2150 2441 2203 lusu.

2060 2232 2081 2258 ο
2106 2220 2353 2274 Sidonius
2386 2221 2477 2273 lih.
2508 2236 2558 2283 v,
2587 2234 2673 2290 ep.
2704 2221 2792 2287 15,
2817 2221 2883 2275 de
2908 2220 3096 2275 eodem
3121 2221 3403 2288 Seronato,
3427 2237 3561 2277 nunc

1986 2292 2230 2361 inauditis
2260 2291 2591 2361 indictionum
2616 2291 2883 2361 generibus
2913 2293 3164 2345 exhaurit.
3191 2294 3339 2346 lusu.

2055 2360 2080 2398 ἀ
2117 2361 2334 2430 Vulgata
2364 2360 2555 2421 editio,
2589 2360 2690 2413 non
2718 2370 2879 2414 cessat
2902 2362 3057 2432 simul
3087 2362 3224 2430 furtu
3255 2364 3332 2415 vel
3355 2362 3555 2432 punire,

1986 2433 2062 2487 vel
2091 2433 2258 2502 facere
2281 2431 2471 2501 palum,
2498 2441 2542 2484 et
2564 2431 2866 2485 ridentibus.
2899 2431 3046 2486 IDEM.

2062 2501 2233 2567 cF.\ls.,
2269 2501 2568 2570 hospitibus.
2601 2502 2749 2555 lusu.

2064 2573 2080 2656 ξ
2112 2573 2184 2697 illa
2216 2581 2270 2627 et
2298 2589 2397 2628 ms.
2418 2615 2433 2642 ,
2465 2572 2589 2627 licet
2610 2572 2665 2626 in
2691 2573 2930 2643 margine
2968 2573 3038 2627 sit
3074 2574 3245 2643 posita
3272 2573 3387 2629 haec
3428 2587 3560 2639 vox,

2064 2662 2117 2697 ιδ.
2178 2659 2302 2697 DEM.

1986 2659 2117 2697 νιηδ.
2155 2659 2302 2697 IDEM.
3580 2684 3589 2689 -

2075 2645 2302 2697 s.lnsn.

2035 2645 2087 2759 ﬁt!
2116 2716 2211 2767 Ms.
2252 2714 2460 2777 vitiose,
2499 2714 2939 2781 conclaudansque
2967 2715 3286 2768 numerariis.
3316 2713 3388 2766 lta
3417 2714 3557 2767 enim

1990 2784 2043 2838 in
2077 2784 2256 2839 medio‘
2276 2785 2396 2837 inec
2427 2799 2528 2836 vox
2556 2796 2697 2848 rasa,
2729 2792 2783 2836 ct
2806 2793 2987 2849 postea
3018 2785 3200 2837 nescio
3221 2797 3369 2849 aqua
3401 2797 3559 2837 manu

1989 2857 2140 2924 signo
2185 2857 2284 2908 hoc
2313 2856 2592 2922 conjuncta
2617 2862 2718 2908 est.
2748 2852 2879 2907 Vide
2904 2868 3023 2923 qua:
3053 2863 3201 2908 notat
3244 2853 3442 2909 Savaro
3472 2854 3558 2909 hic

1990 2925 2057 2980 de
2081 2925 2415 2978 numerariis.
2460 2924 2609 2977 locu.

2062 2991 2089 3066 if
2117 2995 2290 3066 ang.,
2322 2996 2470 3048 citus.
2496 2993 2643 3066 Inest.

2070 3063 2086 3101 ί
2121 3063 2242 3131 Ms,
2271 3066 2496 3119 incidite.
2529 3063 2679 3118 IDEI.

2068 3135 2082 3187 ἑ
2122 3137 2200 3191 Ita
2221 3137 2338 3205 lego
2351 3149 2468 3190 cum
2487 3134 2711 3202 Savaro,
2734 3146 2855 3188 nam
2871 3147 2972 3188 ms.
2987 3134 3075 3189 hic
3091 3132 3296 3201 mutile,
3310 3132 3457 3187 Ante.
3482 3131 3557 3189 In.
3610 3176 3625 3189 .

1158 3428 1818 3545 mnus-rs
1967 3426 2791 3581 ueracem

1509 3647 2374 3823 SERMQNES.

1559 3857 2289 3885 ψ-

826 3981 1059 4043 SEBMO
1102 3980 1262 4036 PRIM
1271 3979 1374 4038 US.

746 4128 749 4133 ,
792 4075 808 4137 ,⁸
906 4075 985 4134 Ad
1011 4073 1301 4129 monachos.

313 4169 425 4245 (Ex
464 4182 567 4225 ms.
593 4166 794 4223 domini
824 4165 1129 4245 Chauvelin_
1158 4164 1422 4245 regiorum
1463 4163 1754 4234 sigillorum
1795 4178 1887 4221 cu-

996 4235 1158 4292 stodis
1168 4236 1209 4303 .)

390 4360 442 4413 Ι.
484 4356 563 4412 Ad
604 4355 783 4411 locum
814 4352 985 4420 hunc,
1028 4350 1326 4417 carissimi,
1369 4366 1473 4406 non
1516 4349 1582 4406 ad
1623 4349 1885 4421 quietem,

312 4465 427 4507 non
467 4449 532 4503 ad
573 4446 937 4512 securitatem,
983 4445 1077 4501 sed
1117 4431 1189 4501 ad
1227 4450 1480 4515 pugnam,
1520 4444 1589 4499 ad
1616 4452 1886 4500 certamen

311 4539 691 4603 convenimus,
734 4537 800 4592 ad
830 4550 1055 4607 agonem
1092 4536 1196 4591 huc
1225 4535 1604 4606 processimus,
1637 4532 1705 4588 ad
1737 4548 1888 4589 eser-

312 4630 491 4688 cenda
540 4644 660 4685 eum
710 4629 856 4683 vitiis
906 4628 1043 4684 bella
1090 4628 1518 4693 conscendimus.
1582 4626 1698 4682 Vita
1746 4627 1887 4681 enim

313 4730 505 4779 nostra
534 4721 716 4777 hostes
743 4721 911 4776 nostri
939 4729 1096 4786 sunt,
1135 4720 1203 4774 de
1241 4720 1431 4787 quibus
1456 4719 1731 4786 Scriptura
1761 4731 1889 4787 pro-

313 4814 532 4872 nuntiat
551 4814 767 4870 dicens:
792 4812 921 4868 Care
944 4827 1007 4867 ne
1027 4826 1246 4880 unquam
1270 4810 1453 4865 habeas
1473 4825 1587 4863 cum
1607 4811 1677 4863 eis
1697 4810 1884 4863 sedem.

314 4906 632 4964 Necessaria
660 4905 814 4961 nobis
841 4915 944 4966 est,
970 4904 1187 4969 fratres,
1211 4902 1428 4972 pervigil
1455 4916 1601 4968 cura,
1626 4900 1888 4957 indeieSsa

317 5000 581 5065 custodia,
612 5000 734 5070 quia
764 4997 1045 5053 conﬂictus
1094 4997 1195 5051 iste
1237 4996 1353 5051 sine
1400 4996 1527 5062 fine,
1578 4994 1744 5051 hostis
1790 4995 1891 5050 iste

317 5096 440 5151 sine
466 5108 597 5164 pace
625 5102 725 5149 est.
758 5084 936 5148 uestis
962 5092 1061 5147 iste
1090 5092 1225 5146 vinei
1259 5097 1452 5159 potest,
1479 5089 1644 5159 recipi
1672 5089 1725 5143 in
1755 5088 1889 5143 ami-

318 5185 503 5244 citiam
526 5200 630 5239 non
658 5192 854 5255 poterit.
887 5185 952 5239 Et
974 5184 1093 5238 ideo
1114 5181 1352 5253 praelium
1382 5180 1521 5237 istud
1548 5180 1687 5251 quod
1712 5196 1892 5238 susce-

318 5278 519 5351 pimus,
560 5278 692 5333 satis
729 5277 922 5332 durum
962 5277 1195 5345 satisque
1232 5275 1585 5343 periculosum
1612 5283 1728 5340 est,
1768 5275 1889 5344 quia

1914 3980 1959 4043 Ο
1993 3994 2110 4035 mus
2136 3979 2222 4035 vel
2251 3978 2441 4049 lingua
2470 3977 2702 4048 gladium
2750 3977 3109 4034 retundamus.
3142 3979 3255 4035 Non
3283 3984 3454 4041 solum
3480 3988 3562 4043 ln.

1991 4072 2159 4127 vicem
2196 4086 2303 4126 non
2338 4070 2630 4126 inferamus
2661 4069 2908 4140 injurias,
2937 4070 3031 4126 sed
3070 4084 3170 4127 nec
3200 4072 3268 4128 ab
3294 4073 3414 4129 aliis
3441 4088 3563 4131 sem
3598 4104 3609 4111 -

1990 4166 2183 4221 tiamus
2210 4166 2402 4221 illatas.

2056 4259 2114 4313 Ξ.
2158 4258 2500 4316 Peculiariter
2525 4259 2668 4314 enim
2691 4259 2791 4315 ista
2818 4262 2883 4315 ad
2911 4261 3297 4331 professionem
3325 4268 3561 4318 nostram

1991 4354 2287 4423 pertinent,
2322 4353 2448 4408 nihil
2481 4356 2534 4409 in
2566 4354 2663 4409 bac
2691 4355 2797 4410 vita
2825 4356 3209 4411 consolationis
3250 4356 3524 4427 requirere
3545 4402 3560 4426 ,

1990 4444 2121 4500 nihil
2152 4444 2397 4508 honoris;
2430 4447 2775 4515 pmsentium
2804 4461 2983 4502 rerum
3009 4447 3194 4502 solatia
3222 4447 3489 4517 refugere,
3508 4457 3565 4503 et

1988 4538 2057 4593 ad
2084 4537 2343 4606 promissa
2371 4547 2587 4592 aeternae
2613 4539 3059 4592 remunerationis
3082 4539 3298 4606 praemia
3328 4539 3561 4592 artimnm

1992 4628 2312 4700 praeparare.
2364 4630 2708 4699 Subjectione
2752 4638 2810 4683 et
2855 4629 3154 4697 abjectione
3201 4627 3461 4695 gaudere,
3509 4634 3563 4682 et

1990 4728 2356 4789 paupertatem
2387 4720 2561 4773 studio
2591 4733 2860 4787 quaerere;
2895 4729 2949 4773 et
2988 4732 3094 4773 non
3136 4719 3310 4774 solum
3337 4717 3562 4772 faculta-

1994 4821 2096 4880 tes,
2120 4812 2213 4867 sed
2238 4813 2379 4881 ipsas
2402 4812 2704 4866 voluntates
2729 4811 2797 4866 de
2824 4812 3074 4867 cordibus
3098 4811 3391 4867 eradicare.
3423 4810 3564 4865 Nihil

1993 4905 2133 4958 enim
2162 4905 2433 4973 proprium
2456 4903 2655 4957 habere
2680 4901 2948 4957 interdum
2974 4916 3061 4959 res
3086 4902 3421 4959 necessitatis
3448 4900 3563 4958 exi-

1992 4997 2086 5069 git,
2114 4997 2245 5052 nihil
2275 5008 2451 5051 autem
2480 4992 2859 5065 concupiscere
2887 5010 2972 5052 res
2995 4996 3225 5053 virtutis.

2065 5094 2118 5148 5.
2159 5091 2291 5146 Illud
2320 5095 2479 5146 etiam
2508 5090 2645 5148 scire
2672 5090 2959 5156 debemus,
3002 5090 3143 5161 quod
3172 5090 3262 5161 qni
3290 5088 3437 5146 inter
3466 5094 3564 5147 nos

1997 5186 2160 5241 vitam
2190 5184 2390 5240 habere
2418 5177 2814 5250 constituimus,
2841 5194 2931 5239 aut
2956 5198 3076 5241 eum
3111 5185 3296 5255 grandi
3328 5185 3564 5255 periculo

1994 5276 2077 5333 vel
2107 5276 2386 5346 diligentes
2412 5276 2498 5332 vel
2529 5276 2689 5332 etiam
2714 5276 3044 5346 negligentes
3071 5290 3274 5332 sumus.
3308 5276 3458 5333 Unde
3488 5277 3565 5333 fe-

320 5370 467 5427 inter
496 5370 765 5424 hominem
790 5370 1014 5438 geritur,
1042 5378 1096 5422 et
1123 5368 1222 5422 nisi
1249 5382 1369 5423 cum
1400 5367 1515 5436 ipso
1545 5367 1759 5445 homine
1790 5383 1894 5423 non
1924 5356 1976 5417 Ι)
2000 5369 2069 5425 lis
2099 5380 2182 5427 est
2211 5371 2300 5427 illa
2333 5373 2506 5428 anima
2533 5387 2651 5443 qua:
2671 5414 2686 5437 ,
2730 5372 2856 5427 dum
2897 5372 3035 5428 bene
3073 5372 3126 5426 in
3156 5371 3565 5441 congregatione

322 5460 530 5516 linitur.
576 5459 702 5516 Ideo
729 5472 827 5515 nos
853 5458 919 5513 ad
948 5457 1227 5527 tranquilla
1259 5458 1371 5512 btec
1401 5467 1608 5513 secreta
1646 5466 1702 5513 et
1733 5459 1893 5529 spiri-

1996 5475 2260 5530 versatur,
2305 5466 2593 5521 multorum
2636 5466 2880 5535 gaudium
2912 5472 3022 5529 est,
3068 5472 3123 5520 et
3167 5464 3377 5533 plurimi
3408 5478 3472 5519 ex
3503 5479 3563 5519 ea

324 5553 491 5610 “alia
519 5562 695 5610 mira
723 5549 1064 5616 ωηιυιίηηεν
1118 5557 1173 5603 ιιι
1215 5548 1453 5617 (ιαοιίιιίθ
1499 5550 1732 5612 conm"-
1779 5564 1898 5618 Ραεο
1999 5557 2083 5612 vel
2127 5558 2458 5613 aedificantur
2493 5558 2580 5614 vel
2622 5557 3010 5613 illuminantur.
3061 5558 3204 5613 Bona
3250 5558 3391 5614 enim
3436 5557 3561 5613 dum

325 5645 512 5703 siones
539 5653 749 5701 nostras
772 5641 1081 5712 infatigabili
1112 5638 1487 5709 congressione
1516 5648 1810 5705 certemus;
1840 5648 1921 5694 ut-
2001 5650 2180 5704 munis
2226 5650 2705 5717 communicamur,
2752 5650 3041 5707 adduntur,
3092 5650 3174 5727 Αςι
3218 5650 3356 5720 quod
3404 5651 3562 5706 θείω.)

324 5737 572 5809 quotidie
615 5734 852 5791 moribus
894 5732 1093 5789 nostris
1135 5731 1284 5801 quasi
1330 5728 1556 5785 famulas
1595 5732 1895 5786 voluntates

329 5838 547 5890 nostras
574 5827 942 5890 euluiciamus,
966 5832 1025 5882 ut
1061 5821 1239 5881 cordis
1265 5822 1528 5890 nequitias
1553 5822 1901 5879 circumcida-

2001 5740 2380 5809 8apientissimi
2411 5741 2551 5795 illius
2577 5744 2839 5798 sententia
2869 5742 3104 5812 respicit,
3130 5758 3247 5814 quae
3272 5742 3393 5799 dicit
3422 5759 3434 5798 :
3462 5742 3489 5797 ἕ
3514 5746 3567 5796 ili

2002 5829 2113 5895 mi,
2171 5830 2214 5885 si
2254 5830 2452 5895 sapiens
2487 5832 2649 5894 [ueris
2674 5873 2689 5895 ,
2740 5834 2826 5887 tibi
2863 5841 2912 5887 et
2941 5834 3193 5894 proximis
3239 5834 3339 5889 tuis
3382 5831 3566 5889 (Prov.
