4090 6330
546 358 703 415 -8Ὴ

1842 356 1897 414 S.
1935 354 2179 414 FAUSTI
2220 354 2620 415 RHEGIENSIS

3756 363 3860 419 872

544 504 551 507 -
603 490 753 543 χχιιι,
786 473 894 544 i5).
946 473 1128 544 Itaque
1164 472 1210 529 si
1250 472 1370 543 quis
1408 472 1461 528 in
1503 472 1916 543 congregatione
1946 474 2173 544 positus,
2204 476 2260 536 Δ
2281 472 2431 539 simi,
2465 472 2703 545 quandiu
2731 487 2851 544 qua:
2877 473 2944 528 ad
2973 474 3235 531 mundum
3263 475 3560 545 pertinent,
3592 475 3697 531 illis
3725 479 3860 534 acti-

605 567 955 623 bumilitatem
976 581 1034 622 se
1056 565 1401 637 sequentibus
1420 575 1512 621 aut
1531 566 1838 637 patientiam
1864 567 2174 637 praebuerit,

600 666 855 728 quantum
886 672 950 712 ex
976 672 1035 714 se
1060 654 1260 712 bonum
1306 657 1570 727 proximis
1598 657 1931 726 commodat,
1972 666 2176 713 tantum

602 749 657 805 in
688 764 747 804 se
776 748 998 804 aliorum
1029 750 1172 805 lucra
1201 751 1485 806 convertit.
1517 749 1573 807 Si
1597 766 1727 807 vero
1757 753 2059 806 econtrario
2085 765 2179 822 per

600 839 1014 896 inobedientiam
1037 842 1121 897 vel
1148 844 1452 912 superbiam
1483 854 1706 912 quaeret,
1731 844 1871 913 quod
1898 843 2046 914 pejus
2070 853 2174 911 est,

601 932 806 987 facilius
834 934 1060 989 inveniri
1089 935 1243 1002 solet,
1269 936 1331 989 ad
1360 930 1483 988 mali
1512 937 1815 1003 exemplum
1844 936 1955 990 sive
1986 936 2179 1005 iniqui-

600 1024 725 1079 tatis
753 1024 887 1079 alios
913 1028 1223 1092 attraxerit,
1265 1040 1491 1097 quantos
1519 1028 1875 1094 destruxerit,
1916 1028 1984 1084 de
2017 1030 2178 1083 tantis

597 1119 893 1191 perieulum
916 1122 1271 1177 damnationis
1296 1122 1535 1188 incurrit,
1558 1124 1772 1193 quantis
1793 1123 2173 1179 detrimentum

598 1210 725 1278 fuit,
768 1213 928 1267 tantis
956 1213 1150 1268 damna
1180 1215 1473 1280 contraxit,
1517 1224 1572 1270 et
1611 1224 1888 1286 peccatum
1927 1216 2070 1285 quod
2108 1216 2176 1272 ab

598 1302 693 1363 illo
722 1305 886 1359 semel
917 1306 1162 1371 recessit,
1194 1305 1257 1363 ad
1289 1321 1411 1361 eum
1440 1306 1805 1376 multipliciter
1832 1308 2173 1363 redundabit.

600 1393 957 1461 Quamobrem
1006 1397 1142 1451 sicut
1189 1397 1279 1453 ille
1323 1398 1475 1454 valde
1519 1398 1864 1455 admirandus
1901 1410 1986 1457 est
2017 1410 2175 1471 atque

600 1484 895 1542 laudandus
944 1497 1027 1543 est
1073 1488 1221 1557 cujus
1270 1504 1458 1544 cursus
1499 1489 1673 1545 bonus
1720 1492 2004 1546 multorum
2054 1507 2177 1561 pro-

600 1577 771 1632 fectus
801 1587 910 1643 est,
948 1578 1018 1632 ita
1062 1579 1153 1635 illc
1180 1596 1285 1635 non
1314 1582 1579 1637 immerito
1611 1583 1872 1653 lugendus
1900 1594 1982 1639 est
2019 1585 2175 1656 cujus

599 1667 707 1723 vita
737 1668 1022 1724 multorum
1050 1670 1204 1725 ruina
1233 1680 1334 1728 est.
1366 1672 1625 1743 Ideoque,
1656 1674 1849 1731 fratres
1878 1677 2169 1747 carissimi,

597 1772 718 1827 qure
743 1758 807 1811 ad
836 1759 1243 1817 aedificationem
1273 1763 1579 1833 pertinent,
1624 1781 1684 1820 ea
1726 1767 1778 1819 in
1810 1767 1987 1822 medio
2015 1769 2172 1837 positi

2283 563 2386 620 bus
2408 572 2462 621 et
2490 564 2715 635 negotiis
2745 579 2958 622 eramus
2987 566 3298 637 militantes,
3340 567 3392 622 in
3423 569 3618 638 quibus
3641 585 3785 627 nunc
3808 581 3861 628 et

2283 657 2668 724 erubescimus,
2700 666 2824 714 tunc
2868 659 3025 716 nobis
3066 659 3411 717 adversarius
3437 675 3545 718 non
3576 662 3859 736 obstabat,

2282 748 2390 804 imo
2418 750 2578 805 etiam
2604 751 3001 817 consentiebat,
3044 751 3186 823 quod
3217 751 3359 807 circa
3388 753 3753 811 miserabilem
3800 771 3864 813 ac

2282 840 2541 919 perditam
2568 842 2730 896 vitam
2761 852 2995 898 nostram
3030 858 3134 899 non
3162 845 3463 901 inveniebat
3489 846 3543 901 in
3568 862 3677 917 quo
3703 862 3861 904 exer—
3938 874 3941 875 ν

2281 940 2428 987 ceret
2473 932 2725 988 invidiam
2772 948 2947 990 suam.
3008 934 3419 993 Delectabantur
3470 930 3625 994 illum
3673 947 3860 995 nostra

2279 1035 2471 1092 opera,
2516 1011 2960 1095 sufﬁciebantque
2988 1024 3067 1081 illi
3098 1041 3191 1094 per
3225 1020 3285 1083 se
3323 1037 3505 1084 nostra
3534 1026 3762 1085 crimina
3808 1036 3861 1087 et

2280 1125 2519 1186 peccata.
2569 1116 2700 1185 Quis
2728 1118 2869 1176 enim
2899 1119 3157 1189 suscipiat
3193 1119 3392 1177 bellum
3418 1130 3607 1178 contra
3631 1123 3859 1180 militem

2277 1223 2455 1276 suum,
2504 1216 2561 1265 et
2605 1209 2725 1282 quis
2774 1210 2902 1267 velit
2951 1212 3261 1283 impugnare
3308 1213 3609 1284 subjectum
3653 1216 3860 1272 suum?

2280 1303 2387 1360 Sed
2417 1320 2578 1377 super
2605 1321 2820 1363 omnem
2870 1307 3231 1367 infelicitatem
3277 1319 3395 1369 erat
3421 1315 3532 1370 vita
3579 1313 3723 1371 illius
3768 1313 3859 1371 cui

2276 1412 2475 1454 nocere
2518 1398 2906 1470 dedignabatur
2932 1400 3195 1458 inimicus.
3248 1405 3316 1459 At
3345 1419 3472 1462 vero
3516 1421 3660 1463 nunc
3707 1415 3857 1477 post-

2273 1508 2431 1564 quam
2455 1495 2814 1565 voluptatibus
2837 1496 2977 1551 illius
3000 1496 3440 1574 renuntiavimus,
3460 1498 3599 1555 vidit
3617 1500 3856 1559 cultores

2273 1601 2399 1642 suos
2428 1587 2492 1641 ad
2521 1587 2726 1643 actoris
2751 1587 2959 1657 pristini
2989 1587 3214 1651 rediisse
3243 1588 3589 1657 famulatum,
3620 1591 3754 1648 vidit
3800 1592 3855 1649 in

2273 1680 2427 1735 nobis
2457 1680 2688 1750 quodam
2719 1679 2877 1749 modo
2908 1680 3049 1735 idola
3080 1695 3175 1736 sua
3213 1680 3267 1745 in
3296 1681 3387 1736 Dei
3431 1683 3690 1753 templum
3732 1698 3854 1740 mu.

2275 1774 2417 1841 tari,
2472 1783 2526 1829 et
2573 1772 2823 1847 frendens
2870 1782 2925 1828 et
2974 1782 3225 1845 tanquam
3272 1774 3355 1831 leo
3404 1778 3620 1846 rugiens
3663 1792 3853 1833 omnes

596 1863 753 1918 agerc
779 1851 1107 1915 Studeamus,
1157 1870 1224 1908 ne
1274 1855 1355 1909 via
1401 1867 1579 1911 nostra
1632 1859 1855 1925 aliorum
1886 1861 2170 1917 virtutibus
2199 1847 2247 1908 Β
2275 1865 2502 1921 nocendi
2538 1865 2716 1922 aditus
2744 1864 2966 1935 pervigil
3005 1866 3282 1922 insidiator
3313 1866 3576 1937 explorat.
3630 1868 3705 1923 De
3743 1883 3853 1939 quo

593 1951 814 2007 noceat,
857 1954 910 1999 et
936 1960 1003 2000 ne
1028 1944 1253 2001 aliorum
1290 1949 1551 2004 fervorem
1586 1959 1735 2020 tepor
1763 1962 1946 2009 noster
1977 1954 2166 2010 debili-

598 2040 701 2098 tet;
729 2042 872 2090 etne
894 2024 1120 2091 aliorum
1149 2038 1454 2107 patientiam
1483 2053 1662 2097 nostra
1686 2045 1958 2100 iracundia
1983 2048 2161 2115 violet,

515 2198 519 2206 1
592 2139 694 2179 nec
720 2126 942 2182 aliorum
972 2127 1325 2185 humilitatem
1367 2134 1616 2202 superbia
1662 2147 1843 2191 nosua
1884 2137 2164 2207 depravct,

597 2231 666 2273 ne
698 2217 925 2273 aliorum
972 2220 1419 2289 pulchritudinem
1460 2226 1671 2281 foeditas
1701 2238 1878 2282 nostra
1911 2231 2168 2284 contami-

597 2317 688 2362 net
723 2326 734 2361 :
781 2325 847 2363 ne
887 2309 1108 2365 aliorum
1150 2314 1401 2370 ardentes
1430 2318 1831 2387 exstinguamus
1873 2321 2164 2392 lampades,

592 2395 638 2450 si
667 2405 874 2452 nostras
906 2398 1205 2456 illuminare
1233 2419 1335 2457 non
1366 2419 1666 2479 possumus.
1717 2409 1781 2463 Et
1808 2410 2021 2479 quidem
2062 2413 2165 2466 illae

593 2485 752 2540 fatua:
782 2488 1035 2557 virgines,
1064 2492 1354 2558 quamlibet
1395 2493 1552 2549 fatum
1594 2475 1943 2566 essentpnon
1991 2510 2164 2557 tamen

594 2575 797 2631 alienas
832 2579 1173 2650 exstinguere
1217 2584 1506 2652 lampades,
1556 2586 1649 2641 sed
1697 2602 1820 2642 suas
1869 2578 2165 2647 illuminare

498 2667 505 2671 ’
595 2668 911 2736 cupiebant;
943 2678 996 2726 et
1022 2672 1139 2727 ideo
1166 2673 1232 2728 ad
1261 2674 1480 2731 istarum
1511 2676 1946 2747 similitudinem,
1994 2684 2038 2736 si
2080 2685 2163 2738 cui

593 2769 832 2817 nostrum
861 2765 1011 2819 deest
1040 2767 1385 2836 pinguissima
1427 2772 1594 2839 gratia
1631 2773 1981 2839 humilitatis,
2028 2758 2095 2831 et.
2120 2778 2162 2831 si

524 2880 531 2883 -
591 2853 743 2911 deest
770 2857 906 2927 ignis
937 2859 1091 2927 fidei,
1140 2863 1184 2915 si
1216 2862 1427 2919 flamma
1456 2847 1708 2934 fervoris,
1745 2868 1790 2923 si
1821 2869 1998 2925 oleum
2028 2866 2165 2925 cari?

591 2947 734 3013 tatis,
756 2948 799 3002 si
829 2948 1004 3005 lumen
1031 2950 1387 3023 discretionis,
1415 2958 1591 3012 veniat
1618 2958 1684 3013 ad
1712 2974 1805 3014 eos
1830 2976 1962 3030 quos
1995 2964 2162 3032 magis

590 3038 859 3095 abundare
889 3044 1243 3112 prospexerit,
1276 3048 1505 3116 gratiam
1539 3050 1590 3102 in
1620 3064 1679 3104 se
1707 3065 1736 3104 a
1766 3052 2021 3120 proximis
2055 3068 2160 3107 non

589 3132 901 3199 auferendo,
928 3136 1021 3190 sed
1050 3137 1303 3193 imitando
1332 3140 1681 3207 transfundat,
1711 3152 1765 3198 et
1789 3143 1923 3199 bona
1949 3159 2160 3215 posses-

590 3223 760 3279 sionis
787 3225 972 3281 aliena:
997 3243 1102 3283 non
1132 3230 1303 3285 solum
1332 3233 1447 3288 sine
1476 3233 1691 3302 damno,
1722 3236 2002 3300 sedetiam
2036 3253 2159 3293 cum
2188 3214 2233 3278 Ο

544 3320 547 3321 ⁷
592 3313 1091 3387 lucropossessoris
1121 3322 1351 3378 invadat.
1401 3324 1679 3396 Nunquam
1712 3328 1852 3383 enim
1884 3331 2045 3386 sentit
2076 3333 2159 3385 lu-

491 3454 509 3471 ,
592 3406 752 3460 minis
781 3408 1032 3465 damnum
1071 3413 1310 3482 plurimis
1342 3415 1478 3485 ignis
1507 3432 1785 3485 accensus,
1833 3436 1931 3476 nec
1973 3422 2162 3478 minuit

591 3500 721 3556 solis
750 3500 921 3558 lucem
943 3505 1396 3564 considerantium
1425 3510 1725 3579 multitudo,
1748 3516 1927 3585 quanti
1948 3515 2014 3570 ad
2035 3532 2158 3571 eum

588 3595 977 3663 perspexerint,
1007 3598 1169 3653 tantis
1199 3615 1417 3656 munera
1447 3618 1542 3657 sua
1566 3606 1908 3674 commodat;
1953 3618 2007 3663 et
2046 3609 2160 3680 ipse

588 3690 766 3738 tamen
798 3698 1013 3756 semper
1038 3688 1244 3760 integer
1270 3704 1600 3762 perseverat.

656 3776 713 3830 4.
750 3776 1035 3835 Benedicta
1064 3780 1152 3836 illa
1180 3784 1358 3840 anima
1386 3794 1469 3843 est
1500 3802 1527 3840 a
1558 3787 1669 3845 Deo
1698 3791 1850 3861 cujus
1890 3793 2159 3851 humilitas

585 3864 803 3921 alterius
830 3868 1105 3926 confundit
1132 3875 1457 3944 superbiam,
1481 3878 1635 3949 cujus
1663 3882 1913 3950 patientia
1940 3884 2159 3941 alterius

522 4006 529 4013 .
584 3960 874 4030 exstinguit
906 3963 1257 4034 iracundiam,
1279 3969 1431 4039 cujus
1459 3970 1759 4028 obedientia
1785 3976 2049 4046 pigritiam
2081 3987 2159 4033 ta-

468 4090 479 4097 .
581 4050 690 4106 cite
719 4053 938 4111 alterius
965 4056 1233 4129 increpat;
1284 4064 1451 4135 cujus
1485 4064 1659 4121 fervor
1699 4068 1946 4125 inertiam
1995 4072 2155 4127 alieni

583 4144 784 4210 teporis
813 4150 1124 4217 exsuscitat,
1152 4152 1242 4220 qui
1274 4154 1498 4221 proximi
1529 4158 1610 4212 sui
1643 4173 1753 4227 prae
1780 4160 1857 4214 ira
1887 4162 2153 4218 turbatum

582 4230 798 4285 oculum
818 4234 995 4290 cordis
1016 4240 1182 4307 gratia
1206 4244 1586 4301 consolationis
1606 4258 1764 4317 atque
1786 4250 2155 4309 mdificationis

580 4320 867 4416 illuminat.
900 4326 1088 4384 Melius
1110 4338 1193 4385 est
1215 4331 1337 4388 huic
1361 4350 1520 4405 quam
1546 4338 1623 4393 illi
1650 4340 1737 4410 qui
1773 4341 1995 4399 fratrem
2025 4360 2156 4416 pau-

581 4411 749 4469 lulum
794 4417 862 4475 ab
906 4419 1083 4490 aliquo
1129 4425 1532 4495 contristatum,
1583 4447 1689 4486 non
1734 4440 1913 4489 tamen
1961 4411 2155 4494 solatio

578 4518 681 4562 suo
698 4519 939 4577 porrecta
968 4527 1127 4569 manu
1148 4531 1253 4572 non
1279 4518 1538 4589 sublevat,
1571 4523 1671 4580 sed
1690 4524 2022 4597 titubantem,
2051 4535 2155 4587 sic-

580 4608 642 4655 ut
666 4600 921 4693 parietem
951 4604 1261 4665 inclinatum
1291 4612 1728 4686 maleloquiorum
1752 4618 1979 4691 impulsu
1998 4622 2149 4693 adju-
2179 4597 2234 4660 Ῑ)

580 4700 672 4746 vat
699 4692 765 4747 ad
792 4695 1021 4763 ruinam,
1069 4708 1123 4755 et
1162 4702 1449 4760 salubriter
1492 4720 1589 4777 pro
1616 4708 1913 4780 disciplinae
1938 4715 2146 4772 ratione

575 4792 876 4875 correctum
903 4802 999 4857 per
1019 4790 1235 4848 sinistra
1256 4796 1479 4854 consilia
1505 4799 1584 4856 sic
1609 4801 1816 4874 incitat,
1839 4812 1897 4859 ut
1924 4805 2140 4875 allidat;

572 4872 653 4929 sic
677 4887 867 4944 armat,
894 4888 951 4934 ut
977 4882 1218 4951 perimat.

643 4966 698 5022 5.
739 4969 942 5062 itaque,
968 4972 1180 5043 fratres,
1205 4980 1292 5035 cui
1318 4982 1453 5039 mala
1479 4988 1691 5057 propria
1715 5004 1821 5046 non
1847 4992 2139 5062 sufficiunt,

570 5056 665 5155 ille
710 5060 790 5116 sic
816 5064 972 5155 agit,
1004 5075 1079 5123 Aut
1112 5068 1369 5139 judicium
1398 5076 1558 5133 etiam
1580 5056 1790 5137 alienae
1829 5056 2145 5155 perditionis

569 5149 829 5209 incurrat.
855 5154 1002 5212 Certi
1021 5173 1225 5229 sumus,
1246 5165 1529 5234 carissimi,
1553 5173 1693 5240 quod
1715 5149 2140 5250 nisieaveamus,

568 5244 672 5301 nisi
705 5256 915 5305 nostras
939 5252 1173 5321 quotidie
1198 5258 1472 5326 passiones
1497 5276 1804 5323 resecemus
1832 5277 1888 5325 et
1914 5244 2143 5328 circum;

566 5334 828 5405 eidamus,
860 5339 1154 5401 deteriores
1197 5350 1421 5406 multum
1465 5367 1563 5409 nos
1598 5355 1927 5429 efficiquam
1959 5362 2137 5419 fuera-

567 5438 706 5494 mus,
751 5428 877 5485 dum
926 5432 979 5488 in
1024 5434 1127 5492 hoc
1171 5440 1369 5496 saeculo
1407 5444 1751 5503 viveremus:
1794 5428 1870 5506 ita
1911 5463 1967 5508 ut
2010 5456 2139 5511 flant

2270 1958 2422 2014 leone
2449 1958 2720 2028 apostolus
2757 1957 2893 2012 bene
2922 1954 3240 2012 attestatur:
3280 1956 3531 2030 Vigilate,
3582 1959 3705 2029 quia
3748 1961 3851 2013 ad-

2267 2050 2518 2104 versarius
2542 2059 2697 2103 vester
2724 2049 2980 2116 diabolus,
3006 2059 3061 2103 ut
3086 2048 3166 2104 leo
3193 2049 3395 2120 rugiens
3416 2051 3596 2104 circuit
3619 2065 3851 2121 querens

2266 2155 2414 2209 quem
2442 2139 2640 2192 devoret
2668 2135 2719 2207 (1
2751 2136 2893 2192 Petr.
2918 2155 2973 2204 v,
2995 2137 3071 2209 8).
3107 2138 3251 2194 Beati
3283 2153 3417 2209 quos
3445 2139 3533 2195 hic
3561 2140 3648 2196 leo
3677 2141 3850 2210 inqui-

2267 2231 2462 2286 rendos
2488 2230 2685 2299 judieat
2709 2238 2765 2285 et
2786 2228 3088 2300 sequendos
3112 2231 3299 2300 utique
3325 2232 3582 2287 virtutum
3610 2232 3848 2302 vestigiis

2226 2380 2233 2389 ,
2266 2330 2321 2377 et
2348 2322 2510 2376 odore
2540 2323 2870 2378 meritorum.
2924 2320 3038 2376 Non
3079 2323 3222 2377 enim
3260 2322 3327 2377 ab
3363 2322 3457 2378 illo
3502 2324 3847 2393 inquiruntur

2266 2413 2367 2469 nisi
2414 2415 2572 2481 boni,
2616 2416 2739 2485 quia
2783 2430 2842 2470 se
2890 2414 3031 2469 ultro
3079 2417 3326 2485 ingerunt
3352 2417 3500 2493 mali.
3551 2416 3681 2473 Post
3725 2418 3845 2473 illos

2266 2507 2532 2562 violenter
2551 2509 2739 2563 currit.
2770 2507 2878 2562 llos
2898 2507 3057 2562 etiam
3084 2507 3411 2577 negligenter
3429 2508 3677 2564 incurrit.
3698 2509 3843 2567 Beati

2266 2598 2426 2668 igitur
2453 2615 2588 2669 quos
2620 2601 2703 2654 hic
2733 2600 2817 2655 leo
2845 2599 3039 2655 invidia
3069 2601 3281 2669 cogitur
3309 2614 3576 2670 quaerere,
3604 2610 3662 2658 et
3688 2602 3841 2656 mali-

2268 2691 2337 2745 tia
2360 2705 2463 2744 non
2483 2690 3077 2760 permittiturinvcnire.
3097 2691 3430 2748 Terribiliter
3450 2693 3668 2762 quidem
3692 2703 3840 2749 sonat

2268 2783 2320 2839 in
2348 2784 2564 2839 auribus
2604 2786 2800 2840 nostris
2830 2783 2957 2839 dum
2996 2784 3295 2840 audivimus
3325 2783 3599 2854 Tanquam
3640 2785 3717 2841 leo
3754 2803 3838 2839 ru-

2265 2880 2424 2949 giens.
2470 2878 2573 2933 Sed
2604 2880 2724 2946 quia
2754 2878 2955 2934 dictum
2993 2887 3110 2934 est:
3148 2878 3292 2934 Esca
3328 2882 3443 2951 ejus
3476 2879 3654 2934 electis
3685 2891 3835 2945 sunt;

2264 2970 2403 3038 quod
2432 2969 2625 3039 quierit
2652 2970 2929 3025 electionis
2955 2980 3071 3036 est;
3114 2970 3253 3041 quod
3284 2972 3425 3041 rugit
3449 2969 3835 3042 desperationis

2264 3070 2365 3117 est.
2396 3061 2545 3117 Sicut
2575 3062 2627 3116 in
2654 3062 2759 3117 alio
2787 3062 2907 3117 loco
2937 3061 3196 3132 legimus:
3233 3063 3478 3119 Dentibus
3506 3065 3615 3119 suis
3644 3065 3834 3134 [render

2263 3166 2310 3211 et
2338 3158 2574 3211 tabescet.
2609 3157 2682 3213 Ita
2705 3156 2821 3213 haec
2849 3158 3084 3229 loquitur
3108 3144 3543 3224 sermovdivinus,
3570 3170 3626 3215 ut
3649 3162 3835 3216 terrori

2263 3250 2548 3320 conjuncta
2575 3251 2646 3306 sit
2669 3250 2982 3307 consolatio.
3013 3252 3232 3308 Cruenti
3258 3251 3473 3322 quidem
3500 3260 3579 3308 est
3601 3252 3832 3323 frendet;

2261 3342 2355 3396 sed
2403 3342 2527 3399 victi
2577 3344 2716 3413 quod
2761 3343 2984 3400 tabescit.
3058 3344 3123 3401 Et
3167 3345 3307 3401 inter
3361 3352 3547 3416 quanta
3590 3344 3697 3399 sint
3736 3344 3828 3400 illa

2261 3420 2379 3504 qua:
2439 3450 2468 3488 a
2528 3436 2636 3492 Deo
2679 3445 2980 3507 prazparata
3040 3438 3163 3493 su‘nt
3218 3436 3419 3493 homini
3477 3436 3609 3493 livor
3652 3435 3832 3506 prodit

2262 3518 2483 3585 inimici.

2338 3624 2391 3678 6.
2434 3623 2556 3679 Haec
2594 3624 2803 3695 itaque,
2845 3623 3137 3691 carissimi;
3179 3623 3507 3694 cogitantes,
3548 3630 3600 3679 et
3644 3623 3698 3678 in
3738 3621 3835 3677 hoc

2268 3724 2443 3785 agone
2471 3713 2796 3785 desudantes
2818 3716 3034 3785 gloriosi
3070 3722 3124 3771 et
3150 3715 3386 3784 praeclari
3421 3723 3447 3752 ⁸
3477 3714 3647 3784 patris
3673 3714 3836 3769 nostri

2261 3822 2360 3863 nos
2398 3817 2451 3862 et
2479 3806 2772 3876 discipulos
2800 3807 3198 3864 meminerimus
3230 3821 3349 3864 esse
3381 3814 3436 3862 et
3455 3805 3617 3861 ﬁlios.
3651 3805 3834 3874 Rapiaa

2264 3916 2385 3957 mus
2416 3884 2778 3970 unusquisque
2801 3901 2941 3971 quod
2983 3914 3265 3973 possumus
3305 3899 3372 3955 de
3411 3899 3569 3955 bonis
3599 3899 3835 3955 intestati

2258 3992 2516 4063 parentis.
2551 3990 2646 4046 llic
2668 3990 2737 4046 de
2768 3991 3078 4047 haereditate
3105 4000 3342 4047 assumat
3368 3990 3490 4045 fidei
3518 3990 3835 4046 oloserieam

2256 4095 2527 4155 gestorum
2556 4084 2870 4140 varietatem
2913 4085 3224 4154 pretiosam.
3272 4080 3370 4139 llic
3412 4081 3835 4139 mansuetudinis

2257 4189 2321 4229 ac
2349 4174 2706 4245 simplicitatis
2727 4184 2956 4245 occupet
2983 4175 3259 4231 talentum.
3299 4174 3390 4229 Ille
3411 4175 3580 4230 decus
3610 4174 3836 4245 pectoris

2257 4266 2643 4322 benevolentia:
2672 4282 2735 4321 ac
2762 4266 3040 4337 sapientia:
3074 4267 3274 4322 monile
3305 4266 3409 4321 sibi
3439 4265 3694 4321 vindicet.
3741 4264 3836 4319 llic

2258 4357 2597 4427 margaritam
2645 4360 3073 4428 compunctionis
3116 4368 3172 4414 et
3216 4359 3525 4415 thesaurum
3574 4357 3837 4419 castitatis

2257 4448 2489 4503 invadat.
2525 4438 2676 4503 Licet
2703 4449 2845 4504 enim
2877 4447 2969 4504 ille
2999 4447 3449 4519 locupletissimus
3480 4448 3578 4505 Dei
3606 4448 3834 4514 amicus,

2254 4539 2508 4611 quidquid
2553 4539 2738 4596 habuit
2780 4541 3048 4610 integrum
3093 4555 3271 4596 secum
3319 4541 3535 4607 tulerit,
3582 4550 3639 4596 et
3679 4539 3837 4595 nobis

2258 4644 2455 4701 tamen,
2488 4634 2533 4690 si
2564 4635 2830 4699 volumm,
2859 4642 3028 4689 totum
3058 4634 3299 4704 reliquit.
3354 4632 3431 4688 Ita
3459 4648 3591 4703 ergo
3615 4647 3838 4703 agamus

2253 4727 2391 4783 bona
2440 4728 2581 4783 illius
2627 4735 2913 4796 sectantes,
2964 4737 3022 4782 ut
3060 4727 3150 4797 qui
3200 4727 3254 4782 in
3301 4736 3559 4783 aeternam
3607 4726 3835 4797 gloriam

2251 4817 2592 4874 suscitandus
2646 4818 2747 4875 sub
2794 4817 2898 4873 fine
2943 4818 3272 4874 saeculorum
3336 4818 3634 4885 reddetur,
3689 4832 3838 4872 nunc

2251 4908 2505 4965 Ecclesia;
2553 4909 2700 4980 prole
2738 4909 2917 4965 divina
2958 4908 3012 4965 in
3052 4908 3178 4967 filiis
3221 4923 3316 4980 per
3354 4909 3548 4966 merita
3585 4910 3690 4980 jam
3738 4924 3839 4966 re-

2247 5008 2452 5070 surgat.

2871 5092 3103 5151 SERMO
3138 5093 3203 5149 ll.

2819 5185 2900 5239 Ad
2951 5186 3247 5241 monachos.

2318 5276 2368 5330 l.
2408 5276 2560 5345 Quod
2591 5276 2874 5348 supplente
2912 5287 2965 5334 et
3006 5277 3236 5349 quodam
3267 5275 3428 5333 modo
3452 5290 3578 5335 cum
3602 5275 3835 5334 caritate

2238 5367 2458 5439 jubente
2508 5369 2617 5441 Deo
2667 5380 2721 5427 et
2765 5354 2943 5427 vestra
2991 5370 3348 5439 fraternitate,
3396 5368 3835 5440 qualemcunque

2242 5474 2550 5516 sermonem
2580 5460 2833 5531 profero;
2887 5461 3023 5517 facio
3068 5462 3172 5518 hoc
3209 5474 3313 5517 non
3355 5475 3423 5518 ex
3463 5461 3645 5532 aliqua
3680 5474 3831 5529 pra-

565 5527 804 5577 estrema
832 5537 1010 5584 nostra
1038 5531 1218 5602 pejora
1250 5535 1537 5605 prioribus.
1589 5540 1658 5596 Et
1686 5543 1898 5634 quidem
1917 5589 1932 5616 ,
1961 5550 2134 5605 earis-
2241 5527 2708 5625 sumptionepsed
2745 5570 2810 5614 ex
2838 5569 2966 5612 vera
2993 5554 3276 5627 etintegra
3305 5527 3572 5612 caritate:
3604 5527 3835 5610 iit—licet

638 5697 745 5781 “.S.
772 5700 1023 5761 Honorati
1055 5707 1193 5765 haud
1222 5712 1468 5779 dubium,
1505 5715 1595 5783 qui
1624 5717 1863 5775 fundavit
1889 5736 1953 5777 ac
1980 5726 2116 5780 rexit

674 5728 1595 5803 sﬁLIflogug‘rfititaugl_uuurum,qut
1624 5728 1953 5803 t’undavitac
1980 5728 2116 5780 rexit
2222 5728 2381 5803 batur
2422 5728 2750 5803 SsFaustus
2800 5739 2856 5803 et
2909 5734 3023 5803 ipse
3069 5734 3230 5792 etiam
3278 5738 3399 5790 ante
3444 5730 3833 5803 episcopatum

568 5764 855 5834 Lerinense
893 5764 1595 5855 monasterium,vati—cujus
1617 5764 2117 5864 ἰιῖὸίἷᾶέιίὸξ

2227 5799 2464 5867 ejusdem
2499 5800 2604 5858 loci
2633 5799 2961 5861 monachus.
