4090 6330
263 305 367 365 878

1695 291 2077 355 SEBMONES.

3407 297 3511 365 874

265 430 370 477 tam
395 416 749 490 perfectti
774 415 1004 488 propitio
1028 414 1166 482 sitis,
1190 421 1249 470 ut
1268 412 1629 470 admonitione
1651 418 1834 466 nostra
1861 411 1915 470 Α
1941 409 2044 464 hoc
2067 410 2262 465 mundo
2285 425 2391 467 non
2415 413 2717 483 corrigitur,
2746 411 2797 468 iu
2827 414 3003 470 futuro
3025 416 3224 472 steculo
3243 417 3508 488 punietur.

269 509 490 566 minime
519 507 757 578 egeatis:
793 517 970 562 tamen
1015 506 1308 576 imperante
1345 502 1567 560 caritate
1594 515 1712 571 qua:
1740 514 1834 555 ne-

267 603 366 657 scit
393 602 606 668 timere,
638 599 799 657 etiam
821 599 963 670 quod
993 598 1192 669 optime
1221 597 1443 667 implere
1469 608 1562 650 vos
1591 592 1834 648 novimus

265 708 549 763 suggerere
579 701 633 748 et
660 692 951 746 admonere
975 705 1096 745 cum
1126 704 1250 744 vera
1291 685 1589 742 humilitate
1626 692 1680 738 et
1712 698 1836 753 per-

265 785 401 841 fecta
449 784 670 840 caritate
720 783 1110 854 praesumimus,
1161 795 1266 834 non
1317 788 1493 834 tamen
1540 777 1656 832 siue
1686 790 1837 830 vere-

267 878 480 941 cundia,
513 891 633 932 cum
685 889 783 930 nos
830 873 1056 930 necdum
1103 871 1326 928 idoneos
1371 869 1677 925 noverimus
1716 880 1836 922 esse

266 968 579 1038 discipulos,
628 976 681 1024 et
722 967 787 1022 ad
835 981 968 1037 opus
1009 975 1249 1020 sanctum
1285 963 1564 1019 videamur
1605 961 1838 1016 excitare

268 1060 574 1130 magistros.
605 1057 736 1112 Cum
763 1058 929 1113 simus
957 1058 1116 1127 tepidi
1142 1056 1383 1126 cogimur
1416 1055 1702 1110 admonere
1735 1053 1837 1107 ler-

266 1159 488 1214 ventes;
539 1164 658 1205 cum
701 1150 869 1203 simus
919 1155 1262 1218 peccatores,
1314 1147 1585 1215 arguimus
1627 1143 1837 1213 justos;

265 1255 387 1298 eum
419 1242 586 1296 simus
611 1239 861 1309 imperiti,
887 1239 1132 1293 doctores
1153 1237 1500 1299 instruimus;
1531 1249 1651 1290 cum
1673 1235 1840 1288 simus

265 1332 321 1388 in
355 1332 540 1402 pelago
567 1331 724 1400 hujus
751 1331 932 1386 mundi
963 1329 1141 1384 nimiis
1163 1329 1409 1384 fluctibus
1432 1327 1636 1398 agitati,
1657 1326 1724 1380 ad
1747 1339 1839 1380 eos

264 1426 356 1496 qui
380 1425 445 1477 ad
475 1434 684 1492 portum
709 1433 814 1478 tam
843 1423 1066 1477 feliciter
1091 1429 1455 1492 pervenerunt
1480 1415 1840 1488 prmdictionis

264 1519 428 1574 verba
460 1517 798 1595 proferimus.
849 1515 953 1571 Sed
999 1525 1210 1579 tamen,
1254 1512 1446 1567 fratres
1475 1508 1838 1576 dilectissimi,

267 1611 394 1682 quia
427 1611 600 1665 solent
628 1624 790 1664 naves
817 1608 1078 1678 superatis
1117 1616 1172 1662 et
1205 1605 1431 1660 devictis
1473 1603 1718 1658 fluctibus
1749 1616 1841 1672 pe-

265 1700 411 1769 lagi,
459 1700 619 1754 etiam
672 1700 724 1754 in
776 1709 931 1769 portu
982 1697 1247 1754 tutissimo
1295 1695 1575 1764 laborare,
1634 1705 1688 1749 et
1739 1691 1840 1746 nisi

1939 501 2028 556 Sic
2054 502 2194 556 enim
2221 501 2288 557 de
2319 503 2447 569 filio,
2479 504 2546 559 de
2575 519 2730 560 servo
2757 505 2933 561 divina
2963 506 3238 578 Scriptura
3276 524 3510 566 comme-

1938 600 2112 646 morat
2138 610 2151 646 :
2189 591 2284 657 Tu,
2318 593 2504 661 inquit,
2529 596 2670 665 virga
2698 614 2811 652 eum
2841 599 3013 665 caedis,
3039 610 3087 654 et
3114 602 3340 655 animam
3369 601 3510 656 illius

1939 685 2000 739 de
2030 685 2230 754 inferno
2263 685 2495 740 liberabis
2526 687 2716 759 (Prov.
2754 706 2914 755 χχιιι,
2957 692 3066 760 ll).
3106 693 3170 747 Et
3198 693 3338 760 ideo,
3372 697 3509 749 sicut

1939 795 2096 849 supra
2128 780 2393 850 suggessi,
2443 795 2549 835 non
2597 782 2769 838 solum
2796 786 3039 854 capitalia
3071 787 3291 842 crimina
3322 802 3509 843 cavea-

1939 887 2079 936 mus,
2122 871 2214 926 sed
2254 871 2416 926 etiam
2457 887 2645 941 parvas
2673 875 3037 944 negligentias,
3069 875 3242 948 [quas]
3273 881 3508 948 quotidie

1940 965 2090 1034 quasi
2112 979 2313 1018 venena
2343 963 2539 1018 diaboli
2571 966 2917 1034 respiramus.
2948 968 3081 1023 Sunt
3103 972 3242 1025 enim
3267 973 3509 1026 nonnulli

1941 1055 2030 1125 qui
2059 1066 2174 1124 post
2197 1055 2468 1125 religionis
2496 1055 2902 1125 professionem,
2930 1074 3032 1127 qua
3063 1061 3310 1116 videntur
3334 1064 3512 1118 exisse

1940 1145 2009 1202 de
2037 1149 2268 1213 saeculo,
2313 1149 2474 1202 nimia
2515 1149 2801 1204 securitate
2843 1151 3142 1219 solvuntur,
3170 1162 3224 1206 et
3260 1154 3513 1223 impletur

1941 1238 1997 1293 in
2026 1240 2106 1294 eis
2133 1239 2395 1294 sententia
2425 1240 2634 1294 Domini
2659 1256 2760 1311 qua
2785 1241 2981 1297 dicitur
3006 1260 3017 1294 :
3060 1242 3266 1297 Utinam
3292 1246 3513 1317 frigidus

1943 1346 2094 1394 esses,
2125 1340 2215 1384 aut
2243 1331 2440 1384 calidus
2464 1347 2482 1384 :
2523 1348 2656 1385 nunc
2694 1342 2862 1386 autem
2892 1335 3011 1401 quia
3041 1334 3239 1402 tepidus
3265 1350 3345 1400 es,
3388 1336 3514 1388 inci-

1942 1423 2080 1493 piam
2107 1433 2153 1476 te
2184 1439 2379 1477 vomere
2408 1440 2471 1477 ea:
2499 1440 2582 1477 ore
2611 1441 2720 1478 meo
2750 1425 2930 1495 (Apoc.
2968 1440 3058 1494 111,
3097 1423 3207 1495 15).
3255 1425 3391 1492 Quid
3433 1433 3516 1479 est

1943 1515 2082 1586 quod
2107 1515 2245 1570 dixit
2270 1535 2281 1568 :
2321 1515 2529 1570 Utinam
2558 1533 2688 1571 esses
2719 1517 2916 1569 calidus
2944 1527 3032 1570 aut
3063 1517 3325 1587 frigidus?
3366 1515 3515 1571 Nunc

1943 1618 2118 1664 autem
2148 1610 2270 1679 quia
2300 1618 2354 1664 et
2384 1609 2450 1664 de
2473 1611 2670 1665 steculo
2701 1610 2993 1673 recessisti,
3017 1618 3072 1664 et
3095 1610 3388 1678 spiritalem
3414 1610 3514 1664 fer—

1944 1715 2126 1755 vorem
2156 1715 2249 1770 per
2271 1700 2642 1769 negligentiam
2670 1709 2813 1754 tuam
2841 1699 3243 1770 apprehendere
3272 1700 3512 1764 noluisti,

264 1793 488 1863 grandis
516 1793 720 1848 cautela
752 1792 929 1859 fuerit,
963 1806 1100 1861 pene
1131 1789 1431 1860 submergi;
1472 1804 1592 1843 cum
1629 1802 1834 1842 summa
1867 1786 1913 1847 Β
1943 1792 2151 1862 tepidus
2180 1792 2398 1847 effectus
2425 1809 2516 1862 es,
2560 1808 2628 1848 ex
2662 1809 2756 1848 ore
2787 1793 2996 1848 Domini
3027 1794 3112 1848 vix
3145 1793 3334 1848 iterum
3376 1795 3514 1849 reci-

264 1885 572 1942 ltumilitate
604 1894 656 1940 et
683 1885 881 1954 ingenti
913 1882 1212 1939 reverentia
1241 1881 1612 1945 admonemus,
1641 1891 1693 1934 ut
1716 1881 1837 1950 quia

262 1994 366 2033 vos
395 1977 638 2033 Christus
665 1977 982 2048 capitalibus
1009 1976 1324 2031 criminibus
1350 1983 1600 2044 tanquam
1639 1972 1707 2028 de
1745 1988 1840 2042 pe-

264 2070 519 2128 riculosis
547 2069 792 2124 liberavit
822 2068 1094 2134 fluctibus,
1128 2069 1180 2122 in
1228 2077 1386 2136 portu
1415 2065 1610 2135 quietis
1636 2074 1689 2119 et
1718 2063 1841 2118 bea-

264 2162 511 2219 titudinis
558 2161 871 2229 constituti,
920 2175 1110 2231 parvas
1156 2159 1544 2230 negligentias,
1595 2167 1648 2213 et
1694 2157 1841 2227 quasi

263 2253 471 2310 minuta
499 2263 750 2323 peccata,
795 2266 914 2323 quae
956 2251 1033 2305 sic
1061 2251 1116 2304 in
1147 2249 1324 2304 anima
1352 2247 1658 2313 confluunt,
1705 2260 1840 2315 quo-

167 2331 170 2335 .
262 2345 431 2402 modo
453 2359 546 2414 per
568 2343 949 2399 minutissimas
969 2341 1116 2396 navis
1138 2339 1358 2395 rimulas
1380 2339 1432 2392 in
1453 2336 1661 2393 sentina
1684 2344 1858 2406 guttm.

261 2445 616 2504 concurrunt,
649 2451 770 2490 cum
801 2434 947 2490 omni
976 2432 1268 2504 vigilantia,
1294 2430 1507 2486 Christo
1535 2429 1840 2498 adjuvante,

261 2529 555 2586 exhaurire
604 2527 803 2598 jugiter
851 2525 1134 2581 festinetis.
1195 2522 1328 2578 Nam
1374 2521 1642 2591 quomodo
1692 2521 1844 2574 navis

262 2629 456 2692 postea
482 2634 640 2689 quant
667 2617 837 2688 pelagi
865 2616 1056 2670 fluctus
1082 2614 1343 2678 evaserit,
1376 2613 1421 2667 si
1452 2612 1505 2667 in
1537 2620 1690 2680 portu
1720 2625 1842 2664 sen-

263 2714 436 2770 tinata
464 2727 569 2768 non
597 2711 786 2777 fuerit,
813 2710 879 2765 de
908 2707 1125 2764 minutis
1154 2707 1317 2778 guttis
1347 2705 1599 2775 impletur
1627 2714 1679 2758 et
1707 2719 1847 2756 mer-

262 2807 414 2878 gitur
455 2822 469 2858 :
501 2808 578 2860 sic
606 2812 661 2860 et
686 2801 1000 2866 monachus,
1042 2799 1265 2855 devictis
1292 2805 1346 2852 et
1375 2795 1638 2866 superatis
1665 2793 1847 2848 mundi

262 2898 434 2968 hujus
457 2896 791 2963 criminibus,
821 2895 972 2966 quasi
1002 2891 1316 2963 periculosis
1341 2888 1607 2955 fluctibus,
1636 2903 1754 2942 cum
1781 2886 1846 2940 ad

264 3000 488 3061 portum
533 2984 843 3043 monasterii
887 2984 1122 3049 venerit,
1163 2983 1208 3036 si
1258 2980 1594 3050 subrepentia
1631 2978 1757 3032 vitia
1795 2988 1849 3033 et

264 3081 479 3138 minuta
508 3089 564 3136 et
587 3078 891 3149 quotidiana
925 3083 1144 3146 peccata
1170 3073 1237 3128 de
1265 3073 1456 3127 animae
1497 3085 1607 3126 suae
1643 3070 1849 3126 sentina

1945 1884 2172 1955 piendus
2198 1886 2484 1941 evomeris.

2014 1979 2069 2034 3.
2113 1979 2376 2049 Ideoque,
2416 1977 2612 2034 fratres
2639 1979 2937 2047 carissimi,
2974 1979 3296 2034 sententiam
3326 1979 3519 2035 divinae

1944 2071 2234 2142 Scripturre
2278 2071 2562 2141 diligenter
2592 2073 2880 2137 attendite,
2916 2087 3018 2142 qua
3063 2072 3258 2128 dicitur
3304 2090 3318 2126 :
3365 2073 3518 2126 Omni

1945 2167 2178 2220 custodia
2216 2181 2360 2220 serva
2398 2182 2485 2221 cor
2515 2176 2654 2219 tuum
2682 2165 2864 2237 (Prov.
2909 2181 2982 2233 tv,
3025 2163 3139 2236 95).
3193 2166 3341 2222 Sicut
3378 2167 3520 2222 enim

1944 2258 2279 2328 gaudendum
2307 2268 2391 2314 est
2413 2257 2481 2313 de
2509 2258 2772 2313 monacho
2800 2260 2889 2329 qui
2917 2259 2969 2313 in
2999 2263 3322 2314 monasterio
3342 2261 3522 2315 volue-

1945 2348 2016 2402 rit
2058 2348 2554 2416 mausuetudinetn,
2599 2348 2988 2411 obedientiam,
3035 2350 3340 2418 patientiam
3382 2352 3524 2406 mitis

1946 2449 2001 2496 et
2043 2439 2256 2495 humilis
2302 2439 2592 2504 exhibere;
2629 2440 2698 2495 ita
2730 2455 2759 2494 e
2793 2439 3063 2494 contrario
3107 2439 3391 2510 lugendum
3437 2450 3522 2496 est

1946 2535 2014 2590 de
2060 2535 2150 2590 illo
2192 2536 2295 2601 qui.
2330 2549 2554 2604 corpore
2604 2542 2807 2588 tantum
2847 2533 3056 2588 videtur
3085 2533 3151 2588 de
3180 2532 3281 2588 hoc
3321 2533 3517 2588 sarculo

1948 2629 2144 2695 exisse,
2186 2627 2346 2683 corde
2377 2636 2554 2682 tamen
2596 2627 2650 2681 in
2693 2625 2892 2680 mundo
2919 2634 3013 2680 aut
3044 2625 3365 2680 remansisse
3404 2626 3525 2680 inli-

1949 2721 2160 2788 deliter,
2204 2730 2295 2775 aut
2335 2719 2561 2775 rediisse
2601 2719 2890 2774 infeliciter
2930 2719 3289 2789 cognoscitur,
3333 2727 3387 2773 et
3427 2733 3525 2788 pro

1950 2811 2247 2866 humilitate
2273 2810 2477 2881 profert
2503 2810 2832 2880 superbiam,
2874 2825 2972 2879 pro
3011 2809 3265 2880 patientia
3308 2808 3523 2863 iracun-

1952 2903 2134 2972 diam,
2186 2919 2282 2972 pro
2331 2901 2633 2957 obedientia
2685 2910 3086 2970 contemptum,
3143 2914 3240 2968 pro
3285 2899 3524 2955 caritatis

1951 2995 2339 3053 medicamento
2361 2995 2578 3050 malitiae
2599 2993 2821 3049 effundit
2842 3009 3128 3048 venenum.
3158 2991 3379 3047 Talibus
3399 3007 3525 3047 con-

1952 3088 2097 3143 venit
2137 3087 2222 3142 illa
2247 3087 2387 3142 beati
2418 3084 2563 3141 Petri
2593 3099 2716 3140 vera
2758 3094 2813 3140 et
2850 3084 3077 3139 multum
3121 3083 3356 3138 timenda
3397 3097 3523 3138 sen-

264 3173 558 3230 exhaurire
587 3170 907 3242 neglexerit,
943 3169 998 3223 in
1024 3168 1139 3238 ipso
1168 3173 1323 3236 portu
1363 3162 1620 3233 naufragii
1660 3162 1845 3218 discri-

1957 3178 2380 3244 lentia.,Melius,
2409 3177 2598 3248 inquit,
2623 3177 2728 3230 illis
2752 3181 2919 3247 fuerat
2946 3191 3046 3230 non
3073 3191 3371 3246 cognoscere
3396 3174 3525 3227 viam

264 3279 399 3322 men
421 3264 660 3320 incurrit.
686 3261 791 3319 Sed
812 3260 940 3317 dicit
959 3260 1171 3330 aliquis,
1192 3256 1458 3329 quomodo
1480 3265 1650 3326 potest
1673 3257 1846 3309 anima

265 3356 578 3414 seminari?
635 3355 827 3425 Utique
876 3352 1116 3417 orando,
1169 3350 1495 3422 jejunando,
1545 3349 1846 3418 vigilando,

264 3461 460 3506 veram
481 3449 757 3504 caritatem
788 3457 842 3502 et
863 3463 1044 3502 veram
1069 3446 1421 3500 humilitatem
1453 3453 1505 3499 et
1527 3458 1704 3498 veram
1734 3443 1853 3498 obe-

265 3541 537 3598 dientiam
586 3539 907 3594 exhibendo.
963 3538 1266 3600 Attendite,
1316 3537 1539 3600 fratres,
1588 3535 1854 3605 quomodo

267 3633 435 3688 navis
461 3631 758 3685 sentinatur
786 3645 816 3684 a
847 3629 1025 3695 situla,
1059 3629 1135 3683 sic
1162 3628 1337 3682 anima
1365 3627 1432 3680 ab
1463 3626 1715 3695 operibus
1743 3641 1855 3680 ma-

266 3722 348 3780 lis
391 3722 632 3777 oratione
660 3719 924 3774 dominica
959 3718 1254 3784 liberatur,
1305 3717 1348 3771 si
1393 3717 1532 3771 dicat
1576 3726 1628 3770 et
1672 3729 1854 3769 verum

267 3814 426 3871 dicat
452 3832 463 3866 :
496 3812 705 3867 Dimitte
735 3813 876 3867 nobis
907 3812 1074 3866 debita
1100 3821 1272 3866 nostra
1309 3811 1440 3864 sicut
1482 3818 1530 3864 et
1567 3826 1658 3863 nos
1687 3809 1856 3861 dimit-

267 3907 438 3965 timus
471 3905 773 3958 debitoribus
813 3905 998 3958 nostris
1033 3902 1249 3974 (Matth.
1285 3917 1363 3968 vr,
1411 3900 1519 3971 12).
1570 3901 1671 3968 Qui
1717 3899 1858 3955 enim

267 3997 538 4057 omnibus
586 3997 640 4052 in
695 4011 753 4051 se
802 3994 1146 4066 peccantibus
1199 3994 1492 4048 clementer
1540 3991 1858 4060 indulserit,

269 4088 494 4148 nullius
525 4088 724 4157 peccati
755 4086 1035 4156 vestigium
1075 4087 1127 4139 in
1167 4084 1310 4139 illius
1338 4083 1514 4138 anima
1546 4082 1860 4138 remanebit.

271 4180 583 4247 Attendite,
620 4180 834 4247 fratres,
875 4189 926 4234 et
956 4179 1290 4234 considerate
1324 4175 1465 4247 quod
1497 4177 1636 4244 dixi,
1679 4178 1766 4246 qui
1812 4176 1862 4230 in

271 4289 345 4333 se
394 4272 634 4344 peccanti
683 4272 1003 4341 indulserit,
1053 4286 1159 4325 non
1209 4270 1317 4324 dixi
1355 4267 1495 4339 quod
1530 4268 1618 4339 qui
1661 4267 1714 4322 in
1756 4266 1866 4321 Deo

272 4364 613 4438 peccaverit,
642 4363 742 4433 ipsi
772 4361 971 4418 debeas
994 4361 1202 4416 veniam
1233 4360 1381 4424 dare,
1406 4358 1548 4430 quod
1577 4359 1727 4429 pejus
1753 4366 1862 4422 est;

272 4459 560 4529 aliquoties
598 4457 688 4527 qui
739 4457 790 4510 in
840 4455 994 4511 nobis
1022 4453 1358 4525 peccaverit,
1408 4463 1499 4507 aut
1545 4453 1729 4518 tarde,
1775 4463 1867 4506 aut

1942 3273 2196 3346 justitiar,
2246 3287 2401 3342 quam
2448 3279 2561 3340 post
2605 3269 2944 3338 cognitionem
2987 3277 3264 3322 retrorsum
3305 3266 3527 3321 converti

1953 3364 2040 3435 (II
2059 3365 2198 3420 Petr.
2229 3380 2289 3431 tt,
2316 3364 2429 3434 ΞΟ).
2472 3363 2539 3418 Ει
2567 3363 2757 3419 iterum
2783 3378 2797 3415 :
2831 3361 2985 3415 Canis
3023 3376 3248 3414 reversus
3275 3359 3343 3412 ad
3368 3359 3523 3412 vomi-

1954 3468 2059 3514 tum
2087 3475 2267 3526 suum,
2309 3467 2355 3512 et
2393 3474 2480 3519 sus
2522 3457 2626 3511 lota
2663 3457 2716 3509 in
2754 3455 3019 3510 volutabra
3061 3453 3156 3508 luti
3189 3451 3374 3523 (Ibid.,
3409 3452 3524 3519 ill),

1955 3550 2062 3606 Sed
2095 3565 2190 3603 nec
2218 3547 2284 3603 de
2317 3548 2508 3601 talibus
2547 3546 2940 3616 desperandum
2981 3554 3095 3610 est,
3140 3543 3363 3607 fratres,
3404 3541 3528 3610 quia

1956 3648 2147 3710 potens
2177 3648 2258 3692 est
2293 3637 2432 3690 Deus
2460 3636 2738 3690 orantibus
2767 3635 2918 3689 vobis
2953 3632 3240 3688 scintillam
3269 3645 3529 3698 compun-

1958 3730 2148 3786 ctionis
2176 3728 2490 3794 accendere,
2517 3736 2571 3783 et
2597 3742 2810 3781 omnem
2838 3725 3015 3780 saeculi
3041 3723 3362 3791 voluptatem
3386 3720 3535 3775 velut

1959 3821 2140 3890 spinas
2179 3829 2234 3874 et
2275 3819 2499 3873 tribulos
2530 3817 2780 3886 nequitia:
2810 3815 3010 3872 salubri
3045 3815 3163 3884 igne
3194 3825 3531 3876 consumere,

1961 3911 2056 3967 illo
2095 3911 2275 3981 utique
2324 3910 2444 3979 igne
2485 3908 2552 3964 de
2592 3923 2697 3978 quo
2738 3906 2997 3960 Dominus
3037 3905 3149 3958 ait:
3203 3900 3384 3972 Ignem
3422 3903 3534 3955 veni

1963 4003 2155 4057 mittere
2191 4002 2244 4055 in
2286 4010 2502 4066 terram,
2550 4007 2594 4054 et
2635 3999 2760 4068 quid
2796 3998 2906 4052 volo
2947 3997 3044 4051 nisi
3083 4005 3139 4049 ut
3174 3993 3348 4048 ardeat
3381 3991 3530 4064 (Luc.

1963 4112 2075 4164 xxt,
2103 4094 2236 4164 49)?

2038 4188 2090 4240 4.
2132 4185 2290 4241 Orate
2326 4198 2475 4255 ergo,
2508 4183 2700 4238 fratres
2729 4179 3092 4248 dilectissimi,
3126 4193 3230 4234 non
3265 4178 3436 4233 solum
3479 4184 3539 4232 ut

1966 4277 2116 4334 vobis
2146 4277 2285 4333 Deus
2311 4275 2763 4348 perseverantiam
2791 4274 2982 4328 bonam
3010 4273 3257 4344 dignetur
3284 4273 3538 4337 tribuere,

1968 4371 2059 4426 sed
2090 4377 2146 4425 et
2194 4369 2268 4424 illi
2309 4369 2398 4440 qui
2431 4368 2762 4438 negligentes
2793 4374 2917 4422 sunt
2970 4365 3182 4422 tandem
3214 4365 3437 4420 debeant
3474 4363 3542 4421 de

1971 4462 2120 4517 fovea
2151 4460 2416 4531 superbiae
2448 4474 2505 4514 se
2536 4459 2845 4522 sublevare,
2897 4466 2948 4512 et
2988 4457 3054 4511 de
3093 4456 3297 4526 laqueis
3331 4469 3540 4510 eruere.

273 4551 512 4607 (“mene
541 4550 750 4605 νειιίθιη
777 4549 994 4613 damus;
1038 4548 1127 4618 qui
1169 4548 1220 4602 in
1249 4547 1361 4602 D90
1391 4545 1691 4616 deliquerit,
1726 4546 1868 4602 οειθ·
1897 4529 1952 4590 D
1977 4555 2035 4611 Si
2061 4556 2203 4610 enim
2221 4529 2384 4610 vobis
2413 4553 2717 4615 orantibus,
2763 4559 2818 4604 et
2845 4563 2964 4603 cum
3002 4549 3222 4602 caritate
3261 4546 3544 4601 consilium

271 4642 425 4699 riter
454 4641 805 4712 indulgemus.
855 4638 961 4694 Sed
1003 4640 1047 4693 si
1087 4639 1334 4693 volumus
1373 4638 1516 4707 justo
1551 4653 1743 4707 agere,
1795 4638 1868 4692 illi

272 4735 376 4804 qui
418 4731 470 4785 in
514 4733 622 4786 Deo
657 4730 994 4801 peccaverit,
1025 4729 1140 4784 sine
1168 4729 1507 4783 severissima
1539 4726 1870 4783 districtione

273 4840 401 4883 non
433 4823 688 4880 debemus
717 4824 988 4894 indulgere
1019 4839 1085 4878 ne
1107 4822 1263 4887 ,dum
1297 4821 1372 4876 illi
1404 4836 1499 4891 per
1526 4821 1867 4876 indiscretam

273 4919 551 4989 pietatem
583 4917 889 4980 remittitur,
915 4915 1220 4984 exemplum
1254 4912 1567 4983 perditionis
1597 4912 1714 4967 aliis
1744 4927 1873 4982 prte-

275 5011 510 5067 beatur.
561 5009 617 5064 ln
665 5024 761 5065 suo
807 5023 935 5080 ergo
981 5023 1040 5064 se
1086 5007 1449 5078 unusquisque
1482 5005 1727 5062 ostendat
1762 5007 1869 5062 cle-

274 5109 558 5168 mentem,
589 5103 710 5170 quia
744 5101 998 5157 Dominus
1027 5101 1140 5156 ait:
1176 5100 1238 5156 Si
1267 5100 1562 5154 dimiseritis
1590 5097 1875 5153 hominibus

274 5200 506 5265 peccata
533 5207 728 5256 eorum,
753 5193 968 5247 dimittet
996 5192 1132 5247 vobis
1165 5189 1318 5246 Pater
1340 5200 1500 5247 vester
1524 5189 1735 5246 cwlestis
1764 5206 1881 5259 pec-

277 5293 417 5338 cata
445 5292 610 5337 vestra
636 5281 824 5354 (lbid.,
856 5283 968 5355 id).

364 5374 432 5427 2.
473 5374 696 5441 Quando
724 5389 850 5431 vero
893 5375 947 5430 in
989 5375 1152 5430 Deum
1193 5375 1384 5446 aliquis
1424 5382 1702 5443 peccatum
1743 5388 1882 5446 pra:—

277 5465 472 5527 sumit
499 5466 798 5534 admittere,
832 5465 1217 5522 districtionem
1244 5465 1403 5521 debet
1442 5466 1878 5522 monasterialem

279 5557 593 5616 sustinere.
643 5558 710 5612 Et
739 5558 839 5613 hoc
868 5557 1066 5612 bonum
1103 5558 1191 5626 pio
1226 5557 1406 5613 animo
1444 5557 1603 5613 debet
1634 5557 1783 5625 fieri,
1828 5566 1886 5611 ut

279 5649 536 5724 spiritali
566 5651 909 5722 castigatione
933 5650 1001 5704 ita
1033 5650 1333 5720 corrigatur
1364 5651 1416 5704 in
1449 5649 1550 5705 hoc
1575 5649 1796 5712 saeculo,
1826 5659 1886 5705 ut

281 5759 418 5808 non
451 5753 636 5816 pereat
668 5745 722 5798 in
759 5745 968 5798 futuro:
1000 5743 1121 5813 quia
1152 5758 1310 5801 omne
1339 5751 1613 5816 peccatum
1642 5740 1789 5816 quod
1827 5742 1884 5802 in

598 5840 865 5902 Parnon.
904 5838 1100 5918 LYlll
1196 5905 1221 5920 η

1977 4647 2247 4710 dantibus,
2270 4645 2572 4712 quicunque
2597 4648 2720 4694 sunt
2743 4637 2903 4707 tepidi
2929 4647 2981 4690 ct
3003 4637 3328 4705 negligentes
3349 4634 3547 4689 fuerint

1979 4736 2283 4798 emendati,
2331 4732 2656 4800 duplicatum
2695 4727 2850 4782 vobis
2888 4727 3163 4796 praemium
3203 4725 3456 4779 Dominus
3495 4735 3549 4780 et

1979 4827 2046 4883 de
2077 4833 2254 4879 vestra
2299 4833 2352 4879 et
2394 4821 2460 4877 de
2505 4820 2716 4876 illorum
2757 4817 3096 4887 correptione
3137 4829 3550 4885 recompensare

1982 4917 2302 4988 dignabitur.
2352 4914 2481 4970 Nam
2523 4927 2622 4968 nec
2660 4912 2734 4967 illi
2770 4911 2858 4980 qui
2900 4909 3024 4965 boni
3057 4918 3209 4976 sunt,
3256 4922 3314 4962 se
3358 4906 3552 4964 debent

1984 5007 2134 5080 quasi
2163 5007 2229 5063 de
2258 5007 2369 5062 suis
2410 5003 2613 5060 meritis
2654 5002 2947 5067 extollere;
2996 5014 3096 5055 nec
3137 4998 3211 5053 illi
3251 4999 3339 5069 qui
3381 4997 3554 5068 negli-

1984 5107 2168 5171 gentes
2198 5106 2352 5163 sunt,
2383 5095 2449 5151 de
2481 5095 2572 5150 Dei
2604 5083 2967 5150 misericordia
2998 5091 3324 5162 desperare:
3358 5088 3449 5144 sed
3482 5088 3555 5142 illi

1987 5207 2107 5247 cum
2138 5189 2435 5245 humilitate
2483 5187 2574 5242 Dei
2624 5186 2761 5242 bona
2809 5183 3145 5250 custodiant,
3196 5191 3250 5237 et
3297 5180 3385 5236 isti
3434 5195 3554 5233 cum

1987 5284 2174 5356 grandi
2221 5280 2627 5350 compunctione
2673 5276 2900 5333 celerius
2948 5274 3012 5328 ad
3064 5272 3434 5345 paenitentiam
3476 5269 3556 5324 vel

1991 5373 2343 5443 correptionis
2385 5370 2771 5426 medicamenta
2813 5366 3162 5436 confugiant:
3195 5363 3316 5434 quia
3347 5362 3432 5432 qui
3465 5360 3559 5415 bo-

1988 5484 2089 5525 nus
2116 5476 2228 5533 est,
2271 5465 2316 5520 si
2347 5464 2624 5534 superbire
2649 5461 2900 5531 coeperit,
2945 5457 3346 5520 humiliabitur;
3389 5464 3443 5511 et
3472 5454 3558 5523 qui

1990 5560 2250 5631 superbus
2279 5567 2381 5628 est,
2415 5557 2457 5612 si
2486 5570 2546 5612 se
2572 5554 2958 5617 humiliaverit,
3003 5567 3096 5622 per
3119 5549 3214 5604 Dei
3250 5548 3561 5603 misericor-

1989 5652 2129 5708 diam
2159 5647 2540 5706 sublevabitur.
2585 5645 2814 5701 Tantum
2857 5654 2940 5700 est
2987 5652 3044 5698 ut
3071 5657 3127 5697 so
3160 5656 3262 5695 non
3296 5640 3564 5710 perm‘ttat

1990 5744 2219 5822 amplius
2245 5739 2531 5800 durissimo
2551 5738 2682 5814 jugo
2716 5741 2916 5812 premi,
2958 5753 3058 5797 nec
3085 5737 3248 5794 nimia
3277 5743 3329 5796 et
3361 5734 3568 5810 pericu-

3044 5830 3140 5920 28,
