4090 6330
568 288 675 355 876

1800 287 1855 342 S.
1898 286 2145 349 FAUS‘I‘I
2185 285 2593 344 MEGIENSIS

3735 289 3845 347 ηδ

569 404 684 465 loss
714 401 1137 461 dissimulatione
1163 401 1216 456 in
1247 400 1484 471 peccatis
1510 399 1913 473 perseverando
1941 400 2143 457 diutius
2171 403 2221 463 Α
2250 414 2403 470 pere,
2449 415 2515 456 se
2553 398 2839 456 occasione
3426 402 3783 474 puobagetnr
3805 420 3842 459 ο

569 496 851 559 obdurari;
892 495 987 551 sed
1019 502 1124 553 tam
1159 494 1268 549 cito
1306 492 1581 564 confugiat
1616 492 1683 553 ad
1724 493 1977 563 pietatem
2015 491 2150 557 Dei,

568 599 628 645 ut
654 588 708 655 iu
733 602 792 653 se
817 588 1020 657 peccati
1043 586 1323 656 vestigium
1352 602 1457 643 non
1488 586 1774 666 relinquat.
1816 586 2028 655 Optime
2056 600 2152 642 ca-

568 680 691 739 lidis
713 680 886 737 adhuc
906 679 1223 735 vulneribus
1244 679 1510 751 malagma
1532 680 1616 735 vel
1638 679 1798 736 ﬁbula
1825 679 2147 750 apponitur:

566 775 688 844 quia
732 774 776 828 si
817 773 971 830 velox
1007 773 1166 831 fuerit
1205 774 1272 829 ad
1308 773 1582 830 emlestem
1624 772 1891 829 medicum
1923 772 2152 827 intentio

564 868 909 938 resurgendi,
944 870 1225 939 vestigium
1264 868 1470 939 peccati
1508 882 1614 923 non
1644 868 1840 937 poterit
1869 879 2153 922 remanere

563 976 685 1021 cum
704 961 874 1033 lapso,
896 962 1020 1034 quia
1042 962 1142 1018 sub
1162 976 1322 1017 manu
1344 960 1730 1030 omnipotentis
1752 958 1948 1016 modici
1970 965 2024 1015 et
2045 958 2153 1014 cite

561 1056 704 1126 perit
731 1057 971 1121 morbus,
1003 1063 1059 1110 et
1081 1054 1341 1111 velociter
1366 1062 1583 1109 sanatur
1610 1061 1865 1124 aegrotus.

561 1161 573 1197 τ
637 1150 690 1205 5.
719 1150 914 1205 lterum
938 1159 1098 1225 atque
1116 1148 1308 1203 iterum
1330 1161 1458 1216 rogo
1479 1156 1530 1201 et
1551 1145 1837 1211 admoneo,
1857 1144 2073 1215 fratres,
2095 1154 2152 1199 ut

566 1241 949 1309 obedientiam,
972 1251 1026 1298 et
1065 1242 1440 1306 humilitatem,
1465 1250 1519 1296 et
1549 1240 1826 1295 caritatem
1851 1254 1957 1295 non
1979 1238 2151 1294 solum

566 1336 872 1392 senioribus
898 1344 952 1390 et
979 1334 1360 1403 coaequalibus,
1402 1332 1495 1389 sed
1536 1333 1694 1387 etiam
1721 1331 2027 1402 junioribus
2054 1346 2152 1386 ex.

566 1431 756 1488 bibere
783 1431 979 1501 jugiter
1007 1429 1302 1485 studeatis:
1347 1429 1469 1499 quia
1502 1427 1757 1498 quaelibet
1795 1427 1933 1482 bona
1965 1439 2152 1483 servus

567 1524 665 1581 Dei
699 1525 894 1581 habere
917 1524 1220 1591 contendit,
1252 1533 1305 1579 et
1336 1523 1517 1578 omnia
1549 1522 1837 1591 perniciter
1869 1519 2072 1591 perdit,
2106 1519 2150 1577 si

568 1619 624 1674 in
666 1618 756 1673 illo
796 1618 1067 1673 humilitas
1110 1627 1165 1672 et
1211 1616 1405 1671 caritas
1433 1631 1558 1671 vera
1599 1630 1706 1670 non
1746 1614 1927 1669 fuerit.
1979 1612 2152 1683 Nolite

568 1724 924 1774 murmurare,
951 1709 1138 1763 fratres
1159 1725 1174 1774 ;
1197 1709 1453 1777 scriptum
1470 1714 1554 1762 est
1573 1707 1715 1761 enim
1743 1705 1884 1776 quod
1912 1719 2152 1759 murmu-

2254 505 2484 561 corpore
2520 500 2574 547 et
2610 490 2873 561 sanguine
2904 491 3002 549 eti
3046 500 3107 547 se
3141 492 3319 563 juait
3345 503 3404 548 ut
3442 510 3611 550 nam
3647 509 3845 566 corpus

2254 583 2577 640 efficeretur.
2616 583 2997 641 Communia“
3042 600 3172 657 ergo
3213 602 3325 645 non
3350 587 3562 649 desinat
3588 590 3685 661 qui
3712 605 3842 661 pee-

2206 704 2213 709 -
2254 691 2380 735 care
2425 679 2653 747 quierit,
2704 687 2912 735 tantum
2954 678 3023 736 de
3065 680 3274 751 reliquo
3308 695 3419 737 non
3448 691 3655 753 peccet.
3710 682 3841 739 llam

2252 772 2393 828 sicut
2421 772 2557 844 ignis
2589 773 2693 828 ista
2721 772 2950 828 visibilis
2980 773 3113 829 duas
3151 775 3204 829 in
3245 791 3308 831 se
3332 776 3593 847 quaedam
3621 776 3844 833 θειω-

2254 863 2361 919 sias
2389 864 2575 932 habet,
2624 864 2676 919 id
2719 873 2803 920 est
2840 867 3160 922 comburere
3196 867 3404 939 fragilia
3444 878 3498 923 et
3538 869 3846 927 illuminare

2254 957 2583 1023 tenebrosa;
2643 958 2713 1012 ita
2764 957 2989 1027 ignitum
3040 958 3172 1013 illud
3223 959 3551 1015 dominicum
3596 975 3842 1030 corpus,

2254 1053 2473 1124 quando
2498 1067 2624 1108 eum
2655 1062 2803 1108 metu
2844 1061 2900 1109 et
2936 1055 3234 1111 reverentia
3271 1055 3459 1126 grandi
3499 1055 3663 1111 fuerit
3697 1068 3848 1111 sam-

2254 1153 2424 1216 ptum,
2452 1145 2692 1215 corporis
2714 1144 2930 1215 quidem
2958 1145 3152 1201 delicta
3179 1147 3468 1215 consumit,
3498 1148 3695 1202 animas
3716 1162 3846 1204 vero

2254 1252 2472 1294 sensum
2520 1237 2805 1292 illuminat.
2868 1236 2934 1292 Et
2981 1236 3182 1293 idcirco
3226 1238 3461 1293 maxime
3509 1238 3846 1308 frequentius

2254 1332 2654 1389 communicare
2680 1330 2857 1387 debet.
2910 1330 2967 1384 Si
2998 1344 3125 1386 vero
3168 1330 3355 1395 fuerit,
3401 1329 3539 1385 sicut
3583 1330 3846 1399 scriptam

2254 1432 2363 1491 est,
2409 1425 2554 1494 lepra
2587 1424 2639 1478 in
2675 1423 2831 1493 pelle,
2868 1423 3141 1479 immunda
3172 1423 3304 1491 erit,
3355 1422 3408 1478 id
3439 1431 3522 1478 est
3565 1431 3847 1492 peccatum

2255 1516 2310 1572 in
2342 1517 2628 1586 monacho,
2672 1519 2795 1589 quia
2841 1519 3036 1589 pellem
3067 1533 3188 1573 esse
3213 1516 3535 1583 monachum
3564 1517 3846 1587 Scriptura

2254 1611 2582 1680 pronuntiat,
2609 1609 3022 1666 utortilicantem
3046 1610 3285 1666 membra
3309 1623 3405 1665 sua
3432 1623 3596 1679 super
3619 1617 3843 1671 terram,

2253 1702 2406 1772 cujus
2434 1703 2646 1760 ossibus
2676 1701 2902 1758 adhaesit
2932 1718 3080 1770 caro,
3121 1717 3241 1773 quas
3278 1704 3593 1757 immutatur
3628 1711 3848 1771 propter

567 1810 751 1857 rantes
796 1816 827 1855 a
873 1800 1212 1871 serpentibus
1257 1800 1550 1869 perierunt.
1605 1797 1781 1854 Nolite
1827 1796 2110 1852 detrahere
2132 1836 2146 1861 ,
2179 1786 2229 1848 Ι
2257 1796 2460 1863 oleum,
2488 1806 2541 1853 et
2568 1813 2595 1851 a
2618 1795 2823 1867 jejunio
2849 1797 3174 1863 inﬁrmatur,
3203 1806 3257 1851 et
3279 1796 3461 1865 jejuna
3487 1795 3637 1850 velut
3662 1794 3848 1849 fenum

563 1893 777 1961 fratres,
809 1893 930 1963 quia
961 1892 1217 1963 scriptum
1249 1902 1367 1948 est:
1403 1893 1504 1957 Qui
1538 1892 1762 1946 detrahit
1803 1890 1951 1961 fratri
1982 1890 2150 1944 eradi-

564 1988 782 2043 sabitur.
835 1987 1009 2043 Nolite
1051 1987 1381 2043 iracundiam
1427 1988 1479 2042 in
1524 1988 1689 2044 corde
1728 2002 1981 2056 servare,
2027 1986 2151 2057 quia

562 2082 819 2153 scriptum
843 2093 957 2138 est:
989 2081 1081 2136 Ira
1104 2084 1237 2137 enim
1263 2083 1358 2137 viri
1378 2083 1638 2156 justitiam
1663 2081 1759 2137 Dei
1787 2099 1889 2137 non
1914 2089 2153 2151 aperatur

563 2173 707 2245 (Jac.
733 2191 788 2240 tt,
814 2175 929 2245 ξω).
964 2165 1141 2231 Nolite
1167 2189 1263 2229 vos
1288 2175 1516 2231 invicem
1540 2174 1666 2231 odio
1688 2175 1907 2244 habere,
1937 2180 2153 2245 propter

562 2266 695 2323 illud
725 2267 866 2338 quod
896 2266 1153 2337 scriptum
1184 2276 1304 2323 est:
1339 2267 1441 2334 Qui
1479 2268 1586 2320 odit
1624 2268 1837 2336 fratrem
1874 2283 2023 2321 suum
2053 2266 2151 2320 Ito-

565 2359 755 2414 micida
784 2369 856 2413 est
886 2357 939 2431 (1
957 2357 1117 2415 Joau.
1145 2376 1222 2427 ut,
1258 2362 1367 2432 ιδ).
1408 2360 1513 2416 Sed
1546 2374 1651 2415 non
1682 2375 1817 2429 opus
1843 2369 1926 2416 est
1953 2369 2011 2415 ut
2034 2359 2153 2415 diu-

566 2449 674 2504 tius
721 2459 962 2507 sauctam
1012 2453 1290 2508 caritatem
1335 2460 1567 2509 vestram
1616 2451 1799 2508 verbis
1840 2451 2151 2518 doceamus,

567 2540 709 2610 quod
754 2556 848 2595 vos
894 2541 960 2595 ad
1007 2540 1203 2596 Christi
1248 2544 1474 2613 gloriam
1525 2545 1778 2614 operibus
1825 2545 2050 2616 implere
2099 2554 2155 2602 et

567 2635 936 2703 cognoscimus
986 2643 1041 2689 et
1085 2634 1400 2705 gaudemus.
1456 2637 1577 2692 Hoc
1622 2639 1796 2693 solum
1848 2639 2155 2710 specialiter

563 2723 820 2794 petimus,
857 2735 912 2780 ut
941 2726 1067 2796 quia
1091 2742 1186 2783 vos
1220 2728 1358 2784 Deus
1395 2728 1449 2783 in
1481 2728 1657 2784 locum
1692 2729 1886 2799 quietis
1918 2738 1974 2786 et
2001 2740 2151 2785 tran-

566 2816 844 2887 quillitatis
891 2817 1160 2877 collocare
1205 2818 1453 2890 dignatus
1500 2828 1622 2887 est,
1675 2835 1775 2891 pro
1818 2820 1974 2878 nobis
2018 2834 2153 2891 quos

565 2911 747 2968 seculi
799 2913 950 2968 istius
1000 2922 1347 2983 tempestates
1395 2924 1451 2970 et
1492 2916 1914 2972 innumerabiles
1964 2916 2155 2973 ﬂuetus

565 3005 847 3076 affligunt,
905 3006 1264 3063 abundantius
1316 3008 1545 3064 Domino
1596 3009 1948 3080 supplicetis:
2001 3017 2060 3065 ut
2108 3010 2155 3065 si

566 3096 745 3162 nobis,
772 3097 863 3165 qui
891 3113 996 3152 non
1028 3113 1319 3167 merentur,
1350 3101 1515 3169 gloria
1550 3115 1656 3155 non
1701 3100 1936 3169 dabitur,
1963 3102 2154 3157 saltem

2255 1888 2470 1943 arescit.
2525 1887 2667 1958 Ergo
2704 1888 2749 1943 si
2792 1888 2845 1942 in
2889 1889 2987 1942 hac
3021 1888 3157 1957 pelle
3187 1888 3298 1942 visa
3335 1886 3499 1943 fuerit
3532 1887 3712 1957 lepra,
3744 1886 3848 1940 im-

2256 1980 2452 2035 munda
2474 1980 2595 2049 erit,
2620 1988 2675 2035 et
2700 1980 2803 2034 nisi
2829 1980 2987 2035 fuerit
3012 1979 3270 2048 jacintina
3297 1988 3385 2035 aut
3413 1978 3571 2035 rubra
3603 1991 3757 2048 pura,
3780 1977 3851 2032 ad

2256 2081 2502 2129 ornatum
2537 2072 2870 2129 tabernaculi
2904 2086 3011 2126 non
3043 2073 3143 2127 erit
3172 2082 3313 2142 apta.

2874 2208 3105 2275 SERMO
3142 2208 3232 2275 IV,

2233 2315 2375 2380 ἐιη
2415 2314 2697 2358 Αωιοωτιο
2727 2316 3046 2361 ΝΕΩΕδΒΔῐὶιΑ
3068 2318 3131 2355 DE
3167 2318 3250 2356 DIE
3271 2315 3478 2368 JUBlClI,
3504 2315 3572 2357 ΕΤ
3599 2315 3847 2356 ΙΑιοιυιι

2330 2386 2518 2438 “ENA,
2557 2388 2655 2425 νει
2692 2388 2931 2427 ΒΟΝΟΜἈΙ
2972 2387 3197 2436 ῦιοιιιλς
3230 2388 3293 2426 ΕΤ
3328 2387 3464 2434 QUOD
3508 2387 3675 2426 ETIAI
3712 2386 3847 2425 LAICI

2330 2457 2429 2497 NON
2477 2457 2690 2498 IUTATO
2738 2459 2932 2499 IIABH'U
2976 2458 3185 2499 POSSIN'I’
3226 2458 3291 2496 Ετ
3335 2458 3541 2497 υεβεκτ
3591 2454 3843 2508 ρυοτιιιε

2332 2528 2716 2573 ΡῈΝΙΤΞΝΤΙΔΙ
2752 2530 2945 2571 ΔΟΕΜΞ.

2851 2607 2932 2660 Ad
2968 2606 3265 2661 monachos.

2258 2697 2357 2763 (Ex
2377 2712 2466 2749 ms.
2488 2697 2773 2749 Corbeiensi
2820 2695 3368 2823 littegiiaﬁgoiringtcis
3402 2701 3522 2751 ante
3548 2709 3704 2749 annos
3720 2697 3848 2749 mille

2332 2845 2483 2916 Rogo
2512 2861 2638 2913 vos,
2689 2843 2881 2903 fratres
2926 2843 3223 2911 carissimi,
3270 2854 3327 2899 ut
3365 2845 3505 2901 sicut
3533 2844 3838 2917 frequenter

2268 2937 2546 3007 admonui,
2566 2937 2705 2997 diem
2735 2938 2922 2995 mortis
2948 2946 3147 2994 nostrae
3175 2946 3229 2994 et
3258 2937 3497 2995 terribile
3522 2953 3589 2995 ac
3610 2948 3847 2999 metuen-

2262 3032 2389 3091 dum
2415 3032 2674 3103 judicium
2692 3031 2896 3105 .jugiter
2938 3031 3247 3089 Studeamus
3270 3031 3529 3104 cogitare.
3574 3030 3848 3091 Admoneo

2267 3126 2412 3183 enim
2442 3134 2781 3196 peccatorum
2815 3125 3032 3181 vulnera
3067 3125 3209 3181 nulla
3232 3124 3472 3183 invenire
3494 3135 3723 3197 possunt
3749 3125 3848 3181 uti-

568 3188 720 3244 vobis
741 3191 1020 3247 orantibus
1043 3202 1383 3262 peccatorum
1403 3193 1563 3248 venia
1589 3194 1873 3250 tribuatur.
1894 3195 2086 3250 Amen.
2188 3177 2235 3239 C
2266 3219 2402 3279 “om
2433 3177 2702 3282 :cmedia,
2752 3233 2911 3289 quam
2943 3227 2999 3277 ω
3029 3218 3395 3290 “manisque
3438 3177 3636 3293 ωὶίιβι
3667 3217 3851 3275 hom

1182 3305 1410 3361 SERMO
1449 3307 1534 3361 Ill.

927 3396 1007 3449 Ad
1036 3398 1330 3453 monachos.
1378 3398 1456 3452 De
1485 3400 1795 3470 poenitentia.

580 3513 589 3521 ο
640 3484 808 3542 Detur
835 3487 1145 3556 pmnitentia
1172 3489 1438 3555 saeculari,
1467 3491 1625 3562 cujus
1649 3494 1823 3550 adhuc
1850 3496 2026 3552 cervix
2058 3498 2157 3554 sub

567 3578 694 3650 jugo
721 3579 985 3649 dependet
1017 3581 1221 3648 saeculi,
1254 3592 1306 3639 et
1331 3583 1458 3640 huic
1484 3600 1586 3655 pro
1616 3586 1950 3645 immanitate
1975 3588 2154 3645 delicti

567 3668 885 3726 terminetur
912 3680 1143 3744 tempus,
1176 3676 1261 3729 cui
1292 3674 1467 3731 adhuc
1500 3686 1713 3749 tempus
1750 3681 1933 3735 servit.
1986 3683 2156 3738 Crete-

566 3776 687 3818 rum
717 3764 764 3819 si
790 3764 1173 3822 abrenuntians
1203 3768 1398 3825 sacculo
1427 3777 1483 3825 et
1510 3770 1627 3841 ejus
1657 3770 1877 3838 militiw,
1912 3784 1967 3829 et
1995 3790 2156 3845 spon-

567 3853 703 3910 dens
729 3869 786 3910 se
812 3858 1019 3912 cunctis
1050 3858 1238 3914 diebus
1268 3860 1594 3916 serviturum
1616 3861 1750 3931 Deo,
1773 3878 1870 3919 cur
1897 3863 2155 3935 pmniten-

566 3950 695 4004 tiam
713 3960 999 4017 mereatur,
1016 3952 1105 4022 qui
1127 3952 1261 4007 liber
1278 3951 1520 4025 effectus,
1540 3955 1688 4011 velut
1704 3971 1906 4028 onager
1922 3968 2156 4013 sectatur

566 4043 736 4098 eremi
760 4045 1085 4112 vastitatem,
1109 4046 1250 4101 sicut
1275 4049 1348 4101 ait
1369 4047 1507 4103 Job:
1537 4049 1661 4114 Quis
1686 4050 1878 4104 dimisit
1904 4067 2155 4123 onagrum

566 4134 785 4189 liberum
812 4138 865 4189 in
894 4139 1091 4193 deserto
1118 4139 1258 4210 (Job.
1300 4156 1494 4209 xxxix,
1537 4141 1639 4211 8)?
1692 4145 1727 4195 Λ
1766 4143 1919 4197 leone
1947 4143 2155 4199 fortiter

567 4239 786 4295 caveat,
834 4241 887 4284 et
926 4231 1199 4287 arentibus
1239 4232 1418 4287 herbis
1448 4244 1503 4289 et
1532 4235 1728 4305 poculo
1758 4235 1952 4307 exiguo
1981 4238 2155 4291 alatur

566 4320 623 4387 it)
644 4336 847 4377 eremo.
880 4324 1060 4395 Erigat
1089 4325 1141 4380 in
1167 4341 1288 4381 aera
1316 4337 1494 4394 caput,
1520 4337 1574 4383 et
1597 4327 1907 4398 ﬂagrantem
1929 4330 2152 4385 nimium

567 4411 686 4468 sitis
702 4413 949 4469 ardorem
972 4416 1201 4486 Spiritus
1224 4419 1392 4472 sancti
1420 4435 1547 4473 aura
1576 4421 1887 4491 restinguat,
1915 4438 2001 4489 ne,
2026 4422 2153 4481 dum

2265 3310 2415 3365 illam
2441 3310 2656 3381 quando
2695 3310 2795 3365 erit
2837 3310 2906 3366 de
2944 3310 3045 3364 huc
3092 3310 3289 3367 SIBCUIO
3339 3312 3671 3380 migraturus.
3706 3309 3852 3381 Quo-

2263 3402 2424 3461 modo
2463 3404 2606 3459 enim
2660 3412 2839 3472 potest
2880 3403 2995 3463 ﬁeri
3025 3412 3083 3458 ut
3112 3404 3284 3474 aliqua
3318 3412 3528 3474 peccata
3558 3409 3848 3472 praesumat

2263 3494 2575 3562 admittere,
2611 3494 2701 3563 qui
2741 3510 2800 3551 se
2844 3496 3130 3551 momentis
3177 3495 3403 3567 singulis
3444 3493 3612 3553 credit
3650 3492 3716 3549 de
3743 3492 3851 3549 hac

2264 3587 2383 3647 luce
2413 3586 2769 3659 tnigrare.Sic
2791 3586 2934 3642 enim
2962 3586 3235 3658 Scriptura
3264 3587 3393 3642 dicit
3418 3604 3431 3640 :
3459 3586 3735 3653 flauente,
3756 3583 3854 3657 ﬁli,

2261 3680 2401 3753 quod
2432 3696 2568 3734 mors
2591 3697 2692 3734 non
2723 3680 2891 3734 tardat
2935 3679 3125 3752 (It'crli.
3159 3696 3265 3744 xlv,
3293 3681 3407 3751 12).
3440 3679 3507 3735 Ει
3539 3678 3709 3734 illud:
3746 3676 3854 3732 He—

2262 3783 2431 3833 mcnto
2454 3773 2863 3836 nouissimorum,
2877 3784 2924 3827 et
2947 3773 3155 3827 desistet
3176 3773 3441 3826 inimicare
3462 3770 3656 3843 (Eccli.
3674 3785 3854 3834 sunt,

2262 3864 2339 3934 6).
2367 3864 2466 3931 Qui
2497 3864 2638 3919 enim
2670 3864 2952 3935 diligenter
2978 3863 3204 3920 attendit
3239 3878 3397 3933 quam
3427 3861 3565 3917 dura
3597 3862 3698 3918 erit
3728 3876 3824 3918 es:

2261 3958 2485 4019 minutio
2533 3965 2658 4013 ante
2712 3956 2943 4013 tribunal
2992 3954 3227 4018 Christi,
3288 3955 3374 4009 ubi
3414 3964 3731 4023 recepturus
3777 3964 3858 4011 eat

2263 4052 2630 4122 unusquisque
2648 4049 2942 4109 secundum
2965 4064 3182 4119 operam
3206 4062 3379 4115 suam,
3405 4062 3515 4107 non
3538 4047 3587 4105 ei
3612 4055 3857 4117 poterunt

2265 4144 2476 4215 placere
2508 4150 2726 4215 peccata
2754 4140 2839 4197 vel
2868 4141 3091 4199 crimina
3123 4139 3359 4217 propria.
3386 4137 3522 4197 Ωιιηι
3557 4149 3681 4199 ante
3706 4137 3856 4195 illum

2267 4236 2601 4295 tremendum
2621 4235 2856 4304 judicent
2872 4242 3210 4307 congregata:
3232 4231 3630 4291 fueriutomnes
3646 4239 3854 4302 gentes.

2260 4330 2389 4403 quid
2419 4338 2542 4386 tunc
2578 4330 2683 4385 erit
2722 4329 2934 4398 injustis
2962 4336 3016 4384 et
3041 4326 3298 4385 adulteris
3336 4334 3498 4396 atque
3529 4324 3854 4401 rapacibus?

2259 4422 2417 4478 ﬂetus
2466 4422 2775 4487 oculorum,
2811 4420 3012 4478 stridor
3053 4418 3328 4487 dentium,
3368 4433 3491 4475 cum
3546 4412 3853 4479 sanctorum

567 4503 723 4561 valde
748 4504 1021 4562 desiderat
1047 4523 1256 4564 ammna
1284 4510 1538 4579 virentia,
1571 4512 1749 4570 nimiis
1780 4514 1984 4571 deliciis
2013 4531 2151 4587 prae-
2179 4550 2235 4610 Β
2262 4514 2605 4571 multitudine
2628 4515 2695 4571 ad
2714 4514 2995 4573 dexteram
3025 4514 3168 4584 regis
3195 4510 3409 4579 merui,
3431 4519 3487 4569 et
3512 4510 3745 4587 gloriam
3770 4527 3857 4566 se-

564 4597 780 4669 peditus
815 4600 1101 4667 periculum
1129 4601 1315 4658 salutis
1343 4603 1598 4658 incurrat.

641 4690 804 4761 Igitur
850 4691 1246 4748 ahrenuntianti
1299 4695 1506 4764 publica
1559 4700 1875 4768 poenitentia
1917 4717 2023 4757 non
2073 4712 2156 4759 est

568 4786 901 4851 necessaria,
950 4786 1073 4855 quia
1100 4774 1393 4844 conversus
1429 4791 1724 4862 ingemuit,
1774 4802 1829 4851 et
1874 4809 1993 4850 cum
2045 4796 2153 4853 Deo

568 4883 831 4963 aeternum
863 4885 1073 4946 pactum
1102 4879 1271 4934 inivit.
1321 4881 1402 4935 Ex
1432 4882 1524 4936 illo
1557 4884 1718 4953 igitur
1762 4886 1849 4941 die
1893 4903 1997 4943 non
2044 4904 2154 4945 me-

568 4978 845 5023 morantur
870 4969 986 5038 ejus
1016 4969 1207 5024 delicta
1236 4987 1355 5041 quae
1383 4974 1547 5042 gessit
1588 4964 1641 5030 in
1681 4977 1902 5044 steculo,
1951 4978 2007 5035 in
2048 4994 2153 5049 quo

567 5058 830 5119 facturum
878 5076 936 5116 se
978 5061 1237 5133 justitiam
1283 5062 1351 5117 de
1400 5065 1609 5135 reliquo
1657 5068 1968 5137 promiserit
2020 5070 2146 5125 Deo.

570 5163 593 5189 ’⁸
622 5154 758 5223 Ergo
804 5166 925 5225 post
974 5155 1386 5227 chirographum
1423 5157 1448 5194 ι’
1485 5159 1555 5215 de
1598 5176 1703 5232 quo
1750 5175 1808 5217 se
1856 5162 2152 5223 monachus

569 5248 807 5309 debitum
836 5262 901 5303 ex
930 5254 1037 5304 tota
1071 5248 1172 5307 fide
1203 5249 1509 5318 promiserit
1539 5251 1786 5322 implere,
1831 5255 1931 5317 etsi
1979 5254 2154 5311 fidelis

567 5342 736 5399 factus
768 5340 1074 5411 peccaverit
1116 5342 1168 5396 in
1215 5342 1431 5408 sreculo,
1482 5352 1601 5412 post
1630 5345 2150 5403 ahrenuntiationcm

570 5432 759 5488 iterum
791 5433 986 5491 factam
1016 5433 1339 5497 dominicum
1380 5449 1575 5504 corpus
1617 5451 1720 5497 non
1759 5438 1965 5494 dubitet
2010 5443 2155 5501 acci-

644 5604 667 5631 ι
701 5595 833 5650 llinc
865 5603 1011 5665 patet
1052 5596 1436 5664 professionem
1468 5593 1774 5663 religiosam
1804 5609 1923 5651 esse
1952 5612 2148 5654 secun-

571 5665 697 5720 dum
722 5666 1005 5739 baptisma,
1038 5681 1145 5739 quo
1173 5675 1360 5739 cuncta
1389 5665 1667 5739 in‘sreculo
1689 5666 1977 5739 commissa
2018 5683 2146 5739 pec-

571 5735 1030 5864 atcaela‘bluuntur,
1071 5738 1122 5793 id
1149 5734 1293 5806 quod
1312 5742 1369 5795 et
1398 5735 1491 5793 alii
1536 5736 1709 5799 sancti
1733 5736 1922 5797 Patres
1948 5734 2150 5798 diserte

2259 4618 2498 4689 gregata,
2543 4609 2747 4675 peccati
2780 4608 2973 4679 populo
3008 4607 3063 4661 in
3087 4604 3349 4677 profundo
3376 4604 3567 4667 tartari
3596 4604 3717 4663 sine
3746 4602 3858 4661 υιιο

2260 4703 2624 4765 miserationis
2655 4702 2759 4759 ﬁne
2790 4710 2883 4761 aut
2932 4702 3102 4757 venia:
3131 4700 3417 4765 demerso,
3449 4697 3665 4757 excludi
3692 4711 3757 4753 se
3803 4696 3858 4751 in

2264 4797 2502 4861 tenebris
2532 4797 2644 4855 suis
2672 4812 2703 4853 a
2744 4806 3053 4853 sanctorum
3083 4794 3241 4853 beata
3280 4794 3399 4851 luce
3429 4792 3624 4849 viderit
3644 4804 3697 4848 et
3730 4806 3859 4861 pro-

2222 4934 2237 4953 ,
2263 4889 2431 4949 fundo
2464 4889 2655 4949 inferni
2688 4890 2806 4949 sine
2839 4888 2946 4949 line
2970 4886 3329 4954 descendens,
3356 4900 3585 4959 urguere
3609 4899 3670 4940 os
3690 4899 3859 4943 suum

2263 4990 2426 5053 puteo
2455 4990 2654 5043 arterna
2682 4980 2947 5053 supplicia
2972 4989 3028 5037 et
3057 4990 3314 5051 perpetua
3342 4987 3518 5039 morte
3541 4992 3643 5034 non
3673 4978 3857 5039 mori-

2265 5083 2467 5137 turum.
2493 5074 2631 5135 Petit
2668 5074 2865 5133 frustra
2895 5084 3196 5135 extremum
3226 5071 3416 5135 Lauri
3455 5071 3679 5142 digitum
3706 5070 3862 5144 quod

2262 5164 2462 5226 ardens
2491 5165 2861 5236 refrigeretur,
2891 5163 3173 5227 arentibus
3204 5162 3364 5225 labiis
3390 5161 3598 5234 rogavit
3632 5161 3861 5232 apponi.

2264 5260 2332 5313 Et
2360 5259 2500 5322 ideo,
2536 5260 2727 5314 fratres
2747 5259 3061 5322 carissimi,
3108 5257 3235 5319 dum
3284 5255 3643 5323 adbnclicet,
3670 5256 3861 5317 consi-

2262 5348 2515 5413 deremus
2540 5350 2899 5411 conscientias
2946 5358 3189 5416 nostras,
3220 5357 3277 5406 et
3324 5348 3373 5409 si
3415 5348 3595 5420 aliqua
3625 5348 3865 5411 crimina

2262 5444 2346 5503 νει
2369 5451 2589 5515 fama“
2609 5442 2860 5514 capitalia
2883 5442 3109 5505 necdum
3130 5442 3488 5514 elemosynis
3514 5451 3571 5497 ει
3600 5440 3869 5499 om;

2333 5598 2361 5637 δ
2423 5599 2636 5671 scripto
2704 5612 2833 5671 ergo
2902 5596 3382 5671 commendabatur
3416 5666 3428 5671 _
3457 5601 3676 5671 pactum
3759 5609 3872 5671 quo

2268 5670 2520 5746 monachi
2548 5663 2810 5746 perpetuo
2837 5682 2898 5725 se
2927 5669 3037 5724 Deo
3059 5668 3367 5746 servituros
3397 5663 3802 5746 devovehantt;
3819 5666 3873 5718 id

2268 5742 2415 5882 23:):
2437 5735 2817 5882 megs'etiam
2854 5738 3185 5811 praecl-ipsis
3212 5738 3273 5797 ὃ.
3306 5735 3633 5796 Benedictus
3662 5735 3720 5793 in
3758 5735 3871 5791 Be-
