4090 6330
515 318 620 389 m
1330 248 1335 257 l
1732 294 1791 361 s.
1832 288 2077 359 FAUSTI
2112 280 2521 354 RHEGIENSIS
3672 278 3774 343 880

515 453 706 509 bemur
726 450 1017 501 assumere.
1043 432 1226 493 Ariani
1247 440 1373 501 ergo
1394 435 1449 484 et
1470 425 1696 482 diversae
1718 420 2091 478 lmreticdrum
2118 406 2173 476 Δ
2198 423 2328 486 gunt
2354 422 2563 471 acetum
2609 410 2849 481 malitiae,
2880 409 3005 481 quia
3029 408 3213 465 vinum
3241 402 3540 477 sapientiai,
3582 400 3720 472 quod
3747 415 3778 455 ε

515 536 895 613 perversitatcs
941 542 1047 584 non
1087 526 1141 581 in
1176 538 1279 579 una
1308 491 1461 576 illum
1489 514 1778 573 comedunt
1804 513 2007 576 domo;
2041 517 2094 565 et
2195 505 2408 562 Christo
2454 511 2788 575 acceperant,
2832 496 3105 573 peccando
3149 497 3514 571 perdiderant.
3564 491 3781 548 Potatur

1720 602 1737 613 .
1768 608 1780 613 -
1903 603 1915 613 .
1954 604 1966 613 .
2018 610 2026 613 Α
2324 600 2392 613 ιι.
2435 608 2446 613 -
2602 598 2616 613 ι
2758 612 2761 613 ,
2825 604 3109 613 ---.ᾼᾼ.υ-μ-
3185 593 3399 613 .I-._-_---
3444 586 3781 613 ,ΙηιιιλιΙῖ-Α-ι

517 586 638 690 ideo
676 627 811 685 sicut
837 626 889 681 in
924 620 1121 677 diluvio
1151 632 1258 673 non
1287 612 1523 671 salvatus
1558 617 1642 665 est
1681 602 1781 663 nisi
1828 603 1918 675 qui
1954 604 2092 657 intra
2197 600 2485 655 acerbitate
2514 598 2773 653 malorum
2810 604 3138 661 nostrorum,
3178 593 3401 649 daturus
3440 586 3781 645 dulcedinem

516 737 694 779 arcam
724 719 837 775 Noe
867 715 961 770 iuit
991 712 1244 767 inventus
1264 750 1279 776 ,
1324 706 1397 761 ita
1428 704 1656 759 diverste
1695 698 1817 753 ﬁdei
1850 695 2094 751 homines
2196 690 2457 747 bonorum
2487 704 2730 746 suorum.
2769 688 2875 746 Sed
2905 696 2959 744 et
2987 701 3131 743 nunc
3158 682 3398 757 quotidie
3424 679 3638 753 quando
3665 692 3785 749 pec-

517 818 563 871 si
595 806 746 870 extra
781 809 997 864 domum
1029 801 1283 858 Ecclesiae
1314 805 1457 861 sunt,
1488 809 1596 850 non
1638 790 1837 847 habent
1884 792 2095 859 Agnum
2199 784 2334 838 catis
2375 783 2725 837 contristatur
2754 789 2808 836 et
2851 778 3231 845 exacerbatur,
3280 783 3491 832 acetum
3520 769 3786 840 quoddam

519 907 609 977 qui
646 903 889 959 Christus
922 906 1023 953 est.
1056 892 1210 962 Quod
1249 886 1575 959 vero,hujus
1621 883 1743 955 agni
1771 889 1927 950 caput
1973 894 2095 933 eum
2201 875 2276 931 illi
2296 884 2449 946 potus
2484 884 2537 931 et
2564 874 2713 930 cibus
2742 871 2879 929 fellis
2908 870 3189 942 ingeritur.
3210 866 3402 924 Velum
3432 862 3617 933 templi
3648 862 3791 916 scin-

521 956 750 1069 pedibus
765 982 1051 1049 comedere
1072 984 1379 1042 nosdebere
1400 956 1675 1049 Scriptura
1691 980 2096 1036 commemorat,
2201 968 2373 1033 ditur;
2406 968 2579 1023 velum
2607 975 2980 1022 ornamentum
3004 960 3293 1017 habitaculi
3319 966 3422 1014 est.
3452 956 3788 1012 Coruscante

1692 1068 1695 1069 ν
1792 1068 1799 1069 γ
2204 1061 2219 1069 -
2261 1062 2272 1069 .
2518 1061 2530 1069 .
2626 1060 2663 1069 ..
2733 1059 2745 1069 .
2816 1058 2827 1069 .
2976 1055 3046 1069 .,,.
3123 1062 3134 1069 ,
3255 1053 3289 1069 η
3334 1064 3527 1069 “nu
3564 1046 3760 1069 Lm“,

523 1046 627 1145 irioc
657 1096 739 1143 est
768 1095 827 1140 ut
852 1085 1020 1139 Deum
1050 1089 1106 1135 et
1135 1076 1406 1133 hominem
1436 1073 1546 1143 pari
1574 1068 1910 1125 confessione
1938 1078 2100 1118 vene-
2204 1061 2365 1132 igitur
2394 1061 2589 1130 gratia,
2625 1058 2863 1115 Ecclesia
2909 1055 3226 1122 mdiﬁcatur,
3255 1053 3535 1125 Synagoga
3558 1046 3790 1104 destrui-

524 1194 730 1236 remur.
759 1176 929 1244 Caput
959 1188 1089 1241 ergo
1119 1168 1318 1233 divina,
1352 1164 1512 1234 pedes
1541 1161 1769 1216 humana
1802 1154 2097 1211 substantia
2205 1162 2289 1210 tur
2313 1198 2328 1222 ,
2348 1152 2450 1209 veli
2490 1152 2744 1223 templum
2774 1150 2979 1205 honore
3027 1147 3292 1211 nudatur,
3329 1150 3536 1200 remoto
3575 1154 3672 1211 per
3700 1138 3797 1193 ad-

524 1282 627 1327 est.
653 1229 1176 1336 Caput'accipiamus
1198 1259 1262 1312 de
1285 1229 1521 1325 ero—quod
1552 1251 1681 1306 dicit
1718 1249 1904 1303 beatus
1930 1245 2099 1301 Joan-
2204 1254 2418 1300 ventum
2465 1242 2659 1299 Christi
2696 1241 2956 1297 velamine
3005 1239 3323 1305 litteraeyut
3363 1250 3486 1291 cum
3534 1229 3795 1303 Apostolo

524 1376 655 1415 nes:
692 1324 756 1411 1i.
798 1324 1057 1425 principio
1078 1362 1185 1406 erat
1218 1324 1432 1403 Verbum
1466 1344 1641 1416 (Joan.
1678 1342 1753 1412 1);
1790 1340 1951 1410 pedes
1973 1352 2101 1392 vero
2207 1337 2443 1392 revelata
2472 1336 2606 1390 facie
2632 1333 2768 1404 legis
2804 1333 3059 1389 interiora
3083 1330 3403 1401 pandantur.
3433 1324 3589 1395 Quod
3618 1333 3796 1379 autem

529 1452 597 1507 dc
627 1466 731 1521 quo
760 1449 955 1502 Paulus
983 1442 1254 1514 apostolus
1286 1437 1471 1494 scribit
1501 1454 1513 1487 :
1550 1434 1887 1500 Semetipsum
1919 1430 2103 1483 exina-
2206 1440 2551 1486 monumenta
2580 1428 2915 1498 aperiuntur,
2940 1423 3129 1481 monis
3171 1423 3406 1479 claustra
3454 1424 3791 1482 regeruntur,

529 1547 675 1611 uiuit,
699 1534 1411 1615 [ormamserviaccipiens,in
1436 1525 1819 1584 similitudinem
1843 1523 2105 1576 hominum
2209 1531 2493 1593 regni-gum
2517 1523 2692 1577 lania
2721 1520 2850 1576 sede
2906 1526 3133 1573 lunai-eu
3171 1530 3295 1571 cum
3321 1512 3537 1570 Christo
3578 1508 3747 1564 saucii
3782 1523 3798 1561 ε

530 1642 718 1708 factus,
747 1645 795 1687 et
822 1632 996 1685 habitu
1033 1603 1262 1682 iuventus
1287 1634 1360 1679 est
1389 1632 1439 1675 ut
1467 1622 1619 1675 homo
1655 1617 1881 1689 (Philip.
1918 1630 1951 1668 It
1970 1658 1983 1683 ,
2018 1612 2102 1683 7);
2210 1622 2265 1671 et
2289 1628 2447 1684 quem
2476 1611 2657 1683 superi
2685 1625 2793 1665 non
2827 1608 3120 1679 recipiunt,
3160 1604 3317 1662 inferi
3363 1603 3529 1658 Deum
3560 1613 3681 1656 esse
3710 1611 3804 1651 eoo

528 1692 615 1799 ct,
656 1729 843 1782 Factus
878 1743 940 1779 ea;
981 1723 1219 1785 nm’iere,
1264 1720 1428 1789 factus
1467 1716 1557 1769 sub
1600 1714 1706 1783 lege
1744 1709 1885 1781 (Gal.
1918 1724 1991 1774 tv,
2026 1708 2105 1777 4).
2212 1712 2495 1775 gnoscunt.
2524 1701 2676 1759 Unde
2708 1716 2807 1757 nos
2832 1704 3189 1771 agnoscentes
3215 1710 3344 1767 erga
3373 1708 3471 1750 nos
3492 1692 3802 1748 divinorum

530 1820 778 1890 Oportuit
806 1834 932 1887 ergo
966 1828 1023 1869 ut
1053 1810 1352 1882 ltujusntodi
1383 1808 1503 1876 agni
1537 1804 1791 1859 carnibus
1819 1800 2107 1855 succinctis
2139 1792 2187 1854 Β
2213 1798 2594 1856 beneﬁciorum
2640 1797 2746 1851 alta
2798 1794 3078 1868 mysteria,
3135 1788 3554 1862 respondeamus
3597 1786 3652 1839 in
3688 1798 3803 1854 quo

532 1912 765 1975 lumbis,
818 1910 872 1964 id
913 1916 997 1962 est
1040 1901 1375 1960 mortiﬁcatis
1404 1897 1706 1953 carnalibus
1750 1892 2106 1964 passionibus,
2214 1907 2497 1965 possumus
2548 1888 2930 1946 misericordia;
2999 1883 3409 1954 redemptoris:
3459 1879 3650 1935 demus
3726 1874 3803 1931 illi

536 2022 657 2064 cum
706 2016 911 2057 summa
950 1996 1127 2052 cordis
1172 2003 1225 2048 ct
1264 1988 1504 2060 corporis
1537 1986 1765 2058 puritate
1813 1997 2107 2037 vescamur.
2214 1986 2674 2057 compuuciiouem
2701 1985 2768 2039 de
2799 1990 3136 2054 peccaturum
3166 1974 3544 2034 emendatione
3570 1986 3673 2043 ριιο
3690 1971 3804 2041 sui-

533 2099 706 2167 Caput
726 2107 847 2150 cum
877 2090 1119 2160 Pedibus.
1150 2086 1201 2140 id
1222 2094 1303 2139 εει
1324 2099 1389 2136 0X
1414 2082 1521 2135 DCO
1545 2079 1781 2148 Βεηῖωιη
1806 2074 2109 2143 Credamus,
2215 2080 2300 2135 nis
2342 2078 2489 2144 suis;
2523 2064 2810 2132 offeramus
2832 2073 2911 2131 illi
2937 2090 3031 2130 cor
3049 2089 3147 2131 suo
3191 2073 3382 2128 timore
3408 2068 3677 2125 conﬁxum
3711 2079 3809 2136 pro

534 2199 591 2245 et
629 2204 694 2244 ex
726 2185 941 2240 homine
994 2187 1351 2253 procreatum.
1403 2173 1554 2243 Quod
1586 2183 1763 2225 autem
1794 2169 1938 2234 dixi,
1967 2176 2020 2222 et
2047 2182 2113 2222 ex

2217 2170 2384 2227 clavis
2414 2170 2559 2237 suis;
2585 2168 2873 2226 reddamus
2902 2167 2979 2223 illi
3001 2167 3228 2238 palmam
3252 2158 3671 2235 perseverantirn
3706 2171 3802 2229 pro

534 2282 649 2337 Deo
684 2279 943 2350 genitum,
976 2274 1113 2328 forte
1146 2270 1252 2326 sint
1284 2269 1447 2337 aliqui
1479 2266 1545 2319 de
1573 2265 1745 2318 minus
1773 2260 1996 2317 eruditis
2024 2257 2114 2328 qui
2218 2266 2390 2338 alapis
2418 2264 2551 2323 suis,
2646 2284 2654 2291 -

536 2329 975 2432 Signiam.
1002 2380 1099 2422 suo
1122 2383 1134 2416 :
1154 2329 1432 2430 Quomodo
1448 2359 1592 2412 Deus
1616 2355 1780 2410 mium
1797 2349 2115 2424 genuit?Nil
2311 2329 2323 2338 '
2464 2431 2469 2432 ί
2828 2331 3060 2389 SEBMO
3112 2329 3200 2385 Vl.

536 2464 626 2520 hic
645 2474 961 2530 corporeum
990 2455 1307 2526 cogitemus.
1332 2448 1468 2517 Quid
1499 2457 1582 2502 est
1611 2446 1754 2501 enim
1786 2418 1925 2498 [iens
1950 2442 2115 2496 Deum
2437 2431 2516 2482 Αά
2554 2426 2844 2482 monachos.
2889 2424 2966 2479 De
3002 2423 3162 2477 natali
3212 2418 3372 2476 sancti
3414 2420 3583 2474 Petri.

537 2522 757 2627 genuit;
777 2550 879 2606 nisi
912 2549 978 2604 de
1008 2522 1129 2617 igne
1160 2544 1297 2615 ignis
1330 2539 1594 2611 apparuit,
1627 2538 1717 2593 lux
1750 2537 1816 2592 de
1848 2536 1967 2591 luce
1995 2546 2117 2603 pro.
2722 2525 2820 2590 (Ex
2843 2538 2934 2575 ms.
2970 2522 3327 2585 Morbacensi.)

480 2706 489 2711 _
538 2621 738 2703 cessit?
767 2644 908 2713 Ergo
935 2648 1150 2710 proutcr
1193 2635 1403 2703 aliquos
1429 2631 1518 2701 qui
1548 2628 1684 2684 tardi
1715 2634 1838 2681 sunt
1866 2624 1934 2679 ad
1961 2621 2095 2678 intell

2294 2636 2345 2690 1.
2402 2633 2829 2692 Gloriosissimos
2870 2630 3175 2687 christiana:
3228 2626 3349 2683 ﬁdei
3393 2625 3667 2697 principes
3714 2636 3810 2677 an-

538 2736 836 2810 ligendum,
876 2734 1107 2804 aliquam
1145 2726 1380 2799 speciem
1408 2726 1517 2795 jam
1547 2723 1632 2779 vel
1658 2718 2113 2790 comparationem

2222 2730 2343 2797 nuis
2382 2728 2812 2785 solemnitatibus
2861 2724 3225 2787 honorantes,
3259 2719 3453 2774 fratres
3509 2713 3805 2780 carissimi,

541 2831 610 2887 de
638 2828 865 2884 terrenis
893 2840 955 2880 ac
986 2822 1283 2880 visibilihus
1324 2830 1679 2873 assumamus.
1712 2812 1871 2868 Verbi
1926 2810 2114 2882 gratia,
2222 2823 2395 2893 ipsum
2424 2821 2593 2875 Deum
2622 2832 2684 2872 uc
2716 2812 2996 2871 Dominum
3019 2823 3292 2876 “usuum,
3324 2810 3418 2882 qui
3444 2809 3605 2880 huius
3620 2815 3804 2863 auaui-

540 2924 588 2981 εἰ
619 2924 824 2992 lampas
847 2916 1170 2974 accendatur
1192 2929 1257 2968 CX
1280 2910 1550 2981 lampade,
1578 2908 1622 2963 εἰ
1651 2922 1754 2960 una
1783 2905 2118 2959 illuminetur
2224 2922 2311 2969 es;
2482 2951 2498 2976 ’
2525 2909 2703 2964 debila
2733 2906 2992 2977 religione
3016 2916 3354 2959 veneramur.
3382 2898 3627 2968 Αροειοιί
3660 2908 3806 2951 nam.

539 3033 607 3074 ex
634 3016 759 3081 alia,
806 3026 984 3067 nonne
1028 3008 1124 3063 tibi
1166 3006 1379 3062 videtur
1421 3003 1688 3057 ﬂammam
1725 2995 2119 3069 quodammodo
2223 3020 2327 3075 que
2357 3004 2547 3060 Laiin
2581 3016 2829 3059 sei-mone
2855 3000 3103 3055 dicuntur
3148 2995 3332 3059 missi;
3365 2982 3457 3063 qui
3477 3005 3608 3061 ergo
3650 2989 3807 3043 bone

537 3110 754 3166 ﬂamma
776 3104 1073 3177 parturiens
1090 3099 1428 3172 Splendorcm
1447 3096 1514 3150 de
1534 3092 1821 3164 splendore
1842 3084 2119 3161 genuisse?

2189 3107 2349 3177 _rant
2391 3098 2608 3162 missos,
2647 3093 2987 3150 manifestum
3020 3101 3101 3146 est
3149 3103 3245 3145 eos
3280 3087 3546 3140 honorare
3592 3082 3804 3137 mitten-

539 3201 683 3257 Num
718 3200 813 3254 tibi
841 3198 1047 3253 videtur
1096 3171 1450 3249 inaestimabili
1483 3188 1691 3242 ratione
1731 3194 1911 3240 natum
1960 3183 2123 3237 fuisse
2151 3171 2201 3238 α
2232 3201 2369 3258 rem;
2400 3206 2523 3245 cum
2568 3188 2802 3259 dignitas
2844 3201 2965 3257 qua:
2992 3183 3231 3240 defertur
3260 3178 3540 3248 ministris,
3590 3177 3665 3231 illi
3694 3174 3808 3229 sine

537 3294 721 3354 lumen
753 3308 817 3346 οι
843 3289 1086 3345 inmitte?
1115 3288 1181 3342 Εῐ
1209 3299 1330 3341 cum
1351 3283 1419 3337 de
1449 3279 1693 3349 lampade
1724 3278 1789 3332 3d
1821 3275 2123 3346 lampadem
2229 3284 2392 3340 dubio
2420 3282 2570 3351 cujus
2596 3279 2827 3334 ministri
2852 3285 2975 3331 sunt
3003 3272 3313 3341 exhibetur,
3361 3260 3516 3324 ut'ait
3543 3268 3656 3337 ipse
3686 3263 3803 3320 Sal-

542 3383 916 3449 transleratur,
949 3381 1074 3434 licet
1102 3379 1221 3432 duae
1251 3372 1526 3443 lampades
1556 3370 1800 3431 ardeant,
1832 3377 2008 3421 tamen
2038 3365 2128 3420 ille
2230 3385 2380 3431 νειοιι
2409 3377 2473 3429 uu
2501 3372 2793 3442 discipulus
2822 3385 2948 3427 suos
2984 3388 2995 3422 ε
3031 3369 3130 3436 Qui
3157 3384 3242 3422 uo,
3267 3366 3414 3421 αηάξι
3438 3379 3512 3417 ,ηε
3541 3360 3712 3425 audii,
3751 3366 3801 3411 ει

543 3475 685 3547 ignis
706 3474 821 3544 ipse
849 3480 931 3526 est
955 3469 1137 3538 utique
1173 3468 1227 3521 in
1250 3463 1483 3521 secunda
1511 3461 1600 3531 qui
1630 3459 1907 3530 splendeat
1936 3458 1989 3512 in
2012 3456 2127 3527 pri-

2229 3469 2318 3540 qui
2360 3483 2446 3521 vos
2486 3465 2663 3537 recipit
2710 3480 2788 3519 me
2836 3461 3015 3532 recipit
3044 3458 3193 3533 (Luc.
3246 3475 3308 3525 ι,
3344 3457 3457 3527 16).
3487 3453 3624 3509 Vere
3648 3451 3805 3507 beata

544 3542 655 3623 ma.
680 3542 931 3633 Nunquid
966 3561 1034 3615 de
1073 3558 1242 3614 nihilo
1267 3566 1356 3611 aut
1400 3555 1468 3610 de
1494 3554 1673 3623 aliquo
1704 3564 1841 3605 novo
1876 3549 2026 3605 initio
2051 3548 2128 3603 fa-

2233 3561 2595 3632 aposlolorum
2625 3559 2837 3625 merita,
2866 3556 2919 3610 in
2966 3553 3158 3624 quibus
3196 3567 3256 3607 se
3294 3550 3539 3605 Christus
3567 3555 3620 3601 et
3648 3542 3809 3612 recipi

543 3666 663 3713 “"5
684 3664 767 3712 εει
789 3655 878 3710 me
900 3652 1076 3724 ῑεηίεῖ
1101 3651 1193 3706 5θά
1221 3649 1391 3719 magis
1415 3647 1480 3702 de
1504 3656 1694 3701 “alma
1720 3645 1801 3699 ευί
1828 3642 2128 3713 splendoris
2232 3652 2487 3724 praedicat
2514 3660 2568 3706 et
2602 3648 2771 3703 audiri
2798 3664 2813 3713 ;
2846 3645 2985 3701 beati
3014 3640 3363 3701 nihilominus
3389 3647 3447 3693 et
3474 3636 3551 3691 illi
3590 3647 3811 3703 quorum

546 3747 749 3804 eﬂ‘usus
774 3754 858 3803 est
884 3763 895 3798 :
923 3759 1052 3815 ergo
1083 3742 1172 3797 illa
1211 3739 1531 3796 illuminatio
1561 3753 1677 3807 qua:
1708 3736 1774 3791 de
1803 3736 1969 3804 prima
1999 3736 2129 3788 lam-

2231 3743 2446 3799 devotio
2473 3742 2644 3797 delata
2675 3737 2928 3808 apostolis
2951 3733 3178 3791 recurrit
3205 3733 3255 3788 in
3287 3729 3579 3786 Christum.
3612 3724 3816 3785 Tenen-

545 3840 686 3909 pade
709 3836 916 3893 videtur
943 3849 1194 3899 accensa,
1219 3848 1324 3887 non
1347 3832 1498 3902 quasi
1525 3845 1593 3885 ex
1622 3828 1787 3883 nihilo
1815 3828 1868 3882 in
1895 3826 2129 3882 secunda
2233 3844 2314 3892 ius
2344 3835 2553 3903 itaque,
2587 3832 2797 3895 irati-es,
2833 3837 2994 3884 tamus,
3034 3826 3193 3895 huius
3218 3820 3595 3894 promissionis
3626 3817 3817 3883 ﬁdem,

548 3929 883 3998 esse'ctepit,
913 3928 1009 3983 sed
1037 3927 1103 3981 de
1133 3934 1362 3995 cognato
1396 3922 1685 3991 Splendore
1727 3921 2008 3990 processit,
2040 3918 2128 3988 qui

2285 3944 2300 3983 ε
2331 3926 2603 3998 suppliciis
2629 3932 2836 3996 patrum
2880 3929 3211 3994 nostrorum,
3255 3931 3351 3989 pro
3380 3913 3579 3970 Christi
3608 3910 3819 3968 confes—
3895 3909 3900 3915 ’

546 4021 603 4079 in
641 4022 800 4092 primi
841 4019 1056 4075 luminis
1093 4018 1301 4087 origine
1343 4016 1451 4085 jam
1502 4013 1771 4069 manebat.
1813 4012 1879 4067 Et
1922 4012 2046 4067 licet
2076 4011 2128 4064 in

2233 4020 2385 4077 sione
2413 4017 2698 4087 susceptis,
2728 4013 2988 4084 iﬁdelibus
3033 4010 3241 4082 gaudiis
3286 4006 3621 4063 exsultemus
3652 4022 3664 4055 :
3690 4015 3822 4071 quo-

548 4124 777 4184 utraque
823 4112 1069 4181 lampade
1114 4110 1324 4179 gemina
1352 4119 1407 4163 et
1431 4107 1628 4176 duplex
1662 4106 1905 4160 videatur
1930 4104 2129 4158 micare
2234 4114 2375 4170 niam
2406 4115 2494 4184 qui
2518 4112 2585 4167 de
2613 4117 2904 4177 martyrum
2934 4112 3105 4160 morte
3148 4105 3388 4169 laetatur,
3423 4107 3689 4169 martyres
3714 4108 3821 4149 non

550 4206 789 4271 ﬂamma,
815 4211 1039 4271 utraque
1069 4210 1245 4255 tamen
1276 4216 1379 4254 una
1409 4200 1704 4254 substantia
1728 4208 1809 4253 est
1833 4214 1847 4261 ;
1889 4199 1959 4251 ita
1990 4206 2045 4251 ct
2073 4196 2127 4250 in
2235 4205 2437 4260 dubitat
2463 4219 2583 4258 cum
2611 4203 2825 4257 Christo
2857 4212 3081 4269 regnare
3118 4204 3237 4267 post
3279 4184 3531 4249 mdrlem.
3558 4190 3668 4246 Nos
3692 4203 3825 4244 vero

553 4296 826 4366 unigenito
858 4295 951 4350 Dei
980 4294 1111 4349 Filio
1152 4295 1253 4349 etsi
1293 4308 1538 4364 personae
1567 4294 1773 4363 species
1805 4292 2015 4361 propria
2048 4299 2131 4345 est
2237 4292 2855 4350 Ecclesiarum-omnium
2878 4286 3362 4345 reverendissimos
3378 4293 3580 4356 patres,
3605 4282 3828 4339 Petrum

552 4389 797 4461 κθηθτίεν
829 4397 1005 4444 “me”
1056 4399 1243 4442 “3mm
1273 4388 1570 4442 communis
1607 4395 1709 4452 εει,
1749 4400 1853 4439 ηοιι
1882 4387 1948 4438 dc
1975 4385 2131 4440 Patre
2235 4389 2355 4444 dico
2383 4397 2435 4444 et
2464 4388 2703 4449 Paulum.
2730 4383 2987 4456 piissimis
3007 4380 3200 4437 studiis
3223 4384 3573 4443 lionoremus,
3596 4375 3823 4445 quibus,

554 4481 839 4552 iDCiPiens,
871 4480 965 4536 sed
992 4494 1058 4536 ex
1082 4480 1242 4535 Patre
1262 4495 1381 4535 cum
1413 4480 1569 4535 Patre
1592 4476 1915 4533 subsistens.
2164 4549 2191 4552 _
2234 4480 2434 4536 Christi
2467 4485 2752 4550 prmstante
2789 4476 2981 4547 gratia,
3034 4472 3206 4527 factus
3241 4478 3324 4526 est
3354 4468 3512 4523 hodie
3545 4466 3615 4521 de
3652 4473 3831 4521 morte

626 4577 679 4630 5.
720 4573 909 4628 Omnia
938 4572 1005 4627 de
1038 4572 1207 4627 nihilo
1233 4577 1410 4627 creata
1441 4580 1602 4636 sunt;
1634 4569 1724 4625 ille
1759 4570 1906 4624 solus
1934 4567 2003 4623 de
2025 4549 2213 4622 Deo-D
2240 4549 2683 4643 uuiuiisiquibus
2713 4569 2831 4623 uuis
2855 4568 2976 4622 vim
3005 4564 3216 4620 vivendi
3245 4562 3452 4618 iuiiium
3482 4558 3673 4622 dedit;
3703 4558 3829 4628 qui.

553 4666 718 4728 Deus-
750 4666 847 4722 Hi0
885 4680 1011 4736 θτεο
1064 4680 1185 4720 cum
1215 4665 1267 4719 ίη
1317 4662 1483 4718 forma
1543 4662 1638 4717 Βθί
1682 4670 1856 4728 esse“
1906 4659 2133 4716 formam
2243 4669 2359 4734 bus,
2393 4674 2450 4721 ut
2490 4663 2562 4719 ait
2588 4659 2859 4733 apostolus
2902 4657 3121 4722 Paulus,
3162 4656 3325 4709 vivere
3346 4652 3583 4708 Christus
3609 4659 3749 4713 erat,
3785 4657 3833 4703 et

557 4761 700 4818 servi
727 4772 824 4829 pro
838 4772 1113 4814 servorum
1149 4755 1321 4810 salute
1349 4753 1611 4825 suscepit;
1636 4762 1689 4837 et
1714 4752 1767 4808 in
1790 4752 1934 4823 ligno
1960 4753 2133 4808 crucis

2243 4761 2372 4817 mori
2399 4760 2615 4813 lucrum.
2650 4755 2779 4809 Erat
2798 4753 2981 4822 utique
3010 4751 3090 4805 eis
3116 4747 3365 4803 Christus
3391 4744 3595 4807 vivere,
3631 4739 3831 4812 quibus

558 4868 679 4909 cum
700 4852 808 4907 vita
831 4859 971 4907 esset
994 4891 1009 4917 ,
1040 4848 1092 4903 in
1122 4848 1266 4917 ligno
1286 4861 1555 4917 appensus
1578 4832 1660 4903 est
1686 4864 1698 4899 :
1722 4847 1872 4916 quasi
1897 4847 2131 4916 seipsum

2242 4856 2347 4911 vita
2379 4868 2485 4908 non
2506 4858 2620 4906 erat
2646 4849 2763 4903 sine
2786 4844 3041 4909 Christo;
3084 4851 3200 4898 erat
3230 4840 3309 4897 eis
3337 4837 3583 4893 Christus
3605 4832 3831 4899 vivere,

557 4949 814 5017 pensaret
832 4944 885 4997 in
916 4941 1088 5011 pretio
1108 4938 1469 5008 perditorum;
1502 4938 1669 5007 alapis
1689 4954 1861 4995 caesus
1891 4946 1994 5005 est,
2023 4938 2135 5007 spi-

2241 4948 2361 5020 quia
2379 4954 2544 5001 totum
2570 4931 3363 5010 ChristiproﬁciebatEcclesiis
3386 4929 3529 5002 quod
3557 4927 3838 4982 vivebant.

559 5040 643 5097 nis
667 5044 952 5095 coronatus
975 5042 1078 5090 est.
1126 5028 1279 5101 Quod
1316 5046 1445 5087 vero
1496 5032 1745 5087 coccinea
1790 5032 2007 5087 indutus
2053 5042 2137 5087 est
2249 5040 2378 5095 Erat
2402 5041 2479 5092 eis
2498 5044 2552 5090 et
2580 5032 2712 5088 mori
2743 5031 2970 5094 lucrum,
2998 5028 3120 5097 quia
3169 5024 3261 5080 tali
3313 5024 3413 5078 hac
3459 5028 3636 5076 morte
3662 5020 3840 5073 vitam

559 5129 862 5201 chlamyde,
886 5128 1193 5183 indumenta
1214 5123 1413 5179 Christi
1437 5124 1621 5178 merita
1648 5132 1954 5177 sanctorum
1982 5131 2134 5189 sunt;
2245 5129 2347 5187 sibi
2391 5126 2732 5183 merebantur
2779 5130 3069 5185 mei-nam;
3123 5124 3237 5173 erat
3276 5114 3356 5170 eis
3393 5111 3533 5167 ωοιιί
3582 5108 3840 5174 ιιιεει-ιηιι³

560 5226 689 5281 item
722 5234 844 5278 ωηο
870 5221 1050 5291 “aqua
1074 5227 1367 5288 ωδτιῖτυιη
1404 5216 1659 5284 sansuine
1688 5214 1745 5268 in
1771 5215 1862 5269 illo
1889 5216 2140 5271 coccineo
2169 5208 2196 5261 ι’
2244 5232 2470 5291 quorum
2490 5208 3162 5285 corruptioniincorruptio
3175 5203 3518 5270 succedebat,
3550 5210 3607 5256 et
3635 5200 3845 5256 damna

555 5317 743 5387 colore
790 5312 1141 5385 periunditur.
1212 5306 1364 5375 Quod
1419 5314 1597 5361 autem
1653 5305 1822 5361 Judaei
1872 5320 2139 5375 purpurea

2246 5310 2587 5382 praesentium
2618 5318 2916 5378 temporum
2949 5303 3093 5358 lucra
3140 5306 3395 5371 perpetua
3442 5294 3845 5365 sequebantur.

562 5406 844 5477 chlamyde
869 5403 1114 5459 indutum
1134 5399 1273 5455 ﬂexo
1301 5398 1527 5453 adorant
1547 5411 1726 5467 genu:
1760 5395 1924 5450 velint
1946 5396 2134 5462 nolint,
2222 5401 2354 5457 Sed
2389 5401 2499 5471 jam
2544 5397 2903 5456 necessarium
2931 5435 2946 5461 ,
2982 5389 3283 5458 carissimi,
3320 5386 3572 5449 arbitror,
3613 5392 3680 5437 ut
3722 5396 3850 5452 pro.

562 5473 761 5566 Regem
789 5498 939 5553 illum
959 5504 1015 5552 et
1039 5494 1320 5551 Dominum
1344 5491 1680 5547 conﬁtentur.
1707 5489 1858 5557 Quod
1880 5499 2056 5544 autem
2086 5489 2139 5543 in

2248 5496 2391 5567 prias
2416 5504 2709 5561 eorumque
2729 5486 2992 5558 speciales
3010 5485 3256 5547 virtutes,
3293 5485 3452 5550 prout
3481 5473 3723 5530 ariditas
3750 5473 3852 5527 lin-

562 5603 724 5646 ειύθθ
750 5590 883 5645 dmi
908 5590 1047 5657 ³ί²ίον
1093 5587 1251 5643 ﬁdem
1285 5584 1396 5643 δυίδ
1434 5583 1755 5654 requirebat
1797 5581 1902 5637 Sed
1942 5582 2063 5651 (lilia
2087 5581 2141 5635 in
2248 5564 2366 5659 gum
2391 5595 2587 5641 nostrae
2612 5580 2918 5652 ingeniique
2946 5577 3178 5634 tenuitas
3205 5571 3421 5644 patitur,
3447 5569 3557 5623 imo
3585 5576 3651 5621 nt
3685 5564 3855 5621 mise-

565 5681 778 5754 propria
801 5682 964 5745 venit,
989 5687 1043 5737 et
1062 5680 1145 5735 sui
1164 5693 1285 5735 eum
1307 5679 1548 5748 recipere
1571 5677 1880 5743 noluerunt,
1902 5687 1999 5744 pro
2021 5686 2139 5729 sua-
2248 5679 2416 5735 ricors
2449 5677 2587 5733 Deus
2613 5672 2826 5739 annuit,
2857 5670 3255 5741 proloquamur.

544 5780 733 5850 ,vitate
757 5775 884 5843 ﬁdei
907 5783 1116 5858 acetum
1141 5774 1191 5835 ei
1217 5770 1454 5851 perﬁdia:
1485 5770 1925 5849 propinavcrunt.
1954 5768 2139 5835 Porri-
2320 5768 2376 5826 2.
2417 5767 2514 5828 llic
2559 5768 2736 5843 itaque
2780 5762 2871 5823 ille
2894 5771 2980 5845 est
3005 5760 3192 5844 Petrus
3218 5756 3307 5827 qui
3334 5749 3656 5828 conﬁtendo
3690 5748 3862 5807 Chri-
