4090 6330
347 378 447 434 881

1794 373 2170 433 SERMONES.

3494 387 3602 443 882

345 506 485 555 stum
517 494 799 550 Dominum
832 494 936 551 vivi
966 493 1059 550 Dei
1086 506 1206 549 esse
1232 490 1454 557 Filium,
1487 489 1809 547 validissima
1837 489 1917 544 in-
1943 490 1996 550 Α
2023 488 2252 544 libenter
2281 492 2513 548 indulsit.
2566 495 2630 549 Ut
2675 495 2839 562 enim,
2888 494 3024 550 sicut
3081 496 3351 564 apostolus
3405 497 3601 555 Paulus

343 590 587 658 victaque
611 586 763 642 nobis
786 586 1034 642 credendi
1064 584 1405 641 fundamenta
1436 583 1730 639 constituit.
1783 582 1915 637 Nam

340 677 704 752 percunCtanti
735 677 957 732 Domino
978 676 1096 748 quis
1125 691 1244 733 esse
1272 677 1339 731 ab
1364 674 1671 731 hominibus
1705 675 1915 730 dicere-

342 781 448 838 tur,
477 770 750 842 respondit
781 787 793 823 :
824 767 903 822 Tu
924 784 975 822 es
1003 769 1233 823 Christus
1256 766 1424 821 Filius
1449 767 1541 822 Dei
1574 768 1669 821 vivi
1693 765 1912 836 (Matth.

340 880 454 932 xvi,
488 864 610 935 16);
640 863 692 918 id
718 872 820 929 est,
839 871 914 931 tu,
935 862 1176 930 Domine,
1203 862 1271 917 de
1298 876 1460 917 carne
1480 860 1715 932 Virginis
1742 860 1915 916 factus

339 971 401 1013 es
440 955 698 1019 Christus,
725 953 813 1025 qui
851 954 955 1008 vivi
1002 954 1094 1008 Dei
1130 952 1295 1008 Filius
1323 968 1381 1008 es
1409 953 1801 1023 sempiternus;
1836 960 1912 1019 tu,

340 1048 589 1113 Domine,
614 1045 917 1102 hominibus
958 1055 1112 1101 natus
1138 1060 1198 1101 es
1241 1046 1423 1113 homo,
1451 1047 1542 1117 qui
1586 1044 1915 1117 incogitabili

338 1140 617 1210 majestate
648 1139 785 1194 Deus
813 1152 871 1194 es
898 1138 1038 1208 apud
1082 1138 1271 1194 Deum.
1314 1138 1394 1193 Tu
1416 1154 1474 1193 es
1502 1138 1743 1193 Christus
1762 1179 1777 1207 ,
1824 1140 1915 1209 qui

339 1246 436 1301 pro
474 1229 839 1300 redemptione
870 1241 1047 1285 nostra
1078 1230 1144 1284 ad
1174 1229 1477 1302 passionem
1506 1231 1728 1286 veniens
1750 1273 1765 1299 ,
1816 1232 1916 1286 im-

336 1321 601 1394 passibilis
625 1336 901 1392 permanes
926 1321 1064 1391 apud
1096 1322 1325 1377 Patrem.
1344 1322 1473 1388 Quis
1509 1322 1668 1392 igitur
1682 1337 1914 1393 unquam

340 1415 395 1470 in
422 1423 626 1470 tantum
667 1416 767 1470 hoc
789 1414 1253 1484 incomprehensa:
1280 1406 1514 1469 Deitatis
1537 1430 1789 1470 arcanum
1816 1416 1914 1470 hu-

338 1504 481 1560 mani
521 1518 710 1560 sensus
736 1506 985 1560 attollere
1014 1504 1275 1575 potuisset
1301 1506 1567 1572 obtutum,
1597 1505 1699 1560 nisi
1727 1506 1794 1562 ab
1820 1521 1913 1563 ore

334 1597 480 1653 Petri
498 1596 745 1653 salutaris
767 1597 926 1667 hujus
948 1597 1068 1653 ﬁdei
1099 1598 1292 1653 veritas
1315 1598 1609 1654 radiasset?
1639 1598 1768 1666 Quis
1798 1614 1912 1655 me-

332 1689 559 1744 ritorum
589 1688 704 1758 ejus
730 1689 952 1758 gloriam
979 1689 1221 1758 quamvis
1243 1703 1433 1759 magno
1446 1691 1775 1761 asquiparare
1791 1705 1913 1760 pos-

330 1782 404 1837 sit
432 1781 666 1852 eloquio,
694 1797 723 1834 a
753 1796 859 1853 quo
883 1782 1037 1837 nobis
1062 1781 1350 1837 adorandae
1373 1780 1671 1837 Divinitatis
1704 1783 1835 1839 ﬁdes
1858 1791 1914 1839 et

330 1874 496 1942 carpit
539 1881 593 1928 et
622 1871 930 1943 permanet?
955 1872 1092 1941 Quid
1124 1881 1272 1928 tanto
1314 1873 1601 1942 gloriosius
1628 1872 1765 1941 viro,
1817 1874 1907 1944 qui
1936 1864 1986 1926 Β

332 1967 493 2023 fidem
540 1966 733 2022 secreti
770 1965 1129 2021 inscrutabilis
1155 1966 1419 2037 loquendo
1448 1967 1647 2032 edidit,
1679 1967 1911 2025 vivendo

330 2057 534 2125 docuit,
564 2057 815 2128 patiendo
842 2058 1107 2113 ﬁrmavit?
1135 2057 1205 2114 Ut
1230 2069 1408 2115 autem
1431 2060 1786 2116 confessionis
1814 2061 1913 2117 htt-

331 2153 419 2224 jus
446 2162 640 2222 quanta
666 2160 811 2207 esset
841 2152 1148 2223 magnitudo
1180 2152 1423 2210 Salvator
1469 2154 1797 2223 ostenderet,
1839 2156 1913 2211 ait

329 2243 385 2298 ci
418 2258 433 2297 :
464 2241 651 2297 Beatus
679 2260 729 2297 es
748 2284 762 2309 ,
797 2242 976 2299 Simon
1020 2242 1251 2316 Barjoua
1278 2286 1292 2310 ,
1319 2246 1439 2315 quia
1465 2262 1587 2300 caro
1614 2255 1663 2300 et
1706 2248 1912 2320 sanguis

334 2348 437 2387 non
463 2332 698 2388 reuelauit
727 2332 837 2399 tibi,
858 2333 947 2387 sed
976 2332 1136 2387 Pater
1156 2350 1295 2388 meus
1322 2335 1409 2405 qui
1433 2343 1505 2389 est
1532 2336 1588 2389 in
1609 2335 1785 2402 cretis;
1808 2336 1908 2391 Et:

331 2423 450 2478 Tibi
468 2424 598 2479 dabo
622 2425 786 2480 claves
813 2425 954 2495 regni
986 2423 1225 2479 caelorum
1251 2424 1440 2496 (Ibid.,
1472 2425 1584 2495 17).
1623 2425 1755 2495 Quis
1783 2441 1912 2498 ergo

330 2516 600 2573 Christum
629 2532 724 2586 per
748 2532 963 2573 carnem
992 2527 1045 2573 et
1069 2518 1122 2573 in
1151 2533 1314 2575 carne
1336 2530 1541 2589 natum,
1573 2521 1913 2592 omnipoten-

332 2612 406 2666 tis
436 2611 605 2667 Patris
634 2627 752 2668 esse
781 2611 973 2667 Filium
1022 2614 1220 2669 sentire
1246 2615 1529 2684 potuisset,
1581 2616 1685 2671 nisi
1728 2620 1911 2689 propi-

338 2705 448 2760 tius
476 2704 574 2760 hoc
605 2705 719 2775 ipse
759 2705 915 2761 Pater
968 2722 1063 2778 per
1099 2707 1312 2763 Petrum
1369 2708 1523 2765 nobis
1568 2710 1858 2767 revelasset
1885 2727 1917 2769 e

331 2797 518 2853 ccelo?
546 2798 670 2853 Haec
697 2797 771 2852 illi
812 2799 1083 2855 confessio
1110 2799 1280 2869 dedit,
1312 2808 1371 2854 ut
1399 2808 1523 2855 ante
1559 2801 1736 2857 claves
1765 2804 1915 2873 regni

330 2891 567 2947 caelestis
596 2890 859 2961 acciperet
900 2906 1055 2959 quam
1083 2892 1204 2947 coeli
1239 2891 1430 2960 januas
1481 2894 1751 2950 introiret.
1808 2894 1915 2950 Sed

330 3000 402 3039 ne
430 2999 528 3054 qua
557 2997 669 3050 vos,
703 2982 912 3047 fratres,
953 2983 1022 3037 de
1056 2982 1275 3038 creditis
1304 2984 1463 3039 Petro
1493 2985 1733 3041 clavibus
1763 2987 1917 3058 regni

332 3091 485 3131 more
530 3086 828 3131 nostrarum
873 3075 1098 3130 clavium
1133 3074 1384 3145 cogitatio
1433 3086 1776 3145 promoveat,
1808 3079 1918 3135 cla-

332 3181 427 3221 ves
476 3168 595 3222 caeli
639 3167 814 3236 lingua
854 3175 937 3222 est
983 3166 1161 3230 Petri;
1196 3167 1319 3238 quia
1367 3167 1695 3237 singulorum
1728 3170 1917 3225 merita

2023 584 2254 649 edocuit,
2280 596 2423 657 petra
2454 598 2557 641 erat
2590 590 2850 655 Chrisfus;
2884 591 2951 643 ita
2985 605 3077 659 per
3096 590 3369 644 Christum
3411 592 3600 647 Petrus

2022 678 2190 732 factus
2220 687 2301 732 est
2325 687 2491 747 petra,
2550 680 2758 735 dicente
2805 682 2853 735 ei
2897 682 3119 736 Domino
3153 699 3165 734 :
3198 681 3277 734 Tu
3306 698 3356 735 es
3380 681 3596 750 Petrus,

2022 786 2065 829 et
2093 788 2245 842 super
2306 774 2437 825 hanc
2502 784 2695 843 petram
2770 776 3033 840 wdi/icabo
3082 774 3364 829 Ecclesiam
3436 793 3601 831 meam

2020 867 2235 941 (Matth.
2266 883 2380 932 xvi,
2410 866 2517 935 l8).
2548 866 2677 919 Nam
2706 866 2843 920 sicut
2864 868 2914 921 in
2960 867 3195 937 deserto,
3226 868 3497 923 dominico
3523 870 3601 924 si-

2021 958 2179 1014 tienti-
2218 959 2430 1028 populo,
2501 972 2634 1026 aqua
2694 957 2843 1011 ﬁnxit
2887 973 2917 1012 e
2972 967 3151 1027 petra,
3214 961 3286 1015 ita
3351 962 3599 1017 universo

2020 1050 2217 1105 mundo
2250 1049 2486 1119 perﬁdia:
2522 1049 2766 1103 ariditate
2816 1050 3053 1115 lassauti,
3078 1051 3145 1106 de
3175 1068 3268 1107 ore
3303 1054 3444 1109 Petri
3478 1056 3596 1110 fons

2017 1142 2304 1199 salutiferae
2333 1142 2684 1196 confessionis
2723 1143 2961 1197 emersit.
2996 1144 3091 1199 llic
3126 1154 3203 1200 est
3251 1146 3439 1202 Petrus
3462 1187 3477 1212 ,
3509 1147 3598 1203 cui

2016 1237 2261 1294 Christus
2292 1253 2610 1294 ascensurus
2638 1238 2702 1293 ad
2751 1239 2980 1306 Patrem,
3028 1241 3316 1309 pascendas
3360 1241 3597 1295 oviculas

2017 1347 2142 1388 suas
2169 1348 2437 1403 agnosque
2462 1332 2803 1387 commendat
2827 1351 2838 1385 :
2864 1340 2920 1386 ut
2942 1347 3073 1403 quos
3098 1333 3184 1387 ille
3212 1333 3421 1402 pietatis
3438 1333 3598 1389 mise-

2015 1425 2221 1481 ratione
2246 1426 2569 1493 redemerat,
2606 1424 2690 1479 Itic
2720 1423 2843 1478 ﬁdei
2870 1439 2978 1478 sua:
3011 1425 3208 1479 virtute
3236 1433 3491 1479 servaret.
3534 1425 3598 1479 Et

2014 1527 2161 1572 recte
2192 1532 2320 1571 sane
2352 1516 2400 1571 ei
2427 1516 2628 1571 arbiter
2657 1517 2991 1571 occultorum
3033 1516 3125 1571 Dei
3164 1515 3330 1570 Filius
3364 1530 3593 1586 pascen-

2014 1607 2112 1663 das
2140 1624 2268 1665 oves
2313 1624 2437 1664 suas
2465 1610 2792 1679 tuendasque
2828 1610 3113 1673 commisit,
3146 1611 3231 1664 cui
3281 1620 3501 1664 noverat
3545 1611 3597 1664 in

2018 1703 2298 1759 nutriendo
2324 1718 2481 1774 grege
2508 1702 2775 1757 dominico
2803 1717 2901 1758 nec
2932 1702 3162 1758 studium
3196 1704 3383 1757 deesse
3417 1718 3513 1757 nec
3532 1702 3595 1756 fl.

2015 1796 2157 1852 dem.
2207 1796 2302 1850 llic
2328 1804 2412 1850 est
2453 1796 2662 1859 Petrus,
2702 1794 2790 1863 qui
2829 1794 2953 1849 dum
2983 1794 3049 1848 ad
3087 1809 3299 1849 crucem
3348 1803 3597 1862 tanquam

2012 1886 2252 1943 cruciﬁxi
2282 1885 2575 1955 discipulus
2603 1885 2907 1953 duceretur,
2934 1899 3089 1939 verso
3118 1899 3176 1940 se
3213 1899 3438 1955 poscens
3476 1899 3596 1939 cor-

2014 1993 2143 2048 pore
2176 1977 2433 2048 cruciﬁgi,
2467 1977 2769 2047 passionem
2799 1992 2904 2031 non
2953 1976 3148 2041 renuit,
3194 1974 3287 2030 sed
3317 1976 3598 2045 mqualita-

2017 2080 2123 2126 tem
2162 2070 2335 2126 crucis
2364 2069 2646 2124 dominica:
2688 2069 3003 2134 declinaiit;
3051 2078 3108 2123 ut
3146 2068 3453 2123 ostenderet
3482 2069 3598 2122 uni-

2013 2165 2185 2219 versis
2205 2164 2532 2219 admirandte
2563 2164 2765 2218 scilit‘et
2806 2162 3118 2217 humilitatis
3149 2163 3416 2225 virtutem,
3450 2163 3598 2216 novi-

2014 2274 2118 2328 que
2160 2258 2395 2329 mystcrii
2430 2257 2764 2327 disciplinam
2799 2265 2852 2310 et
2881 2256 3017 2310 inter
3040 2263 3303 2309 tormenta
3328 2269 3593 2310 servasse.

2014 2352 2183 2417 Quam
2212 2338 2454 2416 securus,
2480 2348 2764 2411 carissimi,
2790 2348 3025 2418 perrexit
3049 2347 3236 2401 Petrus
3258 2348 3325 2401 a‘d
3352 2361 3595 2409 crucem;

2014 2442 2103 2513 qui
2150 2448 2363 2513 repulso
2412 2441 2600 2494 timore
2643 2439 2862 2504 mortis,
2912 2437 3174 2492 moriendi
3213 2437 3454 2493 ordinem
3492 2447 3598 2493 tam

2014 2534 2207 2588 acerba
2235 2534 2285 2587 in
2321 2533 2566 2601 passione
2594 2532 2856 2601 qumsivit.

2087 2626 2139 2679 5.
2181 2623 2314 2690 Quid
2346 2624 2505 2677 etiam
2532 2622 2596 2676 de
2624 2622 3009 2692 gloriosissimo
3049 2620 3276 2676 referam
3305 2619 3503 2685 Paulo,
3539 2621 3592 2673 iu

2016 2729 2122 2783 quo
2164 2714 2419 2767 Dominus
2449 2712 2607 2767 ﬁdem
2655 2713 2886 2767 nominis
2925 2714 3028 2775 sui,
3060 2713 3185 2766 dum
3217 2713 3383 2780 ipsam
3416 2726 3597 2781 perse-

2017 2814 2291 2876 queretur,
2323 2805 2516 2875 elcgit?
2546 2805 2633 2873 qui
2676 2804 2802 2858 dum
2834 2804 2981 2860 velut
3014 2804 3307 2859 acerrimus
3351 2818 3599 2871 persecu-

2020 2907 2103 2953 tor
2146 2898 2495 2953 cliristianam
2543 2905 2716 2951 vastat
2766 2896 3093 2959 Ecclesium,
3145 2893 3360 2949 inimico
3426 2894 3597 2949 adhuc

2018 2988 2134 3059 ejus
2179 2988 2232 3042 in
2282 2995 2496 3055 pectore
2539 2986 2768 3041 amicum
2814 2987 2915 3041 sibi
2958 3000 3049 3041 cor
3077 2985 3319 3040 Christus
3348 2984 3596 3039 invenit:

2020 3081 2253 3151 dumque
2299 3080 2609 3150 temporalia
2642 3080 2781 3150 cepit
2829 3079 3163 3134 Christianos
3205 3077 3269 3132 ad
3301 3076 3555 3147 supplicia
3580 3120 3595 3145 ,

2021 3176 2134 3244 ipse
2151 3181 2463 3243 perpetuum
2494 3183 2679 3241 captus
2718 3171 2781 3225 ad
2808 3171 3053 3241 gratiam,
3087 3168 3256 3224 factus
3298 3177 3381 3224 est
3422 3167 3597 3223 subito

333 3258 597 3315 censenda
626 3259 895 3330 apostolus
924 3259 1209 3330 unicuique
1238 3275 1458 3329 regnum
1490 3260 1611 3317 ρωιί
1648 3271 1737 3316 aut
1770 3263 1914 3319 clau-
1942 3241 1987 3306 (ἶ
2018 3241 2198 3335 pastor
2227 3241 2293 3320 ex
2323 3265 2469 3333 lupo,
2510 3279 2572 3318 ex
2609 3262 2857 3333 prasdone
2886 3271 3087 3328 custos,
3129 3276 3194 3317 ex
3234 3262 3386 3315 hoste
3416 3259 3596 3315 defen-

335 3349 413 3403 dit
434 3357 526 3404 aut
551 3352 739 3420 aperit.
772 3349 885 3405 Non
918 3358 1000 3405 est
1029 3365 1156 3420 ergo
1180 3350 1346 3406 clavis
1372 3351 1472 3407 ista
1501 3354 1742 3408 mortalis
1784 3355 1915 3410 arti-

343 3441 458 3495 ficis
505 3450 675 3510 aptata
717 3457 898 3505 manu,
928 3442 1023 3496 sed
1067 3441 1189 3496 data
1239 3451 1322 3498 est
1362 3458 1389 3496 a
1435 3443 1650 3501 Christo
1680 3457 1912 3516 potesms

335 3530 621 3601 iudicandi.
642 3530 876 3600 Denique
896 3532 968 3585 ait
988 3532 1036 3586 ei
1062 3549 1076 3585 :
1112 3533 1339 3599 Quorum
1366 3535 1659 3591 remiseritis
1684 3549 1908 3607 peccata,

336 3624 549 3677 remissa
592 3631 771 3687 erunt;
816 3633 862 3678 et
901 3640 1117 3693 quorum
1155 3624 1496 3691 detinueritis,
1541 3629 1740 3682 detenta
1770 3641 1912 3685 erunt

337 3715 514 3788 (Joan.
540 3731 638 3783 xx,
661 3715 772 3786 25).
792 3715 889 3771 Hic
910 3725 991 3769 est
1011 3716 1217 3779 Petrus,
1250 3731 1405 3785 quem
1436 3716 1630 3772 Christi
1652 3733 1770 3774 esse
1787 3736 1933 3775 conm

336 3806 745 3861 ﬁdentissimum
776 3806 1013 3875 subjecta
1046 3806 1288 3875 vestigiis
1312 3806 1428 3876 ejus
1457 3809 1622 3862 maria
1653 3810 1911 3878 probave-

334 3909 477 3955 runt.
499 3898 631 3955 Nam
658 3915 685 3954 a
717 3900 942 3955 Domino
966 3913 1065 3953 suo
1086 3914 1254 3955 novos
1282 3900 1383 3955 sibi
1409 3900 1524 3955 dari
1563 3900 1616 3955 in
1663 3902 1911 3958 ﬂuctibus

332 4007 571 4065 gressus,
597 4001 655 4048 ut
685 3993 859 4049 ﬁdelis
898 3994 1159 4063 p0poscit,
1191 4002 1245 4049 et
1288 4002 1345 4048 ut
1386 3993 1612 4050 dilectus
1637 3996 1860 4050 emeruit
1893 4014 1904 4048 :

332 4087 423 4156 qui
452 4086 520 4141 ob
546 4086 644 4141 hoc
673 4085 843 4141 solum
875 4085 1167 4154 trepidasse
1209 4084 1354 4139 visus
1381 4095 1485 4150 est,
1541 4095 1602 4140 ut
1648 4085 1907 4156 fragilitas

330 4178 561 4232 humana
589 4184 938 4248 cognosceret
967 4185 1161 4245 quanta
1189 4184 1333 4232 esset
1365 4175 1503 4231 inter
1542 4176 1825 4231 Dominum
1848 4187 1901 4231 ct

329 4284 545 4326 servum
567 4268 837 4332 distantia,
871 4266 995 4321 dum
1025 4274 1306 4337 aggravata
1351 4267 1577 4335 peccatis
1602 4282 1727 4322 caro
1768 4282 1906 4322 mer-

328 4363 491 4434 gitur,
522 4368 578 4417 et
618 4359 938 4415 immaculati
983 4359 1154 4414 nescit
1206 4359 1384 4428 planta
1413 4358 1697 4414 desidere:
1748 4359 1905 4414 simul

324 4462 382 4510 et
417 4452 568 4517 illud,
596 4467 684 4519 ne,
719 4452 841 4506 dum
871 4465 1033 4519 super
1060 4464 1224 4519 aquas
1250 4450 1525 4504 ambulans
1555 4450 1743 4505 Petrus
1770 4450 1904 4521 pede

324 4544 597 4614 intrepido
622 4541 949 4613 pervenisset
989 4541 1054 4595 ad
1098 4541 1389 4608 Christum,
1418 4542 1625 4597 Domini
1661 4542 1795 4596 forte
1819 4542 1900 4614 sui

323 4608 956 4705 virtutibus'mquaretur.
986 4632 1091 4688 Sed
1122 4633 1247 4702 quid
1283 4634 1432 4687 illum
1464 4642 1739 4702 tantopere
1764 4608 1903 4688 dici:
1929 4611 1983 4673 Ῑ)

325 4742 453 4783 mus
486 4724 800 4796 trepidasse,
847 4739 969 4780 cum
1024 4724 1110 4793 pia
1161 4722 1446 4791 trepidatio
1495 4738 1588 4778 sua
1642 4722 1900 4791 majorem

321 4818 552 4891 profecit
577 4818 642 4873 ad
674 4816 870 4871 ﬁdem?
922 4814 989 4870 Ut
1026 4814 1169 4870 enim
1219 4813 1444 4869 credidit
1468 4814 1654 4869 Petrus
1678 4813 1901 4882 imperio

320 4911 539 4969 Domini
562 4910 642 4967 sui
668 4924 825 4980 posse
853 4923 911 4964 se
935 4916 967 4962 a
990 4906 1237 4963 ﬂuctibus
1265 4906 1582 4970 sustentari,
1612 4908 1681 4960 ita
1710 4904 1902 4961 nihilo-

320 5005 503 5063 minus
529 5004 654 5059 dum
684 5002 959 5073 mergitur,
988 5000 1216 5056 credidit
1262 4986 1429 5069 ipsius
1466 4999 1678 5055 Domini
1724 5000 1804 5054 sui
1843 5014 1903 5055 se

319 5101 521 5155 virtute
546 5096 883 5153 salvaudum.
914 5094 1055 5151 Vere
1081 5093 1219 5149 beati
1267 5093 1406 5148 Petri
1437 5101 1492 5148 et
1513 5092 1638 5147 dum
1673 5091 1902 5162 trepidat

318 5192 583 5251 mirabilis
615 5190 767 5256 ﬁdes,
795 5205 954 5261 quam
1008 5203 1108 5244 nec
1159 5188 1395 5257 urgentis
1452 5187 1676 5259 periculi
1729 5188 1901 5257 potuit

321 5284 544 5341 turbare
569 5281 828 5339 formido:
858 5280 1137 5336 clamando
1158 5283 1301 5335 enim
1333 5280 1457 5334 dum
1476 5280 1751 5350 mergitur,
1794 5277 1901 5333 Do-

322 5380 462 5433 mine
485 5418 499 5444 ,
535 5377 690 5432 libera
711 5391 788 5429 nte
829 5374 1043 5445 (Matth.
1078 5389 1196 5440 vttt,
1236 5373 1350 5440 ‘25),
1380 5374 1445 5429 de
1475 5387 1532 5429 se
1551 5372 1758 5428 difﬁsus
1786 5383 1900 5442 est,

323 5488 433 5528 non
462 5471 530 5527 de
557 5470 779 5525 Domino
796 5468 1075 5523 dubitavit.
1098 5468 1174 5522 Ne
1196 5467 1316 5537 quis
1333 5481 1460 5536 ergo
1489 5466 1734 5521 timorem
1760 5466 1900 5523 hunc

323 5562 693 5637 gloriosissimi
734 5560 875 5616 Petri
904 5559 1061 5614 ducat
1089 5559 1142 5613 in
1187 5560 1371 5613 vitium
1406 5577 1419 5613 :
1453 5558 1701 5628 quoniam
1743 5559 1901 5614 timor

327 5658 430 5712 iste
454 5654 694 5726 quamvis
724 5653 947 5722 primam
965 5650 1080 5721 ejus
1110 5650 1405 5705 turbaverit
1427 5649 1603 5713 ﬁdem,
1632 5650 1904 5705 conﬁden-

327 5748 455 5802 tiam
504 5745 756 5801 tamenin
805 5759 869 5800 eo
899 5753 1159 5812 reparatae
1187 5742 1519 5799 credulitatis
1545 5742 1772 5798 ornavit.
1805 5742 1901 5798 llic

325 5846 414 5897 est
440 5837 647 5903 Petrus,
675 5837 757 5895 cui
787 5836 1031 5893 Christus
1078 5834 1507 5893 communionem
1553 5836 1633 5890 sui
1668 5835 1898 5891 nominis

2016 3374 2126 3413 sor.
2156 3359 2308 3414 Unde
2339 3358 2508 3427 patuit
2535 3370 2632 3412 nec
2663 3356 2882 3410 Paulum
2907 3356 3154 3426 maligna:
3179 3354 3373 3409 mentis
3399 3368 3597 3426 propo-

2015 3453 2118 3507 sito
2152 3453 2359 3521 plebem
2400 3450 2718 3505 dominicam
2759 3458 3093 3519 persecutum
3118 3489 3134 3515 ,
3188 3464 3287 3504 nec
3329 3447 3597 3503 Christum

2015 3542 2231 3606 latuisse
2249 3557 2404 3610 quem
2434 3542 2659 3611 eligeret
2685 3542 2737 3595 in
2777 3540 2963 3595 Paulo.
2992 3540 3088 3594 Hic
3112 3549 3199 3594 est
3239 3540 3464 3604 Paulus,
3505 3540 3596 3608 qui

2014 3630 2208 3685 Christi
2240 3631 2457 3685 vocibus
2485 3632 2803 3685 inclamatus
2847 3646 2878 3685 e
2917 3632 3073 3694 coelo,
3124 3630 3294 3683 oculis
3320 3627 3374 3683 in
3402 3642 3461 3683 se
3504 3628 3596 3682 Ju-

2013 3722 2180 3776 daica:
2221 3722 2544 3777 inﬁdelitatis
2575 3722 2799 3786 obtusis,
2836 3720 3053 3775 videndi
3083 3721 3249 3774 aciem
3281 3734 3387 3774 non
3416 3720 3596 3789 perdi-

2013 3813 2111 3879 dit,
2162 3812 2259 3867 sed
2309 3812 2551 3866 mutavit.
2587 3812 2779 3866 Amisit
2809 3811 2992 3865 oculos
3036 3820 3091 3865 et
3120 3810 3341 3879 recepit,
3391 3818 3453 3863 ut
3491 3824 3597 3863 uno

2011 3905 2309 3973 eodemque
2334 3914 2571 3973 tempore
2599 3911 2653 3958 et
2683 3903 2733 3956 in
2764 3911 3172 3972 persequentem
3201 3882 3457 3976 caecitatis
3483 3900 3597 3954 vin—

2010 3994 2148 4049 dicta
2181 3993 2512 4063 procederet,
2541 4002 2596 4046 et
2640 3992 2879 4047 vocantis
2929 3991 3025 4045 Dei
3052 3991 3228 4059 'gratia
3273 3989 3595 4045 illuminaret

2013 4086 2325 4140 Ecclesiam.
2351 4086 2439 4140 Ait
2465 4099 2689 4152 namque
2714 4083 2790 4138 illi
2818 4082 2885 4138 de
2910 4083 3048 4137 ctelo
3078 4082 3333 4137 Dominus
3357 4099 3370 4136 :
3396 4080 3558 4137 Saule
3575 4123 3593 4149 ,

2010 4178 2197 4247 Saule,
2230 4179 2350 4247 quid
2386 4194 2465 4231 nte
2500 4178 2812 4246 persequeris
2843 4177 2978 4246 (Act.
3011 4192 3061 4230 ιι
3082 4217 3096 4241 ,
3128 4176 3225 4244 ι)ι
3248 4176 3298 4229 id
3347 4185 3449 4242 est,
3494 4192 3592 4230 cur

2007 4285 2094 4326 me
2121 4270 2479 4339 persequeris,
2527 4268 2726 4324 Saule?
2774 4268 2905 4335 Quae
2946 4282 3063 4322 mea
3097 4267 3279 4322 odium
3326 4281 3451 4337 erga
3505 4281 3593 4321 me

2008 4370 2156 4416 tuum
2205 4360 2456 4416 excitavit
2501 4359 2803 4429 iniquitas?
2850 4358 3093 4428 Nunquid
3138 4358 3259 4429 quia
3300 4357 3593 4413 illuminavi

2007 4467 2198 4517 cmcos,
2227 4452 2349 4523 quia
2376 4450 2563 4506 sanavi
2590 4432 2841 4521 aegrotos,
2874 4451 2995 4520 quia
3052 4449 3227 4520 fugavi
3278 4432 3550 4504 da'mories
3572 4488 3588 4513 ,

2006 4545 2130 4614 quia
2169 4545 2470 4599 esurientes
2501 4543 2727 4611 pepulos
2771 4541 3006 4610 quinque
3048 4540 3272 4609 panibus
3300 4541 3461 4609 pavi?
3507 4539 3591 4593 Λιι

2006 4639 2127 4708 quia
2150 4637 2217 4691 de
2248 4618 2466 4690 tumulis
2519 4643 2760 4687 mortuos
2812 4631 3104 4685 suscitavi?
3144 4646 3210 4683 an
3257 4629 3393 4683 forte
3423 4631 3591 4697 magis

2005 4730 2128 4800 quia
2161 4726 2404 4781 ﬁdelibus
2445 4724 2580 4779 meis
2606 4737 2827 4793 regnum
2867 4722 3085 4776 cteleste
3110 4720 3364 4790 promisi?
3392 4718 3498 4777 Sed
3540 4720 3587 4772 si

2007 4831 2261 4893 praestare
2294 4834 2380 4874 me
2410 4830 2567 4887 posse
2588 4815 2799 4870 dubitas
2832 4813 2973 4884 quod
3003 4813 3277 4882 promitto,
3311 4811 3509 4881 aspice,
3533 4813 3576 4864 si

2005 4918 2183 4966 tamen
2226 4917 2397 4980 potes,
2430 4907 2572 4962 unde
2607 4915 2657 4961 te
2686 4905 2769 4960 vel
2813 4904 2962 4975 quasi
2992 4904 3222 4973 appello.
3268 4902 3372 4957 Sed
3424 4917 3589 4971 quare

2006 5020 2093 5060 me
2140 5001 2505 5075 persequeris,
2556 4998 2738 5064 Saule,
2783 5008 2870 5052 aut
2918 4997 3045 5067 quid
3092 5011 3177 5050 tne
3215 4994 3587 5064 persequendo

2010 5094 2259 5167 proﬁcis?
2287 5091 2531 5163 Nunquid
2562 5091 2817 5146 adversus
2840 5100 3153 5158 regnantem
3176 5088 3226 5140 in
3257 5085 3395 5140 casio
3418 5084 3585 5139 ullum

2010 5201 2099 5247 tua
2147 5187 2445 5259 persecutio
2503 5185 2717 5241 habebit
2770 5182 3047 5238 allectum?
3102 5178 3339 5249 nunquid
3390 5191 3586 5233 nocere

2008 5282 2137 5339 mihi
2163 5280 2449 5352 quidquam
2479 5279 2696 5349 poteris,
2724 5289 2879 5345 quem
2910 5289 3014 5328 non
3037 5280 3189 5342 potes
3211 5269 3445 5326 intueri?
3471 5267 3584 5339 Ego

2008 5373 2141 5428 enim
2172 5387 2289 5425 sum
2307 5370 2457 5425 Iesus
2486 5367 2812 5432 Nazarenus,
2847 5380 2995 5434 quem
3032 5372 3085 5416 tu
3110 5361 3419 5431 persequeris
3444 5357 3581 5431 (Act.

2007 5481 2151 5530 xm,
2177 5464 2267 5533 8);
2303 5463 2394 5533 qui
2421 5470 2592 5516 terras
2634 5457 2805 5523 coelo,
2856 5468 3070 5510 crucem
3118 5467 3302 5523 regno,
3350 5459 3579 5505 mortem

2004 5556 2359 5628 perpetuitate
2406 5553 2602 5608 mutavi
2630 5567 2645 5606 :
2673 5550 2738 5604 de
2778 5548 2969 5617 quibus
2995 5544 3242 5603 omnibus
3272 5555 3378 5596 non
3411 5548 3462 5595 te
3490 5540 3584 5594 ἀε-

2004 5648 2134 5704 bere
2153 5644 2426 5712 cunctari,
2462 5651 2515 5699 et
2541 5650 2755 5711 ereptus
2786 5638 2879 5694 tibi
2909 5651 3048 5691 nunc
3077 5644 3132 5690 et
3162 5642 3281 5704 post
3309 5630 3583 5703 paululum

2004 5740 2241 5796 redditus
2274 5736 2518 5793 suadebit
2558 5740 2826 5804 aspectus.
2882 5730 2954 5785 At
3000 5728 3339 5783 beatissimus
3387 5724 3581 5781 Paulus

2003 5832 2276 5900 repentina
2292 5830 2501 5899 quidem
2519 5802 2756 5884 caecitate
2783 5823 3067 5890 coercitus,
3099 5820 3365 5879 intellecta
3395 5802 3590 5875 tameu‘

4060 5714 4063 5843 l
