4090 6330
500 320 608 378 885

1720 312 1775 367 S.
1817 310 2067 368 FAUSTI
2108 310 2526 372 RIIEGIENSIS

3676 325 3777 387 881

498 400 776 505 majestate
800 433 1065 502 loquentis
1095 446 1126 488 e
1154 430 1314 498 caelo,
1338 429 1595 485 continuo
1626 425 1800 481 fidelis
1831 424 2079 492 effectus,
2109 427 2167 487 Δ
2190 425 2471 483 debemus.
2506 431 2705 485 Futura
2735 432 3015 489 beatitudo
3057 434 3261 506 acquiri
3294 444 3491 506 potest,
3524 437 3774 496 mstimari

498 534 552 581 et
582 540 610 580 a
642 525 1014 596 persecutione
1054 522 1281 587 destitit,
1338 530 1392 577 et
1444 534 1609 576 novos
1659 517 1901 573 intuendi
1947 516 2096 573 Chri-

496 631 636 676 smm
666 619 849 675 oculos
876 618 1175 689 acquisivit.
1208 616 1303 670 llic
1332 625 1414 670 est
1455 614 1672 677 Paulus,
1705 611 1795 683 qui
1837 626 1933 682 pro
1970 624 2091 664 sua-

495 727 613 768 rum
640 712 1076 769 remuneratione
1122 710 1401 773 virtutum,
1441 707 1578 762 ultra
1621 708 1851 761 lmmana
1900 705 2092 759 merita

496 804 713 861 tertium
750 813 935 875 raptus
963 803 1029 858 ad
1059 803 1275 870 cmlum,
1310 802 1551 857 ctelestia
1580 809 1789 855 secreta
1811 798 2089 869 cognovit;

493 905 551 953 ut
576 896 942 952 Ecclesiarum
972 895 1178 950 futurus
1210 894 1415 959 doctor,
1444 894 1582 948 inter
1612 892 1830 962 angelos
1858 892 2093 946 disceret

494 989 634 1062 quod
662 991 805 1047 inter
834 989 1078 1044 homines
1120 987 1455 1059 praedicaret.
1493 993 1597 1041 Aut
1629 985 1749 1054 quis
1779 984 1827 1037 ci
1875 970 2091 1052 impune

491 1084 758 1141 ultranon
791 1083 997 1148 credat,
1021 1081 1112 1152 qui
1155 1081 1221 1135 de
1273 1077 1628 1135 sacramentis
1657 1075 1944 1130 dominicis
1983 1090 2087 1129 non

493 1176 668 1232 solum
695 1176 877 1231 audita
914 1175 1167 1244 loquitur,
1210 1173 1305 1229 sed
1354 1182 1407 1228 et
1436 1172 1546 1227 visa
1603 1180 1845 1226 testatur.
1881 1170 2087 1238 Quanta

492 1268 615 1340 hoc,
651 1269 866 1338 fratres,
925 1269 1018 1324 Dei
1070 1266 1240 1322 nostri
1273 1275 1449 1320 actum
1493 1274 1574 1319 est
1617 1264 1807 1334 gratia,
1852 1262 1991 1333 quod
2020 1262 2087 1317 de

490 1361 799 1418 celestibus
822 1362 873 1415 in
899 1361 1253 1430 apostolatum
1280 1368 1499 1412 vocatus
1528 1366 1631 1419 est,
1664 1367 1720 1409 ut
1750 1354 2084 1425 apostolatus

491 1452 606 1522 ejus
628 1462 1033 1508 consecraretur
1065 1453 1118 1507 in
1145 1452 1313 1508 coelo?
1366 1450 1432 1503 Et
1489 1458 1607 1519 post
1634 1450 1812 1504 omnia
1863 1449 1947 1502 hic
2000 1455 2085 1502 est

491 1546 692 1603 Paulus
735 1548 822 1617 qni
868 1548 1106 1602 cervices
1135 1562 1281 1613 suas,
1310 1559 1442 1616 quas
1468 1543 1727 1598 adversus
1754 1541 1949 1597 Christi
1987 1558 2082 1596 no-

491 1655 612 1697 men
638 1642 896 1711 superbus
925 1651 1188 1705 erexerat,
1235 1639 1560 1710 perfidorum
1592 1635 1877 1691 caedendas
1904 1635 2078 1705 gladio

490 1732 822 1787 humillimus
853 1748 949 1803 pro
988 1731 1188 1787 Christi
1233 1733 1437 1786 honore
1458 1730 1746 1784 submisit:
1785 1743 1884 1783 nec
1916 1728 2079 1798 piguit

490 1840 611 1880 eum
639 1840 734 1894 pro
769 1825 858 1879 illo
889 1825 1023 1880 mori
1051 1839 1209 1895 quem
1237 1838 1380 1891 sape
1420 1822 1744 1891 probaverat
1784 1821 1970 1874 vivere
2026 1828 2077 1874 et
2110 1807 2158 1869 Β

482 1908 712 1986 regnare
742 1926 855 1986 post
879 1928 1123 1972 mortem.
1154 1915 1328 1985 Atque
1350 1917 1420 1968 ita
1455 1914 1651 1968 factum
1681 1922 1762 1967 est
1793 1922 1847 1966 ut
1878 1911 2079 1982 glorio-

488 2022 605 2064 sum
636 2009 881 2075 Paulum,
910 2010 999 2080 qui
1046 2009 1102 2064 iu
1124 2008 1348 2064 diversis
1370 2005 1623 2079 gentibus
1668 2021 1763 2075 pro
1796 2004 1895 2059 fide
1918 2004 2074 2059 CIII‘I-

488 2105 555 2159 sti
584 2104 752 2159 multo
780 2105 1074 2160 certamine
1119 2102 1419 2157 dimicando
1461 2102 1740 2156 innumera
1766 2099 1899 2154 bella
1925 2113 2078 2168 pere-

488 2207 679 2273 gerat,
729 2200 811 2254 vel
864 2199 1119 2253 victorem
1187 2195 1369 2251 mundi
1445 2196 1610 2250 Roma
1667 2193 1965 2263 susciperet
2010 2192 2075 2245 ad

488 2290 837 2360 triumphum.
864 2290 927 2343 Hi
960 2304 1089 2358 ergo
1110 2298 1235 2342 sunt
1256 2286 1548 2342 beatissimi
1573 2286 1764 2340 Petrus
1782 2292 1836 2340 et
1857 2284 2071 2352 Paulus,

490 2381 580 2450 qui
616 2390 1008 2434 sacramentum
1048 2379 1283 2434 caelestis
1320 2377 1472 2448 regni
1514 2392 1621 2432 uno
1651 2376 1841 2446 spiritu
1887 2377 2077 2445 praedi-

490 2482 690 2538 cantes,
723 2473 822 2527 sub
850 2474 1004 2528 unius
1050 2473 1299 2539 passione
1328 2472 1435 2526 diei
1480 2471 1778 2525 doctrinam
1811 2486 1959 2524 suam
1987 2471 2077 2541 pio

490 2566 744 2633 sanguine
764 2574 817 2621 et
840 2574 1013 2621 morte
1042 2564 1330 2620 fortissima
1350 2571 1735 2620 consecrarunt
1756 2580 1770 2629 ;
1798 2561 1887 2632 qui
1915 2562 2073 2618 etiam

492 2664 743 2726 tanquam
793 2656 1157 2712 Ecclesiarum
1210 2658 1450 2713 omnium
1491 2655 1760 2725 principes
1812 2653 1933 2709 facti
1969 2654 2078 2709 dis-

490 2750 801 2818 pensatione
816 2751 1041 2817 caalesti,
1071 2751 1295 2809 Romam
1324 2759 1564 2821 petentes
1587 2750 1948 2806 sacratissima
1980 2764 2075 2803 sua

491 2857 711 2913 corpora
734 2844 784 2898 in
807 2843 949 2900 illius
972 2844 1117 2901 urbis
1144 2824 1265 2901 arce
1305 2844 1749 2909 recondidcrunt,
1773 2860 1889 2914 quae
1914 2843 2075 2898 totius

491 2934 632 2989 orbis
675 2937 981 2992 obtinuerat
1026 2937 1383 3008 principatum
1419 2956 1429 2989 :
1464 2947 1727 3006 quatenus
1779 2937 2073 3006 potentiam

491 3028 698 3083 virtutis
726 3044 835 3084 suae
858 3030 1106 3086 Christus
1146 3030 1458 3097 ostendens,
1514 3028 1603 3084 ubi
1657 3027 1887 3082 mundus
1915 3037 2075 3097 caput

492 3117 722 3175 habebat
752 3119 990 3193 imperii,
1020 3122 1092 3178 ibi
1117 3124 1271 3193 regni
1321 3123 1402 3177 sui
1444 3121 1713 3192 principes
1759 3120 2070 3176 collocaret.
2180 3133 2338 3190 quam
2363 3118 2699 3187 satisfacere,
2728 3133 2884 3188 quam
2916 3118 3140 3188 implere
3162 3117 3301 3188 quod
3331 3119 3596 3189 praecipis.
3624 3118 3727 3185 QUIt

1102 3212 1329 3268 SERMO
1374 3211 1475 3266 VII.
2108 3184 2152 3252 ε
2181 3220 2263 3267 est
2293 3212 2395 3267 hoc
2416 3211 2557 3266 aliud
2582 3226 2738 3281 quam
2761 3212 2945 3281 jugum
2985 3209 3180 3265 Christi
3230 3210 3420 3265 rebelli
3447 3210 3651 3265 cervice
3677 3210 3727 3263 di

1102 3212 1329 3268 SERMO
1374 3211 1475 3266 VII.

1065 3310 1145 3363 Ad
1197 3312 1496 3365 monachos.

564 3400 785 3461 Instruit
806 3415 904 3456 nos
927 3410 1084 3472 atque
1112 3402 1357 3458 hortatur
1377 3417 1558 3459 sermo
1579 3402 1813 3470 divinus,
1847 3403 2075 3473 qualiter

493 3508 593 3553 nos
647 3498 928 3568 accingere
980 3496 1275 3553 debeamus
1323 3498 1391 3551 ad
1445 3497 1759 3569 inquirenda
1812 3500 2073 3567 promissa

491 3605 607 3657 sua,
658 3598 713 3644 et
758 3588 1043 3645 obtinenda
1093 3588 1182 3643 illa
1213 3588 1352 3644 bona
1377 3603 1496 3659 quae
1523 3604 1622 3645 uec
1649 3590 1765 3644 visu
1787 3591 1902 3660 capi
1929 3632 1943 3656 ,
1978 3605 2075 3663 nec

491 3683 675 3739 auditu
724 3681 953 3751 percipi,
998 3696 1096 3736 nec
1148 3682 1383 3751 cogitatu
1413 3682 1797 3752 comprehendi
1831 3693 2070 3752 possunt.

493 3775 658 3830 Petita
684 3774 925 3847 (inquit),
949 3784 996 3827 et
1020 3774 1221 3828 dabitur
1248 3774 1386 3829 vobis
1408 3790 1425 3838 ;
1447 3775 1673 3844 quwrite,
1705 3784 1750 3827 et
1778 3776 2072 3838 invenietis;

493 3866 711 3930 pulsate,
740 3874 785 3918 et
807 3865 1061 3935 aperietur
1086 3865 1220 3919 vobis
1245 3882 1262 3921 :
1295 3865 1344 3919 id
1372 3876 1475 3927 est,
1502 3875 1559 3920 ttt
1584 3873 1825 3936 petamus
1848 3865 2073 3930 orando,

493 3972 797 4027 qnzeramns
831 3956 1147 4021 laborando,
1177 3960 1453 4026 pulsemus
1474 3958 1906 4027 perseverando;
1940 3970 1987 4012 ct
2023 3959 2072 4013 in

495 4068 645 4123 spem
674 4052 975 4107 caelestium
1018 4060 1167 4105 tanto
1203 4051 1488 4106 incitemur
1518 4052 1718 4119 studio,
1750 4061 1897 4106 tanto
1928 4052 2071 4105 inar-

494 4146 774 4201 descamus
801 4144 1028 4206 affectu;
1060 4154 1115 4197 ut
1144 4159 1263 4199 cum
1302 4145 1644 4213 praemiorum
1675 4145 1951 4215 dignitate,
1979 4144 2074 4198 de-

494 4234 818 4292 sideriorum
877 4234 1185 4301 magnitudo
1238 4234 1550 4289 concordet.
1610 4235 1725 4289 Non
1766 4235 1880 4289 vult
1932 4235 2072 4289 cnim

495 4329 641 4384 Deus
667 4334 848 4381 noster
878 4327 1014 4380 bona
1039 4339 1132 4380 sua
1165 4326 1327 4379 nimia
1364 4326 1670 4382 inveniendi
1713 4326 1967 4382 facilitate
1999 4326 2074 4380 vi-

494 4422 723 4477 lescere.
770 4415 1007 4471 Pretiosa
1046 4426 1101 4470 et
1148 4416 1578 4487 concupiscibilis
1623 4432 1772 4471 merx
1822 4419 2073 4487 cupidum

493 4521 809 4581 amatorem,
843 4519 1001 4581 atque
1025 4510 1239 4566 avidum
1262 4511 1647 4581 negotiatorem
1670 4511 1912 4580 requirit.
1936 4513 2074 4582 Ergo

2199 537 2305 576 non
2340 530 2530 591 potest.
2567 523 2677 579 Nisi
2708 526 2849 579 enim
2880 542 2998 581 cum
3031 528 3317 596 aviditate,
3354 528 3454 583 nisi
3485 544 3606 584 cum
3639 531 3777 588 bona

2202 614 2474 671 voluntate
2491 626 2682 673 etcum
2708 619 2889 674 lzetitia
2924 619 3018 675 Dei
3050 635 3211 690 Opera
3236 622 3523 692 egerimus,
3546 622 3657 678 Deo
3681 638 3776 680 nos

2201 711 2377 781 perire
2418 714 2744 769 noverimus.
2779 714 3033 769 Putamus
3083 715 3393 785 (carissimi)
3434 717 3575 786 quod
3622 718 3779 787 digne

2198 815 2404 875 quaerat
2436 806 2521 860 illa
2546 807 2744 873 anima,
2779 816 2832 863 et
2863 808 2931 862 ita
2977 807 3146 879 pulset
3171 818 3226 863 ut
3252 809 3299 862 ci
3327 810 3629 877 aperiatur;
3662 827 3778 879 qua:

2197 895 2262 950 ad
2293 898 2414 952 leve
2447 909 2772 968 prmceptum
2805 899 3033 954 senioris
3059 900 3387 969 respondere
3423 902 3700 971 praesumit
3726 910 3779 957 et

2196 986 2407 1044 dicere:
2442 989 2683 1059 Nunquid
2713 991 2852 1046 servi
2883 992 3047 1046 vestri
3071 994 3300 1046 sumus?
3331 992 3445 1047 Iam
3475 994 3574 1048 feci
3605 994 3775 1049 vicem

2198 1099 2402 1139 meam:
2437 1095 2488 1140 ct
2517 1086 2607 1140 ille
2634 1084 2792 1141 faciat
2841 1103 3011 1141 suam.
3057 1088 3337 1154 Quomodo
3385 1089 3485 1145 hoc
3516 1090 3669 1155 dicit,
3692 1090 3777 1144 cui

2194 1188 2518 1249 praeceptum
2546 1189 2629 1233 est
2659 1198 2671 1233 :
2703 1178 2879 1234 Nolite
2901 1197 3126 1250 quwrere
3156 1198 3269 1252 qua:
3318 1192 3474 1235 vestra
3514 1192 3633 1235 sunt
3658 1183 3682 1234 ?
3712 1182 3775 1236 Et

2191 1271 2381 1326 iterum
2411 1288 2428 1324 :
2460 1271 2573 1325 Non
2598 1288 2712 1341 qua:
2736 1289 2831 1326 sua
2854 1281 2967 1326 sunt
2995 1271 3188 1343 singuli
3211 1272 3592 1337 desiderantes;
3617 1287 3645 1324 a
3669 1287 3774 1342 quo

2190 1379 2296 1420 non
2325 1364 2425 1419 Itoc
2456 1366 2722 1435 expetitur
2751 1374 2806 1418 ttt
2845 1364 3145 1420 mercedem
3200 1380 3351 1418 suam
3392 1364 3644 1433 impleat,
3678 1363 3773 1420 sed

2189 1466 2247 1511 ut
2264 1457 2465 1513 alienas
2491 1457 2723 1522 invadat,
2743 1468 3103 1528 praroccupct,
3126 1457 3333 1527 rapiat?
3356 1456 3613 1511 Putamus
3631 1458 3773 1528 quod

2187 1551 2260 1606 ita
2289 1560 2434 1622 petat
2456 1561 2510 1605 ut
2536 1552 2783 1621 accipiat,
2816 1552 2885 1605 ita
2912 1559 3116 1622 quaerat
3144 1559 3197 1605 ut
3228 1552 3484 1619 inveniat,
3506 1552 3576 1606 ita
3597 1553 3772 1622 pulset

2188 1651 2243 1698 ut
2266 1644 2313 1697 ei
2345 1644 2635 1712 aperiatur,
2663 1644 2751 1713 qui
2780 1659 2874 1714 pro
2899 1644 3074 1713 aliqua
3116 1644 3432 1714 negligentia
3464 1654 3768 1715 correptus,

2183 1744 2236 1790 et
2257 1751 2354 1806 pro
2375 1735 2668 1805 disciplinae
2703 1735 2892 1792 ordine
2923 1737 3229 1807 castigatus,
3261 1752 3365 1791 nou
3395 1752 3456 1792 se
3483 1738 3549 1791 ad
3584 1753 3769 1793 cmen-

2183 1828 2470 1895 dationem,
2493 1845 2598 1885 non
2623 1829 2687 1883 ad
2710 1828 3122 1885 satisfactionem
3148 1830 3487 1895 confert,sed
3506 1830 3675 1901 magis
3700 1832 3767 1886 ad

2184 1922 2326 1976 illam
2351 1922 2691 1992 proterviam,
2726 1931 2779 1977 ut
2810 1921 2970 1989 dicat,
2999 1922 3192 1977 desero
3212 1931 3371 1992 atque
3397 1921 3636 1986 discedo,
3663 1923 3768 1978 hoc

2181 2028 2280 2085 ego
2294 2014 2435 2070 ferre
2450 2029 2553 2069 non
2570 2014 2759 2085 patior,
2776 2014 3036 2085 ingenuus
3052 2014 3211 2070 homo
3225 2018 3372 2069 sum!
3394 2014 3513 2070 Iam
3530 2016 3763 2085 primum

2181 2108 2269 2177 qui
2296 2115 2418 2162 ante
2446 2107 2786 2177 praepositum
2814 2107 2897 2162 vel
2921 2107 3165 2163 abbatem
3186 2147 3201 2173 ,
3241 2107 3528 2177 ingenuum
3559 2121 3617 2162 se
3643 2122 3765 2162 esse

2177 2198 2366 2267 jactat,
2400 2208 2525 2267 puto
2547 2198 2686 2267 quod
2715 2197 2887 2252 adhuc
2917 2209 3155 2271 emptum
3184 2212 3304 2253 esse
3327 2198 3635 2275 se'nesciat.
3663 2197 3764 2267 Qui

2180 2290 2498 2347 Christianae
2544 2292 2746 2348 militia:
2793 2293 3125 2361 mancipatus
3172 2291 3447 2361 prazsnmit
3492 2291 3673 2346 dicere
3700 2306 3759 2345 se

2182 2384 2501 2453 ingenuum,
2557 2399 2692 2455 pene
2739 2393 2822 2439 est
2862 2393 2918 2439 ut
2960 2400 3019 2443 se
3066 2394 3221 2454 neget
3262 2384 3460 2441 Christi
3507 2384 3766 2456 sanguine

2180 2470 2566 2548 comparatu’m.
2598 2476 2737 2544 Quid
2763 2487 2845 2532 est
2892 2460 3003 2533 hoc
3024 2476 3165 2530 aliud
3210 2491 3366 2546 quam
3401 2476 3501 2547 ipsi
3538 2477 3762 2532 Domino

2180 2568 2440 2624 clamare:
2475 2568 2633 2623 Liber
2680 2584 2818 2635 sum,
2873 2568 3005 2623 nihil
3056 2568 3149 2622 tibi
3181 2567 3387 2623 debeo?
3437 2569 3509 2622 De
3568 2568 3763 2623 talibus

2180 2657 2701 2729 dicebatApostolus
2728 2675 2737 2709 :
2771 2657 2897 2711 Cum
2930 2659 3061 2713 enim
3109 2659 3238 2712 servi
3265 2660 3438 2713 essetis
3479 2659 3743 2713 inobedien

2180 2750 2284 2818 tite,
2314 2750 2460 2804 liberi
2496 2752 2664 2822 fuistis
2685 2749 2906 2825 justitiaz
2945 2750 3121 2823 (Rom.
3156 2750 3269 2822 vn).
3304 2750 3418 2806 Non
3443 2751 3582 2806 bene
3611 2751 3756 2823 inge-

2182 2858 2318 2897 unus
2341 2845 2643 2915 appellatur
2674 2844 2761 2917 qui
2789 2845 2982 2899 misera
3010 2844 3263 2897 vitiorum
3294 2844 3559 2898 servitute
3587 2843 3758 2914 depri-

2181 2938 2363 2992 mitur.
2417 2938 2626 2992 Clamat
2671 2946 2847 2993 autem
2886 2938 2939 2993 in
2988 2937 3307 2991 contumelia
3356 2936 3675 3009 disciplium,
3710 2939 3757 2993 in

2180 3039 2400 3097 peccato
2422 3030 2614 3084 animze
2640 3043 2747 3083 sua:
2771 3046 2784 3081 :
2814 3028 2953 3083 Malo
2977 3028 3253 3083 discedere
3273 3044 3432 3100 quam
3464 3028 3755 3093 emendari,

2180 3133 2338 3190 quam
2363 3118 2699 3187 satisfacere,
2728 3133 2884 3188 quam
2916 3118 3140 3188 implere
3162 3117 3301 3188 quod
3331 3119 3596 3189 praecipis.
3624 3117 3753 3185 Quid

2179 3306 2429 3361 scutere?
2473 3306 2561 3360 Isti
2609 3308 2742 3360 tales
2800 3306 3044 3361 nesciunt
3091 3305 3217 3376 quid
3267 3316 3545 3370 voverunt,
3597 3304 3743 3358 obliti

2180 3407 2304 3454 sunt
2332 3406 2550 3467 propter
2579 3398 2704 3469 quid
2736 3398 2839 3454 huc
2864 3411 3147 3454 venerunt.
3198 3399 3285 3453 Isti
3317 3398 3446 3453 tales
3482 3413 3579 3451 non
3611 3396 3740 3451 bene

2181 3499 2392 3561 petunt,
2435 3490 2479 3546 si
2509 3490 2648 3545 male
2680 3491 2822 3547 vitiis
2853 3501 3195 3561 appetuntur,
3229 3506 3333 3546 non
3379 3490 3481 3545 fide
3509 3489 3748 3560 pulsant,

2180 3590 2275 3646 sed
2322 3588 2636 3645 infidelitate
2663 3584 2959 3659 pulsantur.
2999 3588 3135 3654 Quid
3168 3587 3385 3656 prodest
3422 3588 3564 3659 quod
3590 3585 3756 3641 disce-

2181 3682 2293 3747 dis,
2322 3682 2411 3751 qui
2444 3682 2675 3752 undique
2730 3681 2978 3736 astrictus
3027 3694 3087 3736 es
3127 3679 3354 3734 vinculis
3403 3678 3757 3748 passionum?

2180 3790 2339 3845 quem
2368 3775 2493 3829 hinc
2516 3783 2672 3844 atque
2697 3775 2820 3829 inde
2844 3774 3387 3829 circumvallantvitia
3421 3774 3553 3828 sua?
3594 3772 3761 3839 Digne

2179 3869 2370 3938 aliquis
2397 3868 2717 3935 discederet,
2747 3868 2790 3922 si
2824 3868 2912 3923 illo
2949 3869 3025 3923 ire
3068 3877 3267 3937 posset,
3317 3866 3406 3921 ubi
3452 3867 3605 3921 illum
3655 3865 3760 3921 dia-

2182 3960 2333 4015 bolus
2355 3960 2596 4015 invenire
2624 3975 2730 4015 non
2755 3967 2951 4028 posset.
2988 3958 3156 4015 Nemo
3179 3974 3236 4013 se
3263 3958 3427 4025 fallat,
3464 3974 3572 4018 non
3599 3956 3762 4028 fugiat

2178 4053 2543 4108 adversarium
2571 4051 2774 4106 deloco
2801 4051 2867 4104 ad
2897 4052 3091 4117 locum,
3119 4051 3214 4107 sed
3237 4050 3303 4105 de
3335 4051 3467 4104 vitio
3497 4050 3563 4108 ad
3593 4050 3759 4105 virtu-

2182 4152 2312 4209 tem,
2342 4144 2409 4198 de
2437 4143 2688 4212 passione
2716 4142 2782 4196 ad
2837 4142 3289 4197 emendationem.
3323 4140 3376 4196 Si
3414 4156 3540 4196 eum
3572 4140 3757 4211 fugiat,

2180 4236 2424 4306 sequitur
2465 4253 2476 4287 :
2525 4233 2752 4290 emenda
2779 4241 2831 4288 te
2855 4275 2869 4299 ,
2898 4242 2950 4288 et
2991 4234 3157 4305 fugiet
3184 4249 3212 4287 a
3247 4244 3319 4297 te,
3348 4233 3491 4288 sicut
3528 4233 3601 4287 ait
3634 4246 3755 4305 apo-

2179 4331 2380 4383 stolus:
2410 4327 2645 4381 Resistite
2669 4326 2894 4393 diabolo,
2919 4336 2965 4380 et
2993 4327 3151 4396 fugiet
3183 4343 3213 4379 α
3239 4325 3376 4379 vobis
3397 4323 3541 4391 (Jac.
3577 4340 3650 4389 tv,
3679 4323 3756 4396 6).

2180 4420 2296 4474 Non
2322 4418 2539 4473 obedire
2556 4426 2737 4473 autem
2763 4427 2817 4471 et
2850 4417 2984 4471 velle
3014 4415 3314 4481 discedere,
3350 4415 3450 4469 hoc
3474 4424 3561 4470 est
3587 4414 3760 4484 dupli-

2181 4512 2313 4567 citer
2342 4510 2518 4566 facere
2548 4509 2747 4564 diaboli
2796 4508 3122 4563 voluntatem
3153 4548 3166 4573 ,
3201 4506 3299 4561 hoc
3331 4520 3414 4560 est
3457 4506 3761 4561 voluntarie

492 4606 584 4663 ille
626 4572 1224 4661 tantorum-munerum
1279 4572 1637 4675 repromissor
1696 4621 1803 4660 non
1855 4605 1968 4659 vult
2008 4572 2073 4671 in
2100 4572 2156 4635 Β
2181 4595 2280 4660 ﬁbi
2323 4604 2424 4674 ipsi
2469 4605 2650 4673 (etiam
2709 4603 2760 4657 iu
2815 4601 3086 4672 praesenti)
3117 4600 3516 4655 damnationem
3560 4602 3758 4655 inferre

492 4711 656 4767 opere
699 4712 798 4751 suo
846 4695 1110 4766 tepidum,
1157 4695 1384 4766 despicit
1438 4696 1810 4765 fastidiosum,
1861 4705 2076 4753 recusat

492 4796 739 4845 coactum
765 4796 821 4843 et
862 4788 1151 4858 ingratum,
1194 4788 1400 4857 respuit
1454 4787 1785 4845 indevotum.
1846 4789 2072 4845 Lentum

492 4882 637 4938 enim
668 4891 721 4936 et
764 4896 951 4951 parum
981 4889 1191 4950 gratum
1231 4895 1471 4952 quaerere
1495 4881 1723 4950 gratiam
1754 4881 1920 4937 divini
1953 4897 2071 4955 piu-

492 4974 638 5029 neris
671 4973 901 5029 maxima
928 4980 1010 5026 est
1050 4972 1241 5040 injuria
1274 4971 1734 5029 Remuneratoris.
1771 4972 1913 5043 Ergo
1945 4975 2071 5029 totis

493 5068 621 5124 licet
667 5066 861 5121 anima:
888 5072 945 5121 et
971 5065 1213 5133 corporis
1254 5064 1533 5121 laboribus
1576 5066 1921 5134 desudamus,
1950 5068 2074 5121 totis

491 5162 621 5216 licet
664 5158 985 5215 obedientia:
1035 5158 1237 5213 viribus
1276 5172 1657 5222 exerceamur;
1713 5159 1843 5214 nihil
1897 5171 2072 5215 tamen

491 5252 814 5323 condignum
853 5249 996 5321 quod
1041 5250 1237 5305 merito
1264 5265 1360 5317 pro
1404 5249 1712 5305 caelestibus
1756 5252 1913 5307 bouis
1946 5267 2072 5319 pen-

492 5358 614 5401 sare
635 5353 690 5400 et
719 5343 913 5400 offerre
942 5344 1237 5398 valeamus.
1260 5342 1379 5398 Non
1402 5343 1582 5399 valent
1610 5344 1733 5399 vita:
1760 5346 2071 5414 temporalis

494 5435 749 5506 obsequia
778 5442 994 5492 aeterna:
1026 5434 1150 5489 vita:
1169 5434 1381 5504 gaudia.
1406 5434 1727 5492 Lassescant
1752 5436 1875 5491 licet
1904 5451 2073 5491 mem-

494 5526 589 5581 bra
614 5528 825 5597 vigiliis,
864 5528 1161 5598 pallescant
1188 5527 1551 5596 orajejuniis;
1592 5544 1693 5581 non
1724 5536 1866 5580 erunt
1896 5535 2071 5581 tamen

496 5618 762 5688 condigna!
788 5621 1047 5687 passiones
1094 5620 1246 5689 hujus
1300 5620 1537 5688 temporis
1572 5619 1638 5670 ad
1679 5621 1908 5688 futuram
1956 5620 2069 5689 glo-

495 5710 627 5763 rians
682 5725 795 5779 quin
834 5710 1132 5763 revelabitur
1194 5710 1246 5762 in
1300 5711 1461 5797 nobis;
1515 5709 1795 5765 Pulsemus
1838 5724 1966 5779 ergo
2021 5712 2071 5765 in

504 5812 761 5889 quantum
789 5817 1094 5873 possumus,
1117 5804 1240 5873 quia
1280 5818 1385 5857 non
1425 5816 1705 5871 possumus
1744 5804 1791 5856 iu
1816 5812 2070 5873 quantum

2181 4697 2402 4765 peccati.
2437 4696 2543 4750 Illis
2570 4694 2700 4765 ipsis
2719 4693 2806 4760 qui
2830 4694 3061 4764 graviter
3090 4692 3230 4763 apud
3278 4707 3374 4747 nos
3405 4691 3758 4763 delinquunt,

2179 4790 2378 4845 nullam
2408 4789 2718 4853 tristiorem,
2746 4786 2947 4840 nullam
2987 4784 3315 4840 acerbiorem
3363 4799 3655 4855 possumus
3680 4785 3761 4839 in-

2179 4883 2361 4938 venire
2381 4881 2723 4945 sententiam,
2747 4893 2905 4949 quam
2930 4887 2989 4933 ut
3017 4893 3046 4933 a
3072 4892 3299 4948 corpore
3325 4879 3761 4949 congregationis

2178 4973 2403 5028 abscisci
2434 4973 2548 5027 sine
2569 4985 2698 5042 pace
2727 4969 3000 5025 discedat:
3027 4968 3091 5025 Et
3114 4968 3349 5039 nunquid
3373 4985 3480 5025 non
3506 4969 3758 5025 amentiae

2178 5081 2343 5137 genus
2374 5074 2484 5131 est,
2518 5075 2576 5119 ut
2624 5064 2723 5118 hoc
2752 5063 3033 5135 quisquam
3085 5076 3181 5133 pro
3229 5063 3479 5128 remedio
3508 5073 3767 5133 expetat,

2177 5156 2319 5229 quod
2348 5157 2505 5211 etiam
2535 5170 2563 5209 a
2589 5156 2868 5226 prreposito
2901 5156 3000 5210 nisi
3033 5171 3129 5227 pro
3153 5170 3366 5211 summo
3396 5157 3630 5213 crimine
3652 5172 3761 5211 non

2178 5250 2344 5319 possit
2368 5248 2594 5303 inferri?
2618 5248 2980 5320 Iutelligatnus
3009 5264 3139 5319 ergo
3166 5250 3297 5305 istas
3328 5249 3682 5320 indignitates
3711 5260 3767 5306 et

2178 5340 2659 5407 contradictiones,
2712 5340 2932 5396 inimico
2968 5350 3291 5411 cooperante
3320 5351 3373 5397 et
3402 5341 3765 5411 disponente,

2180 5435 2487 5505 provenire.
2516 5432 2610 5489 Ille
2639 5434 2780 5487 cnim
2808 5433 2896 5504 qui
2922 5448 3028 5489 non
3063 5442 3239 5503 potest
3259 5434 3492 5504 aliquem
3515 5434 3769 5490 absolute

2179 5527 2243 5581 de
2268 5527 2385 5581 loco
2414 5526 2599 5581 salutis
2629 5536 2903 5596 excutere,
2930 5526 3170 5583 immittit
3199 5527 3426 5598 primum
3444 5528 3770 5585 occasiones

2178 5627 2231 5673 et
2257 5633 2483 5681 causas;
2518 5618 2753 5674 immittit
2799 5618 3176 5676 inobedientite
3205 5621 3511 5691 passionem
3534 5662 3550 5689 ,
3594 5638 3768 5693 quam

2145 5722 2151 5727 '
2179 5708 2693 5779 semperinlidelitas
2717 5711 3034 5778 comitatur;
3059 5727 3178 5783 quae
3197 5712 3321 5767 dum
3349 5714 3616 5784 captivam
3648 5713 3746 5768 illa

2180 5802 2450 5877 queaverit
2479 5811 2734 5877 mentem,
2767 5803 2945 5860 statim
2980 5803 3314 5862 intoleranda
3364 5813 3528 5877 atque
3558 5806 3765 5879 imposs
