4090 6330
306 195 412 270 sui

1759 200 2032 259 SERMON
2040 205 2141 261 ES.

3470 219 3575 279 886

309 321 483 381 “una
512 318 639 374 facit
665 316 823 373 etiam
860 316 949 373 illa
979 332 1100 388 quae
1128 331 1286 388 parva
1330 324 1475 373 sunt.
1502 317 1570 372 Et
1622 330 1752 373 sane
1790 315 1893 371 du.
1919 322 1979 377 Α
2000 320 2306 389 reliqueris,
2334 331 2461 379 tunc
2486 324 2867 382 animadvertis
2897 328 3070 399 (quasi
3112 330 3295 387 sedata
3322 320 3578 405 tempatis

311 415 456 475 bium
483 427 586 468 non
609 417 693 466 est
711 410 851 480 quod
873 410 1012 466 vires
1039 409 1465 465 inobedientihus
1492 408 1744 464 divinitus
1766 407 1894 463 sub-

313 507 633 569 trahuntur;
677 510 733 556 et
771 499 907 557 sicut
958 498 1047 556 ille
1071 502 1157 572 qui
1189 516 1295 555 non
1334 499 1493 556 habet
1535 500 1890 556 necessariam

315 598 438 655 fidei
467 594 810 650 devotionem
834 635 849 661 ,
894 602 947 649 et
985 593 1121 664 quod
1170 592 1417 662 habebat,
1454 594 1714 664 auferetur
1744 593 1806 646 ab
1834 609 1895 647 eo

321 688 539 762 (Matth.
585 688 731 759 xm);
764 687 833 742 ita
872 697 925 743 et
971 687 1327 742 inobedientia
1381 686 1608 742 obdurat
1658 686 1894 741 animum

318 800 480 858 quem
503 782 667 838 semel
690 781 927 852 ceperit,
958 790 1013 835 ut
1040 780 1103 835 ad
1127 780 1462 850 suscipienda
1485 790 1772 851 praecepta,
1798 793 1897 834 nec

319 876 665 940 auctoritate,
699 891 796 929 nec
828 874 1054 937 ratione,
1110 874 1379 939 flectatur,
1420 873 1514 929 sed
1560 872 1703 943 quod
1730 873 1898 942 pessi-

317 986 465 1029 mum
489 978 592 1036 est,
627 967 727 1024 sibi
751 967 848 1021 soli
878 964 1080 1034 credat,
1114 977 1166 1022 et
1190 983 1285 1037 pro
1314 966 1457 1021 omni
1489 966 1698 1021 ratione
1727 966 1899 1020 inten-

318 1066 496 1122 tiones
516 1076 641 1115 suas
662 1050 935 1129 sequatur,
969 1068 1022 1114 et
1048 1058 1147 1113 hoc
1184 1058 1355 1115 solum
1381 1070 1704 1129 przeceplum
1730 1067 1898 1128 putet,

314 1153 460 1227 quod
488 1152 740 1207 obturato
770 1150 935 1206 corde
975 1150 1243 1219 concepit,
1277 1148 1470 1205 similis
1496 1149 1547 1206 ei
1593 1148 1814 1206 eii‘ectus
1840 1166 1901 1206 se

316 1262 423 1317 quo
454 1242 667 1300 divinus
720 1256 900 1298 sermo
932 1242 1241 1313 pronuntiat
1272 1259 1286 1296 :
1323 1241 1521 1296 Itinera
1549 1242 1902 1313 insipientium

316 1347 455 1392 recta
485 1337 537 1390 in
561 1345 833 1405 conspectu
860 1349 1035 1389 eorum
1060 1332 1240 1403 (Prov.
1272 1334 1387 1405 xu).
1417 1332 1479 1389 Et
1502 1336 1690 1389 iterum
1724 1352 1736 1388 :
1766 1334 1901 1390 Sunt

317 1433 413 1487 via:
439 1445 551 1500 quia
574 1429 804 1484 videntur
824 1438 973 1483 recite
996 1428 1283 1483 hominibus
1297 1445 1318 1495 ;
1339 1426 1607 1495 novissima
1636 1438 1802 1482 autem
1820 1445 1904 1483 eo-

319 1540 436 1580 rum
456 1524 651 1578 venient
672 1522 726 1576 in
750 1522 1068 1591 profundum
1094 1520 1244 1591 inferi
1265 1519 1443 1591 (Prov.
1475 1520 1606 1591 xvi).
1626 1519 1906 1579 Postremo

328 1615 510 1671 veniet
544 1612 847 1691 huiusmodi
878 1611 1174 1678 animabus,
1209 1613 1347 1681 quod
1379 1612 1556 1667 domui
1597 1628 1714 1684 qua:
1746 1627 1907 1681 super

2003 411 2346 479 tempestate)
2368 410 2489 467 inde
2516 415 2643 483 quid
2669 414 2736 469 de
2765 424 2823 471 te
2846 418 2983 473 male
3030 422 3239 489 egeris;
3276 432 3401 480 tunc
3428 442 3580 483 reco-

1999 501 2214 571 gnoscis
2240 501 2363 571 quid
2394 506 2615 573 periculi
2645 508 2937 565 incurreris
2957 524 3075 566 cum
3099 510 3165 569 de
3191 514 3311 571 loco
3331 518 3397 572 ad
3419 536 3577 589 quem

2000 610 2123 649 cum
2153 594 2344 665 gaudio
2375 612 2601 655 veneras
2629 600 2744 655 sine
2775 617 2924 673 pace,
2954 619 3074 660 cum
3092 608 3344 663 seandalo
3374 611 3579 669 disces-

2004 686 2145 753 sisti,
2173 695 2298 741 tunc
2327 700 2445 742 sera
2472 690 2781 757 paenitentia
2805 709 2966 764 super
3002 698 3181 753 ruinas
3213 714 3337 755 suas
3364 690 3584 771 poenitet

2006 794 2067 834 ac
2096 779 2281 845 deflet,
2331 779 2472 835 sicut
2502 782 2744 850 quaedam
2775 798 2899 840 aves
2938 802 3055 857 quae
3082 806 3190 859 prae
3217 790 3401 848 dolore
3421 809 3584 864 super

2004 887 2100 929 eos
2150 888 2283 944 quos
2329 872 2623 929 occiderint
2665 875 2793 932 ﬂere
2831 878 3102 950 dicuntur,
3155 891 3210 939 et
3258 885 3376 942 haec
3404 888 3584 945 omnia

2008 966 2199 1021 animm
2248 965 2569 1022 detrimenta
2613 983 2678 1024 ex
2710 970 3081 1029 inobedientiae
3127 979 3269 1032 malo
3313 981 3583 1047 eveniunt.

2006 1058 2330 1117 Obedientes
2353 1072 2527 1117 autem
2560 1068 2613 1118 et
2642 1061 2871 1120 humiles
2902 1068 3115 1135 animae,
3138 1072 3331 1128 multas
3363 1075 3583 1131 tribula-

2010 1154 2179 1209 tiones
2222 1160 2380 1223 atque
2435 1169 2622 1210 omnes
2681 1156 2890 1213 labores
2944 1169 3307 1229 prosternunt,
3348 1169 3586 1238 atquein

2008 1247 2380 1316 compendium
2408 1247 2640 1303 mittunt.
2667 1248 2952 1305 Sciendum
2982 1260 3066 1308 est
3083 1254 3227 1309 enim
3255 1256 3395 1326 quod
3417 1276 3586 1333 quan-

2012 1344 2067 1394 to
2098 1339 2412 1394 humiliores
2438 1349 2491 1395 et
2508 1340 2903 1399 obedientiores
2931 1344 3187 1402 fuerimus
3218 1331 3590 1419 prmpositisvet

2015 1432 2255 1500 patrihus
2288 1433 2508 1497 nostris,
2542 1433 2594 1489 in
2623 1442 2825 1489 tantum
2859 1436 3073 1493 obediet
3104 1437 3359 1496 Dominus
3389 1430 3590 1513 oratio-

2014 1524 2171 1579 nibus
2203 1525 2421 1580 nostris.
2468 1523 2755 1581 Videamus
2781 1542 2937 1597 quam
2962 1530 3306 1600 acceptabilia
3336 1542 3459 1587 sunt
3489 1532 3591 1590 Do«

2018 1617 2163 1673 mino
2192 1617 2274 1671 vel
2326 1632 2510 1687 opera,
2560 1618 2642 1674 vel
2685 1618 2884 1690 jejunia
2925 1636 3107 1677 eorum
3138 1624 3227 1694 qui
3272 1626 3382 1681 suis
3420 1628 3592 1695 potius

323 1721 547 1763 arenam
595 1703 854 1760 aediﬁcata
884 1713 967 1758 est
999 1721 1011 1758 :
1047 1703 1161 1759 hmc
1192 1703 1331 1759 enim
1378 1703 1627 1775 parabola
1673 1702 1908 1759 maxime
1941 1698 1990 1760 B
2016 1724 2173 1781 quam
2205 1710 2475 1764 seniorum
2527 1710 2886 1768 voluntatibus
2918 1713 3301 1786 obsequuntur.
3350 1716 3593 1775 Clamant

319 1800 390 1857 ad
432 1799 810 1856 iuobedicntes
860 1798 1097 1868 respicit.
1128 1796 1218 1854 Sic
1247 1798 1386 1854 enim
1420 1798 1643 1869 legimus
1676 1818 1690 1853 :
1725 1799 1907 1853 Omnis

322 1893 412 1963 qui
433 1892 576 1947 audit
608 1889 755 1946 verba
783 1905 894 1944 mea
924 1889 1053 1959 haec,
1086 1898 1133 1942 et
1182 1905 1283 1943 non
1335 1890 1457 1960 facit
1488 1907 1568 1956 ea,
1598 1891 1906 1945 similabitur

320 1987 431 2042 viro
460 1984 616 2040 stulto
643 1985 731 2053 qui
765 1982 1036 2053 mdiﬁcavit
1061 1982 1268 2038 domum
1297 2000 1442 2039 suam
1468 2000 1620 2052 super
1665 2002 1895 2051 arenam,

320 2090 432 2135 etc.
457 2076 673 2148 (Matth.
720 2075 935 2147 vm).ld
968 2085 1085 2143 est,
1116 2090 1237 2130 cum
1280 2072 1593 2132 influxerint
1637 2075 1903 2132 stillicidia

329 2170 666 2243 passionum,
696 2184 814 2222 cum
838 2166 1152 2222 advenerim
1182 2165 1398 2222 ﬂumina
1428 2177 1480 2223 et
1511 2174 1780 2223 torrentes
1827 2178 1907 2222 at-

322 2278 430 2335 que
461 2262 693 2331 impetus
725 2254 1151 2328 tribulationum,
1180 2275 1246 2315 ex
1274 2259 1615 2316 multitudine
1636 2259 1905 2331 negligen-

323 2357 551 2418 tiarum;
579 2367 699 2407 cum
724 2350 970 2413 ﬂaverint
998 2350 1158 2419 venti,
1181 2349 1260 2405 illi
1290 2351 1469 2421 utique
1499 2350 1588 2420 qui
1619 2367 1715 2422 per
1744 2351 1906 2407 istum

322 2460 506 2501 aerem
533 2444 780 2509 volitant,
814 2443 983 2513 parati
1010 2441 1077 2499 ad
1112 2441 1310 2499 Christi
1338 2457 1515 2498 arcam
1546 2443 1906 2498 ventilandam

325 2536 499 2594 sicubi
541 2536 812 2593 inveniant
840 2536 1021 2606 paleas
1046 2550 1178 2605 quas
1208 2533 1273 2588 ad
1306 2534 1590 2590 ludibrium
1636 2550 1790 2591 suum
1822 2549 1908 2590 ra-

333 2630 483 2701 piant
502 2638 660 2700 atque
680 2628 1027 2701 dispergant;
1058 2638 1182 2681 tunc
1208 2626 1416 2684 irruent
1442 2626 1495 2683 in
1523 2626 1739 2684 domum
1765 2628 1907 2683 illam

335 2738 457 2794 quae
481 2723 598 2783 sine
630 2722 950 2778 obedientia:
984 2718 1329 2776 fundamento
1361 2720 1573 2777 inventa
1604 2729 1707 2789 est,
1736 2730 1789 2776 et
1820 2721 1913 2776 ﬁet

326 2818 480 2872 ruina
508 2814 651 2871 illius
688 2830 899 2883 magna.
934 2813 1041 2870 Sed
1070 2813 1292 2868 forsitan
1332 2813 1475 2869 dicat
1508 2814 1735 2885 aliquis:
1767 2812 1915 2869 Nun-

327 2907 455 2978 quid
482 2907 666 2962 statim
692 2906 759 2961 de
778 2905 882 2960 hoc
906 2905 1024 2960 loco
1050 2903 1349 2972 discedere,
1376 2904 1529 2959 ruina
1553 2903 1775 2960 dicenda
1800 2906 1914 2961 est?

330 3001 460 3055 Dico
503 2997 807 3070 (carissimi)
857 3012 962 3053 non
1010 2997 1228 3069 grandis
1273 3012 1397 3068 spes
1447 3006 1552 3066 est,
1584 2998 1628 3053 si
1674 2998 1825 3054 navis
1859 2998 1914 3054 in

2016 1802 2090 1857 illi
2120 1821 2131 1857 :
2161 1800 2294 1865 Quia
2308 1804 2679 1874 jeiuuavimus,
2710 1814 2755 1859 et
2783 1823 2883 1860 non
2915 1808 3190 1878 aspexisti;
3215 1807 3594 1867 humiliavimus

2010 1897 2211 1950 animas
2244 1907 2465 1961 nostras,
2518 1904 2565 1950 et
2591 1896 2829 1962 nescisti;
2859 1909 2913 1953 et
2957 1898 3045 1954 ille
3092 1898 3419 1970 respondet:
3471 1900 3595 1959 Ideo

2010 1988 2131 2057 quia
2161 1986 2215 2041 in
2246 1987 2435 2042 diebus
2463 1987 2649 2056 jejunii
2703 1990 2862 2045 vestri
2914 1991 3181 2048 invenitur
3211 1994 3455 2049 voluntas
3500 2009 3595 2050 ve-

2011 2088 2142 2135 stra.
2204 2077 2457 2134 Videmus
2504 2095 2631 2150 ergo
2675 2096 2770 2150 per
2824 2080 3239 2138 inobedientiam
3292 2085 3593 2140 animorum

2012 2185 2175 2241 opera
2203 2183 2307 2224 non
2340 2170 2553 2240 respici,
2586 2170 2786 2241 jejunia
2818 2187 2923 2227 non
2960 2172 3165 2240 audiri,
3192 2183 3309 2229 vota
3339 2190 3441 2230 non
3469 2190 3589 2230 sus-

2010 2262 2136 2333 cipi.
2181 2260 2335 2318 Unde
2378 2276 2474 2316 nos
2524 2262 2748 2333 amplius
2805 2262 2942 2319 illius
2991 2264 3237 2320 mandata
3286 2275 3588 2333 sectemur,

2011 2347 2135 2418 quia
2162 2348 2228 2401 ad
2261 2362 2357 2403 nos
2388 2362 2419 2403 e
2449 2347 2587 2403 coelo
2616 2348 2913 2417 descendit,
2955 2366 3061 2405 non
3105 2353 3276 2406 solum
3305 2360 3361 2407 ut
3387 2368 3483 2408 nos
3510 2369 3594 2407 re-

2013 2440 2242 2498 dimeret
2272 2442 2457 2497 mortis
2488 2443 2680 2512 pretio,
2724 2444 2820 2498 sed
2864 2444 3022 2499 etiam
3068 2453 3127 2499 ut
3153 2445 3274 2501 vita:
3309 2442 3595 2502 aedificaret

2014 2534 2287 2605 exemplo;
2316 2543 2369 2589 et
2411 2550 2531 2590 cum
2568 2534 2661 2589 illo
2709 2536 2949 2591 dicamus
2978 2555 2990 2590 :
3023 2535 3132 2607 Ego
3164 2554 3263 2591 non
3293 2540 3405 2593 veni
3430 2537 3594 2608 facere

2015 2625 2320 2680 ioluntatefn
2345 2641 2530 2694 meam,
2575 2626 2665 2680 sed
2705 2629 3011 2682 voluntatem
3056 2629 3197 2684 illius
3227 2632 3316 2698 qui
3358 2632 3491 2685 misit
3516 2648 3594 2687 me

2017 2714 2211 2771 Patris.
2252 2716 2331 2771 Ire
2361 2726 2538 2774 autem
2572 2726 2692 2787 post
2735 2719 3038 2775 voluntates
3068 2720 3308 2791 proprias
3339 2730 3443 2775 tam
3477 2736 3594 2791 per-

2018 2808 2277 2865 niciosum
2310 2820 2423 2877 est,
2456 2819 2513 2866 ut
2541 2810 2644 2866 hoc
2676 2809 2814 2867 Deus
2850 2811 2960 2882 jam
3013 2812 3350 2883 postmodum
3390 2815 3591 2883 iratus,

2019 2918 2115 2973 pro
2143 2904 2487 2960 damnatione
2537 2905 2763 2976 peccati,
2809 2904 3233 2962 inobedientihus
3281 2908 3479 2978 irroget
3510 2909 3593 2963 di-

2018 3009 2147 3052 cens
2170 3014 2183 3050 :
2210 2994 2276 3052 Et
2295 2996 2466 3050 dimisi
2496 2995 2613 3051 illos
2643 2998 2921 3052 secundum
2937 2998 3193 3053 desideria
3213 2999 3378 3053 cordis
3398 3016 3592 3054 eorum.

328 3066 579 3149 fluctibus
605 3066 896 3148 constituta
949 3066 1107 3162 (licet
1138 3090 1251 3161 ipsa
1301 3066 1407 3146 non
1436 3092 1678 3164 pereat),
1730 3100 1907 3149 tamen
1935 3066 1982 3135 ο
2015 3092 2374 3163 Quamobrem
2403 3092 2492 3164 qui
2524 3070 2634 3146 vult
2662 3107 2823 3163 opera
2856 3108 2951 3149 sua
2972 3107 3091 3148 esse
3121 3102 3267 3148 recte
3292 3093 3342 3148 in
3372 3108 3594 3164 eonspe«

324 3187 587 3255 iacturam
627 3186 921 3241 maximam
950 3183 1017 3241 de
1054 3183 1261 3241 honore
1287 3198 1352 3239 ac
1388 3186 1655 3243 mercibus
1685 3186 1797 3242 suis
1829 3185 1913 3242 fa-

327 3278 455 3344 ciat,
504 3286 559 3334 et
600 3278 666 3334 ad
695 3286 903 3350 portum
934 3292 1101 3334 vacua
1131 3278 1431 3348 perveniat.
1459 3279 1550 3335 Sic
1578 3295 1681 3336 non
1711 3283 1912 3355 grande

330 3372 581 3444 gaudium
607 3383 709 3441 est,
756 3374 804 3429 si
828 3373 1020 3445 aliquis
1048 3374 1116 3429 ad
1163 3374 1344 3430 seaculi
1374 3373 1564 3431 ﬂuetus
1590 3386 1867 3434 revertens
1892 3420 1908 3446 ,

332 3480 526 3520 nomen
554 3475 713 3533 atque
744 3464 978 3519 habitum
1012 3463 1365 3534 professionis
1393 3482 1504 3521 sum
1535 3468 1806 3525 custodire
1834 3471 1914 3525 vi-

335 3554 559 3619 deatur;
586 3552 762 3608 anima
794 3570 921 3609 vero
951 3554 1065 3624 ejus
1095 3556 1430 3626 negligentiis
1461 3559 1698 3614 tabescat
1726 3574 1789 3614 ac
1815 3561 1910 3617 de-

337 3647 482 3700 fluat.
509 3646 575 3700 Et
597 3646 723 3716 quid
751 3648 965 3717 gravius
993 3648 1205 3718 quando
1233 3650 1411 3706 subito
1440 3659 1689 3721 tanquam
1722 3652 1912 3724 aliquis

336 3740 648 3807 repentinus
695 3739 1024 3795 eradicarius
1051 3739 1120 3796 de
1147 3740 1267 3797 loco
1289 3742 1356 3796 ad
1389 3757 1545 3814 quem
1579 3753 1629 3799 te
1660 3744 1915 3799 Dominus

337 3840 461 3887 tuus
506 3840 812 3898 vocaverat,
842 3832 895 3886 in
931 3847 1037 3902 quo
1063 3840 1113 3887 te
1142 3832 1367 3903 primum
1409 3842 1528 3903 post
1558 3836 1695 3891 mala
1733 3838 1913 3893 saeculi

334 3925 485 3994 (praei
524 3924 579 3989 in
609 3932 821 3993 portum
850 3923 916 3979 de
948 3934 1265 3996 tempestate
1312 3927 1593 3983 induxerat
1615 3969 1630 3993 ,
1671 3928 1913 3986 oblivisci

342 4013 521 4069 subito
547 4013 797 4070 fraterna
838 4015 1108 4072 societatis
1134 4024 1187 4071 et
1222 4018 1642 4085 consolationis;
1671 4020 1914 4076 oblivisci

337 4107 439 4164 loci
469 4107 615 4163 illius
640 4108 695 4162 in
721 4121 829 4178 quo
854 4108 1083 4178 primum
1115 4108 1479 4166 dulcissimum
1530 4111 1915 4168 immutationis

338 4200 576 4257 habitum
596 4209 652 4255 et
679 4214 874 4255 nomen
904 4201 1177 4258 saecularis
1220 4204 1478 4259 exueris?
1506 4206 1647 4259 Aves
1674 4204 1805 4275 ipsre
1827 4205 1912 4262 di-

341 4293 513 4362 ligunt
530 4291 683 4349 nidos
712 4306 873 4359 suos;
902 4293 1225 4349 amantfera:
1256 4294 1372 4351 loca
1403 4296 1456 4351 in
1486 4297 1676 4367 quibus
1700 4299 1927 4373 nutritae.

332 4393 478 4450 sunt,
496 4392 674 4439 amant
696 4384 888 4439 cubilia
918 4393 973 4440 et
996 4399 1193 4455 pascua
1223 4401 1317 4442 sua
1336 4389 1657 4458 ;quamlihet
1684 4392 1911 4446 naturali

342 4476 594 4533 libertate
620 4475 787 4531 variis
824 4454 1061 4546 partibus
1089 4454 1607 4548 rapiantur,—sarpius
1643 4489 1820 4538 tamen
1847 4483 1913 4538 ad
1942 4454 1995 4519 θ

336 4581 465 4624 cura
493 4567 593 4624 sibi
623 4568 740 4627 loca
764 4567 995 4637 quodam
1049 4567 1314 4625 desiderio
1359 4580 1741 4639 revertuntur;
1771 4583 1825 4630 et
1860 4578 1916 4630 ω

336 4660 620 4719 intellectu
651 4661 935 4732 preditus,
986 4660 1193 4717 ratione
1220 4663 1490 4731 munitus,
1522 4663 1595 4718 ita
1645 4666 1913 4720 interdum

335 4768 505 4812 sensu
548 4756 760 4813 alienus
802 4754 1068 4822 etl'eceris,
1120 4762 1179 4809 ut
1208 4754 1461 4823 praeferas
1490 4755 1584 4810 Dei
1640 4756 1916 4811 beneﬁciis

335 4847 643 4904 volutantes
661 4848 746 4905 vel
769 4847 1097 4903 intentiones
1122 4854 1262 4913 tuas,
1293 4854 1348 4902 et
1367 4845 1565 4902 diaboli
1592 4847 1911 4905 insinuatio-

336 4952 439 4994 »σε
458 4939 699 5009 sequaris
717 4936 875 5005 {Qum
897 4936 1191 5007 quamlibet
1208 4934 1276 4992 ad
1295 4937 1457 4992 duros
1479 4936 1707 5003 labores,
1733 4954 1920 5008 quam-

335 5031 477 5087 libet
492 5032 561 5088 ad
598 5030 789 5088 salutis
813 5029 1087 5100 naufragia
1111 5038 1271 5101 atque
1300 5033 1493 5085 animae
1517 5030 1837 5087 detrimenta
1866 5041 1917 5087 te

334 5120 571 5192 rapiant,
620 5130 789 5179 totum
834 5122 936 5178 hoc
988 5135 1099 5191 prae
1150 5121 1314 5176 nimia
1369 5120 1545 5178 cordis
1605 5121 1916 5191 indignitate

335 5230 446 5270 non
477 5216 678 5271 sentis!
712 5215 976 5285 Tempore
1017 5216 1159 5270 enim
1203 5214 1564 5281 discessionis,
1599 5215 1759 5269 multa
1792 5230 1917 5285 pro-

339 5307 505 5363 mittit
553 5307 820 5374 inimicus,
866 5316 917 5363 te
946 5306 1055 5362 illic
1083 5320 1189 5375 quo
1218 5307 1413 5373 tendis,
1447 5307 1703 5377 majorem
1736 5307 1913 5377 profe-

337 5408 506 5464 ctum,
536 5399 757 5455 multam
783 5398 1010 5470 gratiam
1055 5406 1214 5467 atque
1263 5399 1499 5452 omnium
1537 5413 1713 5453 rerum
1743 5400 1909 5455 abun-

340 5490 578 5545 dantiam
611 5498 966 5559 reperturum,
996 5501 1057 5543 ac
1102 5499 1155 5545 te
1192 5499 1437 5561 tanquam
1469 5492 1715 5560 angelum
1746 5494 1915 5547 susci-

340 5583 617 5653 piendum.
652 5585 716 5638 Et
740 5592 855 5654 post
878 5574 993 5630 hac
1016 5595 1029 5643 ;
1056 5578 1271 5649 quando
1301 5583 1569 5637 anxietate
1601 5584 1835 5653 repletus
1861 5594 1915 5641 et

341 5686 473 5755 pace
503 5674 749 5746 nudatus,
784 5672 1051 5756 profectus
1081 5674 1154 5729 tui
1180 5672 1413 5731 Studium
1443 5682 1495 5730 et
1528 5686 1739 5731 sacrum
1772 5676 1908 5732 ovile

2017 3196 2105 3241 ctu
2133 3185 2249 3252 Dei,
2281 3184 2413 3239 nihil
2444 3183 2783 3253 obedientiaz,
2816 3184 2947 3240 nihil
2973 3188 3254 3257 praeceptis
3282 3198 3589 3259 praaponat;

2016 3274 2129 3333 sive
2175 3276 2265 3332 ille
2305 3276 2503 3346 junior,
2536 3276 2649 3332 sive
2702 3277 2883 3332 senior
2933 3285 3047 3344 est,
3080 3285 3229 3333 tanto
3268 3279 3388 3349 plus
3438 3278 3596 3335 debet

2016 3367 2233 3425 studere
2262 3366 2600 3424 aedificationi
2627 3375 2682 3425 et
2706 3369 3038 3439 perfectioni.
3069 3368 3281 3425 Nullum
3302 3371 3402 3427 sibi
3436 3371 3595 3426 finem

2018 3462 2175 3519 faciat
2198 3462 2524 3532 proficiendi,
2562 3462 2761 3517 nullum
2796 3466 3078 3518 terminum
3111 3465 3390 3519 constituat
3424 3465 3596 3535 acqui-

2018 3557 2189 3621 rendi,
2218 3571 2337 3609 cum
2369 3556 2470 3610 sibi
2498 3555 2604 3610 dici
2635 3556 2814 3611 audiat
2840 3575 2851 3608 :
2889 3556 3028 3610 Para
3050 3557 3103 3610 in
3132 3558 3268 3610 exitu
3289 3573 3444 3626 opera
3472 3567 3595 3621 tua;

2019 3648 2332 3704 Etiterum:
2367 3648 2489 3702 Non
2520 3650 2739 3703 verearis
2762 3664 2919 3720 usque
2957 3648 3025 3701 ad
3059 3656 3271 3702 mortem
3291 3648 3591 3720 justiﬁcari.

2020 3738 2086 3795 Et
2115 3741 2308 3796 iterum
2340 3759 2351 3792 :
2382 3736 2649 3810 Sapientia
2695 3742 2748 3793 in
2794 3740 2932 3794 exitu
2982 3740 3201 3793 canitur.
3230 3741 3439 3807 Quanto
3468 3754 3595 3811 ergo

2018 3835 2139 3906 plus
2160 3833 2487 3906 proficimus,
2515 3842 2665 3888 tanto
2690 3832 2808 3905 plus
2839 3833 3180 3887 humiliemur
3206 3850 3220 3889 :
3246 3833 3365 3903 quia
3397 3842 3596 3904 quanto

2020 3928 2139 3998 plus
2173 3926 2436 3981 humiliati
2486 3924 2765 3992 fuerimus,
2798 3935 2945 3980 tanto
2976 3926 3204 3993 amplius
3234 3924 3593 3997 proficiemus.

2018 4014 2206 4076 Nu‘lus
2231 4019 2303 4073 illi
2332 4018 2514 4075 senior
2556 4024 2661 4073 tam
2710 4017 2954 4089 indoctus
3005 4026 3291 4088 appareat,
3325 4024 3383 4071 ut
3412 4025 3594 4089 putet,

2019 4109 2159 4181 quod
2187 4125 2292 4163 non
2325 4108 2513 4165 deceat
2541 4096 2866 4177 obedientia,
2901 4124 3021 4178 quae
3051 4102 3218 4163 Deum
3263 4106 3469 4172 decuit;
3502 4106 3596 4162 hu-

2019 4204 2222 4258 militas
2249 4204 2390 4258 enim
2441 4211 2602 4274 atque
2631 4198 2935 4258 obedientia
2984 4202 3037 4256 in
3079 4200 3381 4272 junioribus
3424 4200 3597 4256 adhuc
3634 4216 3647 4217 ί

2020 4294 2332 4361 necessitas,
2385 4294 2438 4350 in
2476 4294 2777 4352 senioribus
2800 4293 2912 4364 jam
2943 4293 3168 4364 dignitas
3201 4302 3299 4350 est.
3336 4293 3431 4349 Ille
3461 4294 3598 4350 bene

2022 4385 2251 4457 proﬁcit,
2284 4387 2378 4443 ille
2404 4385 2542 4443 bene
2569 4394 2925 4453 consummat,
2955 4386 3045 4457 qui
3086 4386 3320 4457 quotidie
3346 4385 3421 4441 sic
3450 4387 3595 4455 agit,

2021 4480 2172 4550 quasi
2206 4495 2419 4548 semper
2466 4479 2703 4549 incipiat.
2738 4479 3098 4546 Quamobrem
3129 4486 3407 4548 augmenta
3432 4478 3595 4531 meri-

2024 4582 2196 4627 torum
2229 4571 2571 4626 incitamenta
2603 4585 2721 4625 esse
2748 4571 3105 4640 perfectorum
3147 4568 3421 4637 Scriptura
3470 4582 3593 4636 pro-

2020 4662 2251 4716 nuntiat.
2302 4660 2378 4714 De
2408 4659 2492 4713 his
2529 4674 2658 4713 vero
2686 4659 2779 4727 qui
2819 4659 2943 4712 dum
2990 4658 3192 4728 primas
3249 4654 3597 4729 negligentias

2019 4750 2454 4821 praetermittunt,
2486 4749 2537 4803 in
2567 4747 2699 4803 alias
2714 4756 2873 4818 atque
2896 4746 3025 4803 alias
3054 4762 3267 4821 semper
3297 4749 3596 4813 incurrunt,

2018 4842 2088 4895 ita
2120 4841 2193 4895 ait
2235 4858 2246 4893 :
2279 4838 2522 4894 Peccator
2571 4839 2749 4909 adjicit
2780 4839 2848 4891 ad
2877 4838 3225 4904 peccandum;
3256 4836 3321 4894 de
3359 4834 3596 4909 perfecto

2020 4949 2145 4990 vero
2161 4933 2382 4989 dicitur:
2407 4933 2473 4985 Et
2497 4942 2702 4988 sanctus
2728 4932 2897 4988 adhuc
2929 4934 3290 5001 sanctiﬁcetur.
3310 4932 3597 4988 Videamus

2018 5028 2164 5098 prius
2193 5028 2454 5096 primum,
2487 5025 2613 5101 quid
2649 5035 2763 5081 est:
2803 5020 3049 5080 Peccator
3077 5026 3257 5096 adjicit
3290 5026 3359 5079 ad
3389 5043 3597 5094 peccan-

2018 5121 2158 5175 dum.
2195 5118 2350 5175 Verbi
2377 5119 2567 5189 gratia,
2601 5118 2907 5189 cujuslibet,
2928 5129 2983 5171 ut
3015 5127 3135 5186 puta
3166 5118 3591 5185 obtrectationis,

2017 5212 2195 5283 passio
2234 5210 2279 5266 si
2312 5226 2396 5265 me
2424 5211 2735 5281 impugnare
2779 5210 3005 5279 ceperit,
3046 5208 3090 5263 si
3140 5226 3243 5262 non
3300 5208 3475 5263 statim
3500 5225 3594 5277 (me

2022 5302 2295 5376 poenitudo
2326 5303 2483 5373 huius
2528 5303 2640 5358 vitii
2670 5301 2912 5372 cmperit,
2945 5316 3063 5357 cras
3104 5310 3245 5355 tanta
3277 5300 3407 5354 mihi
3441 5301 3597 5369 hujus

2019 5398 2131 5454 vitii
2163 5395 2385 5452 facilitas
2415 5395 2597 5451 veniet
2643 5403 2697 5449 et
2724 5395 2965 5464 quaedam
2998 5394 3079 5454 (ut
3106 5395 3183 5448 sic
3204 5392 3451 5462 dixerim)
3476 5406 3597 5445 sua-

2021 5494 2177 5559 vitas,
2200 5498 2261 5545 ut
2287 5504 2538 5545 revocare
2560 5503 2643 5543 me
2668 5486 2735 5543 ab
2765 5487 2853 5541 illo
2879 5496 2931 5543 et
2955 5488 3229 5541 continere
3249 5501 3353 5540 non
3375 5485 3593 5555 possim.
3638 5494 3639 5497 ‘

2022 5586 2096 5640 Ita
2125 5583 2268 5639 enim
2298 5580 2496 5645 evenit,
2525 5588 2585 5634 ut
2611 5580 2699 5649 qui
2729 5577 2901 5649 primo
2930 5587 3168 5649 tempore
3208 5578 3495 5633 emendare
3539 5593 3596 5632 se

2021 5676 2173 5741 nolit,
2208 5674 2425 5745 incipiat
2447 5674 2496 5727 in
2528 5673 2765 5742 sequenti
2801 5685 2898 5726 nec
2926 5669 3066 5726 velle
3096 5686 3194 5726 nec
3224 5685 3399 5743 posse.
3430 5666 3594 5725 Verbi
