4090 6330
568 395 673 451 887
964 356 967 359 ’
1222 358 1233 368 ’
1570 384 1628 443 s.
1670 381 1913 441 FAUS’I‘I
1955 380 2160 438 nasci

2263 379 2351 440 SIS
2390 379 2773 443 SERMONES.
2864 383 2947 413 ""
3135 384 3162 429 ἔτ
3200 390 3207 409 ³
3251 370 3279 417 Τί
3324 391 3350 415 ⁸⁸
3382 399 3387 404 ·
3719 382 3824 442 888

568 506 757 578 gratia,
783 501 1047 574 superbiae
1074 500 1415 571 acquiescere
1452 498 1613 569 coepi,
1648 497 1889 569 regulam
1920 494 2139 562 violavi,
2169 493 2226 558 Α
2247 495 2538 568 Evangelia
2582 497 2880 564 denuntiat,
2921 496 3107 555 dicens
3136 513 3149 552 :
3183 495 3354 554 Filius
3394 470 3616 553 heminis
3651 508 3825 555 rentu-

569 599 832 654 seniorem
863 593 997 663 laesi,
1016 592 1289 663 juniorem
1319 590 1561 647 destruxi
1594 608 1605 643 :
1646 591 1691 646 si
1718 604 1825 645 non
1854 588 2036 645 statim
2064 600 2151 643 me

564 687 817 759 paenituit
842 686 1075 756 graviter
1100 698 1185 739 me
1213 683 1377 739 fuisse
1405 690 1772 753 praeventum,
1794 681 1906 753 jam
1953 679 2019 734 de
2062 677 2150 733 die

556 764 618 836 in
654 781 798 837 diem
824 776 1175 837 libentissime
1203 791 1293 833 me
1313 776 1486 846 rapiet
1512 774 1625 846 ipsa
1648 773 1898 831 violentia
1927 785 2151 827 consue-

568 874 835 933 tndiniaet
849 873 1080 943 impetus
1100 870 1362 941 passionis
1380 911 1395 937 ,
1414 879 1471 924 ut
1488 870 1596 939 jam
1620 883 1719 924 nec
1742 867 2051 938 delinquere
2067 879 2153 921 me

496 964 501 973 ’
558 950 907 1035 intelligam,
927 977 1029 1019 nec
1054 976 1278 1033 peccare
1318 976 1405 1018 me
1430 961 1687 1017 sentiam:
1725 960 1977 1016 obscurat
2004 957 2152 1014 enim

556 1044 736 1130 atque
769 1057 948 1113 obruit
967 1055 1299 1121 intellectum
1321 1056 1498 1111 delicti
1532 1052 1816 1110 assiduitas
1840 1053 2154 1123 delinquen-

573 1149 648 1205 di.
684 1149 894 1205 Etenim
923 1149 997 1203 ita
1022 1163 1117 1203 cor
1130 1148 1452 1219 negligentis
1476 1146 1790 1213 obduratur,
1821 1154 1878 1201 ut
1908 1146 2009 1201 hoc
2036 1145 2153 1216 ipso

550 1232 621 1319 :si
648 1255 757 1296 non
786 1254 844 1294 se
871 1238 1137 1307 humiliet,
1171 1240 1220 1295 si
1261 1254 1365 1293 non
1398 1237 1709 1304 satisfaciat,
1743 1236 2028 1307 praeposito
2057 1251 2154 1291 suo

575 1346 775 1387 nocere
802 1345 860 1387 se
888 1330 1093 1395 credat,
1121 1330 1340 1398 insuper
1370 1339 1424 1386 ct
1454 1330 1673 1386 insultet
1701 1338 1754 1387 et
1781 1330 1951 1386 dicat:
1983 1331 2153 1397 Quam

577 1428 883 1477 constanter
904 1420 980 1475 illi
1016 1420 1214 1485 restiti,
1238 1436 1396 1489 quam
1419 1420 1555 1476 bene
1578 1435 1683 1476 non
1705 1420 1963 1491 acquievi,
1988 1436 2157 1492 quan-

577 1518 632 1566 ta
661 1510 981 1566 auctoritate
1011 1510 1286 1579 respondi,
1315 1512 1534 1581 putabat
1562 1512 1704 1584 quod
1732 1528 1817 1568 me
1838 1528 2052 1583 semper
2076 1513 2155 1569 illi

576 1602 862 1658 humiliare
890 1602 1141 1659 deberem
1166 1603 1188 1655 ?
1216 1603 1368 1671 Quod
1412 1604 1502 1673 qui
1531 1603 1677 1674 facit,
1712 1604 1928 1659 diabolo
1958 1618 2016 1659 se
2047 1616 2155 1660 tra-
2186 1633 2191 1637 ~

578 1691 782 1748 didisse
809 1700 1040 1760 constat,
1063 1694 1154 1763 qui
1174 1693 1243 1749 de
1271 1693 1547 1749 hominum
1577 1695 1719 1750 vitiis
1739 1707 1794 1750 et
1821 1695 2155 1765 passionibus

579 1794 634 1839 et
663 1786 963 1855 perditione
1009 1788 1237 1856 laetatur,
1279 1799 1333 1845 et
1389 1790 1653 1860 ejusmodi
1695 1791 1886 1847 animze
1940 1794 2152 1849 eveniet

582 1874 677 1932 illa
705 1879 966 1935 sententia
992 1898 1009 1943 ηε
1038 1878 1286 1935 Peccator
1324 1882 1504 1953 adjicit
1532 1883 1599 1935 ad
1626 1882 1961 1952 peccandum.
1986 1883 2154 1950 Quam
2183 1866 2234 1927 Β

580 1980 682 2021 nos
710 1966 1053 2037 refugientes,
1101 1969 1243 2024 illam
1295 1972 1474 2039 potius
1520 1981 1795 2029 teneamus
1838 1990 1958 2044 qua:
1993 1974 2151 2042 dicit,

580 2067 629 2112 et
658 2070 864 2113 sanctus
903 2060 1075 2113 adhuc
1114 2061 1492 2132 sanctiﬁcetur;
1538 2073 1594 2117 ut
1624 2064 1860 2134 quotidie
1898 2064 2156 2122 addamus

584 2150 800 2221 merita,
828 2165 929 2208 nec
954 2151 1022 2208 de
1051 2152 1206 2207 nobis
1238 2153 1439 2223 aliquid
1472 2170 1875 2225 praesumamus,
1908 2158 2029 2227 quia
2062 2157 2157 2215 Dei

584 2253 670 2300 est
697 2258 860 2298 omne
884 2242 1028 2313 quod
1059 2258 1263 2298 sumus.
1314 2243 1495 2299 Simus
1545 2247 1721 2316 itaque
1765 2247 1818 2301 in
1856 2262 2020 2318 opere
2064 2249 2157 2305 Dei

580 2336 955 2391 indeficientes
977 2345 1196 2405 pr0pter
1217 2346 1471 2393 aeternam
1490 2340 1915 2412 retributionem,
1949 2350 2003 2397 et
2025 2358 2159 2414 quo-

589 2426 721 2481 tidie
748 2426 817 2481 ad
843 2427 1070 2481 meliora
1092 2427 1396 2483 tendamus.
1422 2429 1538 2497 Ipsa
1564 2432 1706 2486 enim
1728 2434 2159 2504 appreliendendi

584 2515 832 2584 aviditas,
867 2517 981 2605 ipsa
1010 2517 1344 2573 consuetudo
1375 2520 1684 2588 proficiendi
1725 2538 1938 2594 semper
1967 2539 2066 2580 nos
2092 2526 2161 2582 ad

584 2610 788 2680 majora
834 2621 1109 2681 provocet,
1141 2619 1196 2667 et
1247 2609 1338 2666 ubi
1383 2612 1581 2670 viderit
1629 2616 1770 2671 Deus
1819 2617 2161 2676 dev0tionem

584 2703 799 2769 animae,
837 2705 1201 2764 ardentiorem
1246 2710 1538 2766 insinuabit
1575 2710 1855 2776 affectum;
1883 2720 1936 2767 et
1963 2720 2163 2782 quanto

584 2808 686 2850 nos
709 2797 1001 2853 arserimus
1029 2800 1096 2855 ad
1128 2801 1394 2871 studium,
1431 2811 1582 2858 tanto
1623 2802 1716 2859 ille
1749 2811 1983 2873 apponet
2013 2804 2159 2873 adju-

586 2888 813 2955 torium;
865 2901 1064 2961 quanto
1116 2908 1214 2950 nos
1264 2896 1676 2966 apposuerimus
1704 2895 1771 2951 ad
1799 2896 2159 2968 diligentiam,

586 2989 738 3037 tanto
766 2983 857 3039 ille
886 2984 1051 3042 addet
1079 2986 1146 3042 ad
1169 2988 1413 3058 gloriam.
1442 2990 1541 3057 Qui
1566 2991 1736 3056 habet,
1761 2991 1964 3046 dabitur
1990 2991 2087 3059 illi,
2116 3001 2163 3047 et

587 3076 1027 3146 superabundabit
1050 3078 1261 3151 (Matth.
1288 3083 1438 3152 xm);
1468 3092 1523 3139 et
1542 3083 1646 3138 alio
1664 3083 1782 3139 loco
1812 3084 1974 3139 dicit:
2004 3072 2164 3139 Potui

587 3165 903 3236 adjutorium
931 3185 1084 3241 super
1113 3180 1385 3240 potentem.
1410 3174 1590 3229 Gratia
1621 3189 1748 3243 ergo
1777 3175 1845 3231 de
1869 3176 2042 3245 gratia
2069 3190 2163 3231 na-

588 3256 779 3325 scitur,
814 3268 867 3314 et
895 3261 1166 3328 profectus
1197 3264 1522 3333 profectibus
1540 3266 1800 3330 serviunt.
1824 3243 1967 3321 lucra
2000 3268 2164 3325 lucris
2190 3243 2238 3309 δ

590 3356 646 3404 et
669 3350 860 3404 merita
889 3354 1094 3408 meritis
1118 3355 1293 3409 locum
1322 3356 1521 3412 faciunt
1547 3374 1561 3410 :
1595 3366 1651 3412 ut
1678 3367 1877 3428 quanto
1902 3360 2021 3431 plus
2049 3361 2168 3431 quis

588 3442 867 3511 acquirere
895 3446 1140 3513 cmperit,
1177 3455 1326 3502 tanto
1365 3448 1486 3517 plus
1517 3459 1744 3506 conetur
1771 3453 2081 3522 acquirere;
2114 3464 2168 3511 et

589 3542 793 3604 quanto
820 3535 1026 3611 avidius
1083 3539 1152 3594 de
1204 3541 1480 3609 sapientia:
1528 3542 1682 3600 bonis
1732 3543 1989 3614 hauserit,
2022 3556 2168 3604 tanto

590 3626 713 3694 plus
743 3626 959 3684 haurire
987 3628 1301 3687 desideret?
1329 3632 1467 3688 sicut
1492 3634 1607 3704 ipsa
1629 3635 1697 3692 de
1726 3650 1785 3693 se
1813 3637 2046 3709 loquitur
2071 3638 2169 3697 Sa-

589 3717 790 3788 pientia
819 3738 832 3774 :
866 3720 967 3785 Qui
1007 3722 1160 3775 edunt
1198 3738 1280 3777 me
1320 3723 1492 3779 adhuc
1536 3728 1753 3782 esuriant
1778 3728 1946 3801 (Eccl.
1997 3731 2163 3803 xstv).

596 3816 891 3888 Urgeamns
934 3834 1150 3875 cursum
1172 3831 1437 3891 nostrum,
1468 3832 1529 3879 ut
1555 3833 1761 3880 crescat
1792 3824 1846 3881 in
1874 3828 2166 3883 novissimo

588 3909 697 3964 vita
725 3918 928 3965 nostra.
957 3913 1272 3979 Quaeramus
1325 3931 1497 3985 usque
1526 3916 1581 3972 in
1632 3918 1824 3988 finem,
1868 3921 2007 3977 unde
2049 3922 2165 3977 sine

588 4000 696 4057 ﬁne
728 4002 959 4071 gaudere
998 4020 1324 4061 mereamur.
1373 4006 1480 4063 Sed
1521 4017 1673 4077 esto,
1722 4024 1829 4066 non
1882 4027 2164 4082 possumus

589 4105 842 4147 exercere
867 4095 1111 4162 corporis
1149 4096 1383 4163 labores,
1430 4100 1767 4157 conferamus
1791 4118 1889 4158 nos
1911 4104 1977 4159 ad
2008 4106 2165 4175 Spiri-

594 4180 812 4233 tualium
842 4185 1107 4237 bonorum
1144 4184 1502 4253 desiderium,
1547 4190 1615 4245 ad
1658 4195 2084 4261 compunctionis
2112 4206 2164 4251 et

590 4270 829 4324 caritatis
867 4281 1231 4341 augmentum.
1271 4274 1587 4345 Siquotidie
1610 4283 1661 4333 in
1685 4282 1938 4338 cordibus
1967 4285 2164 4341 nostris

588 4359 937 4428 disponamus
966 4376 1242 4429 ascensus,
1273 4365 1421 4420 nulla
1455 4367 1786 4436 infirmitate,
1838 4374 1978 4427 nulla
2009 4380 2180 4431 actate-

587 4451 778 4507 Iassari
805 4461 1029 4524 possunt
1075 4463 1318 4522 mentes,
1351 4464 1409 4511 ut
1438 4459 1801 4527 spiritualibus
1843 4464 2161 4533 quibusdam

586 4543 843 4615 gradibus
887 4544 1180 4602 ascendere
1226 4562 1531 4605 mereamur
1559 4550 1626 4606 ad
1656 4553 1914 4621 promissa
1950 4554 2161 4610 Domini

584 4637 755 4692 nostri
780 4638 909 4694 Jesu
948 4636 1171 4703 Christi,
1223 4640 1309 4695 cui
1339 4650 1422 4696 est
1450 4640 1644 4711 honor,
1676 4643 1848 4700 virtus
1869 4653 1923 4701 ct
1968 4647 2156 4716 gloria,

584 4727 818 4797 potentia
844 4737 900 4782 et
928 4728 1165 4795 claritas,
1198 4739 1254 4785 et
1290 4732 1717 4802 magnificentia,
1752 4743 1809 4790 et
1852 4735 2157 4807 imperium,

584 4826 638 4872 et
679 4833 844 4886 nunc,
872 4826 928 4875 et
955 4832 1190 4890 semper,
1214 4828 1269 4877 et
1298 4820 1351 4876 in
1377 4832 1571 4880 cuncta
1601 4826 1798 4882 saecula
1822 4830 2163 4884 saeculorum.

583 4908 776 4964 Amen.

1167 5002 1398 5060 SERMO
1437 5006 1571 5062 VIII.
1590 5008 1598 5025 "

1086 5095 1182 5158 (Ex
1210 5096 1422 5148 Henrico
1445 5097 1677 5161 Canisio.)

653 5188 832 5255 Modo,
866 5188 1059 5246 fratres
1085 5191 1371 5258 carissimi,
1399 5207 1522 5248 cum
1552 5193 1733 5249 divina
1770 5195 1927 5253 let-tio
1957 5198 2160 5269 legere-

581 5290 689 5349 ιω,
727 5281 1025 5337 audivimus
1059 5282 1273 5338 beatum
1302 5285 1615 5353 Apostolum
1648 5288 1955 5345 terribiliter
1982 5308 2080 5349 nos
2107 5300 2163 5348 et

582 5375 868 5432 salubriter
897 5374 1295 5432 admonentem.
1332 5378 1423 5432 Sic
1449 5381 1596 5433 enim
1637 5379 1711 5434 ait
1742 5398 1754 5434 :
1789 5380 1975 5437 Omnes
2000 5385 2177 5457 mani-_

582 5467 759 5536 festari
788 5476 984 5540 oportet
1017 5476 1137 5522 ante
1180 5468 1401 5524 tribunal
1431 5469 1646 5536 Christi,
1698 5483 1753 5527 ut
1783 5473 1971 5544 referat
1999 5493 2155 5533 unus-

582 5558 791 5627 quisque
815 5560 1023 5631 propria
1051 5561 1297 5631 corporis,
1329 5572 1479 5633 prout
1502 5563 1675 5635 gessit,
1706 5565 1807 5620 sive
1827 5565 2030 5635 bonum,
2055 5569 2157 5623 sive

586 5648 777 5705 malum
838 5650 923 5714 (11
980 5652 1096 5709 Cor.
1161 5654 1272 5727 10).
1331 5655 1507 5724 Quare
1558 5658 1717 5715 etiam
1780 5660 2033 5720 Dominus
2102 5664 2153 5718 in

2253 606 2341 643 rus
2370 600 2446 644 est
2476 590 2731 662 ingloria
2769 606 2881 656 sua,
2905 605 3019 644 cum
3042 589 3238 661 angelis
3262 590 3390 658 suis,
3422 599 3469 645 ct
3505 598 3628 643 tunc
3652 589 3825 644 reddet

2254 683 2526 753 unicuique
2550 682 2828 737 secundum
2860 698 3015 752 opera
3042 697 3137 735 sua
3168 679 3382 753 (Matth.
3422 696 3532 747 XVI,
3558 678 3671 752 i7).
3700 680 3827 736 Dili-

2254 784 2461 847 genter,
2494 790 2697 847 quteso,
2742 774 3020 839 attendite,
3066 773 3260 830 fratres
3297 773 3585 840 carissimi,
3620 782 3676 830 et
3710 789 3826 829 me-

2255 884 2375 924 cum
2407 869 2610 939 pariter
2636 867 3003 938 espavescite;
3037 867 3159 937 quia
3181 883 3288 923 non
3310 866 3440 923 dicit
3467 866 3609 938 quod
3642 866 3829 923 reddet

2255 960 2539 1031 unicuique
2560 958 3307 1016 secundum-misericordiam
3330 973 3505 1026 suam,
3531 956 3630 1013 sed
3655 974 3830 1012 secun-

2255 1052 2377 1106 dum
2406 1068 2558 1124 opera
2586 1067 2698 1106 sua.
2726 1050 2835 1121 {llic
2866 1050 3011 1107 enim
3042 1059 3125 1106 est
3157 1049 3495 1114 misericors;
3529 1049 3602 1104 ibi
3626 1049 3828 1119 justus.

2254 1145 2385 1200 Nam
2408 1142 2547 1214 quod
2572 1142 2750 1198 statim
2773 1158 2877 1196 non
2908 1143 2958 1196 in
2993 1151 3301 1211 peccatores
3332 1150 3359 1179 ⁸
3389 1142 3595 1197 vin.....
3625 1141 3833 1212 patien-

2256 1235 2327 1291 tia
2356 1243 2457 1302 est,
2484 1249 2588 1289 non
2620 1232 2963 1304 negligentia.
2984 1232 3100 1288 Non
3125 1232 3213 1288 ille
3241 1233 3472 1300 potentia
3505 1232 3713 1301 perdit;
3738 1233 3832 1289 sed

2257 1347 2354 1386 nos
2405 1329 2472 1385 ad
2503 1328 2869 1401 paenitentiam
2907 1328 3218 1384 reservavit.
3253 1326 3403 1384 Unde
3431 1327 3602 1397 magis
3636 1326 3833 1383 timcn-

2255 1424 2383 1480 dum
2430 1431 2514 1478 est
2555 1437 2623 1477 ne
2660 1431 2861 1492 quanto
2899 1419 3103 1476 diutius
3140 1428 3414 1490 exspectat
3443 1430 3503 1475 ut
3536 1434 3833 1488 cessemus,

2258 1525 2406 1572 tanto
2432 1515 2642 1587 gravius
2668 1514 2908 1581 damnet,
2937 1513 2979 1568 si
3003 1511 3290 1569 emendare
3319 1511 3670 1566 noluerimus.
3700 1509 3832 1568 Cum

2257 1608 2372 1663 haec
2408 1606 2479 1661 ita
2512 1605 2644 1674 sint,
2686 1604 2827 1659 scire
2866 1613 2921 1658 et
2949 1602 3247 1674 intelligere
3283 1602 3565 1668 debemus,
3613 1601 3829 1668 fratres,

2260 1700 2397 1756 nihil
2424 1700 2577 1755 nobis
2604 1712 2722 1753 esse
2744 1696 3011 1752 salubrius
3032 1709 3190 1766 quam
3220 1703 3279 1750 ut
3304 1693 3571 1749 damnatis
3601 1693 3834 1749 omnium

2259 1796 2600 1867 praesentium
2631 1806 2810 1848 rerum
2842 1790 3224 1859 voluptatibus,
3250 1788 3302 1843 id
3324 1788 3497 1859 potius
3514 1788 3833 1858 cogitemus,

2260 1886 2475 1960 quando
2504 1886 2705 1941 erimus
2734 1884 2801 1939 de
2825 1883 2926 1938 hoc
2965 1882 3162 1937 saeculo
3188 1881 3488 1945 transituri,
3516 1882 3604 1937 vel
3629 1880 3836 1951 quando

2261 1980 2663 2039 tabernaculum
2702 1976 2875 2035 nostri
2922 1975 3186 2045 corporis,
3232 1975 3424 2030 ultimo
3449 1974 3537 2029 die
3577 1989 3836 2044 superre-

2261 2075 2462 2142 niente,
2484 2069 2800 2143 deposituri,
2829 2076 2884 2125 et
2908 2068 3101 2123 iterum
3124 2064 3253 2121 illud
3279 2064 3691 2121 resurrectionis
3712 2072 3837 2121 tem<

2264 2183 2393 2240 pore
2414 2165 2699 2237 recepturi,
2724 2172 2783 2220 ut
2808 2179 2927 2219 cum
2950 2163 3140 2219 eodem
3163 2160 3506 2231 recipiamus,
3540 2168 3703 2231 prout
3722 2174 3835 2230 ges-

2264 2262 2455 2328 simus,
2485 2260 2600 2315 sive
2640 2258 2866 2326 bonum,
2901 2256 3012 2310 sive
3041 2256 3258 2310 malum.
3304 2251 3375 2309 Et
3400 2252 3525 2309 ideo
3564 2267 3699 2324 rogo
3726 2267 3834 2319 vos,

2265 2354 2483 2421 fratres,
2509 2360 2568 2407 ut
2601 2350 2914 2421 cogitemus,
2949 2347 3133 2418 quales
3175 2347 3377 2403 erimus
3421 2346 3476 2400 in
3517 2345 3609 2400 die
3651 2343 3829 2414 judicii

2268 2444 2566 2515 purissimis
2600 2442 2916 2514 angelorum
2964 2439 3334 2509 conspectibus
3368 2435 3651 2494 offerendi.
3680 2445 3733 2492 et
3765 2450 3835 2491 aa-

2270 2546 2422 2593 terno
2450 2534 2624 2591 iudici
2664 2534 2926 2590 rationem
2975 2530 3043 2587 de
3082 2531 3237 2585 libris
3278 2528 3628 2585 conscientia:
3664 2526 3835 2583 reddi-

2271 2628 2392 2684 turi.
2428 2627 2667 2683 Remotis
2696 2626 2837 2683 enim
2875 2624 3126 2680 omnibus
3155 2621 3584 2693 probationibus,
3634 2629 3830 2675 certum

2268 2728 2350 2777 est
2394 2720 2447 2777 in
2490 2719 2633 2776 diem
2677 2718 2826 2774 illum
2853 2718 3027 2788 ipsum
3063 2722 3188 2770 ante
3227 2727 3286 2769 se
3333 2712 3609 2767 hominem
3649 2710 3835 2767 consti—

2268 2812 2541 2877 tuendum,
2569 2818 2624 2866 et
2648 2810 2819 2881 ipsam
2840 2808 2942 2864 sibi
2963 2807 3196 2862 animam
3218 2804 3270 2859 in
3298 2804 3483 2860 cordis
3508 2801 3725 2873 specillo
3740 2801 3834 2859 de-

2267 2902 2691 2968 monstrandam,
2722 2910 2776 2956 et
2805 2910 2970 2956 testes
2999 2907 3185 2955 contra
3216 2912 3333 2953 eam
3364 2911 3474 2952 non
3501 2895 3715 2952 aliunde
3737 2894 3834 2950 de-

2267 2996 2419 3062 foris,
2447 2994 2542 3051 sed
2572 2995 2715 3049 intus
2742 2993 2809 3048 de
2832 2993 2944 3062 ipsa
2970 2991 3332 3061 proferentur,
3356 2987 3658 3059 adjicienda
3689 2993 3833 3043 erunt

2270 3106 2375 3145 non
2407 3090 2583 3160 aliqua
2616 3090 2925 3159 peregrina,
2956 3085 3050 3141 sed
3082 3083 3303 3139 nimium
3347 3091 3475 3147 nota
3514 3078 3829 3145 testimonia,

2268 3180 2320 3236 id
2347 3189 2450 3247 est,
2479 3194 2641 3249 opera
2692 3192 2807 3243 sua,
2854 3176 3240 3231 ordinabuntur
3281 3180 3406 3229 ante
3441 3172 3704 3228 infelicem
3728 3170 3834 3228 ani-

2270 3287 2410 3327 mam
2435 3278 2648 3341 peccata
2672 3268 2754 3323 vel
2781 3266 3007 3322 crimina
3036 3280 3152 3330 sua,
3182 3274 3241 3319 ut
3264 3278 3384 3319 eam
3406 3262 3690 3319 confundat
3704 3275 3832 3332 pro-

2270 3364 2438 3431 batio,
2479 3370 2534 3419 et
2570 3360 2863 3415 confundat
2909 3357 3132 3427 agnitio,
3180 3354 3467 3411 secundum
3514 3353 3640 3407 illud
3684 3351 3825 3422 quod

2270 3455 2522 3526 scriptum
2555 3448 2681 3507 est:
2711 3451 2939 3523 Arguam
2975 3460 3041 3514 te,
3075 3458 3121 3502 et
3142 3456 3370 3502 statuam
3412 3444 3548 3499 illam
3595 3454 3706 3498 ante
3748 3444 3831 3511 fa-

2269 3548 2396 3601 ciem
2418 3554 2556 3598 tuam
2584 3541 2756 3614 (Psal.
2774 3557 2920 3608 sua,
2940 3538 3000 3595 2|
3016 3539 3053 3609 ).
3084 3538 3399 3609 Quicunque
3419 3552 3478 3593 se
3510 3535 3687 3601 modo,
3708 3533 3833 3589 dum

2270 3638 2414 3702 licet,
2439 3634 2727 3693 emendare
2752 3632 3067 3701 negleiterit,
3100 3639 3224 3686 ante
3256 3630 3404 3685 illum
3434 3628 3703 3686 caelestem
3738 3641 3832 3697 po-

2271 3730 2452 3801 pulum
2486 3727 2713 3796 primum
2744 3732 3063 3794 excepturus
3092 3730 3177 3778 est
3203 3721 3271 3776 de
3299 3713 3616 3776 confusione
3638 3717 3835 3788 suppli-

2268 3825 2431 3887 cium,
2460 3829 2515 3877 et
2544 3820 2743 3885 anima,
2775 3832 2895 3889 quae
2941 3816 3100 3871 modo
3130 3830 3227 3885 per
3259 3812 3653 3883 pmnitentiam,
3701 3826 3834 3867 eorm

2270 3916 2576 3987 pendiosam
2598 3912 3027 3976 transactionem,
3053 3914 3389 3979 peccatorum
3416 3904 3721 3975 putredines
3743 3918 3834 3959 cu-

2268 4024 2387 4065 rare
2407 4005 2731 4069 dissimulat,
2758 4010 2885 4057 ante
2912 4001 3040 4056 illud
3062 3998 3292 4056 tribunal
3322 3996 3695 4061 metuendum,
3726 3997 3836 4051 sine

2268 4104 2377 4159 ullo
2404 4100 2638 4156 remedio
2668 4098 2723 4151 in
2750 4105 3009 4167 perpetuo
3048 4095 3329 4150 vulnerata
3368 4091 3694 4148 remanebit.
3724 4089 3770 4145 0
3794 4090 3836 4144 si

2263 4195 2371 4263 jam
2402 4208 2541 4249 nunc
2574 4191 2765 4246 faciem
2788 4187 3086 4259 peccatoris
3112 4186 3303 4242 animi-
3331 4185 3522 4239 liceret
3542 4182 3709 4239 oculis
3725 4195 3838 4236 cor-

2267 4286 2349 4339 dis
2376 4293 2466 4339 aut
2491 4282 2730 4351 corporis
2774 4278 2990 4343 intueri,
3021 4286 3075 4333 et
3113 4276 3462 4333 conscientia:
3486 4283 3688 4331 nostra:
3708 4272 3839 4343 jvul—

2268 4374 2463 4429 tumin
2510 4372 2783 4426 oculorum
2828 4367 3161 4439 praesentiam
3206 4365 3637 4436 permitteremns
3677 4361 3840 4416 addu—

2267 4466 2416 4520 cere!
2444 4463 2596 4532 Quod
2641 4463 2685 4517 si
2717 4462 2843 4516 licet
2880 4475 2979 4514 nec
3006 4458 3111 4514 dici
3158 4466 3369 4526 potest,
3401 4464 3603 4527 quanto
3640 4452 3838 4517 studio,

2266 4565 2568 4627 quantoque
2607 4562 2749 4609 metu
2778 4566 3088 4621 nrgeremus
3118 4548 3315 4605 fmdata
3344 4560 3696 4616 componere,
3734 4557 3842 4597 ma-

2265 4649 2438 4706 culata
2463 4657 2690 4716 tergere,
2721 4645 2996 4703 vulnerata
3025 4655 3236 4697 curare.
3267 4639 3392 4694 Ideo
3426 4638 3551 4708 quia
3580 4651 3694 4691 non
3720 4648 3843 4705 pos-

2266 4758 2449 4797 sumus
2474 4740 2640 4795 oculis
2666 4736 2929 4807 corporis,
2962 4732 3330 4803 inspiciamus,
3357 4730 3411 4784 in
3428 4737 3699 4801 quantum
3722 4740 3843 4797 pos-

2265 4848 2470 4899 sumus,
2514 4830 2684 4886 oculis
2726 4827 2924 4894 cordis,
2975 4834 3031 4881 et
3064 4821 3434 4893 unusquisque
3476 4818 3845 4875 conscientias

2266 4934 2479 4980 nostras
2518 4930 2641 4976 ante
2686 4925 3028 4988 conspectum
3067 4913 3343 4971 interioris
3371 4911 3601 4969 hominis
3635 4909 3845 4966 consti-

2267 5025 2501 5079 tuamus,
2531 5012 2630 5083 ipsi
2655 5010 3006 5079 nosmetipsos
3036 5006 3391 5076 castigemus,
3430 5003 3532 5074 ipsi
3559 5016 3658 5057 nos
3687 5015 3847 5058 cura:

2267 5110 2467 5164 tionem
2513 5106 2580 5162 de
2610 5103 2915 5175 quotidiana
2933 5099 3354 5172 :conversatione
3381 5095 3665 5151 faciamus.
3701 5094 3848 5150 Allo-

2266 5213 2458 5273 quatur
2484 5216 2543 5256 se
2572 5197 2628 5253 in
2651 5196 2872 5254 secretis
2895 5207 3224 5264 unaquaeque
3249 5190 3448 5256 anima,
3473 5197 3533 5244 et
3558 5187 3741 5244 dicat:
3761 5185 3849 5240 Vi-

2264 5297 2486 5352 deamus
2510 5295 2556 5349 si
2587 5293 2724 5348 hanc
2750 5292 2890 5345 diem
2919 5290 3037 5344 sine
3058 5295 3303 5359 peccato,
3334 5285 3453 5340 sine
3480 5282 3712 5349 invidia,
3738 5281 3849 5335 sine

2264 5387 2673 5452 obtrectatione,
2726 5385 2841 5439 sine
2886 5380 3313 5436 murmuratione
3350 5374 3609 5445 transegi.
3655 5372 3850 5429 Videa-

2266 5497 2383 5537 mus
2426 5481 2472 5536 si
2511 5478 2670 5535 hodie
2722 5475 2863 5546 quod
2912 5474 2976 5529 ad
3017 5474 3319 5544 profectum
3366 5470 3562 5524 animae
3614 5468 3849 5549 pertinet

2266 5584 2517 5645 operatus
2545 5586 2661 5628 sum
2698 5586 2712 5624 :
2745 5577 2874 5640 puto
2909 5566 3048 5638 quod
3080 5565 3237 5621 bodie
3273 5563 3532 5620 mentitus
3570 5575 3726 5629 sum,
3757 5574 3850 5629 per

2262 5669 2416 5735 iram,
2441 5666 2527 5723 vel
2560 5658 3041 5734 concupiscentiam
3067 5660 3236 5715 victus
3264 5672 3403 5724 sum,
3440 5668 3541 5711 nec
3562 5654 3735 5711 alicui
3764 5654 3853 5710 be~

656 5848 683 5878 ⁶
706 5840 866 5900 Forte
907 5839 1131 5895 vindicta
1168 5842 1447 5910 descendit,
1475 5844 1580 5911 vel,
1625 5845 1863 5915 vindicat,
1898 5847 1983 5905 vel
2020 5849 2220 5925 aliquid
2252 5850 2445 5910 simile.
