4090 6330
3130 255 3134 257 ⁴
3198 272 3205 277 ,
3212 263 3228 271 μ
3233 244 3313 272 ,ἆυ-ι’*

320 354 429 415 $89
1402 346 1605 405 FELIX
1644 347 1823 403 PAPA
1863 344 1949 402 111.
1996 343 2527 403 PROLEGOMENA.
3487 347 3594 405 890

322 467 516 535 ncfeci,
569 483 668 525 nec
716 483 810 539 per
840 459 1085 523 timorem
1134 475 1349 523 ceterum
1400 466 1588 521 mortis
1638 463 1894 535 ingemui.
1926 466 1981 526 Α
2008 463 2129 528 bus,
2157 464 2437 535 omnisque
2464 464 2709 539 refectio,
2744 465 2888 521 nulla
2923 465 3390 537 sentiaturjejunii
3423 467 3585 522 lassi-

321 560 455 627 Quis
487 558 617 615 mihi
662 558 850 615 reddat
884 560 1025 614 hanc
1050 557 1214 621 diem,
1261 572 1417 627 quam
1461 555 1707 612 inanibus
1743 554 1901 611 rebus

322 654 571 723 perdidi,
626 669 788 722 quam
847 652 1262 723 cogitationibus
1318 651 1493 707 noxiis
1550 650 1902 721 pessimisque

320 744 670 814 consumpsi?
718 744 794 800 Ac
835 745 901 810 si,
934 745 1145 807 fratres,
1184 742 1253 797 de
1287 741 1540 798 omnibus
1566 740 1902 811 negligentiis

319 839 521 893 nostris
550 853 996 909 compungamur,
1023 836 1077 891 in
1104 835 1393 906 cubilibus,
1422 835 1474 891 id
1498 844 1602 904 est,
1633 834 1687 890 in
1726 833 1901 890 cordi-

326 929 428 983 bus
458 929 679 994 nostris,
712 928 817 1001 ipsi
854 944 953 986 nos
986 930 1431 995 condemnemus,
1473 926 1575 997 ipsi
1618 943 1718 984 nos
1747 941 1904 983 accu-

318 1037 506 1079 semus
543 1022 716 1078 iudici
749 1032 935 1079 nostro
977 1022 1239 1093 quotidie,
1271 1029 1327 1077 et
1363 1020 1491 1076 dum
1529 1020 1584 1076 in
1616 1020 1717 1076 hac
1744 1034 1905 1076 carne

317 1128 507 1169 sumus
550 1121 738 1169 contra
780 1116 948 1185 ipsam
975 1128 1194 1170 carnem
1223 1111 1464 1184 quotidie
1493 1112 1756 1177 dicamus,
1790 1112 1906 1167 vin-

315 1220 504 1261 camus
540 1207 844 1262 voluntates
871 1214 927 1262 et
956 1205 1285 1261 intentiones
1314 1214 1548 1274 nostras,
1594 1204 1721 1258 dum
1747 1202 1905 1260 nobis

317 1308 530 1369 tempus
560 1298 689 1355 illud
710 1298 1235 1370 exspectatissimum
1258 1314 1321 1354 ac
1348 1298 1715 1355 beatissimum
1747 1296 1905 1353 felice

313 1392 615 1449 mutatione
640 1403 857 1449 mternte
888 1393 1014 1449 vitae
1042 1392 1304 1449 succedit.
1330 1391 1558 1460 Quando
1586 1391 1738 1457 illud,
1760 1390 1904 1462 quod

313 1485 576 1542 Dominus
618 1486 798 1541 dixit:
836 1485 903 1539 Et
960 1495 1109 1541 erunt
1149 1486 1337 1541 similes
1383 1485 1577 1557 angelis
1608 1485 1757 1557 (Luc.
1808 1501 1899 1553 xx,

312 1578 444 1648 36);
472 1588 527 1634 et
560 1579 751 1633 iterum
779 1596 791 1630 :
826 1577 973 1631 Tunc
988 1579 1124 1651 justi
1155 1575 1418 1647 fulgebunt
1457 1578 1589 1631 sicut
1619 1576 1718 1641 sol,
1748 1578 1801 1631 in
1823 1593 1903 1630 re-

311 1688 418 1741 gno
450 1668 625 1724 Patris
654 1686 831 1723 eorum
862 1667 1078 1736 (Matth.
1107 1683 1222 1733 xm,
1252 1666 1365 1738 45).
1390 1667 1552 1723 Putas
1583 1666 1755 1739 qualis
1779 1676 1904 1723 tunc

306 1765 418 1822 erit
446 1763 701 1835 splendor
736 1765 1057 1828 animarum,
1090 1760 1303 1833 quando
1324 1762 1454 1817 solis
1483 1761 1778 1817 claritatem
1809 1760 1905 1816 ita-

2011 554 2160 618 tudo,
2186 554 2332 610 nulla
2366 555 2615 611 timeatur
2653 557 2736 612 vel
2765 556 2832 614 de
2861 573 3022 615 carne
3052 557 3383 628 inquietudo,
3410 558 3493 614 vel
3521 558 3589 614 de

2010 649 2165 705 hoste
2202 648 2457 714 tentatio;
2497 650 2591 705 sed
2644 652 2950 708 adversario
2994 655 3044 708 in
3091 653 3284 709 inferni
3327 653 3587 724 profunda

2007 743 2228 798 detruso
2267 741 2606 812 perfruemur
2635 742 2734 799 hac
2765 745 2996 815 primum
3032 744 3303 812 felicitate,
3351 754 3409 800 ut
3455 745 3588 801 inei-

2008 836 2217 905 piamus
2244 849 2343 891 nec
2366 834 2503 890 velle
2543 835 2679 890 nltra
2716 852 2959 906 peccare,
2988 853 3086 895 nec
3115 854 3301 910 posse;
3337 848 3585 894 cessante

2008 927 2153 983 omni
2187 928 2487 998 iniquitate,
2510 928 2653 982 omni
2684 928 2922 997 miseria,
2954 929 3100 986 omni
3128 945 3388 997 mmrore;
3414 938 3585 986 totum

2008 1017 2337 1085 innocentia,
2382 1028 2550 1075 totum
2583 1019 2811 1076 felicitas
2848 1020 3158 1089 possidebit.
3201 1023 3412 1079 Nullam
3452 1023 3589 1079 infe-

2008 1111 2120 1167 rior
2152 1111 2447 1180 miseriam,
2473 1112 2673 1168 nullam
2696 1111 2906 1168 felicior
2930 1114 3137 1169 timebit
3162 1114 3434 1184 invidiam,
3461 1117 3584 1187 quia

2006 1206 2276 1262 exinanita
2318 1215 2373 1262 et
2403 1207 2619 1279 penitus
2644 1206 2915 1263 exstincta
2955 1207 3220 1263 transivit.
3256 1209 3312 1263 In
3336 1209 3582 1280 #pectori-

2008 1300 2107 1355 bus
2136 1299 2408 1355 hominum
2436 1301 2638 1356 caritas
2664 1302 2997 1371 angelorum,
3028 1302 3221 1373 quibus
3240 1303 3460 1358 admixti
3490 1303 3588 1359 lto-

2007 1392 2179 1447 mines
2203 1391 2314 1461 jam
2342 1400 2368 1427 ⁸
2393 1391 2603 1448 οωΙεειί
2630 1402 2846 1463 recepta
2880 1407 3061 1459 carne,
3094 1393 3209 1449 sine
3229 1394 3409 1450 carnis
3432 1395 3586 1450 infir-

2006 1484 2195 1540 mitate
2218 1483 2518 1553 fulgebunt.
2553 1484 2619 1539 Et
2660 1484 2783 1539 ideo
2816 1483 3021 1540 nullum
3067 1485 3292 1541 ulterius
3319 1487 3587 1557 patientur

2006 1576 2075 1632 de
2105 1577 2432 1647 sempiterna
2458 1576 2672 1633 Domini
2713 1577 2796 1633 sui
2826 1577 3021 1633 virtute
3061 1577 3352 1645 fastidiutn’,
3382 1579 3586 1637 nullum

2005 1670 2107 1726 sub
2150 1662 2373 1739 perenni
2405 1670 2619 1725 laudum
2660 1686 2879 1725 suarum
2908 1670 3274 1727 exsultatione
3297 1671 3582 1727 defectum.

2008 1762 2275 1819 Habemus
2316 1763 2526 1832 plenam
2573 1762 2959 1818 beatitudinem
3012 1762 3151 1818 inter
3188 1763 3273 1819 illa
3325 1765 3585 1821 immensa

308 1859 463 1916 bebit
491 1860 580 1915 lux
611 1874 901 1929 corporum
928 1874 942 1923 ;
976 1865 1102 1913 tunc
1132 1856 1276 1912 enim
1302 1871 1424 1912 cum
1452 1855 1519 1910 ad
1550 1856 1707 1911 istam
1741 1855 1903 1911 beati-
1932 1861 1978 1921 Β
2007 1852 2267 1909 beneficia
2310 1854 2407 1909 Dei
2438 1854 2631 1919 nostri,
2666 1862 2723 1910 ut
2765 1869 3036 1924 nunquam
3063 1854 3117 1909 in
3149 1853 3430 1910 referenda
3470 1871 3586 1926 gra-

315 1951 560 2007 tudinem
591 1949 921 2017 venerimus,
950 1948 1096 2021 nulla
1118 1948 1220 2003 erit
1249 1947 1483 2012 tristitia,
1512 1946 1687 2001 nullus
1719 1948 1898 2010 timor,

307 2045 457 2100 nulla
487 2044 791 2110 infirmitas,
826 2042 973 2097 nulla
1001 2056 1171 2109 mors,
1195 2039 1374 2095 nttllus
1402 2039 1556 2094 nobis
1582 2038 1813 2094 obstabit
1834 2038 1900 2093 ad

311 2136 657 2193 serviendum
680 2136 791 2191 Deo
823 2144 1043 2200 nostro;
1071 2133 1213 2188 nulla
1241 2132 1350 2201 jam
1381 2130 1536 2186 nobis
1562 2131 1728 2187 stabit
1753 2131 1900 2186 infir-

305 2233 494 2298 mitas,
545 2230 691 2286 nulla
729 2227 1056 2285 contradicet
1108 2226 1319 2282 misera:
1362 2225 1541 2281 carnis
1579 2224 1897 2291 adversitas,

304 2324 457 2381 nulla
484 2322 568 2377 vel
591 2321 816 2377 ulterius
837 2319 1137 2378 remanebit
1160 2316 1429 2390 pugnandi
1455 2316 1766 2371 necessitas.
1795 2314 1900 2371 Ve-

304 2415 444 2481 niet,
476 2413 713 2484 inquam,
740 2421 951 2483 tempus
990 2409 1205 2482 quando
1232 2408 1410 2477 nullus
1446 2405 1784 2462 desideretur
1830 2406 1899 2463 ci-

385 2558 410 2586 ι
437 2549 559 2616 Ms.,
591 2550 637 2602 si
658 2548 891 2605 (celestis.

308 2680 668 2710 -ι--ι--ι

2012 1946 2204 2000 tiarum
2236 1945 2447 2001 actione
2480 1959 2788 2012 cessemus;
2812 1945 3131 2001 cohteredes
3159 1946 3335 2002 eﬂ‘ecti
3357 1945 3472 2016 ejus
3495 1947 3586 2017 qui

2005 2037 2145 2095 dicet
2174 2056 2187 2091 :
2234 2037 2435 2105 Venite,
2464 2037 2751 2104 benedicti;
2774 2039 3020 2110 percipite
3051 2056 3263 2109 regnum
3283 2039 3419 2109 quod
3449 2040 3587 2095 vobis

2004 2139 2245 2201 paratum
2283 2143 2359 2186 est
2392 2131 2455 2186 ab
2497 2131 2695 2203 origine
2734 2133 2915 2187 mundi
2941 2132 3156 2205 (Matth.
3186 2149 3311 2200 xxv,
3343 2132 3455 2203 54).
3484 2133 3585 2189 Do-

2004 2233 2167 2280 nante
2197 2224 2313 2294 ipso
2332 2224 2423 2294 qui
2454 2224 2585 2279 vivit
2628 2231 2685 2278 et
2714 2231 2905 2295 regnat
2932 2224 2986 2279 in
3015 2224 3211 2281 saecula
3239 2225 3584 2293 saeculorum,

2001 2314 2193 2369 Amen.

682 2670 3579 2701 mm

1442 2798 2461 2917 APPENMIX.

851 2989 1373 3071 SERMONES
1428 2985 1825 3065 FAUSTO
1878 2977 2423 3058 RHEGIENSI
2481 2976 3064 3054 ATTRI‘BUTI.

1780 3145 2167 3161 _————‘

928 3258 1255 3315 EPISTULA
1266 3299 1282 3323 ,

541 3371 635 3410 SEU
675 3370 846 3411 εειιιιο
886 3370 949 3407 DE
992 3365 1421 3407 RESURBECTIONB
1462 3364 1660 3405 lOIINI.

379 3451 625 3513 Exsulta,
653 3448 867 3513 uelum,
895 3457 940 3501 ct
983 3449 1034 3501 in
1065 3446 1244 3500 lwtitia
1275 3454 1379 3500 esto
1399 3484 1415 3511 ,
1456 3454 1587 3498 terra
1616 3458 1632 3496 :
1656 3441 1771 3497 dies
1800 3450 1899 3496 .ste

2616 3238 2971 3310 EPISTOLA,

2179 3400 2273 3441 SEU
2317 3397 2530 3438 ιιοιιιιιΑ
2571 3395 2735 3435 SUPER
2776 3393 3108 3433 EVANGELIUX
3147 3392 3424 3434 ΙΙΑΤΤΗΔΞΙ.

301 3543 536 3611 amplius
569 3541 722 3595 nobis
752 3555 816 3594 ex
862 3540 1109 3609 sepulcro
1135 3539 1361 3594 radiavit
1383 3552 1541 3605 quam
1572 3537 1639 3590 de
1667 3535 1781 3591 sole
1809 3550 1896 3591 re-
1924 3504 1971 3568 θ
2073 3523 2301 3581 δίιιιοῑιιε
2337 3520 2665 3590 εναηεοιίεια
2709 3517 2866 3572 docet
2897 3530 2995 3572 “05
3049 3516 3424 3611 Ιὶθθθεείξθξθηι
3467 3515 3587 3573 Ῐη⁰⁶

302 3636 473 3703 fulsit,
500 3644 603 3691 etc.

798 3766 805 3773 .
852 3718 855 3723 ⁴
925 3720 1277 3787 EPISTULA,

388 3832 486 3872 SEU
527 3832 741 3872 BOIIILIA
777 3832 844 3870 DE
883 3829 1119 3870 CORPORE
1161 3830 1226 3867 ET
1265 3826 1528 3867 SANGUINE
1567 3824 1798 3863 CHRISTI.

368 3909 677 3979 Magnitudo
707 3907 1010 3962 caelestium
1059 3903 1449 3961 beneﬁciorum
1479 3901 1754 3972 angustias
1792 3899 1893 3953 bu-

294 4018 471 4061 manm
502 4002 696 4057 mentis
732 4000 978 4068 excedit,
1005 4009 1109 4055 etc.

2008 3619 2109 3687 piae
2140 3616 2454 3680 tolerantes,
2495 3610 2725 3668 subsidii
2776 3624 2936 3665 causa
2973 3609 3444 3689 amicumdcbere
3475 3625 3587 3680 per.

2005 3713 2216 3783 quirere
2233 3753 2249 3779 ,
2286 3720 2394 3766 etc.
3284 3691 3288 3695 ⁴

2076 3804 2211 3876 (tios
2240 3817 2538 3868 sermones,
2570 3801 2615 3855 si
2645 3801 2838 3870 placet,
2868 3798 3063 3870 legcsis
3100 3798 3157 3853 in
3188 3812 3409 3866 operum
3466 3809 3588 3851 san-

2000 3900 2073 3955 cti
2121 3897 2430 3968 Hieronymi
2482 3895 2758 3959 Mentissa,
2814 3903 3013 3948 nostra:
3060 3888 3379 3959 Patrologite
3436 3895 3583 3943 tomo

1998 3990 2181 4057 XXX,
2214 3990 2338 4046 coll.
2373 3989 2513 4056 215,
2546 3988 2647 4043 271
2681 3994 2738 4042 ct
2766 3986 2920 4055 276.)

314 4120 3588 4202 W

1314 4300 1480 4347 ANNO
1525 4300 1749 4344 DOMINI
1795 4298 2237 4343 αοεειχχιιιιο
2249 4296 2560 4342 00001011.

918 4435 1196 4735 s.
1303 4432 1898 4833 F121

2000 4431 2394 4829 [Χ
2494 4427 2984 4721 111.

1479 4939 2358 5014 PBOLEGOMENA.

811 5201 921 5272 (Ex
952 5199 1117 5257 Guill.
1146 5199 1343 5269 Cave.)
1450 5272 1453 5275 ν

356 5297 546 5363 Felix,
587 5296 793 5352 natione
830 5293 1095 5349 Romanus
1118 5332 1136 5359 ,
1179 5289 1371 5346 Felicis
1401 5288 1681 5362 presbyteri
1718 5289 1883 5357 ﬁlius,

282 5407 422 5447 anno
460 5389 599 5448 485.
630 5388 714 5442 die
754 5385 822 5442 1'5
852 5384 1126 5439 Februarii
1165 5382 1412 5437 Romanis
1450 5381 1585 5436 sedis
1612 5379 1887 5449 pontiﬁca-

286 5496 395 5541 tum
420 5483 633 5553 adeptus
658 5488 755 5536 est.
784 5478 1074 5550 Episcopus
1100 5476 1287 5547 fartus,
1310 5473 1530 5527 Zenonis
1556 5472 1682 5540 imp.
1712 5469 1890 5524 Henc-

283 5579 426 5632 ticon
454 5591 588 5629 anno
614 5572 875 5645 superiore
898 5570 1090 5624 editum
1114 5567 1288 5623 statim
1319 5573 1490 5637 aperte
1517 5563 1715 5638 rejecit.
1758 5560 1890 5615 Aca-

285 5671 422 5725 cium
455 5667 564 5723 CP.
600 5665 744 5720 Petri
773 5664 954 5737 Mongi
979 5660 1325 5718 communioni
1351 5657 1641 5714 renuntiare
1669 5671 1886 5711 renuen-

284 5773 385 5818 tem
421 5763 586 5817 missis
611 5760 835 5829 undique
863 5757 1043 5813 litteris
1080 5753 1395 5825 exagitavit;
1442 5750 1563 5821 quin
1592 5758 1640 5804 et
1680 5748 1885 5801 tandem

286 5871 419 5912 anno
448 5855 552 5913 εει
582 5853 904 5911 anathemate
932 5849 1201 5925 percussit.
1252 5846 1449 5931 Eodem
1488 5859 1624 5901 anno
1667 5841 1881 5898 Petrum

1904 5197 1959 5257 D
1986 5192 2282 5257 Fullonem,
2313 5188 2450 5243 sedis
2480 5183 2815 5239 Antiocheam
2844 5181 3127 5235 inuaserem
3156 5187 3202 5231 et
3235 5176 3399 5231 Deum
3424 5174 3589 5229 cruci-

1994 5286 2153 5355 ﬁxum
2181 5299 2287 5337 esse
2331 5281 2595 5334 docentem
2620 5321 2634 5345 ,
2679 5274 2853 5329 habita
2899 5269 3191 5325 Rontaz'h‘l
3238 5268 3588 5340 episcoporum

1993 5377 2192 5449 synodo
2218 5374 2496 5429 denarravit.
2533 5369 2615 5424 Ad
2657 5369 2926 5422 clariorem
2955 5364 3167 5433 hujusce
3194 5363 3266 5416 rei
3296 5360 3587 5432 intelligen-

1998 5471 2120 5523 tiam
2149 5466 2431 5521 notandum
2480 5471 2552 5517 est
2573 5500 2591 5528 ,
2622 5458 2864 5523 Petrum,
2898 5465 3007 5511 arte
3054 5453 3304 5525 fullonem
3330 5497 3343 5522 ,
3377 5451 3588 5507 emnobii

1997 5558 2355 5615 Acmmetensis
2407 5550 2860 5620 monachum,‘ob
2905 5546 3314 5618 Eutychianismi
3361 5544 3587 5599 studium

1997 5652 2178 5709 exinde
2225 5649 2467 5721 pulsum,
2536 5662 2655 5700 mox
2706 5643 2767 5701 S.
2813 5642 2989 5697 Bassw
3031 5640 3171 5711 apud
3219 5636 3589 5694 Chalcedonem

1994 5744 2363 5817 presbyterum,
2394 5755 2528 5794 anno
2555 5738 2652 5794 471
2687 5736 2906 5793 Zenonis
2936 5735 3108 5806 favore
3139 5730 3439 5795 subnixum,
3480 5745 3589 5781 ma-

1994 5856 2119 5910 gnas
2152 5836 2434 5893 Antiochia:
2470 5834 2640 5892 turbas
2682 5834 2931 5890 excitasse
2951 5871 2965 5898 ,
3008 5844 3068 5883 ac
3094 5827 3135 5882 Τ
3144 5823 3586 5897 heopaschitarum

3878 6248 4009 6277 μ
