4090 6330
216 313 318 371 893

1414 318 1767 377 EPISTOLE
1808 320 1894 375 ET
1936 321 2263 383 DECRETA.

3373 337 3479 399 89‘

216 433 452 505 sbytero,
468 433 712 525 deititulo
738 434 993 500 Fasciola,
1017 444 1043 473 τι
1066 435 1206 492 sedit
1228 450 1397 491 annos
1420 436 1792 502 octo,'menses
1820 438 1872 500 Α
1898 436 2247 495 'lleracleam
2267 440 2400 512 [lege
2418 442 2981 520 Constantinopolim],
2997 451 3236 523 corrupti
3253 462 3374 509 sunt
3393 469 3487 525 pc-

217 524 486 592 undecitn,
526 524 645 581 dies
682 526 697 558 ⁸
739 526 1062 583 octodecim.
1096 527 1192 583 Hie
1243 526 1271 567 ι)
1318 526 1417 583 fuit
1470 529 1798 598 temporibus

216 618 470 674 Odoacris
493 620 655 689 regis,
688 634 856 690 usque
890 620 959 675 ad
995 628 1234 690 tempora
1268 620 1587 676 Tbeodoriei
1635 618 1796 690 regis.

216 712 312 767 llic
354 712 481 767 fecit
527 711 798 767 basilicam
856 715 1023 772 sancti
1067 714 1289 784 Agapeti
1326 715 1476 785 juxta
1523 714 1796 770 basilicam

213 802 382 859 sancti
410 802 683 859 Laurentii
718 804 987 876 martyris.
1017 805 1130 861 Sub
1167 804 1328 877 huius
1353 807 1663 876 episcopatu
1699 810 1797 863 ite-

213 912 332 955 rum
354 898 498 954 venit
518 898 704 953 relatio
725 898 794 953 de
813 898 1019 955 Graecia
1043 898 1172 971 [lege
1193 914 1221 953 a
1246 908 1395 969 parte
1419 898 1794 972 Grmeiarunt],

212 992 431 1050 Petrum
462 992 880 1049 Alexandrinum
912 1002 1218 1049 revocatum
1245 993 1452 1066 [supple
1470 995 1537 1050 ad
1560 1008 1800 1051 commu-

211 1086 451 1159 nionem]
480 1086 549 1141 ab
578 1086 774 1142 Acacio
805 1084 1421 1156 ConstantinOpolitano.
1451 1087 1600 1143 Tunc
1630 1096 1797 1145 vene-

210 1181 397 1237 rabilis
434 1180 586 1236 Felix
630 1181 1063 1252 archiepiscopus
1108 1180 1258 1237 sedis
1296 1182 1609 1251 apostolica
1651 1183 1799 1239 urbis

209 1274 417 1341 Romae,
450 1276 670 1331 mittens
704 1274 1043 1330 defensorem
1088 1290 1210 1333 cum
1248 1276 1477 1332 concilio
1509 1277 1653 1333 sedis
1688 1292 1800 1334 sum

207 1367 346 1443 [lege
371 1382 442 1423 es
464 1368 757 1423 constituto
784 1368 977 1438 synodi
1020 1368 1165 1423 sedis
1194 1368 1348 1440 suae],
1381 1367 1522 1424 facto
1546 1369 1796 1436 concilio,

206 1459 482 1515 damnavit
506 1458 759 1515 Acacium
789 1475 913 1515 cum
946 1460 1126 1528 Petco.
1163 1470 1185 1499 ο
1210 1461 1339 1517 Post
1363 1476 1533 1517 annos
1563 1471 1673 1521 tres
1700 1464 1797 1521 ite«

207 1568 330 1609 rum
362 1551 503 1607 venit
533 1550 726 1608 relatio
745 1552 814 1607 ab
835 1552 1160 1622 imperatore
1186 1553 1421 1619 Zenone,
1446 1564 1504 1609 ut
1534 1555 1798 1625 paenitens

204 1644 412 1701 rediret
440 1644 687 1699 Aeacius.
720 1644 871 1700 Tune
900 1659 1035 1714 papa
1063 1644 1209 1702 Felix
1240 1644 1441 1717 [supple
1470 1646 1596 1702 fecit
1616 1646 1801 1703 conci-

202 1736 339 1795 Hum
367 1744 421 1793 et
435 1750 502 1793 ex
526 1735 816 1809 consensu]
848 1737 994 1791 misit
1030 1737 1165 1792 duos
1193 1736 1494 1807 episcOpos,
1534 1739 1795 1796 Misenum

1900 530 2057 586 eunia
2087 532 2206 588 data
2239 540 2582 609 suprascripti
2612 541 2872 612 episcopi,
2899 550 2956 598 et
2986 558 3091 601 non
3119 544 3360 603 fecerunt
3402 561 3490 605 se—

1899 624 2129 681 cundum
2159 639 2487 699 praeceptum
2510 636 2819 702 apostolicis
2842 636 3013 692 sedis.
3044 637 3338 695 Venientes
3355 656 3487 697 vero

1902 716 2125 773 Romam
2165 718 2232 773 ad
2288 720 2468 776 sedem
2510 727 2878 795 apostolicam,
2911 728 2933 761 ³
2977 731 3302 787 venerabilis
3336 731 3489 789 Felix

1902 824 2036 879 papa
2064 809 2190 866 fecit
2214 811 2512 882 synodum:
2537 824 2593 869 et
2619 814 2754 872 facta
2781 818 3118 878 discussione
3147 821 3279 895 [lege
3302 824 3489 879 conci-

1903 904 2052 971 lium,
2083 916 2136 961 et
2160 908 2559 965 examinatione
2586 909 2725 966 facta
2754 912 2806 966 in
2835 915 3086 987 concilio]
3132 916 3337 972 invenit
3366 931 3486 972 am-

1902 998 1999 1054 bos
2025 999 2305 1071 episcopos
2327 1000 2406 1071 (id
2433 1010 2538 1067 est,
2570 1000 2830 1059 Misenum
2874 1014 2930 1060 et
2972 1006 3221 1078 Vitalcm)
3257 1021 3399 1073 reos,
3434 1015 3491 1064 et

1899 1092 2058 1164 ejeeit
2085 1109 2179 1150 eos
2212 1109 2243 1149 a
2274 1095 2675 1151 communione.
2717 1096 2871 1152 Tunc
2918 1098 3152 1155 Misenus
3199 1102 3487 1170 episcopus

1902 1200 2009 1243 non
2034 1203 2095 1244 se
2115 1189 2277 1244 tacuit
2306 1199 2616 1260 corruptum
2638 1192 2895 1262 pecunia;
2919 1193 3007 1247 cui
3044 1194 3330 1249 concilium
3352 1208 3483 1251 coti-

1900 1282 2062 1337 cessit
2094 1291 2302 1351 tempus
2340 1283 2689 1352 pmnitentise.
2738 1283 2851 1339 Hoc
2891 1283 3090 1339 factum
3131 1294 3216 1341 est
3250 1295 3489 1356 tempore

1901 1374 2157 1431 Odoacris
2184 1375 2348 1446 regis.
2386 1376 2482 1431 llic
2525 1374 2649 1430 fecit
2684 1375 3053 1432 ordinationes
3077 1375 3209 1431 duas
3256 1375 3311 1431 in
3359 1377 3491 1432 urbe

1904 1464 2075 1521 Roma
2102 1481 2198 1534 per
2228 1480 2468 1522 mensem
2499 1466 2877 1533 Decembrem,
2921 1466 3268 1537 presbyteros
3303 1466 3491 1537 vig'mti

1901 1568 2045 1625 octo,
2087 1558 2344 1615 diaconos
2381 1558 2639 1629 quinque,
2675 1559 2957 1630 episcopos
3002 1574 3099 1629 per
3128 1559 3339 1615 diversa
3374 1560 3490 1614 loca

1900 1650 2120 1721 triginta
2144 1666 2329 1706 unum.
2357 1649 2457 1706 Hic
2479 1651 2724 1721 sepultus
2746 1660 2829 1707 est
2858 1652 2910 1708 in
2937 1651 3157 1707 basilica
3174 1652 3314 1707 beati
3341 1652 3490 1707 Pauli

1900 1742 2148 1815 apostoli.
2201 1743 2269 1798 Et
2306 1744 2539 1800 cessavit
2585 1744 2923 1814 episcopatus
2961 1743 3081 1800 dies
3108 1744 3367 1814 quinque.
3416 1743 3486 1799 Et

203 1835 265 1884 et
306 1828 553 1897 Vilalem,
590 1838 649 1883 ιιι
691 1828 736 1885 si
785 1829 1091 1885 invenirem
1123 1829 1441 1900 complicem
1479 1831 1621 1887 Petri
1661 1832 1798 1895 Aca-
1830 1834 1876 1895 B
1905 1848 2025 1909 post
2052 1838 2334 1895 transitum
2361 1839 2481 1909 eius
2517 1840 2714 1895 factum
2741 1847 2825 1895 est
2851 1854 2880 1894 a
2922 1838 3252 1910 presbyteris
3283 1845 3342 1895 et
3376 1836 3490 1893 dia-

201 1921 376 1987 cium,
404 1921 595 1977 iterum
626 1921 944 1978 damnarent
970 1937 1095 1989 eos;
1127 1923 1173 1979 si
1207 1938 1335 1988 non,
1358 1923 1615 1981 olferrent
1645 1925 1798 1981 libel-

200 2015 316 2072 ltzm
354 2015 704 2085 pmuitentire.
751 2016 853 2083 Qui
917 2016 1045 2072 dum
1085 2017 1398 2073 introissent
1443 2018 1495 2073 in
1529 2018 1801 2077 civitatem

277 2176 305 2205 α
334 2167 503 2222 Annis
544 2167 793 2222 nimirum
831 2184 1045 2237 novem,
1084 2172 1257 2226 minus
1307 2173 1373 2226 I2
1404 2170 1609 2226 diebus.
1648 2172 1792 2227 Obiit

198 2239 348 2295 enim
377 2255 409 2293 ν
434 2240 641 2312 calend.
674 2240 1043 2312 Martii,ianno
1072 2241 1448 2312 Redemptoris
1476 2245 1639 2296 nostri
1664 2243 1796 2299 492.

198 2312 383 2377 Quare
410 2312 454 2364 si
478 2312 544 2382 ad
571 2309 781 2365 initium
805 2321 861 2366 et
887 2311 1028 2366 hunc
1057 2314 1219 2368 linem
1241 2309 1580 2382 pontificatus
1605 2315 1795 2370 adver-

197 2389 367 2506 ξων,
400 2380 685 2451 ρτωόἱαυθ
712 2397 976 2438 annorum
1009 2380 1265 2441 numerus
1308 2385 1629 2455 reperietur.
1664 2385 1790 2441 Ssv.

241 2466 406 2506 tatus.

241 2466 406 2508 INIUS.

276 2522 303 2560 ι)
333 2521 575 2597 odoacer
616 2537 711 2578 rex
756 2524 1074 2579 Herulorum
1107 2539 1135 2579 a
1167 2525 1480 2597 Nepotianis
1526 2527 1579 2581 in
1612 2529 1789 2583 odium

193 2594 430 2668 Orestis,
470 2595 559 2664 qui
603 2598 953 2668 Augustulum
1003 2598 1167 2651 tilium
1214 2594 1368 2653 suum
1411 2600 1793 2668 imperatorem

194 2663 587 2735 appellaverat.
646 2663 705 2722 in
754 2667 954 2722 Italiam
988 2678 1227 2735 vocatus,
1276 2663 1696 2725 occisis'Oreste
1740 2680 1796 2725 et

193 2737 369 2810 fratre
398 2739 514 2805 ejus
541 2737 726 2810 Paulu,
754 2740 988 2810 relegato
1014 2737 1070 2792 in
1097 2738 1439 2810 Campaniam
1474 2742 1791 2810 Augustulo,

192 2808 523 2878 sublatoque
546 2808 875 2863 Occidentali
903 2809 1150 2875 imperio,
1185 2809 1357 2863 factus
1384 2818 1465 2862 est
1505 2808 1595 2864 res
1628 2811 1793 2864 Italia:

192 2892 349 2933 anno
379 2877 592 2932 Domini
628 2879 752 2945 476,
783 2879 922 2934 sicut
948 2880 1025 2933 illi
1068 2889 1285 2934 sanctus
1314 2881 1611 2934 Severinus
1639 2881 1795 2934 Nori-

190 2964 388 3006 corum
415 2949 714 3018 apostolus,
740 2951 1021 3006 sanctitate
1042 2959 1098 3005 et
1137 2951 1408 3006 miraculis
1436 2951 1792 3017 clarissimus,

194 3020 818 3103 Iuturum_pra:d_ia:erat,
850 3022 978 3103 dum
1015 3022 1082 3074 ab
1111 3021 1354 3103 Odoacre
1382 3021 1653 3103 vilissimis
1680 3022 1790 3103 pel-

192 3092 339 3146 libus
371 3091 557 3144 induto
585 3092 908 3146 visitaretur.
940 3091 1201 3160 Regnavit
1230 3094 1277 3145 in
1305 3092 1446 3146 Italia
1464 3092 1620 3163 juxta
1643 3091 1794 3163 ejus-

189 3164 325 3217 dem
365 3164 537 3217 sancti
568 3163 811 3219 Severini
842 3164 1146 3217 vaticinium
1170 3163 1328 3219 annis
1357 3162 1613 3218 tredecim
1657 3162 1793 3219 Inte-

190 3236 313 3304 gris
342 3242 397 3305 et
420 3234 702 3300 absolutis,
740 3243 900 3301 atque
937 3250 967 3289 a
1016 3249 1270 3304 purpura,
1322 3233 1592 3305 regalibus
1641 3236 1795 3290 indu-

192 3304 425 3375 mentis,
470 3314 524 3359 et
567 3321 599 3360 a
625 3306 855 3361 nomine
911 3307 1253 3375 imperatoris
1295 3304 1594 3361 abstinuit:
1628 3306 1703 3362 ita
1737 3316 1791 3361 ut

192 3373 505 3447 Romanum
539 3376 822 3446 imperium
857 3378 907 3431 in
940 3373 1179 3447 Augusto
1224 3377 1552 3441 inchoatum,
1594 3380 1646 3432 in
1682 3381 1789 3433 Att-

188 3456 378 3521 gustu,
407 3446 496 3514 qui
528 3461 623 3521 per
643 3458 1011 3521 contemptum
1036 3446 1372 3517 Augustulus
1402 3448 1703 3521 dicebatur,
1737 3449 1786 3503 in
1820 3458 1865 3521 (ζ

186 3517 494 3572 Occidente
519 3516 793 3573 defecerit.
827 3519 919 3572 Hic
939 3516 1200 3583 Odoacer,
1226 3519 1617 3587 quantumlibet
1640 3520 1791 3573 Aria-

188 3603 306 3643 nus
327 3593 491 3657 esset,
535 3587 737 3657 nullum
766 3589 906 3656 quod
947 3589 1164 3657 dignum
1200 3598 1283 3643 est
1327 3590 1588 3644 memoria
1632 3591 1793 3645 rebus

187 3656 374 3728 sacris
406 3656 673 3728 negotium
710 3656 869 3728 fecit:
901 3656 1114 3713 conanti
1141 3674 1267 3713 vero
1308 3659 1385 3711 illi
1420 3670 1601 3728 postea
1643 3661 1794 3714 Aria-

188 3726 438 3800 nismum
461 3726 512 3779 in
537 3726 968 3800 llrbemiuferre,
990 3728 1236 3800 Gelasius
1255 3743 1386 3799 papa
1409 3726 1600 3800 magno
1615 3730 1795 3784 animo

184 3797 421 3868 restitit,
452 3806 514 3868 ut
544 3797 679 3850 intra
717 3798 979 3853 dicemus.
1012 3799 1263 3853 Craterum
1301 3797 1413 3863 iste,
1453 3797 1625 3868 inquit
1652 3800 1794 3853 Eva-

184 3867 352 3941 grius
373 3868 426 3927 in
448 3866 561 3925 Vita
591 3870 761 3924 sancti
784 3870 1047 3937 Severini,
1069 3872 1261 3940 potitus
1277 3873 1393 3943 jam
1414 3866 1595 3937 Italia,
1619 3882 1794 3926 sancto

269 4004 293 4036 ⁸
322 4001 454 4058 Cod.
491 4002 749 4059 Lucensis
778 4006 901 4070 490,
931 4006 1089 4061 XVII.

270 4077 293 4105 '
326 4074 470 4129 Idem
497 4075 644 4143 cod.,
671 4075 1185 4147 Constantinopolim.

1905 1930 2128 1986 canibus
2158 1931 2507 1987 constitutum
2536 1932 2604 1987 de
2629 1932 2775 1988 omni
2806 1930 3073 1988 Ecclesia.

1906 2176 2147 2249 Set-crine
2180 2177 2465 2248 familiares
2508 2180 2699 2232 litteras
2720 2179 2929 2249 direxit,
2956 2194 3141 2249 rogans
3168 2186 3221 2231 ut
3242 2176 3490 2248 quidquid

1899 2246 1960 2299 ab
1981 2264 2038 2300 co
2056 2246 2215 2310 vellet,
2237 2258 2458 2318 peteret:
2485 2265 2673 2302 memor
2688 2248 2829 2302 illius
2841 2246 3077 2318 prwsagii
3090 2265 3189 2316 quo
3201 2246 3314 2301 eum
3329 2246 3491 2318 quam

1899 2320 2020 2371 dans
2057 2320 2363 2385 prtedizerat
2404 2328 2755 2387 regnaturum.
2790 2320 2985 2385 Quibus
3022 2320 3212 2372 sanctis
3252 2319 3490 2387 alloquiis

1898 2389 2157 2453 inuitatus,
2179 2391 2499 2444 Ambrosium
2517 2388 2787 2456 quemdam
2800 2390 2983 2443 exsilio
3000 2391 3303 2443 damnatum
3318 2389 3335 2458 (
3344 2390 3489 2444 illum

1898 2460 1988 2529 qui
2022 2460 2346 2515 Britanniam
2377 2476 2405 2513 a
2438 2461 2677 2516 barbaris
2699 2475 3009 2529 oppressam
3041 2459 3308 2527 liberavit)
3343 2463 3491 2519 iussit

1899 2528 2108 2583 absolvi.
2170 2532 2421 2585 Testatur
2472 2528 2745 2585 Ennotlius
2784 2530 3042 2584 diaconus
3091 2528 3388 2583 Ticinensis
3438 2531 3488 2585 in

1902 2599 2018 2654 Vita
2055 2602 2223 2657 sancti
2272 2602 2553 2669 l-inplianii
2600 2601 2841 2670 episcopi
2886 2600 3186 2654 Ticinensis
3230 2601 3478 2654 eumdem

1899 2671 2252 2740 Epiphaniam
2288 2674 2506 2739 petiisse
2537 2687 2636 2740 pro
2662 2674 2772 2726 suis
2803 2670 3014 2726 civibus
3055 2671 3481 2740 quinquennium

1901 2742 2243 2809 indulgentia
2273 2744 2613 2805 tributurum,
2647 2756 2766 2812 qua:
2788 2741 3004 2796 Orestes
3036 2743 3306 2812 tyrannici
3334 2750 3484 2811 pote-

1899 2822 2036 2866 state
2071 2813 2427 2881 imposuerat,
2469 2813 2641 2881 ipsum
2668 2811 2751 2865 ue
2773 2826 2891 2879 qua!
2934 2812 3000 2863 ab
3027 2811 3215 2864 eodem
3246 2812 3487 2867 Otloacre

1900 2885 2123 2935 petierat
2168 2884 2501 2935 imnetrasse.
2549 2886 2583 2934 A
2642 2828 2981 2935 gltcodorico
3039 2880 3484 2935 Ostroanthorurn

1900 2885 2123 2949 petierat
2152 2880 2501 2950 impetrasse.
2549 2886 2583 2934 A
2642 2880 2981 2936 Theoderico
3039 2880 3484 2951 Ostrogothorum

1900 2968 2023 3022 rege
2067 2968 2208 3008 anno
2257 2954 2402 3021 regni
2451 2956 2531 3008 sui
2583 2953 2749 3009 Italici
2800 2954 2863 3007 14
2910 2951 3122 3021 fugatus
3168 2962 3224 3007 et
3264 2952 3489 3008 Verm

1899 3026 2070 3081 victus
2117 3033 2223 3080 est.
2273 3024 2454 3079 Tertio
2505 3024 2798 3080 certamine
2856 3033 3137 3092 superatus
3196 3023 3483 3092 Ravennae,

1900 3096 2191 3159 proditoris
2219 3094 2413 3149 ibidem
2445 3096 2655 3151 occisus
2678 3103 2780 3156 est,
2814 3110 2952 3147 anno
2976 3093 3189 3150 Domini
3218 3092 3340 3148 495.
3366 3092 3489 3148 Post

1868 3232 1871 3233 ν
1900 3165 2015 3237 lucc
2044 3176 2284 3235 tempora
2319 3166 2465 3220 Italia
2498 3164 2945 3236 Ostrogotborum
2972 3164 3190 3237 regibus
3222 3163 3397 3234 paruit
3427 3172 3485 3218 ut

1897 3236 2035 3291 infra
2067 3238 2326 3292 dicemus.
2359 3240 2487 3292 δεῖν.
2519 3238 2722 3292 ΒιΜυε.

1968 3308 2045 3363 De
2071 3308 2301 3365 Zenonis
2328 3308 2474 3362 obitu
2507 3307 2644 3364 infra
2674 3307 2916 3363 dicemus
2948 3306 3003 3363 in
3027 3305 3176 3363 notis
3206 3305 3274 3362 ad
3310 3307 3476 3362 vitam

1901 3377 2124 3435 Gelasii.
2159 3380 2286 3434 Stav.
2315 3379 2515 3434 limus.

1973 3461 1994 3490 ο
2025 3451 2247 3505 Constat
2274 3450 2408 3505 infra
2441 3466 2506 3505 ex
2530 3449 2753 3520 epistola
2797 3449 2830 3504 6
2875 3445 3086 3512 Felicis,
3111 3462 3212 3520 qua
3244 3447 3487 3520 continef

1898 3530 1986 3576 tur
2031 3524 2296 3576 sententia
2341 3524 2391 3576 in
2440 3518 2695 3576 Acacium
2734 3520 2859 3582 lata,
2898 3530 2953 3573 et
2981 3533 3048 3573 ex
3091 3518 3234 3573 notis
3278 3518 3490 3573 concilii

1899 3592 2127 3647 Romani
2162 3593 2314 3660 primi
2344 3604 2399 3648 et
2436 3592 2654 3646 secundi
2694 3593 2794 3646 sub
2826 3590 3003 3645 Felice
3035 3589 3193 3660 infra,
3237 3588 3335 3643 bos
3362 3597 3487 3643 ante

1900 3659 2300 3717 damnatiOncm
2359 3662 2538 3716 Acacii
2590 3661 2871 3730 deputatos
2923 3670 2977 3713 et
3021 3659 3485 3730 ablegatosesse.

1865 3732 2114 3785 'Falsum
2156 3742 2238 3784 est
2283 3732 2458 3800 igitur,
2520 3728 2674 3801 quod
2698 3730 2949 3801 scribitur
2982 3729 3091 3801 hic,
3134 3742 3228 3801 eos
3257 3728 3489 3801 triennio

1899 3811 2024 3872 post
2067 3802 2376 3856 damnatum
2426 3799 2677 3856 Acacium
2714 3799 3235 3867 Constantinopolim
3294 3800 3490 3853 missos

1902 3875 2085 3928 fuisse.
2111 3873 2237 3927 Ssv.
2274 3873 2473 3928 Brutus.

1978 4007 1999 4039 '
2031 4008 2177 4091 Idem
2206 4008 2352 4091 cod.,
2382 4004 2528 4091 Fecit
2566 4023 2701 4080 papa
2732 4005 2885 4062 Felix
2924 4005 3217 4073 concilium,
3256 4014 3304 4059 et
3354 4006 3490 4074 facta

1897 4089 2274 4134 examinatione
2302 4089 2512 4133 invenit.

663 4374 722 4423 ηπ
1017 4273 1720 4514 ~gnarurs

1895 4325 2350 4437 ’ΔΡΕ
2432 4323 2651 4434 III

613 4526 1647 4683 EPISTOLZE
1741 4529 1986 4673 ET
2088 4528 3074 4675 DECRETA.

627 4877 650 4906 ⁸
680 4868 1010 4927 EPISTULA
1050 4868 1258 4931 PRIMA
1273 4908 1285 4923 .

180 4964 209 5003 δ
246 4977 458 5017 τειιοιε
484 4976 631 5016 ΡΔΡΕ
673 4977 730 5017 ιιι
760 4978 826 5016 ΔΙ)
857 4975 1085 5015 Αελαιωι
1109 4974 1791 5029 (ΞΟΝΒΤΑΝΤΙΝΟΡΟΜΪΑΝΙῚΙ.

184 5056 361 5125 Οράι
393 5062 571 5108 sancta
597 5054 824 5124 synodus
869 5052 1104 5125 Romana
1131 5059 1187 5105 ut
1225 5051 1798 5125 Zeuouertrimperato-

260 5142 373 5181 rem
402 5123 721 5180 inducat’ad
758 5123 1129 5180 emendandum
1160 5123 1338 5178 sedulo
1368 5123 1539 5177 studio
1578 5138 1637 5177 ea
1686 5137 1799 5191 qius

262 5297 291 5325 ι
322 5286 447 5342 Haec
476 5286 699 5355 epistola
728 5294 807 5343 est
848 5286 937 5342 illa
976 5287 1233 5357 synodica
1258 5301 1419 5357 quam
1455 5287 1641 5341 Patres
1669 5299 1790 5341 can-

178 5359 301 5415 cilii
331 5357 557 5413 Romani
586 5372 617 5412 a
647 5357 828 5413 Felice
856 5359 1109 5427 pontifice
1136 5358 1202 5412 ad
1231 5358 1485 5414 Acacium
1516 5358 1788 5411 transmit-

185 5432 413 5486 tendum
458 5444 579 5484 esse
623 5437 970 5484 censuerunt.
998 5429 1112 5495 Qua
1158 5428 1226 5483 dc
1272 5445 1333 5484 re
1379 5428 1514 5483 infra
1560 5430 1611 5481 iu
1645 5430 1788 5482 notis

179 5501 443 5571 ejusdem
494 5499 729 5555 concilii.
760 5499 1048 5571 illactenus
1096 5514 1359 5569 nusquam
1406 5500 1549 5554 edita
1576 5539 1614 5571 ,Α
1646 5514 1787 5553 uuuc

182 5569 432 5643 primum
451 5586 483 5626 e
495 5570 858 5642 penetralibus
881 5571 1217 5643 bibliothecae
1233 5572 1457 5626 Baronia
1466 5585 1545 5623 me
1569 5569 1790 5639 ejusque

180 5642 497 5702 Annalibus
523 5644 575 5698 in
594 5644 763 5697 lucem
787 5643 1066 5696 emittitur.
1086 5642 1275 5697 Exstat
1297 5644 1348 5697 in
1373 5648 1677 5711 pervetusto
1700 5656 1791 5695 co-

180 5716 319 5770 dice
358 5713 735 5769 Cresconiantu
773 5713 1123 5768 collectionis.
1172 5714 1421 5782 Hujusct
1452 5714 1786 5780 sequentium

177 5784 547 5859 epistolarum
592 5800 619 5838 a
668 5783 846 5839 Felice
890 5784 1204 5855 scriptarum
1257 5786 1498 5841 meminit
1530 5784 1787 5855 Evagrius

1814 4873 1869 4935 1)
1963 4865 2061 4921 adu
2071 4882 2213 4923 ersus
2234 4865 2542 4921 catholicam
2565 4866 2717 4937 ﬁdem
2742 4866 2985 4925 hactenus
3004 4882 3267 4941 perperam
3286 4868 3488 4943 egisset.

1976 4980 2169 5036 Felicis
2194 4980 2260 5063 ad
2285 4981 2535 5036 Acacium
2558 4980 2869 5052 episcopum
2896 4992 2918 5021 ο
2946 4998 3039 5052 per
3054 4982 3283 5038 Vitalem
3312 4992 3366 5039 et
3393 4985 3489 5040 Mi-

1906 5067 2095 5109 senum
2122 5067 2427 5124 cpisc0pos.

1981 5123 2266 5195 Postquam
2308 5132 2509 5182 sanctae
2562 5125 2837 5183 memoria:
2876 5125 3163 5184 decessore
3205 5140 3329 5183 meo
3358 5141 3490 5197 papa

1904 5287 1998 5341 lib.
2034 5304 2109 5354 III,
2144 5304 2261 5358 cap.
2303 5289 2387 5353 I8,
2424 5289 2489 5345 I9
2518 5296 2573 5343 et
2600 5288 2689 5343 25.
2722 5289 2849 5343 Item
2881 5286 3161 5342 Liberatus
3204 5285 3257 5341 in
3289 5285 3490 5341 brevia-

1898 5360 1982 5412 rio
2007 5374 2126 5429 cap.
2161 5362 2244 5416 l8.
2279 5360 2406 5415 Ssv.
2438 5361 2637 5415 BINIUS.

1970 5430 1993 5468 δ
2020 5428 2087 5483 lu
2106 5433 2336 5501 allegato
2363 5432 2556 5502 codice
2574 5432 2686 5485 Iirec
2716 5430 2997 5502 inscriptio
3027 5430 3110 5485 Itis
3133 5428 3327 5487 litteris
3358 5441 3489 5496 pra»

1897 5502 2099 5569 figitur.
2129 5500 2255 5558 Ssv.
2290 5505 2491 5557 Brutus.
2552 5500 2557 5507 ’

1926 5618 1927 5621 η
1974 5585 1994 5611 ο
2038 5573 2273 5641 Quarum
2326 5576 2597 5628 civitatum
2652 5573 2888 5643 episc0pi
2938 5574 2989 5627 hi
3037 5572 3199 5644 legati
3249 5570 3485 5644 fuerint,

1903 5658 2161 5716 nusquam
2208 5647 2347 5713 apud
2382 5646 2612 5713 aliquem
2647 5644 2959 5701 historicum
2985 5642 3301 5716 expressum
3333 5642 3486 5716 inve.

1899 5715 2060 5769 nitur.
2105 5715 2181 5770 De
2211 5717 2411 5771 Miseno
2441 5725 2658 5779 tantum,
2689 5717 2858 5786 inquit
2901 5715 3180 5783 Barouius,
3212 5718 3266 5770 in
3294 5715 3484 5767 consti-

1848 5834 1851 5839 .
1898 5795 2007 5842 tuto
2044 5787 2221 5857 Vigilii
2254 5788 2473 5842 Romani
2501 5788 2759 5857 pontiﬁcis
2787 5789 2849 5843 de
2880 5789 3037 5844 tribus
3076 5788 3312 5854 capitulis
3342 5800 3484 5855 repe-
