4090 6330
22 4316 23 4335 l

22 4346 23 4369 ι

22 4710 27 4833 !

22 4838 27 4943 ἓ

22 4960 29 5005 l

22 5014 29 5119 ἓ

22 5122 29 5171 l

22 5176 29 5413 ἰ

22 5422 25 5445 ι

22 5454 29 5477 ξι

657 402 763 463 ωε
1989 392 2246 453 FELICIS
2282 394 2489 454 mea:
2528 397 2615 454 ιιι.
3158 419 3180 437 -·
3230 412 3239 435 τ
3342 414 3345 417 -
3836 414 3926 473 δρα

655 509 1010 584 Simpliciode
1021 496 1312 566 vitascursu
1323 520 1557 578 superna
1576 505 1936 577 praeceptione
1953 506 2241 577 migrante,
2270 509 2325 573 Α
2349 510 2591 578 corporis
2603 509 2796 566 Christi
2822 518 3123 570 monstrare
3151 529 3259 571 non
3275 516 3467 586 possis,
3493 519 3597 575 nisi
3623 520 3919 583 nullatenus

652 607 933 664 ministerii
954 604 1096 676 quod
1132 603 1349 675 regebat
1387 602 1454 658 ad
1494 616 1632 657 meae
1659 600 1971 657 humilitatis
2000 601 2233 656 ofﬁcium

648 700 1010 771 gubernacula
1048 704 1445 769 pervenerunt;
1478 698 1532 752 in
1562 698 1801 753 diversas
1828 697 2094 767 generalis
2134 696 2238 752 Ec-

647 793 833 850 clesia:
857 807 1015 849 curas
1040 833 1055 859 ,
1088 807 1221 863 quas
1252 791 1450 862 ubique
1480 799 1741 846 terrarum
1776 792 1985 847 eunetis
2028 790 2237 862 populis

647 888 987 959 Christianis,
1015 888 1210 945 summi
1236 888 1472 959 pastoris
1489 901 1624 942 voce
1652 885 1959 955 delegante,
1987 884 2237 940 beatissi-

647 978 768 1041 mus
795 982 989 1039 Petrus
1028 982 1306 1053 apostolus
1345 981 1595 1052 pervigili
1625 979 1993 1036 moderatione
2020 979 2239 1050 dispen-

645 1084 762 1143 sat,
790 1076 1044 1132 continuo
1079 1089 1165 1131 me
1192 1074 1501 1131 sollicitudo
1529 1074 1782 1137 maxima,
1802 1087 1921 1140 quae
1950 1082 2005 1127 et
2034 1072 2238 1143 praede-

644 1184 917 1227 cessorem
952 1186 1131 1227 meum
1159 1170 1493 1226 incessanter
1520 1170 1767 1238 urgebat,
1790 1176 1896 1222 tam
1922 1166 2240 1222 Alexandri-

647 1279 733 1319 me
762 1264 931 1328 urbis,
957 1278 1116 1334 quam
1134 1272 1304 1318 status
1337 1260 1456 1317 fidei
1490 1261 1651 1316 totius
1681 1259 1968 1315 Orientalis
2000 1258 2238 1329 regionis

643 1358 882 1428 excepit.
917 1357 1043 1414 Haec
1081 1372 1178 1412 nos
1217 1356 1409 1412 diebus
1436 1355 1792 1427 noctibusque
1836 1355 2234 1425 perstringens,

640 1450 710 1506 ad
729 1451 1007 1507 dominum
1051 1452 1214 1505 ﬁlium
1248 1458 1489 1505 nostrum
1519 1449 2039 1504 Christianissimum
2083 1450 2234 1519 prin-

642 1542 820 1615 cipem
875 1558 975 1612 per
1028 1543 1256 1599 Vitalem
1302 1552 1357 1599 et
1411 1543 1672 1598 Misenum
1703 1541 1900 1597 fratres
1943 1550 1997 1596 et
2048 1544 2236 1613 coepi-

648 1640 842 1705 seopos
872 1644 1083 1691 nostros
1123 1636 1444 1706 legationem
1472 1635 1729 1705 compulit
1757 1635 2029 1692 destinare
2058 1654 2072 1692 :
2116 1652 2235 1707 qum

639 1730 757 1785 vice
788 1744 906 1785 mea
934 1730 1116 1800 pietati
1138 1730 1257 1799 ejus
1284 1740 1339 1785 et
1362 1730 1542 1785 debita
1575 1737 1926 1799 praesentaret
1952 1730 2127 1785 officia
2158 1730 2235 1803 (et

638 1835 736 1892 pro
766 1821 870 1878 ﬁde
891 1821 1177 1895 catholica)
1208 1822 1579 1893 maiorumque
1605 1830 1916 1877 nostrorum
1949 1823 2230 1880 servandis

639 1916 1116 1972 constitutionibus
1143 1915 1490 1985 supplicaret.

710 2010 727 2040 ¹
752 2009 864 2065 Hac
890 2010 1068 2079 igitur,
1087 2009 1177 2064 illo
1196 2019 1474 2079 pergente,
1493 2010 2057 2079 parfuitdilectionem
2088 2019 2232 2067 tuam

636 2101 849 2160 dilectis
875 2104 1077 2173 pariter
1116 2104 1353 2159 salutare
1390 2104 1706 2175 colloquiis,
1749 2115 1805 2161 et
1838 2114 2235 2177 consequenter

634 2196 841 2252 hortari
875 2206 932 2252 ut
968 2197 1261 2268 aliquando
1293 2196 1508 2253 tandem
1540 2197 1892 2266 patrocinium
1916 2213 2092 2254 causae
2131 2200 2234 2254 Do-

634 2288 765 2344 mini
808 2289 1110 2344 communis
1138 2289 1419 2358 impendas
1442 2330 1459 2355 ,
1492 2304 1592 2345 nec
1620 2289 2024 2359 despiciendum
2047 2299 2228 2361 putes,

635 2379 836 2436 Christi
867 2380 1215 2435 confessione
1243 2380 1480 2434 veridica
1507 2421 1521 2445 ,
1555 2390 1609 2435 et
1632 2380 1950 2437 universalis
1976 2382 2093 2451 ejus
2123 2381 2228 2437 Ec-

634 2470 818 2526 clesia:
864 2470 1273 2527 deﬁnitione....
1316 2471 1400 2527 vel
1442 2472 1509 2525 de
1550 2486 1679 2541 pace
1710 2472 2148 2529 coneorditer....
2181 2473 2232 2531 si

635 2562 780 2620 illius
805 2573 860 2619 et
883 2565 1252 2632 honorecupis
1281 2579 1403 2620 esse
1424 2564 1605 2620 clarus
1627 2574 1681 2621 et
1704 2566 1941 2621 nomine.
1973 2566 2227 2622 Fatemur

634 2654 777 2711 enim
808 2654 1109 2711 secundum
1151 2655 1502 2726 apostolicam
1543 2670 1731 2712 vocem
1758 2699 1773 2723 ,
1805 2673 2049 2729 magnam
2086 2657 2232 2713 nobis

633 2747 796 2803 inesse
839 2746 1098 2801 tristitiam
1142 2756 1189 2800 et
1238 2746 1467 2800 dolorem
1508 2747 1683 2803 cordis
1724 2749 1885 2803 nostri
1925 2750 2227 2804 continuum

633 2838 808 2909 (Rom.
863 2839 939 2908 tx)
980 2839 1399 2909 cogitationibus
1434 2855 1568 2911 quas
1600 2840 1653 2894 in
1685 2841 1772 2896 die
1812 2840 2230 2911 procedentibus

634 2930 1075 3004 [propellentibus]
1106 2933 1335 3004 negotiis
1380 2934 1729 2991 sustinemus.
1771 2935 2039 3006 Imprimis
2069 2937 2223 3007 illud,

631 3025 774 3097 quod
806 3024 1007 3083 dudum
1038 3036 1166 3083 ante
1210 3027 1395 3083 oculos
1444 3027 1558 3083 fere
1594 3029 1835 3085 omnium
1878 3030 2226 3098 vertebatur,

630 3117 868 3174 occurrit
895 3136 907 3171 :
932 3118 1212 3189 cujusnam
1226 3120 1311 3175 rei
1340 3134 1501 3176 causa
1519 3120 1774 3177 videlicet
1797 3122 2120 3193 intercessit,
2147 3125 2229 3180 iu-

630 3212 750 3268 diea
780 3212 1117 3283 nobis,quod
1147 3213 1368 3269 dilectio
1402 3225 1489 3267 tua
1516 3230 1620 3270 non
1654 3216 1813 3272 modo
1837 3217 2000 3273 tantis
2027 3233 2227 3287 oppor-

2346 601 2629 671 providere
2658 604 2950 661 desisteres
2977 605 3083 663 illis
3110 624 3230 679 qute
3258 625 3355 679 per
3377 619 3544 668 totum
3569 614 3829 671 mundum
3857 618 3925 675 di-

2343 702 2537 749 cuntur
2563 695 2872 767 Obrepsisse
2893 700 3176 770 contagiis.

2418 789 2651 845 Proinde
2671 790 2823 847 adire
2847 792 3014 849 debes
3044 795 3242 865 smpius
3269 795 3591 855 Christianae
3616 802 3819 859 mentis
3839 803 3928 861 Anc

2340 890 2589 952 gustum,
2625 893 2679 938 et
2718 900 2910 943 causas
2951 886 3127 944 eidem
3170 889 3358 946 salutis
3396 905 3509 946 suae
3558 900 3725 964 atque
3778 896 3922 954 etiam

2343 974 2553 1045 imperii
2574 976 2919 1045 redditurus,
2949 990 3003 1034 et
3032 980 3385 1037 conservandi
3406 982 3523 1051 ejus
3542 984 3806 1041 auxilium
3833 986 3924 1044 frc-

2342 1077 2570 1138 quenter
2599 1068 2848 1139 ingerere
2872 1111 2888 1137 ,
2923 1071 3065 1127 unde
3100 1072 3302 1128 inimici
3336 1074 3480 1128 illius
3508 1077 3821 1133 corruerint
3845 1089 3923 1144 ,et

2342 1174 2447 1229 qua
2485 1161 2568 1215 via
2616 1160 2755 1217 idem
2796 1163 3128 1229 surrexerit,
3161 1164 3511 1220 nihilominus
3558 1166 3814 1222 intimare
3856 1170 3920 1236 ei;

2341 1255 2535 1325 scripta
2572 1255 2660 1310 illa
2692 1256 2940 1313 sensibus
2960 1259 3175 1329 pietatis
3203 1257 3321 1328 ejus
3360 1258 3579 1327 oll‘erre,
3620 1261 3821 1330 quibus
3852 1264 3921 1319 de-

2341 1363 2614 1405 cessorem
2637 1364 2815 1405 meum
2842 1352 3040 1406 eximia
3072 1351 3230 1408 laude
3258 1352 3472 1420 extulit,
3498 1368 3564 1408 eo
3595 1355 3742 1423 quod
3771 1355 3919 1411 hatre-

2342 1448 2501 1503 ticam
2531 1448 2813 1504 catholicae
2836 1449 3177 1521 tyrannidem
3206 1450 3448 1505 veritatis
3485 1451 3792 1508 assertione
3812 1467 3918 1508 con-

2340 1537 2556 1595 fuderit.
2592 1541 2721 1597 Item
2754 1541 2841 1598 illa
2873 1557 3089 1613 quoque
3129 1542 3324 1613 quibus
3354 1542 3576 1599 Petrum
3617 1544 3916 1602 Alexandri-

2340 1646 2468 1686 num
2499 1632 2957 1690 abAlexandrinte
2983 1634 3282 1690 cervicibus
3310 1637 3547 1690 excussit
3576 1635 3853 1704 Ecclesia,
3872 1646 3915 1695 et

2337 1734 2538 1780 sancta:
2561 1726 2837 1781 memoriae
2869 1726 3214 1783 Timotheum
3243 1728 3522 1784 revocavit
3547 1729 3912 1786 orthodoxam.

2337 1818 2447 1874 Nec
2474 1818 2563 1873 illa
2587 1820 2865 1889 praeterire
2885 1819 3079 1888 quibus
3108 1820 3378 1891 episcopis
3407 1830 3461 1875 et
3482 1821 3723 1887 clericis,
3760 1823 3913 1879 laicis-

2262 1908 2311 1969 B
2338 1924 2443 1979 que
2471 1924 2568 1980 per
2588 1927 2807 1967 omnem
2834 1912 3125 1984 {Egyptum
3152 1912 3495 1980 constitutis,
3522 1915 3667 1983 quod
3698 1931 3731 1970 a
3755 1916 3909 1972 divina

2338 2002 2639 2059 Christiana
2691 2004 3028 2074 professione
3079 2005 3421 2069 deviassent.
3454 2006 3596 2061 sicut
3635 2008 3911 2064 catholicus

2338 2096 2633 2167 imperator
2659 2098 2960 2166 obtestans,
2983 2098 3085 2154 nisi
3114 2098 3251 2153 intra
3280 2099 3416 2154 duos
3439 2114 3658 2155 menses
3690 2100 3757 2155 ad
3783 2118 3910 2157 eom-

2335 2192 2646 2249 munionem
2678 2193 2946 2250 Timothei
2978 2194 3251 2261 redirent,
3286 2195 3581 2251 honoribus
3608 2239 3624 2261 ,
3660 2196 3907 2265 ccclesiis,

2335 2286 2689 2356 omnibusque
2719 2286 2773 2341 in
2806 2287 2895 2341 illa
2929 2287 3149 2357 regione
3193 2288 3533 2343 denuntiavit
3559 2303 3685 2344 esse
3716 2290 3909 2359 privan-

2336 2376 2456 2432 dos.
2474 2377 2645 2433 Simul
2664 2379 2823 2434 etiam
2846 2380 3039 2449 quibus
3057 2380 3224 2448 Petri,
3247 2384 3407 2449 quem
3426 2379 3615 2437 illicite
3632 2396 3690 2436 se
3704 2382 3909 2438 Alexam

2337 2470 2506 2527 drinte
2571 2473 2826 2529 Ecclesia:
2886 2472 3136 2543 iujecisse
3189 2474 3495 2545 perhibuit,
3551 2490 3619 2532 ac
3654 2475 3909 2533 Timothei

2340 2561 2579 2619 haeretici
2626 2564 2735 2634 jam
2767 2564 3008 2620 defuncti
3046 2565 3416 2621 ordinationes
3442 2608 3458 2632 ,
3492 2567 3577 2622 vel
3607 2582 3670 2623 ea
3698 2582 3813 2638 qua:
3837 2583 3908 2623 se.

2335 2663 2487 2710 creto
2527 2670 2626 2727 per
2652 2655 2844 2711 modos
2873 2656 3128 2712 dicebant
3152 2699 3167 2724 ,
3199 2657 3268 2711 ita
3302 2658 3622 2714 recassavit.
3668 2659 3770 2715 Nec
3817 2675 3907 2716 non

2336 2746 2498 2803 etiam
2540 2748 2673 2803 illud
2714 2748 3032 2815 adnectere,
3060 2749 3199 2819 quod
3224 2764 3347 2805 cum
3379 2750 3694 2806 Timotheus
3721 2762 3908 2808 sancta:

2335 2838 2610 2896 memoria:
2631 2840 2930 2896 catholicus
2961 2841 3270 2911 fungeretur
3297 2845 3591 2910 extremis,
3624 2845 3812 2901 divinae
3836 2845 3907 2901 ιη.

2334 2932 2648 3001 spirationis
2674 2934 2933 2989 instinctu
2958 2975 2973 2999 ,
3009 2944 3114 2989 tam
3140 2935 3207 2991 ad
3241 2934 3358 3006 ejus
3384 2937 3656 3007 pontiﬁcis
3676 2939 3906 2996 consulta

2334 3026 2570 3081 rescribe
2582 3039 2664 3092 ns,
2686 3042 2845 3097 quam
2866 3026 2932 3082 ad
2961 3028 3107 3083 urbis
3134 3027 3513 3085 Alexandrina:
3530 3030 3747 3100 clerum,
3767 3032 3906 3087 omni

2333 3119 2665 3189 providentia
2694 3120 2964 3175 mandavit
2992 3122 3409 3191 praecavendum
3440 3164 3453 3189 ,
3490 3135 3545 3177 ut
3574 3124 3618 3178 si
3640 3124 3906 3194 praelatum

2331 3212 2580 3267 dominus
2601 3212 2939 3267 sacerdotem
2969 3213 3202 3269 transire
3220 3214 3464 3284 jusserit,
3493 3231 3595 3270 non
3622 3216 3720 3270 nisi
3748 3215 3817 3272 de
3831 3231 3905 3271 ca-

632 3303 950 3361 tunitatibus
982 3306 1351 3361 indesinenter
1376 3307 1611 3372 exortis,
1636 3322 1819 3361 verum
1850 3309 2013 3363 etiam
2053 3324 2222 3378 saepe-
2251 3298 2295 3360 C
2331 3301 2654 3357 tholicorum
2703 3318 2933 3374 corpore
2980 3305 3303 3360 clericorum
3334 3348 3347 3372 .
3382 3316 3435 3362 ει
3480 3308 3567 3380 qui
3595 3307 3904 3363 οτιιιοάυιεὲ

632 3411 898 3453 numeroa
923 3397 1300 3454 deeessoribus
1326 3400 1459 3455 meis
1484 3401 1677 3456 litteris
1704 3401 1923 3457 invitata
1943 3402 2217 3474 [incitata],

629 3489 777 3545 velut
805 3490 1076 3546 obstinato
1103 3491 1340 3557 silentio,
1371 3507 1641 3562 nunquam
1660 3507 1824 3563 super
1847 3494 1982 3549 hanc
2014 3504 2219 3565 partem

629 3590 722 3637 aut
745 3582 1032 3638 consulere
1061 3582 1349 3654 quidquam
1385 3583 1638 3648 voluerit,
1671 3594 1759 3639 aut
1794 3584 2015 3640 referre.
2059 3584 2223 3641 Cum-

627 3692 732 3748 que
759 3692 858 3733 nos
886 3676 1086 3748 aliquid
1118 3687 1321 3734 temere
1348 3678 1627 3733 sinistrum
1655 3678 1819 3749 (quod
1851 3678 2010 3749 absit)
2041 3680 2106 3734 de
2129 3688 2248 3737 tua.

626 3781 811 3829 mente
827 3782 1113 3830 eouvemat
1162 3773 1411 3843 Opinari,
1443 3783 1620 3828 tamen
1668 3773 1791 3842 quia
1827 3772 2218 3828 venerabiliuns

626 3866 862 3921 virorum
905 3866 994 3937 qui
1034 3866 1329 3922 Ecclesium
1358 3865 1442 3921 cui
1476 3864 1735 3935 praesides
1774 3874 1899 3921 ante
1928 3874 2214 3931 rexerunt,

626 3970 832 4012 morem
877 3955 1209 4027 formamque
1242 3956 1537 4024 destituas,
1573 3956 1682 4013 ullo
1704 3956 1862 4012 modo
1885 3958 2067 4027 possis
2110 3972 2216 4012 non

626 4062 749 4104 esse
775 4057 1076 4119 suspectus.

695 4138 856 4194 Certe
871 4140 914 4193 si
930 4139 1093 4208 (quod
1128 4155 1229 4195 non
1258 4141 1553 4211 credimus)
1569 4143 1874 4212 dedignaris
1903 4143 1963 4197 Β.
1986 4144 2217 4213 apostoli

628 4228 866 4283 victoriis
895 4229 1255 4283 reverentiam
1291 4232 1396 4284 tuis
1423 4231 1639 4287 deferre
1678 4233 1928 4288 .astuosis
1956 4235 1974 4264 '
2016 4233 2220 4289 allecti-

629 4319 750 4389 bus,
788 4333 996 4375 memor
1018 4319 1203 4375 saltem
1231 4320 1394 4376 ofﬁcii
1429 4337 1527 4391 pro
1552 4322 1673 4378 ﬁdei
1707 4323 2008 4394 integritate
2040 4327 2220 4381 catho-

628 4413 774 4477 licte,
805 4425 904 4481 pro
934 4420 1278 4481 paternarum
1309 4414 1558 4469 custodia
1597 4415 1971 4481 sanctionum,
2002 4431 2100 4487 pro
2128 4432 2219 4489 sy-

628 4503 754 4560 nodi
778 4501 1240 4559 Chalcedonensis
1260 4506 1645 4562 constitutione
1674 4508 1960 4575 servanda,
1983 4524 2103 4579 qua:
2125 4508 2213 4564 Ni-

2334 3394 2456 3449 ﬁdei
2486 3395 2806 3465 probaretur
2830 3411 2948 3452 esse
2970 3395 3287 3466 discipulus,
3320 3398 3655 3470 omnibusque
3673 3414 3905 3455 commu-

2331 3488 2534 3543 nicaret
2562 3488 2841 3556 Eeclesiis,
2866 3498 3027 3560 atque
3053 3505 3083 3545 a
3106 3492 3391 3548 catholicis
3429 3492 3696 3547 ordinatus
3722 3507 3907 3549 suece«

2329 3581 2486 3637 deret
2515 3581 2773 3638 defuncto
2824 3584 3063 3655 pontiﬁci
3098 3601 3111 3638 :
3143 3585 3396 3640 nimirum
3437 3587 3706 3658 sapienter
3740 3587 3905 3641 inten-

2328 3675 2483 3744 deus,
2512 3678 2753 3747 Petrum,
2784 3679 2983 3749 quiaut
3010 3693 3040 3734 a
3066 3679 3263 3747 nullis,
3290 3688 3384 3735 aut
3409 3680 3478 3735 ab
3502 3680 3766 3737 haereticis
3788 3680 3901 3735 falsi

2330 3770 2563 3826 nominis
2593 3770 2753 3839 hujus
2773 3770 2981 3829 honore
2999 3772 3317 3842 iactaretur,
3342 3788 3511 3844 super
3540 3782 3739 3845 petram
3759 3772 3904 3846 [unde

2329 3862 2563 3938 Petrum]
2611 3866 2893 3923 catholicae
2924 3867 3217 3938 Ecelesim,
3262 3882 3294 3925 e
3344 3884 3447 3939 qua
3492 3870 3612 3940 ejus
3637 3866 3905 3925 temeraria

2328 3958 2502 4016 fuerat
2527 3961 2948 4032 praesumptione
2977 3960 3262 4033 depulsus,
3289 3977 3565 4034 nunquam
3596 3977 3750 4035 posse
3768 3960 3903 4034 peni-

2328 4060 2413 4107 tus
2438 4051 2755 4123 praesidere.

2400 4142 2526 4198 llaec
2557 4142 2863 4213 hujusmodi
2890 4160 3011 4216 quae
3039 4156 3190 4217 gesta
3218 4156 3377 4215 sunt,
3411 4156 3467 4203 et
3488 4146 3787 4204 dilectionis
3807 4155 3902 4201 tua

2328 4238 2737 4293 conscientiam
2763 4255 2870 4294 non
2901 4239 3098 4308 latent,
3130 4250 3459 4297 convenerat
3483 4241 3679 4312 saepius
3720 4239 3901 4310 imper~

2331 4329 2414 4384 tiri
2445 4346 2459 4380 :
2495 4331 2763 4402 praecipue
2807 4347 2928 4387 cum
2980 4333 3033 4388 in
3076 4332 3158 4387 his
3187 4331 3652 4387 Christianissimo
3689 4328 3903 4401 principi

2327 4424 2753 4495 promulgandis,
2806 4426 3024 4495 quando
3072 4426 3138 4481 ad
3186 4426 3385 4497 regiam
3444 4433 3760 4495 potestatem
3801 4423 3902 4479 Deo

2326 4517 2616 4572 comitante
2640 4520 2921 4586 remeavit,
2950 4535 3168 4591 operam
3198 4529 3341 4575 tuam
3374 4520 3557 4575 missis
3588 4518 3691 4573 huc
3720 4515 3904 4573 litteris

625 4594 758 4651 czcni
804 4603 1106 4651 conventus
1143 4598 1355 4665 penitus
1394 4598 1585 4669 probat
1612 4598 1897 4666 articulos;
1928 4610 2089 4672 atque
2118 4617 2216 4672 pro
2246 4634 2302 4696 Β
2327 4623 2433 4664 ιιοιι
2467 4610 2701 4665 tacueris
2748 4612 3101 4668 vehementer
3149 4614 3449 4682 impenSam
3491 4625 3646 4676 esse,
3700 4609 3903 4681 dignam

626 4686 705 4744 eis
725 4686 925 4759 ubique
953 4687 1195 4747 hostibus
1221 4691 1642 4762 comprimendis
1668 4733 1685 4759 ,
1712 4693 1852 4750 sicut
1877 4694 2214 4753 orthodoxo-
2246 4686 2273 4755 -,

625 4794 744 4835 rum
792 4779 942 4834 urbis
974 4780 1120 4837 illius
1161 4782 1401 4839 imitator
1430 4784 1728 4841 antistitum
1748 4827 1763 4851 ,
1790 4795 2103 4844 constanter
2134 4803 2219 4845 ex-

624 4884 846 4941 surgere
866 4869 1149 4929 debuisses
1181 4890 1195 4928 :
1227 4874 1483 4943 quoniam
1513 4883 1565 4932 te
1608 4877 1766 4933 aliter
1810 4877 1951 4936 inter
1975 4880 2219 4937 membra

624 5050 785 5106 rimus
817 5066 932 5105 eum
957 5049 1274 5103 nominatum
1302 5065 1408 5103 esse
1436 5050 1722 5104 Cumanum
1752 5052 2085 5121 episcopum;
2122 5056 2212 5108 sed

622 5122 678 5176 in
707 5122 897 5192 scripto
923 5121 1223 5192 perantiquo
1252 5120 1423 5175 codice
1447 5129 1631 5174 nostra:
1661 5120 1994 5191 bibliothecte,
2020 5124 2102 5177 cui
2137 5135 2210 5178 est

624 5194 802 5247 titulus
821 5210 841 5249 :
868 5191 1278 5248 Concordantia:
1305 5205 1589 5260 canonum,
1622 5192 1752 5247 inter
1778 5195 1884 5248 alia
1915 5196 2044 5249 inest
2069 5195 2212 5250 breve

620 5264 976 5335 contpendium
1025 5263 1279 5335 Itistoritv,
1331 5261 1669 5335 complectens
1714 5272 1943 5335 tempora
1985 5266 2047 5319 ab
2095 5277 2211 5320 ortu

628 5332 859 5389 Nestorii
906 5333 1112 5390 haeresis
1150 5350 1308 5403 usque
1356 5332 1425 5386 ad
1464 5333 1739 5387 concilium
1782 5332 2075 5390 Romanum
2118 5338 2211 5391 sub

624 5403 672 5477 Ε
674 5406 794 5461 elice
823 5422 982 5477 papa,
1008 5406 1063 5459 in
1087 5420 1187 5477 quo
1221 5404 1497 5477 damnatus
1522 5414 1595 5477 est
1617 5405 1831 5461 Aeacius
1867 5424 1885 5462 :
1928 5410 2064 5475 quod
2096 5409 2210 5463 licet

620 5476 730 5549 sine
769 5475 1003 5549 auctoris
1054 5475 1243 5549 tamine
1281 5475 1471 5549 editum
1513 5476 2086 5549 reperiatur,ralicujus
2120 5481 2209 5548 qui

624 5543 719 5598 hoc
747 5548 932 5603 swculo
959 5548 1083 5602 vixit
1108 5588 1124 5611 ,
1154 5555 1201 5600 et
1232 5545 1454 5600 veritatis
1482 5543 1741 5602 studiosus
1774 5548 1869 5618 fuit
1890 5591 1905 5614 ,
1937 5543 2043 5603 esie
2071 5543 2207 5604 vide-

626 5624 706 5689 tur
745 5631 766 5689 ξ
800 5619 853 5672 in
880 5619 977 5673 hoc
998 5620 1213 5689 inquam
1233 5632 1401 5684 opere,
1442 5618 1575 5671 inter
1603 5620 1708 5673 alia
1738 5620 1987 5674 habentur
2012 5621 2118 5675 lucc
2141 5622 2203 5675 de

624 5684 925 5761 Ilishlegatis
961 5684 1132 5745 missis
1174 5687 1709 5761 Constantinopolim:
1740 5690 2029 5760 Postquam
2076 5707 2203 5761 ergo

623 5754 774 5815 Felix
795 5754 943 5829 'papa
971 5761 1176 5817 litteras
1210 5754 1627 5828 praedecess'oris
1655 5761 1739 5818 sui
1769 5754 1907 5819 nihil
1944 5754 2205 5834 proﬁcere
2252 5810 2269 5827 ς

700 5873 718 5904 ⁸
746 5870 803 5929 Id
828 5879 929 5935 est,
963 5872 1062 5927 hac
1088 5874 1361 5941 legatione.
1392 5877 1653 5933 "annum.

1314 5957 1471 5993 "tm;

2327 4700 2603 4757 catholico
2632 4692 2913 4771 pontifice;
2947 4703 3258 4774 gloriareris
3284 4717 3469 4760 omnes
3494 4702 3584 4775 qui
3621 4709 3805 4756 contra
3830 4712 3906 4753 se-

2324 4792 2445 4847 dem
2477 4800 2710 4848 vestram
2740 4791 3016 4866 [nostram]
3041 4837 3055 4862 ,
3096 4803 3395 4867 contraque
3418 4793 3906 4850 Chalcedonensem

2329 4883 2593 4953 synodum
2615 4928 2629 4955 ,
2665 4894 2720 4942 et
2743 4895 2927 4943 contra
2960 4887 3398 4959 praedicationem
3431 4885 3575 4943 sedis
3601 4884 3909 4956 apostolica:

2330 5058 2602 5125 cognovit,
2631 5067 2685 5113 et
2712 5058 2935 5114 ludibria
2968 5059 3213 5129 quaedam
3242 5060 3292 5113 in
3323 5060 3660 5116 eversionem
3694 5057 3822 5114 ﬁdei
3850 5059 3910 5112 alt

2326 5128 2521 5184 Acacio
2563 5131 2682 5184 fieri
2721 5147 2735 5183 :
2781 5142 2905 5185 tunc
2934 5128 3163 5185 Vitalem
3212 5131 3523 5200 episcopum
3567 5130 3910 5186 Drocntinnm

2323 5213 2385 5253 ex
2431 5202 2647 5269 regione
2692 5201 2906 5267 Picena,
2958 5211 3013 5256 et
3058 5202 3317 5256 Misenum
3361 5201 3614 5257 Cumanae
3658 5200 3909 5257 Ecclesiae

2320 5269 2630 5342 episcopum
2664 5286 2730 5326 ex
2778 5273 2999 5342 regione
3038 5272 3350 5341 Campaniae
3390 5273 3618 5337 direxit,
3651 5282 3757 5327 etc.
3809 5271 3911 5326 Sed

2321 5356 2412 5405 pro
2439 5340 2777 5395 Droentinum
2808 5340 3075 5415 legendum
3113 5340 3185 5398 est
3218 5342 3573 5398 Truentinum.
3612 5342 3740 5397 Erat
3781 5346 3909 5394 enim

2320 5420 2440 5485 tunc
2465 5428 2523 5465 ea
2562 5414 2737 5467 civitas
2780 5415 2919 5485 apud
2962 5416 3177 5485 ﬂuvium
3223 5431 3284 5469 eo
3313 5417 3517 5469 nomine
3564 5420 3913 5483 nuncupatum

2319 5481 2625 5557 Truentwn,
2660 5481 2851 5557 laodie_
2870 5481 3021 5557 vulgo
3063 5485 3259 5557 Tironto
3294 5486 3488 5539 dictum
3520 5502 3540 5539 :
3572 5481 3911 5557 meminerunt

2319 5554 2542 5623 ejusdem
2571 5555 2784 5609 civitatis
2816 5554 3053 5621 Plinius,
3086 5556 3429 5623 Ptolomteus,
3463 5567 3510 5610 et
3544 5557 3657 5611 alii.
3684 5555 3818 5610 Haec
3847 5555 3911 5608 de

2316 5624 2502 5691 legatis
2530 5626 3047 5699 Constantinopolim
3075 5627 3257 5684 missis
3285 5628 3408 5685 Bar.
3434 5642 3578 5685 anno
3601 5626 3727 5701 483,
3756 5640 3908 5682 num.

2319 5696 2406 5751 19.
2439 5696 2565 5753 Suv.
2600 5697 2797 5753 thws.

2393 5735 2406 5748 .
2439 5712 2565 5753 διεν.
2600 5712 2797 5754 ῠικιυε.

2389 5887 2407 5916 ³
2442 5882 2481 5938 F
2485 5891 2601 5939 orte
2628 5883 2886 5951 a/I'atibus.
2919 5884 3188 5945 llsnnum.
