4090 6330
224 323 318 381 897

1413 318 1765 380 ΕΡΙΞΤΟΕΕ
1807 322 1896 380 ΕΤ
1936 323 2274 381 DECRETA.

3373 332 3480 392 898

225 439 404 496 venire
431 437 782 507 tentaverint,
830 436 996 495 fuisse
1025 446 1324 510 prostratos
1355 456 1369 496 :
1407 456 1511 511 quo
1549 442 1717 512 magis
1744 451 1796 496 te
1823 445 1876 504 Α
1903 443 1984 498 vel
2013 458 2241 498 censura
2281 443 2579 501 beatissimi
2610 445 2783 512 Petri,
2831 445 2917 504 vel
2943 447 3233 504 auctoritas
3259 449 3477 508 univer-

226 549 318 608 pro
362 541 451 588 tua
484 531 656 586 salute
694 542 748 588 et
779 531 1114 602 professione
1163 533 1462 589 ferventius
1507 534 1645 603 apud
1693 521 1802 590 cle;

224 626 430 684 mentis:
458 623 575 695 ejus
604 638 760 679 aures
788 633 1095 694 oportuerat
1132 626 1254 680 talia
1299 625 1698 681 incessabiliter
1723 626 1801 680 al-

223 723 394 791 legare
422 762 436 787 ,
487 734 550 774 ac
595 733 918 789 magnopere
963 721 1285 790 deprecari,
1335 738 1441 792 quo
1473 737 1569 777 nec
1615 737 1798 787 suam,-

223 829 377 882 quam
408 811 669 867 catholica
700 821 879 867 mente
917 813 1346 882 deprompserat,
1380 815 1568 869 violari
1612 816 1804 871 ullate-

229 924 326 963 nus
377 916 646 978 pateretur
701 905 980 974 cujuslibet
1043 908 1392 978 subreptione
1444 912 1800 973 sententiam;

229 1016 326 1055 nec
373 1000 632 1054 adversus
674 998 988 1053 universalis
1031 1001 1284 1057 Ecclesiae
1327 1004 1660 1057 sanctionem
1713 1018 1806 1072 per

225 1095 597 1148 haereticorum
645 1092 808 1147 furias
834 1138 846 1160 ,
892 1110 1022 1162 quas
1051 1135 1066 1160 ,
1101 1094 1207 1150 Deo
1252 1097 1545 1166 inspirante
1571 1141 1585 1164 ,
1638 1100 1806 1166 pietas

225 1184 341 1254 ejus
367 1185 612 1249 eliscrat,
651 1185 853 1239 sineret
879 1186 1054 1240 denuo
1082 1188 1363 1255 pullulare,
1393 1205 1550 1260 quam
1579 1190 1806 1244 manife-

228 1278 470 1334 stissime
499 1278 840 1347 pcrvideres;
882 1295 943 1333 ac
984 1289 1068 1334 tua
1111 1283 1285 1336 modis
1326 1284 1572 1337 omnibus
1616 1283 1807 1352 praedi-

225 1374 436 1427 catione
460 1387 674 1426 rursum
703 1373 753 1426 in
782 1389 842 1426 ca
874 1389 992 1442 quae
1016 1374 1332 1430 exstiterant
1355 1377 1400 1430 ei
1431 1379 1652 1430 adversa
1681 1390 1810 1430 con—

225 1479 476 1534 surgeres
503 1509 516 1530 ,
563 1476 720 1534 atque
770 1465 959 1519 eadem
992 1466 1108 1520 sine
1139 1467 1471 1522 dubitatione
1521 1468 1802 1522 lirmarcs:

224 1556 440 1627 quando
485 1555 608 1611 huic
659 1558 1004 1624 reluctantia,
1040 1560 1180 1614 sicut
1205 1559 1407 1614 dudum
1443 1559 1656 1615 fuerant
1683 1559 1809 1614 sub-

224 1664 379 1704 versa
406 1691 419 1714 ,
449 1649 771 1720 jacuissent;
815 1665 881 1704 ne
907 1651 992 1704 vel
1025 1661 1124 1706 tua:
1156 1652 1319 1725 (quod
1365 1652 1526 1721 absit)
1568 1653 1687 1705 fidei
1716 1652 1808 1706 de-

224 1743 465 1809 stitutor,
498 1744 580 1797 vel
611 1743 842 1811 perfidiae
873 1744 1137 1812 ~dicereris
1181 1746 1354 1799 fautor
1385 1746 1594 1800 alienm.
1643 1745 1808 1799 Error

225 1841 371 1898 enim
417 1841 501 1896 cui
551 1856 655 1895 non
689 1841 955 1896 resistitur
991 1842 1336 1912 approbatur,
1371 1851 1425 1897 et
1467 1841 1661 1896 veritas
1691 1856 1808 1911 quae
1838 1813 1886 1873 Β

224 1932 449 1988 minime
474 1929 786 1986 defensatur
809 1933 1145 2001 opprimitur.
1173 1930 1376 1985 Deinde
1418 1947 1536 1985 cum
1570 1932 1682 1996 tibi,
1711 1932 1810 1985 Do-

227 2024 380 2079 mino
431 2031 761 2092 prmstante,
818 2023 959 2092 apud
1007 2023 1281 2077 dominum
1345 2022 1509 2076 lilium
1570 2031 1808 2077 nostrum

224 2115 539 2184 religiosum
574 2114 868 2183 principem
895 2114 1306 2168 familiaritatem
1337 2130 1456 2170 esse
1483 2115 1809 2183 noverimus,

226 2208 410 2263 nullus
443 2222 676 2276 unquam
720 2207 890 2278 potuit
919 2207 1132 2262 suaderi
1162 2207 1506 2263 dilectionem
1538 2217 1680 2263 tuam
1712 2224 1811 2263 ne-

225 2301 466 2371 quivisse
511 2314 700 2370 gerere
721 2337 749 2364 ,.
787 2299 914 2368 quin
948 2300 1125 2370 potius
1156 2301 1415 2356 noluisse.
1445 2302 1512 2356 Et
1542 2301 1661 2356 ideo
1691 2301 1812 2371 quia

224 2405 338 2446 non
369 2389 816 2460 impossibilitatis
847 2398 1007 2454 esset,
1037 2389 1179 2457 quod
1213 2400 1515 2445 taceretur:
1542 2393 1654 2461 ipse
1683 2407 1813 2462 quo-

223 2496 333 2550 que
383 2496 488 2534 non
532 2480 792 2550 ambigis,
843 2480 970 2550 quid
1023 2481 1145 2535 hinc
1195 2482 1510 2538 universalis
1573 2483 1815 2552 judicare

223 2574 404 2646 possit
428 2574 686 2629 Ecclesia.

300 2665 407 2721 Ubi
431 2677 533 2731 est,
567 2666 730 2720 frater
761 2667 941 2731 Aeaci,
991 2667 1141 2721 labor
1182 2676 1336 2732 tuus,
1369 2684 1475 2738 quo
1521 2669 1816 2739 tyrannidis

226 2757 504 2813 haeretica:
550 2767 789 2827 tempore
840 2757 1156 2812 desudasti?
1206 2757 1430 2813 Patieris
1477 2759 1577 2814 hoc
1619 2760 1816 2813 damno

225 2850 580 2907 conscientia:
609 2859 710 2905 tua:
738 2850 1001 2918 ejusmodi
1025 2850 1204 2920 perire
1235 2850 1817 2920 mercedem?llespice

227 2941 482 3012 Apostoli
509 2940 696 3006 verba,
729 2955 846 3010 qua)
879 2949 1139 2994 testantur
1166 2959 1176 2992 :
1205 2939 1493 2994 Currebatis
1529 2940 1681 3005 bene;
1705 2941 1817 3010 quis

227 3049 320 3088 vos
349 3033 713 3103 confasciuaoit
746 3031 943 3101 (Galat.
973 3031 1060 3100 v)?
1081 3031 1190 3086 Cur
1219 3047 1428 3097 eorum,
1459 3031 1642 3097 frater,
1673 3048 1818 3101 qua:-

226 3140 357 3182 rere
386 3123 605 3179 semitas
634 3132 846 3177 veteres
874 3136 1014 3176 nunc
1039 3122 1330 3192 relinquis?
1357 3121 1464 3177 Cur
1495 3122 1818 3178 irruentibus

227 3217 286 3273 in
321 3215 462 3270 ovile
503 3214 831 3270 dominicum
873 3213 1034 3283 lupis,
1066 3214 1208 3270 nulla
1237 3215 1508 3286 vigilantia
1537 3217 1820 3271 ministerii
1846 3181 1896 3246 θ

228 3306 526 3379 pastoralis
569 3305 815 3368 obsistis,
853 3304 946 3362 sed
991 3308 1359 3376 :equanimiter
1405 3316 1563 3377 atque
1605 3323 1824 3363 securus

228 3401 584 3456 commissum
612 3414 827 3470 gregem
859 3408 951 3454 aut
971 3400 1159 3454 laniari
1191 3400 1472 3470 perspicis,
1496 3410 1586 3453 aut
1609 3400 1824 3456 necari?

228 3491 357 3548 Non
387 3491 658 3546 dicentem
708 3490 903 3545 recolis
949 3489 1275 3557 Dominum,
1311 3500 1365 3546 et
1397 3494 1628 3545 animam
1673 3507 1822 3546 suam

230 3585 460 3655 quidem
493 3598 589 3652 pro
617 3582 805 3637 ovibus
834 3597 1035 3650 ponere
1063 3584 1182 3652 pios
1212 3598 1306 3652 pro
1339 3584 1621 3637 devotione
1650 3594 1827 3652 pasto-

231 3689 364 3740 res;
407 3673 794 3729 mercenarium
824 3682 1000 3727 autem
1032 3673 1097 3728 de
1140 3673 1222 3726 his
1256 3687 1438 3727 curam
1481 3674 1690 3740 penitus
1722 3689 1826 3726 non

231 3768 572 3832 habentem,
620 3781 741 3821 mox
774 3777 829 3819 ιιι
874 3767 1094 3820 bestiam
1129 3765 1264 3820 forte
1315 3766 1680 3834 conspexerit,
1715 3765 1830 3820 sine

232 3861 355 3918 ulla
379 3858 637 3928 diffugere
668 3857 1098 3913 consideratione
1130 3857 1452 3912 testantem?
1485 3853 1675 3910 Verum
1707 3872 1827 3911 cum

191 3938 197 3943 ’
236 3955 344 4010 tibi
372 3951 610 4023 fugiendi
641 3951 784 4007 nulla
812 3954 879 4005 sit
907 3964 1064 4004 causa
1098 3951 1243 4017 (nam
1273 3948 1416 4002 nulla
1447 3947 1672 4002 formido
1701 3945 1824 4014 est),

233 4054 430 4102 metuo
457 4058 525 4098 ne
563 4053 712 4114 septa
750 4043 1016 4098 dominica
1049 4057 1154 4097 non
1191 4051 1296 4095 tam
1332 4055 1527 4110 pavore
1556 4040 1825 4104 deserere,

233 4152 406 4209 quam
439 4136 623 4208 (quod
663 4147 744 4193 est
769 4135 1168 4206 detestabilius)
1201 4144 1390 4205 sponte
1423 4133 1652 4189 videaris
1674 4133 1830 4188 smvis

233 4229 497 4287 dentibus
524 4229 785 4298 objecisse
813 4225 1118 4301 [defecisse].

315 4324 574 4378 Ausculta
620 4337 806 4378 vocem
855 4321 1093 4391 ejusdem
1149 4319 1358 4374 Domini
1408 4319 1828 4390 praemonentis:

240 4417 353 4486 Qui
383 4433 575 4470 mecum
605 4432 707 4470 non
740 4425 832 4484 est,
869 4425 1042 4468 contra
1073 4432 1150 4468 me
1181 4424 1291 4480 est;
1331 4424 1376 4467 et
1405 4414 1488 4483 qui
1520 4430 1709 4467 mecum
1734 4429 1832 4465 non

236 4511 488 4580 colligit,
536 4511 779 4579 dispergit
816 4508 984 4579 (Luc.
1011 4525 1061 4561 xu
1087 4507 1127 4576 ).
1179 4507 1248 4561 Et
1295 4507 1577 4577 diligenter
1618 4506 1832 4562 attende

237 4601 388 4658 nihil
418 4599 560 4655 aliud
587 4615 706 4654 esse
734 4615 840 4653 non
873 4613 1159 4669 procurare
1189 4613 1306 4668 qua:
1331 4596 1527 4652 Christi
1555 4608 1698 4660 sunt,
1732 4597 1832 4651 nisi

238 4707 306 4750 se
347 4691 526 4761 palam
569 4689 808 4760 proﬁteri
839 4689 955 4759 ejus
999 4690 1293 4744 inimicum.
1332 4688 1447 4742 Non
1488 4689 1835 4758 desperemus

240 4786 463 4848 facere,
503 4781 688 4848 frater,
740 4796 923 4836 veram
949 4780 1242 4836 Salvatoris
1282 4779 1450 4832 nostri
1493 4781 1832 4845 sententiam,

242 4894 359 4950 qua
393 4891 452 4932 se
481 4892 650 4947 usque
676 4875 741 4930 ad
774 4877 933 4929 tinent
965 4873 1144 4928 saeculi
1170 4872 1423 4927 Ecclesia:
1469 4886 1580 4925 sua:
1610 4886 1714 4925 non
1744 4871 1837 4926 de-

243 4972 499 5027 futurum
541 4985 660 5026 esse
707 4967 973 5039 pollicitus
999 4974 1080 5022 est
1123 4967 1139 5036 (
1167 4964 1351 5019 Matth.
1385 4979 1550 5018 xxvnt
1576 4964 1618 5035 ),
1648 4977 1745 5018 nec
1771 4964 1838 5019 ab

243 5064 419 5122 inferi
450 5064 616 5134 portis
645 5077 761 5118 eam
793 5061 928 5116 dixit
949 5075 1067 5116 esse
1094 5060 1446 5130 superandam
1465 5058 1681 5128 (Matth.
1703 5058 1837 5129 xw),

245 5168 309 5214 et
335 5171 460 5228 quas
486 5157 662 5211 omnia
699 5171 794 5226 per
819 5155 1128 5225 apostolica:
1159 5156 1290 5210 scita
1320 5155 1577 5209 doctrina:
1608 5155 1838 5223 ligarcno

251 5263 348 5308 tur
393 5252 445 5304 in
490 5251 649 5305 terris
674 5290 690 5315 ,
736 5263 834 5304 nec
863 5249 917 5302 in
953 5250 1262 5304 coelestibus
1293 5247 1611 5304 memoravit
1638 5249 1840 5304 absolvi

255 5343 276 5413 (
303 5341 497 5396 Matth.
531 5357 640 5406 XVI,
677 5341 741 5395 18
764 5347 807 5409 ).
835 5340 1016 5410 Neque
1046 5351 1308 5410 putemus,
1347 5341 1487 5410 quod
1518 5341 1841 5410 quibuslibet

253 5435 335 5491 sit
384 5433 579 5489 vallata
626 5433 917 5504 periculis,
959 5447 1190 5502 unquam
1242 5433 1448 5502 pondus
1495 5433 1690 5502 vigoris
1732 5435 1833 5499 sui,

346 5647 364 5676 ¹
390 5645 550 5702 Forte
570 5642 810 5697 adversis.
840 5640 1101 5694 “sanum.

348 5717 372 5750 ⁸
393 5717 489 5773 Hic
518 5716 667 5770 locus
693 5712 888 5770 citatur
909 5712 961 5764 in
985 5711 1142 5777 epist.
1166 5707 1391 5762 Victoris
1409 5707 1853 5777 Cartliaginensis

265 5786 334 5866 In
361 5786 558 5850 consil.
587 5784 835 5847 Lateran.
873 5782 976 5840 sub
1006 5779 1229 5840 Martiae
1270 5792 1405 5855 papa
1452 5781 1505 5835 in
1538 5794 1680 5838 secr.
1725 5779 1781 5835 9.
1808 5779 1856 5840 Α

1857 4559 1913 4620 D

1904 537 2029 592 salis
2062 537 2268 592 amittat
2299 537 2552 594 Ecclesia:
2597 558 2609 592 :
2653 556 2770 610 qua:
2811 550 3009 612 quanto
3038 542 3207 612 magis
3235 553 3386 599 cavet
3413 558 3483 599 ne

1906 630 2090 686 mundi
2125 631 2568 700 prosperitatibus
2601 633 2929 702 intepescat,
2974 643 3122 689 tanto
3151 648 3257 688 non
3287 633 3484 705 frangi-

1905 734 2010 789 tur,
2043 724 2135 780 sed
2165 725 2338 794 potius
2363 724 2572 780 erudita
2603 725 2859 781 divinitus
2881 769 2894 793 ,
2945 726 3138 783 crescit
3165 729 3180 758 ¹
3203 726 3480 782 adversus.

1978 818 2130 872 Unde
2162 816 2290 888 [ubi]
2323 817 2751 886 perspiciendum
2782 829 2862 873 est
2890 835 2957 874 ne
2988 835 3127 887 eam,
3180 835 3296 889 qua:
3325 820 3483 874 nullis

1907 921 2082 983 potest
2111 912 2263 965 obrui
2295 911 2525 965 motibus
2570 911 2826 982 [molibus]
2860 913 3232 981 procellarum,
3265 911 3486 982 quicun-

1907 1021 2010 1076 que
2055 1020 2171 1058 cam
2215 1005 2559 1074 submergere
2607 1003 2793 1058 nititur
2843 1005 2893 1057 in
2943 1005 3060 1072 ipso
3089 1005 3267 1059 saeculi
3300 1005 3486 1074 pelago

1909 1097 2212 1152 fluctuantis
2240 1137 2252 1160 ,
2301 1097 2415 1165 ipse
2466 1096 2642 1165 potius
2669 1112 2698 1148 a
2727 1094 3117 1164 gubernatione
3160 1094 3380 1150 salutari
3433 1094 3486 1150 in

1907 1188 2168 1259 profunda
2200 1188 2459 1256 tlejectus,
2492 1187 2578 1240 illa
2610 1186 2949 1255 praevalente,
2984 1196 3274 1255 mergatur.

1981 1282 2154 1350 Atque
2183 1278 2321 1343 ideo,
2347 1294 2466 1332 cum
2501 1278 2570 1332 ita
2595 1279 2685 1343 sit,
2711 1292 2925 1342 moneo,
2953 1277 3136 1332 hortor
3181 1288 3233 1332 et
3264 1280 3485 1347 suadeo,

1909 1380 1967 1426 ut
2006 1387 2125 1440 qua:
2168 1369 2454 1424 commissa
2485 1379 2606 1422 sunt
2633 1370 2890 1439 corrigas,
2927 1377 2982 1423 et
3008 1369 3350 1438 sequentibus
3380 1379 3490 1424 stu-

1909 1463 2012 1518 diis
2042 1462 2108 1516 de
2133 1471 2181 1515 te
2205 1461 2365 1515 facias
2391 1461 2611 1514 meliora
2643 1460 2829 1514 sentiri
2869 1475 2880 1510 :
2919 1463 2937 1490 ²
2965 1459 3242 1530 Negligere
3270 1462 3492 1529 quippe,

1910 1573 2025 1610 cum
2054 1556 2216 1626 possis
2258 1554 2528 1608 deturbare
2557 1570 2814 1622 perversos
2837 1591 2850 1616 ,
2894 1552 3021 1605 nihil
3052 1562 3127 1606 est
3171 1553 3313 1605 aliud
3341 1567 3492 1621 quam

1910 1654 2094 1722 fovere.
2139 1649 2257 1704 Non
2302 1650 2484 1720 [Nec]
2523 1659 2655 1702 caret
2685 1650 2928 1717 scrupulo
2963 1649 3215 1703 societatis
3260 1649 3490 1715 occultat,

1910 1749 1995 1816 qui
2022 1747 2269 1801 evidenter
2300 1746 2317 1818 [.
2341 1747 2554 1800 evidenti
2582 1745 2597 1816 ]
2630 1747 2846 1816 facinori
2876 1747 3060 1800 desinit
3090 1747 3308 1800 obviare.
3344 1745 3494 1801 Unde

1913 1839 1959 1894 si
2010 1847 2192 1892 contra
2244 1839 2433 1908 synodi
2483 1838 2719 1892 instituta
2769 1837 3222 1892 Chalcedonensis
3272 1837 3496 1891 tendere

1912 1931 2124 1986 hostilia
2153 1930 2315 1984 corda
2349 1930 2629 1999 perspicis,
2653 1929 2885 1998 quiescis
2912 1947 2924 1980 :
2951 1927 3080 1982 mihi
3112 1927 3291 1993 crede,
3318 1927 3496 1982 nescio

1912 2024 2357 2095 quemadmodum
2392 2033 2443 2077 te
2477 2023 2730 2077 Ecclesia:
2761 2023 2918 2078 totius
2950 2025 3146 2076 asseris
3185 2037 3306 2077 esse
3337 2021 3496 2090 parti—

1914 2119 2106 2188 cipem.
2140 2117 2218 2172 Ad
2253 2127 2302 2171 te
2329 2115 2512 2171 oculos
2542 2125 2796 2185 prmterea
2828 2131 2932 2170 non
2974 2115 3207 2179 reducis,
3235 2115 3360 2185 quia
3393 2130 3497 2168 non

1915 2213 2089 2268 solum
2141 2211 2194 2266 in
2244 2210 2344 2265 bac
2388 2226 2546 2265 causa
2579 2209 2836 2264 adversus
2883 2224 3094 2264 omnem
3124 2207 3376 2263 catholici
3403 2207 3539 2260 dor

1915 2303 2108 2372 gmatis
2136 2301 2385 2357 tendatur
2417 2301 2695 2364 unitatem,
2729 2299 2823 2355 sed
2853 2300 3012 2354 etiam
3044 2299 3250 2354 cunctis
3279 2298 3500 2353 lucrosi-

1915 2397 2014 2452 bus
2040 2438 2054 2464 ,
2089 2411 2209 2466 quae
2255 2396 2338 2450 vel
2370 2411 2427 2449 se
2457 2395 2610 2449 nobis
2659 2395 2851 2450 melius
2897 2394 3098 2449 sentire
3143 2393 3499 2463 praetendunt,

1917 2490 2223 2544 resumendi
2257 2489 2397 2542 vires
2423 2527 2436 2549 ,
2472 2497 2631 2556 atque
2663 2487 2803 2542 inter
2846 2500 2973 2540 usus
3022 2486 3278 2556 pristinos
3326 2500 3502 2540 resur-

1917 2581 2073 2651 gendi
2099 2621 2114 2647 ,
2169 2581 2305 2633 latus
2349 2594 2570 2646 campus
2618 2577 2876 2646 aperitur,
2909 2577 2954 2631 si
2987 2575 3150 2631 semel
3181 2575 3322 2645 quod
3351 2590 3379 2629 a
3411 2589 3504 2629 no«

1919 2672 2043 2726 stris
2098 2670 2391 2737 majoribus
2429 2680 2511 2724 est
2556 2669 2857 2736 depositum
2884 2707 2899 2733 ,
2949 2667 3186 2737 qualibet
3226 2668 3504 2721 occasione

1921 2765 2180 2835 pulsetur.

1993 2855 2143 2910 Unde
2171 2854 2361 2909 iterum
2394 2862 2554 2922 atque
2594 2854 2786 2907 iterum
2817 2859 3192 2921 protestamur,
3239 2865 3304 2905 ne
3333 2849 3384 2903 in
3410 2846 3506 2903 'ab-

1921 2958 2135 3016 ruptum
2170 2946 2330 3000 totius
2362 2945 2616 2999 Ecclesiae
2657 2952 2854 2998 statuta
2887 2959 2981 3013 per
3007 2941 3282 2997 audaciam
3320 2950 3505 2995 contra

1921 3039 2181 3109 synodum
2235 3037 2551 3091 catholicam
2599 3037 2876 3105 insurgere
2919 3034 3254 3090 molientium
3302 3032 3505 3086 sinatur

1925 3131 2139 3188 abduci.
2173 3131 2227 3187 ln
2252 3144 2356 3201 quo
2385 3129 2598 3200 quidem
2630 3129 2921 3184 certamine
2952 3128 3162 3182 firmum
3194 3125 3508 3180 fundamen-

1927 3236 2038 3283 tum
2070 3229 2207 3281 Deus
2235 3234 2432 3280 statuet
2459 3266 2475 3291 ,
2521 3217 2678 3278 sicut'
2702 3222 2769 3277 de
2809 3237 2876 3277 eo
2922 3221 3078 3276 nobis
3109 3221 3232 3274 licet
3258 3233 3505 3288 sperare;

1927 3328 1982 3375 et
2025 3319 2159 3372 novit
2187 3317 2434 3370 Dominus
2455 3316 2540 3385 qui
2571 3324 2687 3368 sunt
2727 3316 2836 3384 ejus
2867 3310 2952 3383 (Il
2994 3310 3128 3364 Tim.
3159 3325 3224 3377 II,
3257 3309 3369 3378 l9).
3401 3307 3507 3360 Ve-

1928 3420 2249 3471 rumtamen,
2280 3407 2427 3461 salvo
2463 3421 2548 3472 eo,
2583 3404 2723 3474 quod
2756 3405 2807 3458 in
2829 3403 2925 3457 .die
2953 3401 3138 3470 judicii
3168 3400 3325 3454 talem
3354 3414 3383 3452 a
3417 3413 3507 3451 no-

1928 3504 2009 3558 bis
2039 3499 2331 3557 Ecclesiam
2360 3546 2373 3568 ,
2408 3510 2616 3554 certum
2665 3506 2770 3563 est,
2803 3497 3012 3566 qualem
3040 3509 3068 3548 a
3102 3494 3341 3563 patribus
3371 3492 3510 3546 acci-

1931 3596 2105 3662 pimus
2133 3637 2145 3658 ,
2202 3590 2545 3659 exigendam;
2587 3591 2747 3642 etiam
2805 3590 2857 3640 in
2908 3587 3009 3639 hac
3048 3586 3152 3638 vita
3200 3599 3259 3639 se
3295 3583 3360 3636 ad
3389 3598 3507 3636 eam

1932 3698 2034 3737 non
2065 3683 2331 3750 pertinere
2361 3687 2667 3747 cognoscat,
2701 3679 2789 3746 qui
2835 3691 2940 3730 non
2988 3675 3160 3730 solum
3193 3672 3509 3743 plenitudini

1931 3775 2047 3842 ejus
2077 3774 2231 3826 noxia
2280 3780 2500 3824 conatur
2542 3769 2771 3831 inferre,
2819 3766 2911 3820 sed
2952 3766 3111 3820 etiam
3156 3766 3245 3835 qui
3285 3779 3347 3820 ea
3391 3779 3510 3833 qua:

1932 3865 2106 3922 eidem
2134 3862 2479 3931 congruentia
2511 3869 2636 3914 sunt
2673 3857 2976 3912 dissimulat
3008 3855 3312 3926 providere.
3361 3854 3513 3908 Absit

1933 3970 1992 4016 ut
2025 3960 2092 4014 de
2124 3969 2210 4014 tua
2238 3957 2527 4012 dilectione
2569 3956 2750 4009 taliter
2778 3968 2874 4008 nos
2905 3951 3185 4007 credamus
3210 3992 3224 4016 ,
3257 3965 3415 4021 quem
3460 3959 3513 4005 et

1931 4050 2129 4106 dudum
2159 4064 2254 4118 pro
2281 4046 2543 4102 catholica
2573 4045 2678 4100 fide
2704 4043 2931 4099 viriliter
2960 4041 3180 4098 stetisse
3208 4040 3511 4096 reminisci-

1932 4159 2072 4209 mur,
2119 4151 2174 4196 et
2203 4156 2232 4194 a
2279 4140 2440 4194 totius
2480 4137 2730 4193 Ecclesiae
2777 4149 3005 4205 corpore
3033 4133 3280 4189 nolumus
3316 4133 3515 4187 discre-

1933 4251 2083 4307 pare.
2114 4235 2450 4302 Quapropter
2477 4232 2762 4286 instantius
2783 4229 2895 4298 (qui
2927 4237 2980 4283 te
3008 4228 3221 4282 sincero
3244 4226 3516 4294 diligimus

1936 4328 2174 4384 caritatis
2228 4326 2419 4379 intuitu
2447 4326 2464 4393 )
2493 4313 2686 4378 crebr'o
2718 4321 2964 4392 repetitis
3009 4319 3406 4376 hortationibus
3437 4318 3517 4373 in-

1937 4421 2182 4486 citamus,
2232 4429 2290 4472 ut
2332 4419 2445 4485 ipse
2492 4417 2726 4471 vicissim
2757 4429 2819 4470 ea
2870 4421 2991 4484 post
3026 4411 3142 4468 hmc
3169 4412 3371 4467 devites
3398 4426 3517 4481 qua:

1941 4521 1992 4567 te
2020 4512 2088 4564 ab
2115 4509 2258 4566 omni
2291 4508 2448 4563 domo
2475 4507 2674 4562 Christi
2704 4506 2991 4562 ostendant
3015 4519 3136 4560 esse
3158 4503 3514 4573 disjunctum;

1941 4619 2040 4660 nec
2085 4603 2251 4670 magis
2304 4600 2393 4653 illa
2443 4598 2665 4652 secteris
2709 4611 2828 4664 qua:
2875 4595 2943 4648 ab
2991 4593 3179 4648 eadem
3232 4604 3281 4645 te
3324 4592 3520 4644 faciant

1942 4710 2061 4750 esse
2085 4694 2334 4748 divisum.
2365 4690 2523 4744 Multa
2557 4703 2682 4744 vero
2712 4687 2856 4756 (quia
2887 4701 2994 4739 non
3021 4699 3158 4753 opus
3183 4683 3282 4738 fuit
3326 4682 3521 4738 litteris

1943 4787 2194 4842 universa
2224 4780 2538 4852 congerere)
2568 4791 2793 4848 qumque
2825 4775 3027 4830 utilitas
3064 4775 3258 4844 negotii
3289 4787 3521 4842 prasen-

1944 4882 2012 4935 tis
2034 4880 2284 4948 efflagitat
2300 4917 2314 4942 ,
2341 4874 2589 4929 fratribus
2612 4881 2665 4928 ct
2688 4870 3019 4940 coepiscopis
3043 4868 3350 4937 apostolica:
3378 4866 3522 4923 sedis

1948 4974 2210 5043 legatione
2263 4967 2622 5039 fungentibus,
2664 4966 2746 5021 vel
2776 4979 2897 5020 cum
2939 4961 3156 5017 domino
3196 4960 3308 5014 filio
3340 4968 3525 5014 nostro

1953 5063 2372 5122 clementissimo
2405 5059 2674 5131 principe,
2707 5058 2790 5113 vel
2824 5070 2944 5111 cum
2973 5063 3062 5110 tua
3104 5051 3388 5108 dilectione
3415 5050 3526 5106 col-

1948 5155 2212 5227 loquenda
2260 5151 2628 5208 mandavimus
2654 5168 2668 5206 :
2693 5147 2833 5219 quod
2873 5160 3083 5215 aequum
3114 5151 3197 5198 est
3224 5151 3277 5198 et
3303 5155 3401 5212 pro
3439 5155 3526 5195 ca-

1950 5248 2158 5302 tholicae
2189 5245 2308 5299 fidei
2338 5242 2710 5297 observatione
2753 5246 2998 5307 prompta
3023 5243 3201 5290 mente
3231 5231 3524 5300 suscipere,

1948 5351 2001 5398 et
2020 5356 2117 5409 pro
2139 5349 2243 5394 tuae
2271 5334 2638 5391 testimationis
2668 5331 2858 5387 intuitu
2881 5325 3237 5384 necessariam
3268 5321 3407 5392 apud
3435 5335 3529 5376 au-

1947 5443 2114 5506 gustae
2141 5429 2333 5486 mentis
2359 5425 2786 5483 benevolentiam
2810 5420 3243 5493 suggestionibus
3264 5416 3524 5486 adjuvari.

1954 5636 2208 5765 gratiano
2257 5647 2378 5698 xm,
2431 5645 2484 5699 q.
2533 5629 2606 5691 l,
2653 5626 2902 5682 tribuitur
2949 5622 3233 5680 Anastasio
3277 5619 3319 5676 ll
3352 5633 3524 5691 papae.

2006 5721 2219 5764 annum.

2006 5721 2219 5764 ARDUIN.
