4090 6330
1107 386 1440 444 EPISTOLA
1491 385 1556 440 ll.

916 512 939 538 ⁵
975 517 1041 556 ΑΙ)
1080 514 1318 555 ZENONEM
1358 510 1749 552 IMPERATOREH.

546 620 651 676 Pro
676 616 905 672 Ecclesia
930 616 1283 672 Alexandrina
1314 614 1583 685 supplicat
1609 628 1627 685 ς
1648 610 1901 684 quidquid
1921 609 2132 685 antehac

612 707 705 763 pro
732 689 1027 760 defensione
1047 688 1276 763 ejusdem
1304 683 1548 763 Ecclesia:
1569 683 1813 763 dixit-aut
1838 683 2133 763 [migrant-

613 752 887 825 inentorat,
931 769 986 813 ut
1028 752 1378 829 posteriorem
1394 755 1617 829 Joannis
1651 753 1995 829 Alexandrini
2023 752 2132 822 epi-

614 833 754 956 Ζιλοῧ
780 825 1104 904 ejectionein,
1124 838 1172 884 et
1194 828 1334 884 Petri
1353 827 1529 899 Moggi
1557 825 1931 882 restitutionem
1954 838 2131 894 repre-

651 919 713 956 en
750 913 823 956 at.

651 913 823 958 sudat.

618 1034 809 1106 Incipit
834 1032 1079 1104 epistola:
1110 1031 1418 1102 exemplum
1444 1029 1739 1086 beatissimi
1770 1042 1922 1099 papae
1942 1026 2135 1083 Felicis

549 1128 699 1185 urbis
725 1127 912 1183 Rom
961 1126 1028 1182 ad
1070 1126 1341 1183 Zenonem
1382 1126 1678 1197 Augustum
1710 1137 1805 1195 per
1830 1121 2057 1178 Vitalem
2081 1129 2136 1179 et

549 1221 815 1279 Iisenum
845 1219 1150 1290 episcopos.

620 1314 855 1371 Deeebut
885 1312 1147 1383 proiecto,
1171 1309 1492 1366 venerabilis
1520 1308 1835 1379 imperator,
1865 1315 1984 1378 post
2011 1320 2137 1362 san-

547 1416 649 1466 eta
675 1406 947 1463 memoria
994 1404 1294 1459 decessoris
1341 1402 1445 1457 mei
1497 1401 1802 1463 transitum,
1858 1413 2052 1468 meque
2082 1401 2134 1453 in

549 1502 668 1573 ejus
695 1500 870 1555 locum
897 1497 1074 1553 divina
1116 1497 1283 1568 gratia
1314 1495 1682 1564 subrogatum,
1706 1494 2006 1547 clementiae
2032 1498 2137 1545 tum

508 1648 511 1651 γ
551 1594 851 1649 litterarum
899 1604 1092 1644 munus
1124 1587 1319 1643 eaerre
1344 1604 1357 1639 :
1383 1586 1526 1657 quod
1558 1586 1639 1640 vel
1671 1600 1756 1652 ea,
1790 1584 1928 1639 sicut
1957 1597 2134 1638 rerum

549 1686 807 1758 poscebat
842 1684 1021 1751 ratio,
1072 1683 1416 1746 nuntiarem,
1471 1679 1553 1733 vel
1602 1677 1957 1733 ofﬂciOsitatis
2002 1691 2136 1731 mete

1873 266 2131 326 FELlClS
2170 262 2373 323 PAPE

2154 382 2246 449 Α,
2302 378 2493 444 Quaeso
2538 384 2609 442 te,
2646 374 2718 432 fili
2752 376 3007 445 piissime,
3044 390 3111 432 ne
3143 380 3320 432 tunica
3344 377 3559 434 Domini
3590 379 3830 452 desuper

3720 264 3835 325 900

2233 479 2483 527 contexta
2515 485 2612 539 per
2641 479 2832 539 tutum,
2857 484 2960 539 qua
2993 469 3045 524 in
3071 484 3235 524 unum
3266 484 3460 540 corpus
3491 481 3683 527 sancto
3711 472 3836 543 Spi-

2232 562 2337 618 ritu
2362 562 2561 632 ubique
2591 569 2829 632 regente,
2858 560 3186 616 individuam
3217 561 3328 617 fore
3357 562 3558 619 Christi
3585 563 3838 634 ﬁguravit

2234 653 2571 719 Eeclesiam',
2620 653 2726 708 ulla
2764 652 2984 724 patiaris
3028 661 3171 709 sorte
3200 653 3433 720 violari;
3478 668 3617 711 neve
3666 656 3833 725 cujus

2234 747 2377 802 inter
2415 747 2562 817 ipsos
2585 746 2674 817 qui
2706 745 3088 802 crucifixerunt
3128 747 3486 815 Salvator‘em,
3528 749 3728 806 mansit
3760 750 3839 805 in-

2236 843 2476 908 tcgritas,
2502 843 2607 898 tuis
2637 843 2881 899 videatur
2903 845 3238 913 temporibus
3268 858 3389 902 esse
3419 846 3617 903 divisa.
3639 847 3838 904 Nonne

2235 948 2353 989 mea
2385 933 2517 989 lides
2546 942 2650 1000 est,
2686 949 2843 1006 quam
2880 924 3045 990 solam
3074 950 3195 993 esse
3231 951 3390 993 unam
3415 981 3430 1005 ,
3466 948 3523 995 et
3560 938 3707 995 nulla
3739 939 3838 995 ad-

2234 1028 2489 1082 versitate
2516 1026 2877 1097 superandam
2906 1028 3164 1085 Dominus
3193 1031 3307 1100 ipse
3351 1032 3697 1099 monstravit,
3742 1032 3835 1101 qui

2238 1118 2493 1173 Ecclesiae
2541 1131 2653 1173 sua
2701 1118 2754 1172 in
2802 1133 2919 1174 mea
2971 1120 3316 1176 confessione
3357 1120 3595 1179 fundata
3647 1130 3837 1193 portas

2238 1208 2394 1265 inferi
2428 1224 2698 1279 nunquam
2732 1211 3100 1279 prmvalituras
3136 1226 3257 1269 esse
3296 1213 3592 1283 promisit?
3630 1215 3758 1272 Hac
3785 1229 3838 1275 te

2236 1311 2479 1357 renatum
2528 1301 2594 1355 ad
2642 1301 2844 1371 regiam
2880 1303 3112 1357 sustulit
3154 1303 3472 1373 dignitatem
3502 1348 3517 1372 ,
3546 1314 3714 1378 atque
3761 1310 3834 1364 ab

2238 1391 2355 1463 ejus
2383 1393 2845 1462 impugnatoribus
2888 1402 3156 1464 potestate
3195 1406 3412 1451 extrusa
3438 1438 3453 1464 ,
3505 1400 3837 1468 prmvalendi

2237 1484 2332 1540 tibi
2355 1485 2534 1540 denuo
2561 1485 2701 1540 viam
2728 1486 2778 1540 in
2808 1485 2975 1557 ipsius
3001 1486 3314 1545 defensione
3341 1490 3617 1559 patefecit.

2309 1579 2530 1646 Verum,
2560 1594 2764 1650 quaeso,
2794 1595 3033 1651 propone
3061 1580 3224 1637 etiam
3250 1585 3496 1654 exempla
3520 1593 3802 1655 gestorum
3819 1630 3833 1651 ,

2237 1682 2291 1728 et
2323 1673 2460 1728 banc
2489 1672 2659 1728 vicem
2691 1673 2827 1728 meis
2864 1672 3100 1741 repende
3126 1673 3423 1741 beneficiis,
3468 1685 3529 1731 ut
3570 1692 3694 1747 qua:
3740 1690 3837 1750 per

550 1777 815 1848 primitias
860 1774 1177 1830 exhiberem
1218 1789 1231 1824 :
1276 1772 1471 1842 quibus
1522 1780 1700 1824 tamen
1733 1769 1835 1824 rite
1862 1768 2133 1837 depensis,
2173 1760 2216 1820 Β
2241 1776 2420 1818 rerum
2459 1763 2707 1818 examina
2745 1764 3131 1833 comprobasti,
3185 1773 3240 1821 et
3285 1766 3585 1836 periculosa
3634 1782 3837 1838 praea-

549 1868 712 1922 etiam
754 1866 845 1921 illa
893 1866 1094 1936 puriter
1135 1872 1479 1918 necterentur
1518 1876 1638 1930 quae
1667 1860 1734 1913 ad
1765 1860 1929 1913 vestri
1961 1857 2139 1913 muni-

551 1973 677 2014 tuen
705 1956 961 2028 imperii,
1014 1955 1492 2026 prosperitatisqee
1518 1953 1636 2021 ejus
1681 1951 1931 2022 suffragia
1978 1952 2141 2021 perti-

551 2061 769 2119 nereut;
811 2059 1117 2122 quantoque
1161 2061 1345 2105 essent
1389 2048 1567 2103 studio
1628 2046 1834 2115 majore
1868 2044 2136 2108 curanda,

549 2153 703 2200 tanto
760 2143 1095 2215 dignioribus
1140 2140 1485 2197 internuntiis
1540 2137 1905 2207 explerentur.
1959 2134 2141 2204 Itaque

550 2234 880 2291 conveniens
911 2232 1009 2288 luit
1040 2243 1095 2286 ut
1114 2232 1307 2286 Vitatis
1337 2240 1392 2285 et
1415 2229 1604 2284 Miseni
1636 2227 1858 2282 fratrum
1884 2235 1938 2280 et
1962 2226 2142 2293 coepi-

552 2340 842 2395 κῦρσαι-ι
866 2338 1134 2389 meorum,
1159 2330 1214 2377 et
1252 2321 1436 2376 famuli
1467 2320 1629 2375 vestri
1661 2317 1858 2373 Felicis
1889 2317 2142 2372 Ecclesiae

551 2419 847 2476 defensoris
876 2419 944 2473 ad
968 2432 1063 2473 vos
1090 2416 1449 2472 necessariam
1490 2414 1810 2484 legationem
1841 2413 2137 2476 mitterem,

551 2512 647 2581 qui
675 2525 782 2565 non
804 2518 921 2565 tam
955 2508 1117 2579 baiuli
1135 2508 1317 2578 specie
1341 2508 1440 2563 ista
1464 2505 1756 2570 deferrent,
1781 2519 1940 2574 quam
1968 2517 2140 2558 meam

550 2603 722 2659 licem
752 2612 1069 2673 peragentes
1096 2648 1110 2672 ,
1144 2616 1233 2658 me
1277 2599 1678 2671 quodammodo
1704 2599 1857 2653 vobis
1905 2598 2144 2653 facerent

553 2710 673 2751 esse
705 2705 1046 2763 praesentem.
1086 2695 1187 2750 Per
1215 2694 1353 2748 banc
1381 2693 1563 2763 igitur,
1601 2691 1748 2746 velut
1771 2690 2016 2745 cominus
2046 2691 2145 2744 bo-

554 2790 907 2847 nsriflcentias
952 2800 1057 2845 tute
1098 2789 1314 2859 junctus
1357 2786 1643 2858 colloquiis
1669 2828 1684 2854 ,
1717 2799 1913 2856 precor
1939 2794 1996 2838 ut
2019 2798 2145 2853 sup-

554 2885 895 2954 plicationem
945 2897 1117 2949 meam
1164 2880 1408 2952 benignis
1458 2879 1699 2945 auribus,
1732 2878 1869 2933 sicut
1898 2877 2144 2947 princeps

553 2976 914 3042 Christianus,
946 2977 1198 3047 accipias.
1224 2976 1333 3031 Nec
1359 2975 1629 3030 existimet
1657 2974 1829 3043 pietas
1859 2982 1969 3039 tua,
2003 2970 2145 3041 quod

554 3069 835 3140 quisquam
862 3069 1030 3139 magis
1060 3070 1269 3125 sincera
1292 3075 1469 3122 mente
1488 3074 1543 3121 te
1561 3065 1768 3135 diligat,
1796 3077 1954 3133 quam
1973 3063 2063 3133 qui
2093 3071 2146 3117 te

2243 1869 2387 1922 veas,
2416 1864 2469 1909 et
2500 1854 2735 1909 subsidia
2767 1865 3097 1923 recuperatae
3139 1871 3170 1911 a
3204 1864 3255 1912 te
3282 1856 3557 1927 dignitatis
3590 1858 3836 1916 aﬂeetes.

2244 1948 2367 2003 liae
2394 1963 2546 2018 rogo,
2573 1963 2694 2018 quae
2718 1948 2859 2003 dicta
2885 1949 3024 2004 Deus
3050 1964 3171 2005 esse
3199 1951 3364 2006 voluit
3389 1967 3485 2022 per
3509 1953 3670 2010 dictae
3695 1954 3837 2010 sedis

2240 2043 2557 2109 antistitem,
2596 2043 2681 2098 vel
2714 2059 2810 2111 per
2846 2043 2950 2098 mei
2988 2043 3193 2099 ordinis
3222 2046 3569 2115 parvitatem,
3610 2048 3701 2119 qui
3733 2057 3835 2104 tua

2241 2141 2263 2170 ⁸
2285 2137 2589 2193 securitatis
2612 2137 2831 2205 intuitu,
2865 2137 3241 2208 hujuscemodi
3288 2140 3409 2195 ideo
3438 2142 3733 2211 promenda
3752 2142 3834 2211 ju-

2241 2232 2458 2298 dicavit,
2485 2240 2545 2287 ut
2569 2246 2674 2286 non
2703 2239 2810 2286 tam
2836 2247 2932 2301 per
2954 2232 3070 2302 ejus
3090 2232 3523 2305 qualemcunque
3550 2234 3833 2303 vicarium,

2242 2325 2336 2382 sed
2366 2327 2647 2397 praesentis
2675 2326 2903 2395 apostoli
2933 2328 3079 2382 velut
3106 2329 3425 2385 auctoritate
3450 2329 3832 2396 commonitus,

2245 2418 2403 2473 altius
2433 2419 2548 2473 vias
2577 2430 2628 2473 et
2655 2418 2851 2472 divina:
2879 2420 3196 2474 reverentia:
3222 2430 3275 2475 et
3301 2421 3550 2476 humanae
3573 2421 3833 2478 conditio-

2244 2510 2327 2565 nis
2357 2511 2621 2579 aspiciens
2660 2509 2823 2580 (quod
2859 2510 3024 2582 absit)
3053 2527 3161 2567 nun
3201 2513 3440 2583 ingratus
3483 2514 3718 2569 existere
3756 2513 3832 2567 vi-

2244 2602 2419 2659 dearis
2446 2603 2654 2658 collatas
2687 2602 2956 2657 felicitatis
2985 2604 3213 2659 auctori.
3248 2605 3471 2670 Redeat,
3498 2606 3743 2671 obsecro,
3778 2606 3829 2660 in

2245 2694 2407 2749 animi
2459 2693 2534 2747 tui
2579 2694 2784 2763 integra
2834 2692 3222 2751 deliberatione
3276 2710 3660 2768 conspectum,
3710 2714 3829 2769 quae

2247 2785 2494 2840 inimicos
2527 2792 2645 2838 tuos
2676 2783 2813 2839 facta
2846 2785 3189 2855 dejecerunt,
3222 2803 3341 2858 quae
3378 2799 3431 2845 te
3462 2790 3529 2844 ad
3560 2791 3831 2861 imperiale

2247 2877 2513 2947 fastigium
2539 2875 2647 2930 Deo
2674 2875 2965 2931 comitante
2990 2880 3321 2947 revexerint;
3352 2881 3582 2951 qualiter
3606 2868 3685 2935 illi
3713 2892 3829 2937 cum

2249 2968 2477 3024 nefanda
2518 2966 2781 3036 dogmatis
2804 2969 3109 3037 receptione
3134 2970 3516 3036 conciderunt;
3563 2978 3617 3027 et
3643 2985 3831 3041 quem-

2249 3061 2534 3116 admodum
2585 3061 2749 3130 gloria
2798 3071 2884 3114 tua
2926 3064 2976 3115 in
3009 3060 3381 3118 haereticorum
3433 3064 3591 3120 fuerit
3640 3064 3829 3133 depul-

556 3177 741 3233 pacem
784 3163 836 3216 in
868 3164 978 3216 Deo
1008 3163 1122 3215 vult
1159 3161 1358 3217 habere
1388 3144 1697 3230 perpetuam
1724 3175 1739 3211 :
1763 3157 1980 3228 quando
2020 3157 2142 3211 fidei
2171 3142 2216 3205 ε
2248 3157 2398 3213 sione
2428 3164 2677 3224 reparata
2709 3173 2719 3207 :
2757 3162 2813 3207 ut
2842 3154 2913 3209 illi
2942 3165 3128 3211 contra
3155 3157 3608 3215 Chalcedonensis
3635 3156 3830 3229 synodi

557 3262 736 3308 mente
763 3269 868 3307 non
894 3253 1153 3321 autbigas,
1186 3262 1241 3307 et
1268 3251 1579 3321 temporalis
1621 3250 1872 3303 culminis
1908 3258 2145 3320 potesta-

562 3353 669 3397 tem
720 3352 774 3397 et
816 3352 1032 3397 uerno:
1077 3342 1201 3397 vita
1229 3341 1551 3398 commercia
1584 3341 1654 3395 de
1686 3354 1917 3411 superna
1968 3342 2149 3411 propi-

561 3434 783 3488 tiatione
812 3432 1067 3502 pendere.
1830 3418 1835 3423 ⁷

630 3529 772 3586 Ecce
811 3529 1013 3599 jamdiu
1054 3538 1137 3584 est
1164 3528 1306 3596 quod
1357 3528 1501 3583 beati
1539 3527 1771 3599 apostoli
1800 3528 1978 3595 sedes,
2011 3528 2148 3582 datis

562 3634 666 3690 per
699 3620 869 3675 beatas
899 3621 1173 3674 metnorias
1201 3601 1538 3675 decessorem
1571 3633 1745 3674 meum
1792 3618 1858 3673 ad
1888 3619 2148 3674 serenita-

561 3720 673 3767 tem
711 3722 861 3766 tuam
889 3711 1099 3776 litteris,
1133 3722 1481 3779 exspectans,
1508 3721 1563 3767 et
1588 3712 1787 3766 nullum
1822 3713 2025 3781 recepit
2052 3727 2149 3781 pro

558 3802 819 3857 catholica
852 3801 976 3869 fide,
993 3817 1092 3873 pro
1117 3804 1133 3834 ί
1155 3803 1575 3859 Occidentalium
1597 3802 1983 3875 [Orientalium]
2001 3813 2144 3859 tran-

560 3893 826 3964 quillitate
852 3907 1199 3963 responsum;
1231 3894 1526 3964 praesertim
1555 3910 1674 3948 eum
1706 3903 1849 3949 tuam
1871 3897 2151 3951 conscien-

565 3984 692 4038 tiam
712 4025 725 4049 ,
750 3984 1135 4052 gloriosissime
1168 3985 1417 4053 princeps
1434 4024 1449 4049 ,
1482 3984 1781 4040 metuendis
1806 3985 2151 4040 obstrinxerit

565 4075 655 4129 illa
682 4076 1059 4141 sacramentis,
1089 4091 1157 4129 ne
1185 4076 1342 4131 sedes
1374 4077 1511 4131 beati
1543 4078 1891 4145 evangelista:
1930 4078 2088 4132 Marsi
2120 4092 2148 4131 a

563 4164 807 4218 doctrina
850 4165 1091 4233 magistri
1140 4167 1222 4219 sui
1268 4168 1349 4221 vel
1389 4158 1768 4223 communione
1813 4170 2152 4239 permitteres

562 4256 825 4323 separari.
865 4254 979 4310 Sed
1019 4255 1270 4325 quoniam
1317 4244 1524 4326 praefati
1567 4259 1868 4315 decessoris
1899 4260 2003 4315 mei
2039 4269 2153 4316 stu-

563 4345 757 4413 ditu‘n,
804 4345 965 4417 longa
1010 4347 1449 4405 incommoditate
1496 4349 1728 4406 faciente
1755 4393 1771 4415 ,
1820 4353 1931 4408 lucc
1959 4354 2153 4409 eadem

562 4434 809 4501 nebride
836 4439 1036 4497 iterare
1065 4454 1179 4494 non
1204 4440 1410 4509 potuit;
1454 4456 1551 4511 per
1592 4456 1731 4498 me:
1768 4458 1909 4500 nune
1942 4446 2153 4500 humili-

2248 3248 2572 3305 venerabilia
2624 3248 2913 3302 constituta
2940 3290 2953 3314 ,
3008 3258 3063 3304 et
3110 3251 3402 3305 beatissimi
3438 3266 3583 3322 papas
3622 3250 3823 3306 Leonis

2264 3340 2460 3407 scripta
2499 3340 2797 3403 venientes,
2831 3340 2942 3408 ipsa
2982 3341 3061 3394 sui
3106 3342 3378 3398 molitione
3412 3332 3626 3413 collapsi
3665 3352 3827 3409 sunt;

2249 3444 2303 3489 et
2326 3432 2520 3501 quibus
2549 3431 2722 3486 modis
2761 3446 2945 3487 eorum
2990 3433 3414 3503 reformationes,
3457 3435 3519 3490 ad
3548 3434 3831 3506 pristinum

2249 3526 2271 3557 ³
2299 3534 2603 3581 remearunt
2642 3522 2661 3554 ⁸
2693 3536 2901 3580 tuarum
2954 3528 3305 3583 reverentiam
3352 3527 3729 3599 principatum.

2321 3617 2526 3685 Liceat,
2557 3631 2677 3686 oro,
2706 3620 2844 3690 apud
2885 3629 2935 3675 te
2979 3616 3204 3673 ﬁdenter
3247 3632 3522 3688 exponere
3564 3616 3835 3691 [exercere]

2250 3724 2409 3779 quem
2458 3712 2709 3773 convenit
2752 3726 2857 3767 non
2903 3722 3100 3766 tacere.
3151 3709 3374 3765 Unicum
3417 3709 3469 3764 in
3508 3718 3563 3765 te
3595 3718 3835 3780 superest

2253 3801 2415 3871 prisci
2447 3817 2640 3859 nomen
2681 3804 3044 3875 imperatoris.
3072 3803 3167 3869 Ne,
3195 3815 3396 3873 quaeso,
3427 3802 3585 3857 nobis
3616 3801 3834 3857 salutem

2254 3902 2429 3961 tuam,
2479 3896 2564 3965 pie
2603 3897 2921 3966 imperator,
2953 3895 3213 3960 invideas,
3251 3908 3318 3949 ne
3362 3888 3612 3949 ﬁduciam
3653 3906 3749 3965 pro
3784 3902 3839 3948 te
3942 3928 3945 3929 ν

2252 3987 2461 4041 minuas
2500 3989 2853 4059 supplicandi.
2885 3988 3077 4043 Causas
3106 3986 3298 4056 quibus
3328 3986 3589 4041 Dominus
3614 3986 3687 4040 sit
3715 3998 3836 4055 pro-

2251 4080 2413 4149 pitius
2456 4081 2787 4149 inquirenda:
2824 4092 2967 4149 sunt,
3004 4082 3119 4137 non'
3150 4079 3343 4150 quibus
3382 4080 3503 4148 ejus
3544 4077 3837 4150 indignatio

2254 4184 2592 4243 provocetur.
2626 4174 2920 4240 Convenio,
2961 4182 3257 4238 contestor,
3284 4170 3563 4235 obtestor;
3588 4169 3839 4239 quoniam

2255 4276 2453 4330 metuo,
2492 4266 2769 4331 horresco,
2818 4266 3068 4329 formido,
3114 4279 3184 4319 ne
3225 4261 3520 4317 mutatione
3556 4272 3837 4315 causarum

2253 4355 2420 4426 (quod
2457 4356 2619 4427 absit)
2658 4365 2892 4413 mutetur
2914 4362 3153 4412 eventus.
3195 4354 3419 4422 Respice
3462 4353 3730 4423 propitius
3771 4352 3835 4405 ad

2254 4447 2564 4503 d‘ecessores
2588 4458 2707 4503 tuos
2729 4458 2968 4519 augusta:
2987 4449 3265 4504 memoriae
3282 4446 3611 4500 Marcianum
3633 4443 3839 4499 scilicet

564 4530 689 4585 usus
716 4514 952 4585 officium
983 4531 1267 4588 sollicitius
1309 4542 1559 4604 repetere
1600 4549 1709 4590 nou
1739 4537 1985 4607 quiescit.
2014 4538 2150 4593 R‘ur-
2176 4516 2233 4576 Ῑ)
2255 4548 2308 4594 et
2337 4537 2568 4593 Leonem
2588 4579 2603 4605 ,
2633 4549 2687 4594 et
2717 4514 2984 4594 tantorum
3016 4538 3318 4608 principum
3349 4535 3539 4603 fidem,
3572 4533 3840 4605 legitimus

567 4635 667 4676 suo
689 4634 817 4692 ergo
845 4622 1077 4691 apostoli
1100 4622 1249 4680 Petri
1280 4626 1583 4682 veneranda
1612 4628 1880 4684 confessio
1907 4639 2146 4686 materna

566 4713 730 4769 iustas
768 4714 1029 4778 vocibus.
1072 4725 1131 4772 et
1170 4731 1388 4773 suerunt
1439 4719 1707 4789 prmoipue
1736 4720 1965 4777 filiorum
2001 4732 2149 4779 com-

569 4804 775 4874 peliau‘
799 4820 906 4860 non
937 4805 1193 4863 desinens
1221 4809 1600 4865 conﬁdendum
1647 4821 1749 4866 tum
1780 4814 1990 4882 pietatis
2014 4859 2028 4883 ,
2056 4831 2148 4871 ex-

565 4896 761 4952 clamat
808 4916 822 4951 :
864 4896 1168 4955 Christiane
1215 4900 1464 4971 princeps
1488 4946 1502 4971 ,
1550 4918 1648 4957 our
1693 4918 1781 4959 me
1823 4921 1852 4959 a
1883 4908 2149 4963 curriculo

570 4992 833 5059 caritatis,
848 5007 954 5061 quo
974 4992 1216 5049 Ecclesia
1238 4995 1552 5052 universalis
1573 4996 1907 5068 astringitur,
1928 5002 2149 5069 permit-

566 5087 643 5138 ιιι-
658 5083 851 5140 ἰιιιιίδὶιι
870 5082 981 5139 Cur
1007 5084 1065 5140 in
1083 5098 1177 5142 me
1189 5087 1394 5156 rumpis
1423 5089 1587 5143 totius
1605 5088 1751 5145 orbis
1770 5092 2082 5148 assensum!

638 5271 663 5303 ι
689 5262 815 5339 litae
837 5272 918 5318 est
939 5263 1307 5339 iliasynndica
1334 5262 1529 5339 Felicis
1554 5276 1707 5339 βενε
1733 5264 1957 5339 epistola
1981 5284 2141 5339 quam

568 5334 789 5389 οοιιδίιίο
819 5333 1007 5406 synodi
1036 5332 1289 5409 Romana;
1315 5333 1460 5409 dedit
1504 5332 1873 5409 adlenonetn
1908 5332 2143 5409 impera-

568 5411 585 5453 t
627 5419 671 5456 rt
688 5419 737 5457 ιιι
770 5420 785 5458 :
815 5403 915 5474 qua
943 5405 1245 5470 occasione,
1273 5403 1323 5461 in
1352 5406 1491 5462 notis
1519 5404 1663 5461 illius
1689 5406 1877 5475 synodi
1905 5403 2142 5466 dicemus

594 5609 602 5618 _
643 5539 658 5569 ¹
684 5539 1237 5618 νει-υσεὶιζᾳιιιαιὶιιιη,
1269 5547 1360 5617 qui
1403 5545 1613 5603 solliciti
1646 5554 1773 5602 sunt
1796 5545 1863 5603 de
1890 5546 2145 5605 Orienta-

570 5604 696 5663 lium
728 5613 917 5666 salute.
954 5614 1210 5669 llanoum.

570 5680 659 5805 ἠ’
693 5679 829 5752 [θέε
870 5687 1170 5751 serenitatis,
1205 5697 1258 5739 ιιι
1302 5689 1432 5741 intra
1476 5689 1524 5740 in
1560 5694 1657 5745 hac
1683 5689 1930 5759 epistola.
2002 5688 2145 5743 lliu-

641 5765 707 5804 IS.

641 5765 707 5804 IS.

2255 4643 2440 4684 eorum
2461 4642 2743 4685 successor
2767 4646 2779 4681 :
2804 4628 3054 4699 amplecti
3077 4627 3241 4683 debes
3264 4626 3475 4681 illorum
3502 4628 3553 4681 in
3579 4626 3842 4696 religione

2252 4733 2595 4787 consensum,
2641 4735 2869 4793 quorum
2918 4719 3083 4776 debes
3128 4718 3409 4775 memoria:
3456 4716 3839 4774 reverentiam.

2255 4816 2408 4871 Absit
2432 4831 2459 4868 ιι
2484 4825 2571 4871 tua
2593 4816 2896 4883 devotione,
2918 4815 3061 4872 absit
3087 4828 3117 4870 a
3144 4823 3234 4870 tua
3258 4818 3541 4885 potestate,
3572 4821 3626 4867 ut
3647 4811 3845 4867 talium

2255 4907 2492 4964 credaris
2521 4908 2790 4979 respuisse
2818 4907 3098 4977 judicium.

2329 4999 2611 5056 Postremo
2665 4999 3054 5070 professionem
3109 5009 3253 5055 tuam
3275 5040 3292 5067 ,
3348 4996 3848 5068 conscientiamque

2259 5091 2601 5149 muniendam
2628 5092 2874 5149 sensibus
2901 5101 3006 5148 tua:
3032 5091 3248 5163 pietatis
3275 5091 3512 5146 insinuo.
3541 5086 3739 5145 Palatii
3773 5087 3847 5143 tui

2251 5269 2409 5326 intra.
2442 5268 2520 5324 Es
2545 5267 2733 5323 codice
2756 5266 3137 5322 Cresconianm
3166 5263 3507 5321 eolleetionis
3530 5264 3845 5334 supradicto

2252 5342 2305 5396 in
2330 5342 2468 5395 bane
2493 5339 2787 5395 editionem
2811 5338 3169 5396 Conciliorum
3197 5349 3341 5393 nunc
3360 5349 3559 5394 noeens
3577 5334 3845 5391 translata

2252 5421 2353 5466 est.
2384 5412 2512 5466 Ssv.
2545 5410 2738 5465 BINIUS.

2252 5425 2353 5466 εει.
2384 5425 2490 5466 θεν
2501 5449 2512 5462 ι
2546 5425 2738 5465 υιιιιυε.

2326 5549 2346 5579 ³
2372 5549 2710 5617 Repararent.
2734 5547 2863 5602 Coo.
2890 5546 3023 5602 Luc.
3050 5546 3210 5603 Forte
3232 5556 3549 5602 reuma
3576 5546 3848 5603 iisunum.

2250 5690 2293 5747 υ
2319 5616 2526 5675 ‘Forte
2579 5629 2669 5673 tua
2714 5633 2831 5672 sunt
2880 5617 3182 5674 merentis.
3234 5616 3291 5674 In
3330 5616 3467 5690 Reg.
3518 5631 3651 5683 ιιι,
3677 5628 3853 5672 αισα,

2301 5704 2511 5746 totum.
