4090 6330
310 240 408 317 901

1498 262 1854 325 Εριετοιιλε
1895 258 1983 320 ΕΤ
2024 260 2363 323 DECRB’I‘A.

3458 276 3563 335 902

288 384 449 443 facito
489 385 685 443 scrinia
710 387 1002 456 recenseri,
1032 395 1085 443 et
1117 387 1316 460 scripta
1350 387 1437 443 illa
1464 385 1753 460 diligenter
1784 384 1865 439 in-
1891 384 1943 445 Α
1970 386 2402 442 communionem
2451 386 2700 445 cathoiici
2740 388 3007 448 Timothei
3056 392 3347 450 mandastis
3391 395 3560 468 recipi

285 480 555 552 vestigari,
592 495 709 552 qua:
752 481 819 539 ad
858 480 1068 553 apicem
1106 496 1331 539 summa:
1369 473 1677 552 regrediens
1720 485 1869 547 pote»

283 570 437 629 statis
475 572 542 626 ad
572 571 911 630 decessorem
950 590 1127 631 meum
1159 576 1328 646 pietas
1357 583 1445 630 tua
1474 590 1571 646 pro
1597 571 1868 629 communi

282 663 638 743 gratulatione
672 665 867 723 direxit
899 684 909 719 :
943 666 1026 723 bis
1061 682 1181 723 cum
1224 682 1437 738 semper
1478 680 1667 737 magna
1711 662 1868 718 laude

280 756 655 829 prosequeris,
700 758 842 828 quod
881 758 1188 816 hmreticam
1231 759 1565 839 tyrannidem
1610 755 1866 828 praedica-

280 847 441 903 tionis
470 848 753 906 catholica:
780 851 963 923 vigore
1002 852 1340 922 contriveris,
1373 866 1477 923 qua
1506 852 1685 921 utique
1714 850 1866 904 istius

276 940 516 1015 veritatis
540 942 921 1015 prmdicatione
948 946 1079 1001 nihil
1102 945 1246 1001 aliud
1266 959 1423 1016 quam
1447 944 1513 1000 de
1532 942 1864 1014 Eutychiano

273 1034 488 1095 labores
512 1054 698 1097 errore
728 1056 948 1117 prorsus
974 1042 1257 1110 abolendo,
1292 1043 1514 1114 ejusque
1542 1040 1863 1111 sequacibus

271 1124 640 1189 excludendis.
686 1133 815 1190 Haec
846 1150 941 1205 pro
972 1134 1165 1208 synodi
1187 1133 1640 1191 Chalcedonensis
1672 1133 1863 1189 deﬁni-

271 1220 421 1279 tione
462 1224 749 1292 servanda,
781 1226 1192 1302 reducendoque
1232 1237 1430 1285 sancta:
1472 1227 1745 1282 memoriae
1775 1226 1863 1281 Ti-

267 1314 490 1391 motheo
531 1327 692 1374 rectm
728 1317 850 1375 ﬁdei
894 1320 1195 1387 sacerdote,
1231 1328 1339 1376 tota
1369 1334 1463 1375 sua
1500 1329 1678 1375 textus
1720 1319 1862 1376 serie

265 1407 355 1491 pie
386 1410 559 1467 locuta
587 1423 688 1469 est.
723 1413 847 1470 Haec
872 1423 1020 1471 certe
1058 1424 1147 1471 tua
1180 1415 1533 1472 mansuetudo
1576 1415 1856 1487 cognovit:

264 1515 367 1575 nec
406 1518 492 1559 res
530 1503 829 1577 incognitas
859 1515 949 1562 tua
988 1508 1271 1563 clementia
1302 1508 1543 1578 proferre
1574 1508 1857 1580 potuisset,

261 1605 311 1681 et
357 1597 529 1667 palam
563 1609 857 1673 aperteque
898 1598 1159 1675 professa,
1194 1602 1338 1674 quod
1382 1604 1601 1667 laudum
1643 1614 1858 1662 tuarum

262 1689 644 1753 testiﬁcatione
678 1692 925 1750 firmasti.

1973 477 2102 548 (non
2152 480 2311 534 etiam
2366 480 2431 535 ad
2488 482 2625 539 male
2670 484 2979 557 praesumpti
3034 486 3231 557 gradus
3285 487 3557 560 nrivifegia

1971 570 2332 628 decreveratis
2354 572 2608 646 admitti),
2633 587 3027 649 consequenter
3050 579 3312 636 addentes
3334 591 3558 639 caeteros

1970 664 2237 722 deteriora
2287 664 2588 735 subituros,
2640 669 2687 724 si
2731 669 2929 741 eligere
2971 671 3192 728 meliora
3235 674 3551 733 noluissent.

1972 757 2080 813 Vos
2121 757 2403 827 cujuslibet
2440 767 2556 828 post
2600 758 2697 815 has
2735 762 2911 819 varias
2946 765 3328 825 satisfactionis
3364 784 3554 826 causas

1967 851 2173 908 cuncris
2218 853 2425 922 penitus
2464 852 2779 923 abstulistis,
2818 857 3011 927 quibus
3051 861 3197 931 ipsos
3236 863 3307 919 ab
3335 866 3553 923 unitatis

1967 947 2237 1003 consortio
2268 947 2602 1005 discedentes
2621 992 2637 1017 ,
2683 954 3026 1010 recensuistis
3055 957 3243 1013 tulisse
3265 958 3547 1028 judicium.

1966 1038 2076 1095 Vos
2104 1039 2171 1097 de
2210 1039 2376 1111 ipsius
2408 1056 2631 1111 persona
2669 1043 2808 1099 Petri
2851 1046 3139 1118 quidquam
3170 1049 3348 1107 denuo
3388 1053 3551 1111 defri-

1964 1132 2142 1199 candi,
2167 1133 2397 1204 sapienti
2418 1134 2847 1193 consideratione
2870 1140 3107 1196 tacuislis
3135 1159 3149 1195 :
3174 1142 3369 1214 quippe
3390 1160 3547 1216 quem

1967 1223 2222 1280 Ecclesia:
2276 1241 2401 1282 arce
2446 1226 2752 1296 dejectum,
2811 1230 2968 1284 simul
3026 1232 3233 1300 pervasi
3291 1236 3548 1305 pontiﬁcii

1966 1316 2221 1374 videretis
2280 1318 2484 1376 honore
2535 1321 2824 1388 nudatum;
2899 1337 2998 1378 nec
3058 1324 3167 1379 ullo
3217 1328 3377 1382 modo
3430 1328 3547 1385 ﬁeri

1964 1423 2153 1480 posse,
2198 1420 2254 1466 ut
2304 1426 2532 1482 unquam
2578 1414 2658 1468 vel
2713 1412 3027 1471 orthodoxis
3069 1418 3415 1487 praesideret,
3455 1421 3547 1492 qui

1962 1512 2053 1557 aut
2080 1518 2109 1556 a
2148 1502 2326 1569 nullis,
2367 1512 2460 1559 aut
2501 1505 2568 1560 ab
2599 1505 2865 1563 hmreticis
2910 1507 3083 1564 fuerat
3123 1509 3418 1579 institutus,
3458 1514 3547 1571 vel

1961 1596 2192 1653 recidiva
2233 1599 2388 1653 toties
2426 1599 2725 1655 temeritate
2756 1600 3020 1657 violentus
3049 1604 3190 1662 ovile
3219 1606 3543 1667 dommicum

1960 1689 2219 1745 subdolus
2248 1700 2301 1745 et
2333 1691 2624 1746 invidiosus
2657 1693 2897 1748 intraret.
2966 1706 2967 1711 ‘

332 1780 696 1855 Reqnirautur
719 1786 808 1841 illa
839 1801 1073 1858 quoque,
1105 1803 1225 1861 quae
1252 1788 1320 1845 ad
1346 1800 1546 1846 sancta:
1576 1790 1853 1847 memoria:
1881 1781 1932 1843 B
2030 1785 2202 1854 Atque
2244 1784 2364 1840 ideo
2408 1785 2549 1857 quod
2591 1787 2923 1858 corrigendis
2966 1789 3083 1858 ejus
3130 1792 3541 1861 prmtendebatis

256 1871 607 1947 Timotheum
657 1877 1020 1935 orthodoxum
1069 1878 1490 1936 Alexandrinum
1537 1884 1849 1955 episcopum

254 1967 566 2029 serenitatis
609 1978 713 2025 tua:
752 1970 958 2042 paginae
1000 1982 1126 2028 sunt
1170 1972 1385 2041 locutas,
1412 1982 1578 2045 atque
1616 1992 1679 2031 ex
1721 1975 1850 2047 ipsis

252 2061 469 2121 actibus
516 2064 759 2131 intuere,
805 2066 907 2122 nisi
944 2065 1103 2133 Petro
1150 2083 1214 2125 ex
1262 2084 1324 2124 ea
1375 2079 1668 2125 memorata
1720 2071 1851 2127 urbe

252 2157 493 2224 secluso,
522 2158 613 2228 qui
661 2159 710 2213 ei
757 2159 1010 2217 Ecclesiae
1063 2170 1187 2219 tunc
1241 2163 1498 2233 temporis
1539 2163 1844 2233 incubabat,

248 2248 622 2320 supradictum
650 2249 989 2309 Timotheum
1032 2268 1139 2309 non
1171 2251 1335 2311 fuisse
1373 2265 1705 2311 revocatum.
1745 2256 1849 2312 Vos

250 2340 321 2403 ad
353 2340 603 2398 eumdem
633 2344 951 2407 venerandae
981 2345 1376 2402 recordationis
1406 2348 1709 2417 pontiﬁcem
1735 2348 1846 2420 jam

248 2434 538 2511 reductum
586 2450 768 2494 sacras
811 2438 1145 2495 venerabiles
1190 2454 1315 2495 mox
1361 2439 1605 2508 dedistis,
1654 2440 1848 2511 quibus

248 2528 409 2587 ﬁdeli
448 2539 665 2601 pectore
708 2531 1108 2605 gloriabamini,
1158 2532 1297 2604 quod
1344 2542 1540 2589 sancta:
1591 2533 1847 2589 Ecclesia:

246 2635 468 2695 magna:
509 2622 739 2679 civitatis
772 2623 1156 2681 Alexandrinae
1196 2624 1489 2696 providens
1531 2625 1847 2680 orthodoxa:

248 2712 403 2779 ﬁdei,
434 2712 691 2771 Dominus
730 2725 914 2773 noster
957 2731 1020 2771 ac
1050 2715 1298 2773 Salvator
1330 2732 1514 2773 verum
1556 2718 1847 2773 restituerit

248 2807 612 2877 sacerdotem.
664 2808 763 2866 Ubi
798 2811 1139 2867 manifestum
1187 2820 1291 2879 est,
1340 2812 1465 2883 quia
1497 2827 1619 2868 cum
1660 2828 1846 2867 verum

248 2900 454 2969 dicitis,
478 2901 625 2961 illum
653 2902 819 2959 fuisse
849 2903 1042 2961 falsum
1073 2905 1161 2975 qui
1189 2905 1375 2975 pulsus
1404 2917 1504 2971 est,
1533 2904 1843 2971 ostenditis;

248 3002 456 3063 etcum
510 2997 564 3051 in
619 2997 926 3055 venerando
981 2997 1265 3055 Timotheo
1331 2999 1632 3057 orthodoxe
1686 2998 1844 3056 ﬁdem

246 3085 534 3157 dominum
558 3089 827 3147 testatuini
850 3089 1150 3157 reduxisse,
1177 3105 1486 3163 perversam
1518 3094 1570 3148 in
1597 3093 1847 3149 omnibus

250 3156 308 3234 in
355 3178 516 3234 Petro
567 3181 858 3249 perhibetis
908 3156 1194 3241 refutasse‘
1224 3183 1527 3241 doctrinam
1555 3226 1569 3251 ,
1624 3201 1730 3241 non
1780 3156 1921 3281 ob.c

248 3270 421 3339 aliud.
450 3273 552 3333 nisi
592 3273 715 3349 quia
755 3283 809 3333 ct
847 3275 936 3333 ille
975 3276 1066 3348 qui
1105 3278 1436 3336 orthodoxus
1476 3282 1849 3351 pronuntiatur

252 3375 315 3427 et
371 3381 551 3434 verus,
601 3368 1027 3427 Chalcedonensi
1076 3372 1284 3445 synodo
1350 3372 1510 3442 (sicut
1557 3374 1673 3443 ejus
1723 3382 1849 3429 tunc

255 3457 425 3529 missa
479 3467 625 3519 tenet
690 3461 979 3533 professio)
1030 3463 1436 3529 consentiebat;
1499 3474 1552 3520 et
1606 3466 1707 3521 iste
1758 3465 1847 3535 qui

250 3550 427 3611 falsus
482 3560 537 3611 et
595 3566 880 3621 pervorsus
931 3553 1173 3622 ejicitur,
1230 3554 1297 3611 ab
1351 3555 1590 3625 ejusdem
1660 3558 1847 3627 synodi

252 3643 471 3709 tramite
518 3642 877 3715 discrepabat.

332 3734 571 3807 Denique
610 3744 843 3803 cunctos.
870 3737 1151 3809 episcopos
1183 3737 1424 3810 Egypti,
1468 3740 1852 3812 universosque

248 3826 436 3888 dares
464 3827 626 3899 [forte
657 3828 888 3901 clericos]
933 3830 1273 3903 increpastis,
1308 3832 1503 3889 vestris
1528 3834 1854 3903 generaliter

246 3919 497 3991 apicibus
525 3921 856 3991 sancientes,
885 3932 944 3980 ut
972 3922 1077 3983 nisi
1104 3924 1245 3980 intra
1274 3924 1408 3982 duos
1439 3939 1652 3982 menses
1681 3926 1746 3981 ab
1770 3925 1853 3980 his

252 4027 376 4083 qua:
415 4027 447 4067 a
493 4013 756 4083 principio
805 4023 991 4069 contra
1040 4029 1297 4083 canones,
1350 4024 1534 4071 contra
1579 4015 1853 4072 Ecclesias

250 4105 373 4172 Dei,
402 4115 588 4161 contra
610 4105 965 4161 orthodoxam
986 4106 1148 4163 ﬁdem
1190 4108 1579 4179 cogitaverunt,
1616 4108 1852 4166 abstine-

251 4204 397 4263 rent,
423 4204 582 4271 atque
610 4196 753 4253 beati
776 4196 1042 4255 Timorhei
1071 4200 1472 4266 communione,
1501 4214 1663 4271 quam
1692 4201 1853 4271 impie

250 4282 615 4364 reliquerunt,
646 4290 821 4363 digna:
861 4292 1191 4365 paenitentia:
1231 4292 1599 4351 satisfactione
1642 4310 1853 4351 remea-

250 4392 413 4457 ωορκ
461 4399 571 4440 non
618 4387 797 4445 solum
845 4385 1225 4457 despoiiandos
1283 4388 1615 4455 honoribus,
1666 4403 1852 4447 verum

251 4476 419 4534 etiam
463 4484 517 4531 et
550 4476 913 4533 Alexandrina
957 4480 1089 4535 urbe
1126 4488 1181 4536 et
1220 4480 1367 4534 omni
1398 4478 1715 4551 Egyptiaca
1768 4500 1854 4538 re-

1953 1878 2306 1934 sectatoribus
2354 1880 2719 1950 irrogandum,
2766 1880 2889 1936 huic
2932 1882 3043 1951 jam
3093 1886 3243 1956 quasi
3288 1887 3540 1957 magistro

1953 1971 2173 2029 sceleris
2203 1974 2593 2030 rationabiliter
2619 1975 2965 2045 duputabatis
2994 1977 3251 2035 inﬁictum
3286 1997 3299 2033 :
3334 1990 3390 2035 ut
3419 1981 3538 2052 qui-

1952 2064 2051 2121 bus
2074 2065 2267 2121 fratres
2289 2075 2550 2122 merserat
2573 2068 2637 2121 ad
2666 2069 2894 2138 ruinam,
2926 2068 3075 2126 ﬁeret
3104 2072 3217 2141 ipse
3242 2074 3539 2130 metuendae

1950 2156 2310 2215 damnationis
2349 2160 2653 2231 exemplum
2687 2179 2700 2216 :
2745 2163 2993 2234 quodque
3031 2164 3165 2220 adeo
3210 2180 3396 2222 verum
3434 2176 3537 2234 est,

1951 2260 2007 2306 ut
2034 2259 2339 2320 superstare
2371 2254 2676 2309 venerando
2702 2254 2988 2312 Timetheo
3015 2256 3278 2326 legionem
3309 2259 3539 2317 sollicite

1943 2342 2253 2415 iusseritis,
2307 2346 2348 2399 si
2404 2344 2581 2400 eidem
2635 2345 2942 2403 humanitus
2996 2347 3196 2418 aliquid
3248 2354 3536 2408 evenisset.

1953 2435 2057 2492 Vos
2090 2453 2194 2491 non
2226 2437 2329 2493 nisi
2359 2437 2431 2492 de
2453 2437 2841 2493 catholicorum
2874 2439 3104 2511 collegio
3135 2441 3455 2498 clericorum
3487 2453 3539 2500 et

1949 2542 1979 2586 a
2007 2529 2281 2584 catholicis
2320 2540 2693 2586 consecratum
2736 2532 2975 2588 subiistis
3013 2533 3196 2591 videre
3234 2545 3537 2606 pastorem:

1950 2620 2073 2693 quia
2103 2621 2300 2690 ubique
2328 2621 2474 2676 nullo
2506 2622 2609 2676 ritu
2641 2622 2741 2678 sub
2772 2632 2964 2679 vestra:
2994 2626 3303 2683 serenitatis
3332 2629 3537 2685 obtuti-

1950 2712 2049 2768 bus
2097 2713 2315 2768 ltuzresis
2363 2714 2477 2783 ipse
2527 2716 2828 2784 praecipuus
2858 2715 3206 2788 Eutychianm
3255 2720 3538 2777 dementiae

1950 2806 2122 2876 potuit
2162 2820 2280 2862 esse
2322 2806 2408 2860 vel
2449 2807 2553 2861 dici
2595 2807 2881 2863 orthodoxi
2929 2824 3210 2868 successor
3261 2815 3535 2871 antistitis.

1950 2895 2067 2965 Quo
2112 2894 2268 2967 igitur
2305 2896 2484 2952 animo
2526 2898 2749 2954 bestiam
2801 2915 2959 2970 quam
3000 2916 3029 2955 a
3056 2904 3307 2975 gregibus
3336 2904 3537 2964 Christi

1950 2990 2178 3049 duxistis
2206 2991 2521 3063 abigendam
2554 2993 2609 3047 in
2658 3009 2842 3048 eorum
2873 2995 3050 3051 denuo
3079 2997 3318 3067 patimini
3348 3002 3538 3058 smvire

1951 3085 2285 3158 perniciem?
2338 3085 2499 3141 Certe
2540 3086 2743 3157 legibus
2774 3103 2906 3159 quas
2943 3088 3206 3147 universis
3242 3093 3534 3163 imponitis,

1953 3177 2119 3249 magis
2139 3177 2299 3233 vultis
2322 3178 2459 3233 vinci
2481 3193 2638 3249 quam
2664 3180 3000 3251 promulgare
3021 3185 3315 3249 contraria;
3341 3193 3538 3255 quanto

1952 3271 2117 3325 satius
2168 3270 2357 3334 fuerit,
2413 3269 2728 3325 intemerata
2776 3272 3065 3342 persistere
3112 3291 3230 3345 qua:
3279 3276 3393 3331 beri
3444 3292 3539 3348 pro

1954 3361 2259 3433 integritate
2289 3363 2571 3419 retinenda
2604 3364 2767 3419 totius
2801 3365 3053 3421 Ecclesia:
3086 3368 3403 3439 protulistis,
3432 3383 3539 3440 quo

1951 3465 2006 3512 et
2036 3457 2110 3511 tui
2142 3456 2389 3512 catholici
2421 3456 2629 3528 imperii
2654 3460 2947 3515 auctoritas
2977 3460 3290 3517 inconvulsa
3321 3478 3537 3533 perma-

1953 3558 2096 3611 neat,
2137 3560 2190 3602 et
2226 3549 2357 3602 nihil
2398 3549 2620 3603 accedat
2651 3551 2792 3620 quod
2834 3552 3041 3608 actibus
3084 3554 3224 3624 apud
3258 3555 3539 3611 Dominum

1952 3650 2147 3695 vestrm
2182 3640 2418 3694 felicitati
2449 3637 2692 3695 obsistat.
2790 3672 2795 3681 ι

2024 3729 2213 3786 Cernis
2244 3733 2407 3801 enim,
2443 3733 2763 3788 venerabilis
2807 3734 3116 3804 imperator,
3150 3736 3271 3806 quia
3300 3746 3355 3793 ut
3382 3737 3542 3794 Chal.

1955 3827 2271 3883 cedonensis
2314 3828 2501 3899 synodi
2551 3827 2842 3884 indubitata
2888 3828 3153 3898 defensio,
3204 3831 3541 3887 inimicorum

1956 3921 2072 3990 ejus
2100 3920 2245 3975 elisio
2278 3930 2381 3986 est,
2412 3922 2488 3975 sic
2514 3921 2750 3977 vicissim
2782 3921 3063 3978 manifesta
3094 3923 3234 3979 illius
3263 3924 3542 3996 impugna-

1960 4013 2104 4069 tione
2133 4015 2514 4083 comprobatur
2545 4013 2774 4069 hostium
2808 4014 3124 4069 venerandae
3166 4017 3329 4086 ipsius
3358 4018 3543 4087 cogni—

1957 4107 2117 4160 tionis
2159 4101 2528 4179 [proiecticius]
2570 4106 2795 4161 evectio.
2837 4105 3156 4162 Meministis
3193 4108 3543 4178 quemadmo-

1957 4196 2083 4253 dum
2126 4198 2287 4253 verba
2332 4197 2514 4251 divina
2560 4211 2656 4251 nos
2688 4199 2974 4264 instruant,
3009 4196 3189 4268 Neque
3229 4199 3283 4253 in
3311 4200 3543 4255 dextram:

1958 4308 2118 4364 neque
2146 4291 2198 4344 in
2221 4292 2484 4344 sinistrum
2514 4289 2722 4343 limitem
2743 4300 2893 4343 recta:
2913 4289 3259 4362 dispositionis
3282 4293 3543 4359 excedere,

1958 4391 2047 4445 sed
2088 4388 2168 4441 via
2210 4388 2292 4457 (ut
2319 4384 2572 4455 scriptum
2604 4384 2710 4455 est)
2758 4385 2903 4458 regia
2953 4386 3217 4457 mediaque
3262 4387 3546 4458 gradiendo

1961 4482 2136 4554 (Deut.
2173 4481 2321 4551 xxv),
2373 4480 2495 4535 hinc
2536 4488 2695 4549 atque
2718 4480 2843 4535 inde
2869 4480 3103 4537 Neetorii
3130 4481 3544 4552 Eutychetisque

251 4574 417 4643 gione
457 4571 724 4629 carituros
756 4578 769 4624 ‘:
804 4571 1058 4642 injustum
1096 4577 1238 4631 enim
1286 4578 1479 4648 videri,
1528 4582 1664 4636 sicut
1692 4579 1848 4636 Chri-
1880 4544 1935 4605 Β
1957 4574 2234 4642 sacrilegia
2264 4573 2619 4627 condemnata
2647 4570 2953 4636 detestans,
2988 4572 3060 4625 ita
3092 4585 3301 4640 magna:
3333 4572 3544 4640 pietatis

252 4666 467 4722 etiam
490 4665 782 4736 imperator
802 4666 1099 4735 afﬁrmans,
1123 4682 1179 4727 ut
1203 4672 1292 4741 qui
1320 4686 1378 4728 se
1397 4674 1414 4704 ί
1438 4673 1505 4729 ad
1529 4673 1847 4739 Ecclesiam,

251 4772 383 4828 qua:
430 4757 631 4829 ubique
674 4766 938 4816 terrarum
984 4770 1068 4816 est
1092 4800 1108 4827 ,
1163 4775 1507 4835 segregarem
1528 4806 1542 4831 ,
1592 4764 1851 4823 haberent

250 4850 592 4919 sacerdotes,
622 4862 717 4908 aut
744 4852 859 4908 ultu
882 4866 1039 4909 sacro
1078 4855 1367 4913 ministerii
1410 4860 1628 4915 nomine
1659 4874 1848 4917 cense-

252 4952 467 5001 rentur.
508 4943 617 5000 Vos
658 4944 876 5017 indigne
916 4946 1146 5004 ferentes
1194 4950 1262 5005 ab
1290 4950 1666 5008 Alexandrinis
1708 4953 1849 5009 sedi-

252 5038 433 5092 tiones
453 5036 766 5106 coneitatas,
793 5054 891 5096 eos
907 5041 996 5111 qui
1025 5052 1246 5113 propter
1270 5044 1517 5101 ordinem
1540 5046 1843 5103 clericalem

253 5128 417 5197 simili
448 5128 762 5199 deceptione
801 5134 1135 5202 tenebantur,
1160 5136 1271 5191 nisi
1299 5137 1625 5195 salutaribus
1667 5139 1839 5195 moni-

254 5221 657 5289 tis-ehem,
686 5224 781 5280 tati
805 5238 961 5301 parte
989 5225 1181 5298 dignos
1209 5229 1633 5287 arbitrahamini.

330 5312 439 5369 Vos
462 5313 678 5371 Petrum
709 5316 931 5386 speciali
959 5327 1207 5375 notantes
1237 5322 1430 5393 elogio,
1464 5323 1607 5391 quod
1664 5324 1844 5380 illicite

256 5420 317 5464 se
346 5408 724 5467 Alexandrinae
770 5411 1039 5482 injecisset
1072 5414 1354 5485 Ecclesiae,
1387 5431 1577 5473 omnes
1606 5419 1696 5489 qui
1735 5428 1842 5475 tam

257 5498 326 5577 μιν
355 5512 419 5563 eo
440 5517 603 5574 quam
631 5502 883 5563 heretico
908 5503 1192 5563 Timotheo
1216 5507 1326 5577 jam
1349 5507 1603 5565 defuncto
1636 5512 1844 5567 fuerant

259 5591 517 5663 ordinati,
560 5594 606 5650 si
656 5595 792 5652 infra
840 5594 986 5653 ﬁnita
1038 5606 1277 5669 tempora
1327 5601 1727 5671 resipiscerent,
1773 5603 1840 5659 ad

336 5774 355 5808 ⁸
378 5774 537 5834 Forte
553 5779 619 5834 ob
630 5777 864 5837 Ecclesia
876 5748 969 5838 ’m
996 5781 1237 5840 adversus
1251 5738 1561 5842 Ecclesium.
1580 5785 1844 5845 tinuum.

1940 4667 2253 4738 pradicant;
2296 4672 2715 4727 sacramentum,
2750 4671 2808 4715 ut
2834 4661 3217 4731 omnipotentis
3245 4661 3346 4719 Dei
3371 4663 3543 4719 Patris

1952 4756 2410 4815 eoneobstantiale
2450 4754 2943 4825 sempiternumque
2976 4754 3230 4822 Verbtun,
3274 4756 3416 4827 quod
3457 4757 3542 4814 it-

1954 4850 2320 4909 eommutabili
2360 4848 2561 4905 deitate
2602 4857 2657 4902 et
2700 4847 3037 4904 incernatum
3071 4857 3173 4916 est,
3214 4856 3271 4904 et
3310 4849 3380 4904 eh
3425 4850 3542 4919 ipso

1957 4945 2239 5003 imitabilis
2279 4942 2646 5023 corruptionis
2676 4942 2921 5010 exordio,
2949 4956 3111 5013 quam
3154 4942 3257 4999 sibi
3297 4943 3359 4999 in»
3389 4952 3541 5000 utero

1962 5040 2193 5111 Virginis
2217 5038 2407 5095 matris
2426 5044 2675 5107 potenter
2700 5037 2977 5104 instrusit,
3000 5050 3162 5091 untu-
3190 5036 3543 5105 eamdemque

1957 5136 2138 5191 Jesum
2164 5131 2436 5205 Christum
2468 5130 2748 5186 Dominum
2777 5138 3038 5193 nostrum,
3072 5132 3235 5182 unum
3265 5128 3541 5183 eumdem-

1959 5244 2063 5301 que
2088 5236 2145 5285 et
2168 5226 2263 5284 Dei
2288 5235 2345 5283 et
2371 5222 2607 5281 hominis
2635 5221 2857 5289 Filium.
2883 5236 3046 5279 unum
3076 5219 3431 5289 eamdemque
3466 5220 3543 5273 in-

1959 5321 2209 5386 confuse,
2244 5316 2471 5373 indivise
2502 5314 2669 5369 Deum
2708 5311 3091 5383 hominemque
3130 5310 3395 5367 veraciter
3424 5324 3543 5380 per-

1960 5422 2259 5470 manentem
2304 5409 2615 5464 intemerata
2648 5404 2818 5459 Patris
2864 5405 2978 5475 lege
3006 5404 3296 5473 prolatum,
3347 5402 3398 5455 in
3442 5404 3542 5457 hoc

1958 5506 2159 5563 mundo
2188 5504 2349 5560 fuisse
2376 5501 2722 5570 conspicuum
2752 5497 3141 5571 [perspicuum],
3168 5496 3348 5559 divina
3380 5495 3540 5551 simul

1957 5602 2295 5670 humanaque
2342 5596 2602 5677 gessisse;
2654 5601 2947 5661 mortuum,
2994 5600 3153 5663 atque
3202 5605 3266 5647 ex
3314 5588 3537 5646 mortuis

3707 574 3767 625 ι,
