4090 6330
581 288 687 344 905

1872 238 2124 341 Fauens
2159 274 2360 335 parre
2400 274 2462 335 ιιι

3738 279 3839 337 904

582 407 974 470 exsurgentem,
1025 399 1077 454 in
1120 399 1289 454 Patris
1335 397 1554 453 dextera
1605 395 1877 462 residere;
1903 397 2156 468 Litemque
2185 393 2240 455 Δ
2265 391 2440 448 Cretas
2471 409 2602 447 ca’co
2635 393 2874 447 ducatum
2907 391 3134 465 praebens
3163 406 3278 447 cum
3305 391 3477 448 eodem
3502 372 3759 464 mergatur
3785 395 3841 448 in

583 490 708 547 inde
749 499 1048 556 venturum,
1083 498 1141 544 ut
1178 498 1261 545 est
1298 488 1442 545 visus
1480 488 1558 545 ire
1602 488 1656 544 in
1696 489 1883 554 caelos,
1932 496 2155 544 eatenus

584 583 980 651 profiterentur,
1010 591 1270 652 quaterrus
1306 580 1588 636 Librorum
1633 571 2155 637 memorat'traditio

583 674 902 739 divinorum,
951 686 1005 731 et
1028 674 1229 732 Nicteni
1277 676 1488 732 concilii
1533 677 1721 742 forma,
1779 677 1934 730 sicuti
1982 673 2156 730 cuncti

581 773 728 820 retro
765 765 1120 836 praedicavere
1147 767 1423 836 pontiﬁces
1454 784 1468 822 :
1497 766 1574 821 sic
1613 782 1796 822 eorum
1846 775 1953 820 tam
1984 765 2160 835 Ephe-

582 857 702 912 sino
729 859 899 927 primo
925 868 1293 929 competenter
1326 860 1523 913 inserta
1553 859 1854 920 conventui,
1888 872 1990 925 quo
2018 856 2158 932 beati

583 963 733 1019 papa:
762 948 1032 1004 leestini
1059 951 1387 1020 temporibus
1417 949 1726 1004 Nestoriana
1760 948 1921 1017 pestis
1952 947 2157 1000 exstin-

584 1048 669 1093 cta
699 1048 810 1107 est,
843 1055 1000 1109 quam
1030 1041 1166 1096 datis
1196 1051 1434 1112 augusta:
1465 1041 1736 1097 memoria:
1768 1040 1932 1094 Leoni
1963 1050 2161 1092 sauctte

582 1133 859 1188 memoria:
900 1133 1093 1189 Leonis
1143 1150 1293 1206 papa:
1349 1136 1586 1205 epistolis
1643 1135 1868 1204 capitula
1925 1135 2159 1204 subjecta

585 1233 844 1280 testantur
893 1244 904 1278 :
949 1227 1138 1294 quibus
1190 1226 1271 1281 vir
1317 1227 1408 1282 ille
1451 1227 1734 1282 consulens
1793 1228 1952 1282 etiam
2003 1228 2164 1280 totius

582 1313 814 1370 Orientis
837 1317 851 1347 ¹
877 1316 1163 1386 episcopis,
1186 1331 1478 1388 eorumque
1506 1334 1783 1388 responsa,
1815 1319 2166 1388 subscriptio-

585 1421 790 1477 nesque
837 1423 998 1478 super
1038 1408 1225 1480 synodi
1279 1406 1729 1465 Chalcedonensis
1784 1411 2165 1480 approbatione

585 1499 917 1567 suscipiens,
968 1514 1030 1554 ea
1079 1499 1379 1554 nullatenus
1428 1515 1614 1569 passus
1659 1510 1741 1556 est
1787 1501 2006 1566 mutari;
2060 1515 2166 1571 quo

587 1587 755 1658 magis
807 1587 1108 1644 Christiana
1168 1599 1348 1646 mente
1405 1591 1722 1662 perpendit,
1784 1602 1837 1648 et
1893 1593 1994 1648 hoc
2048 1607 2168 1649 esse

528 1718 535 1724 -
587 1697 792 1750 verum,
820 1683 959 1752 quod
995 1699 1115 1739 cum
1143 1683 1336 1739 divinis
1365 1685 1749 1741 assertionibus
1778 1687 2164 1742 catholicorum

2260 486 2457 554 foveam
2482 485 2694 557 (Matth.
2725 488 2834 557 xv).

2331 576 2446 631 Non
2473 586 2554 632 est
2580 576 2700 644 hoc,
2727 591 2825 631 oro
2853 586 2924 641 te,
2956 576 3275 632 acerrimum
3301 575 3608 633 decrevisse
3636 576 3846 647 pericu-

2261 670 2392 736 lum,
2422 671 2634 741 quando
2663 686 2761 726 nec
2789 671 2984 726 sauciis
3025 671 3309 725 adhibetur
3335 669 3483 724 ﬁrma
3532 669 3766 734 curatio,
3798 677 3847 723 et

2261 767 2404 819 sanis
2444 765 2702 834 ingeritur
2743 765 3042 820 miseranda
3082 762 3368 834 contagio?
3408 761 3540 817 Nam
3576 760 3847 831 quomodo

2263 856 2410 910 aiunt
2435 857 2604 911 sedari
2631 872 2806 926 posse,
2830 857 2874 912 si
2897 858 2947 912 in
2972 857 3149 911 futuro
3175 857 3382 911 furores
3403 871 3533 911 suos
3557 855 3850 924 patiantur?

2263 947 2397 1015 Quid
2429 957 2510 1001 est
2541 948 2668 1002 illud
2705 947 2884 1003 dicere
2921 947 3031 1016 jam
3072 962 3285 1002 causam
3326 948 3526 1002 nullam
3566 961 3854 1016 superesse

2263 1038 2594 1108 certaminis,
2623 1038 2722 1092 nisi
2752 1039 3015 1094 hmreticis
3042 1039 3260 1093 victoria
3290 1038 3591 1110 tribuatur?
3617 1037 3853 1092 Proinde

2263 1130 2456 1200 quibus
2496 1131 2677 1186 inferri
2716 1132 3078 1202 castigationis
3106 1130 3302 1201 aliquid
3329 1132 3490 1186 etiam
3523 1131 3849 1200 corporalis,

2264 1228 2325 1273 ut
2377 1230 2527 1290 pater
2579 1221 2875 1291 benignus,
2949 1217 3259 1286 horrescis;
3314 1221 3482 1276 multo
3533 1221 3857 1277 clementius

2266 1328 2450 1368 eorum
2479 1315 2682 1369 animas
2714 1329 2817 1368 non
2847 1314 3064 1384 patiaris
3096 1314 3365 1384 intercipi,
3395 1315 3488 1370 sed
3518 1315 3602 1384 pia
3637 1315 3856 1384 deposi-

2266 1406 2414 1463 tione
2453 1421 2788 1476 compressos
2826 1406 3039 1462 tandem
3069 1407 3224 1462 subdi
3265 1409 3427 1462 faeias
3466 1407 3740 1462 catholico
3772 1422 3859 1462 sa-

2269 1499 2493 1563 cerdoti,
2551 1509 2608 1554 ut
2650 1515 2789 1554 vera:
2826 1499 3186 1569 generationis
3227 1499 3473 1554 eﬁeetum
3503 1508 3556 1554 et
3607 1513 3857 1553 securum

2268 1591 2480 1646 sibimet
2504 1591 2792 1660 profutura:
2815 1592 3203 1647 communionis
3231 1592 3486 1647 auxilium
3515 1605 3859 1662 consequan-

2271 1692 2376 1738 tur.
2433 1684 2671 1752 Subjecit
2723 1685 2873 1740 vobis
2923 1685 3100 1739 divina
3157 1685 3490 1754 providentia
3546 1685 3859 1740 facultatem

583 1775 652 1830 de
696 1785 805 1830 toto
849 1777 981 1831 orbe
1024 1777 1302 1832 doctorum
1342 1779 1496 1848 longe
1536 1790 1817 1851 antequam
1864 1781 2166 1851 hujusmodi
2195 1769 2242 1830 B
2271 1792 2371 1846 qua
2402 1777 2585 1831 itidem
2617 1777 2911 1846 eﬂ‘ringatis
2939 1792 3100 1847 opera
3131 1776 3478 1848 perfidorum.
3523 1776 3740 1847 Depulit
3774 1777 3862 1831 ille

583 1870 809 1940 qumstio
840 1879 1146 1927 nasceretur
1169 1914 1184 1939 ,
1225 1874 1572 1928 consonantia
1603 1875 1795 1944 ubique
1820 1875 1958 1929 dicta
1989 1877 2166 1931 conci-

584 1971 841 2027 nuerant;
892 1969 947 2016 et
993 1962 1111 2017 ideo
1159 1965 1300 2018 nulla
1348 1964 1630 2019 iteratione
1675 1966 2004 2032 refodienda,
2047 1984 2166 2038 quae

583 2061 891 2108 constarent
917 2053 1035 2122 jure
1064 2055 1313 2109 damnata
1344 2075 1355 2108 :
1391 2072 1458 2111 ne
1487 2073 1589 2112 non
1631 2062 1804 2113 solum
1846 2075 2003 2115 causa
2032 2077 2168 2131 prae-

582 2157 707 2198 sens
748 2145 798 2198 in
839 2158 998 2200 omne
1043 2145 1291 2201 catholici
1342 2149 1575 2202 nominis
1623 2151 1874 2204 extendat
1921 2152 2162 2217 exitium,

584 2233 682 2289 sed
723 2235 887 2289 etiam
924 2237 1131 2290 cunctis
1172 2237 1397 2291 residuis
1436 2239 1644 2307 publica
1685 2240 1819 2294 bella
1865 2242 2165 2296 resumendi

584 2323 847 2391 pandatur
898 2325 1130 2390 occasio,
1176 2327 1219 2380 si
1262 2327 1498 2396 quolibet
1541 2331 1721 2396 modo,
1765 2331 1904 2398 quod
1942 2332 2108 2387 semel
2138 2348 2167 2386 a

587 2415 858 2469 veteribus
890 2416 1268 2471 universalitcr
1297 2418 1534 2472 decisum
1564 2429 1667 2487 est,
1701 2432 2016 2477 retractetur
2050 2444 2060 2476 :
2093 2425 2167 2478 uti

587 2517 709 2560 esse
750 2506 857 2574 jam
902 2507 1189 2577 pervidetis
1233 2508 1607 2564 Alexandrina:
1651 2507 1907 2567 Ecclesia:
1949 2529 2170 2583 perver-

587 2612 785 2663 sorem,
833 2599 1043 2656 funesta
1081 2602 1170 2655 diu
1217 2603 1533 2671 impunitate
1575 2615 1930 2674 grassantem.
1980 2608 2169 2662 vestris

585 2694 1058 2765 prazceptionibus,
1089 2697 1285 2766 quibus
1317 2698 1511 2752 merito
1539 2696 1737 2753 dudum
1766 2700 2018 2771 probatur
2062 2703 2170 2772 eje-

585 2796 726 2853 ctus,
764 2804 884 2844 esse
925 2789 1269 2848 nihilominus
1297 2791 1636 2860 abigendum.

658 2881 742 2936 An
774 2897 880 2937 non
924 2884 1036 2952 ipse
1073 2892 1153 2938 est
1181 2898 1275 2952 per
1306 2882 1518 2953 triginta
1561 2898 1732 2940 annos
1772 2884 2048 2942 catholicae
2078 2885 2171 2940 de-

588 2984 767 3029 sertor
793 2975 1068 3043 Ecclesiae,
1102 2965 1550 3047 inimicorumque
1581 2977 1697 3047 ejus
1733 2989 1966 3035 sectator
1994 2990 2046 3035 et
2075 2980 2171 3035 do-

587 3073 726 3133 ctor,
757 3075 812 3120 et
838 3065 903 3120 ad
936 3065 1262 3121 fundendum
1295 3069 1604 3138 sanguinem
1648 3085 1864 3140 semper
1891 3072 2039 3127 velox
2074 3072 2170 3126 fuit

2270 1879 2466 1925 nostra:
2509 1869 2784 1939 religionis
2818 1879 3179 1936 vastatorem;
3222 1883 3316 1923 vos
3351 1869 3418 1922 ab
3448 1868 3566 1937 ejus
3598 1868 3859 1922 Ecclesia:

2269 1964 2567 2020 cervicibus
2595 1962 3251 2034 irruptionem‘deturbate
3282 1961 3616 2034 prredonum.
3644 1960 3860 2016 Paeavit

2270 2057 2358 2112 ille
2381 2057 2762 2126 rempublicam
2788 2055 2950 2128 (sicut
2971 2064 3150 2110 vester
3167 2068 3379 2123 quoque
3402 2066 3583 2106 sermo
3608 2054 3860 2119 teSIatur)

2269 2167 2297 2204 a
2318 2150 2598 2222 tyrannide
2615 2149 2885 2213 hmretica;
2911 2148 3210 2201 libertatem
3235 2160 3329 2199 vos
3350 2145 3416 2198 ab
3435 2144 3566 2214 ipsis
3591 2144 3863 2199 haereseos

2271 2242 2690 2313 praeceptoribus
2713 2243 2936 2312 populos
2954 2251 3204 2295 eruentes
3227 2237 3544 2292 Christianis
3569 2236 3858 2291 restituite.

2271 2337 2364 2392 llle
2408 2352 2502 2390 vos
2549 2336 2685 2390 aulae
2735 2335 2983 2405 legitimm
3048 2332 3280 2388 restituit
3342 2331 3691 2402 imperatoris
3742 2329 3862 2397 jure

2271 2429 2549 2493 sufl‘ultos;
2591 2426 2799 2482 reddite
2839 2441 2934 2480 vos
2980 2427 3234 2495 magistro
3273 2424 3630 2495 discipulum;
3681 2422 3861 2477 sedem

2271 2523 2409 2577 beati
2439 2520 2596 2575 Marci
2628 2519 2970 2589 evangelista:
3000 2518 3065 2572 ad
3103 2517 3535 2572 communionem
3566 2513 3860 2570 beatissimi

2272 2615 2437 2679 Petri,
2466 2615 2533 2670 de
2561 2615 2681 2668 vita:
2710 2628 2896 2668 eorum
2928 2611 3133 2666 meritis
3161 2610 3451 2665 devotione
3483 2607 3727 2664 reducite
3758 2623 3768 2658 :
3805 2616 3862 2661 ut

2271 2709 2388 2780 ipso
2424 2709 2475 2763 in
2523 2707 2674 2761 vobis
2713 2721 2848 2775 opus
2887 2707 3084 2760 bonum
3116 2703 3445 2773 perliciente,
3479 2701 3569 2770 qui
3617 2699 3858 2770 coeperit,

2273 2817 2461 2857 secure
2488 2800 2671 2854 audire
2696 2795 3008 2852 mereamini
3040 2814 3051 2847 :
3089 2796 3189 2860 Qui
3213 2792 3602 2864 perseveraverit
3626 2805 3770 2858 usque
3800 2795 3854 2841 in

2274 2894 2446 2961 ﬁnem,
2471 2890 2553 2944 hic
2579 2892 2746 2944 salvus
2773 2892 2867 2943 erit
2893 2887 3107 2960 (Matth.
3141 2907 3196 2952 x,
3222 2887 3340 2955 94);
3374 2895 3428 2940 et
3455 2884 3521 2938 ad
3551 2895 3656 2938 tua
3681 2882 3858 2952 gloria:

2273 2987 2566 3048 cumulum,
2599 2983 2670 3038 ita
2703 2983 2815 3036 vice
2841 2982 2930 3035 Dei
2965 2979 3275 3049 praesideas,
3306 2977 3573 3033 verendus
3601 2977 3861 3030 veraciter

2273 3079 2506 3134 existens
2547 3072 2845 3128 Divinitatis
2882 3073 3147 3136 imitator,
3199 3079 3359 3139 atque
3397 3069 3572 3123 adhuc
3613 3067 3666 3122 in
3703 3066 3860 3120 rebus

584 3162 642 3210 et
663 3156 973 3225 promptus?
996 3156 1237 3226 Nunquid
1260 3157 1326 3211 ad
1353 3158 1488 3212 hanc
1516 3161 1667 3214 istam
1691 3161 2168 3218 dissimulationem
2196 3148 2242 3211 (ἶ
2277 3167 2657 3238 temporalibus
2683 3164 3019 3228 constitutus,
3041 3164 3151 3232 jam
3177 3161 3476 3231 experiaris
3502 3170 3556 3215 et
3585 3174 3774 3215 munus
3804 3159 3857 3214 in

585 3256 775 3300 sumus
810 3246 1038 3316 quadam
1086 3263 1150 3302 ex
1196 3248 1532 3303 conviventia
1574 3249 1929 3324 [conniventiaj
1972 3270 2172 3324 praece-

587 3339 796 3407 ptoris?
868 3341 924 3395 in
970 3356 1074 3410 quo
1124 3357 1310 3396 revera
1357 3358 1459 3396 non
1515 3353 1600 3398 est
1655 3360 1788 3415 Opus
1842 3347 2172 3404 discussione

587 3430 803 3497 subtili;
854 3432 974 3502 quia
1023 3433 1138 3501 ejus
1177 3443 1357 3502 aperta
1389 3445 1511 3489 sunt
1549 3436 1794 3490 crimina.
1831 3439 1983 3494 Dolet
2027 3451 2173 3497 certe

585 3519 758 3592 pietas
787 3533 896 3590 tua,
925 3524 1068 3594 quod
1095 3540 1188 3594 per
1213 3525 1492 3581 diuturnos
1515 3529 1678 3598 partis
1709 3532 1928 3587 alternae
1951 3548 2170 3604 graves-

585 3629 692 3684 que
727 3615 1006 3671 conflictus
1043 3616 1192 3672 multi
1231 3633 1296 3674 ex
1336 3619 1436 3674 hoc
1472 3621 1669 3677 sacculo
1701 3623 1979 3679 videantur
2006 3627 2170 3682 ablati

583 3714 676 3762 aut
705 3707 1037 3777 baptismatis
1079 3720 1171 3765 aut
1202 3713 1592 3767 communionis
1634 3726 1898 3785 expertes.
1933 3718 2044 3773 Sub
2071 3721 2170 3774 hoc

585 3811 717 3868 ergo
740 3799 970 3869 praesule
993 3816 1060 3856 ne
1085 3800 1194 3857 sint
1214 3802 1485 3873 baptizati,
1510 3813 1559 3858 et
1590 3805 1890 3861 efﬁciantur
1911 3809 2168 3876 haeretici,

583 3897 640 3945 et
683 3890 798 3946 sine
842 3895 1222 3951 communione
1267 3906 1540 3952 transeant
1567 3937 1580 3961 ,
1632 3914 1697 3952 ne
1746 3900 1797 3953 in
1842 3902 2168 3970 perditorum

587 3984 849 4054 pravitate
874 3986 1122 4044 deﬁciant
1156 4003 1170 4044 :
1204 3998 1260 4044 ut
1285 3990 1730 4060 quemadmodum
1762 3993 2016 4063 scriptum
2044 4008 2124 4052 est
2153 4015 2167 4052 :

2230 3307 2234 3310 .
2277 3271 2529 3316 aeternam
2562 3257 2653 3312 tibi
2684 3255 3062 3312 beatitudinem
3095 3262 3469 3324 prmparatum.

2349 3352 2499 3420 Quod
2535 3365 2665 3405 vero
2696 3358 2886 3405 cuneta
2937 3346 3130 3401 litteris
3159 3361 3264 3401 non
3307 3354 3580 3416 potuerunt
3605 3357 3856 3414 compre-

2283 3447 2443 3501 hendi
2508 3460 2625 3514 qua:
2679 3442 2875 3508 negotii
2927 3441 3154 3511 qualitas
3207 3456 3314 3496 non
3374 3439 3490 3494 sinit
3536 3439 3842 3507 praeteriri,

2277 3540 2519 3611 qua-dam
2541 3536 2937 3593 venerabilibtts
2965 3534 3161 3590 nostris
3183 3533 3434 3590 fratribus
3454 3541 3507 3590 et
3524 3533 3863 3604 coepiscopis

2282 3635 2436 3699 meis,
2487 3631 2675 3701 quibus
2720 3644 2847 3684 cura
2891 3627 3172 3698 legationis
3223 3627 3460 3696 injuncta
3502 3635 3604 3694 est,
3643 3625 3865 3696 proprio

2280 3725 2418 3795 apud
2467 3737 2560 3778 vos
2601 3723 2801 3792 agenda
2851 3735 3100 3778 sermone
3145 3721 3432 3776 commissa
3473 3729 3615 3774 sunt.
3667 3718 3866 3774 Precor

2280 3826 2338 3871 ut
2382 3832 2443 3872 ea
2486 3829 2710 3886 quasque
2757 3823 2811 3868 et
2857 3813 3041 3868 audire
3087 3813 3368 3882 benignus,
3424 3820 3479 3867 et
3525 3809 3865 3866 indifﬁeulter

2279 3923 2536 3974 annuere,
2588 3917 2695 3962 tum
2743 3921 2838 3976 pro
2886 3906 3162 3960 catholica:
3210 3905 3551 3960 observantia
3598 3903 3862 3968 veritatis,

2280 4008 2389 4055 tum
2421 4001 2578 4055 etiam
2614 4014 2710 4070 pro
2741 3999 2887 4069 regni
2922 3998 3087 4053 vestri
3119 3997 3518 4063 incolumitate,
3553 3993 3861 4067 dignemini.

1965 4124 1990 4148 ἰ
2023 4114 2355 4172 EPISTOLA
2388 4117 2472 4172 Ill.

1597 4216 1663 4252 ΔΙ)
1703 4217 1910 4255 ιιετιιυιι
1953 4221 2248 4274 FULLONEI,
2292 4226 2356 4262 EX
2399 4224 2592 4263 SYNODO
2631 4225 2864 4263 ROMANA.

593 4281 1065 4367 Ostenditfetram
1095 4285 1390 4352 Fullonem,
1421 4289 1561 4367 alias.
1592 4290 1887 4367 Cna‘plreum
1913 4333 1926 4357 ,
1960 4312 2058 4348 non
2086 4300 2251 4352 solum
2281 4300 2332 4352 in
2370 4300 2664 4367 Valentini,
2698 4301 2992 4363 Manirhazi,
3025 4299 3157 4365 Arii,
3203 4295 3438 4365 Sabellii,
3470 4298 3786 4366 Apollinaris
3815 4307 3861 4352 et

659 4352 953 4442 gatgelret‘is
983 4357 1239 4442 lt-a'reses,
1277 4375 1448 4442 verum
1489 4361 1646 4442 etiam
1688 4352 1972 4442 inﬂerrorves
2002 4371 2297 4436 gentilitatis
2352 4352 2998 4442 plureswdeosiasserentii
3043 4352 3298 4442 incidisse.
3359 4352 3568 4422 Deinde
3612 4352 3776 4423 monet
3809 4379 3864 4422 at

657 4427 944 4518 resipiscat,
977 4435 1023 4477 et
1063 4427 1197 4518 qunod
1223 4429 1272 4518 ir:
1292 4427 1556 4517 ‘T'risagio,
1586 4431 1881 4487 Crucilixus
1905 4427 2119 4506 propter
2153 4457 2165 4493 ι

2295 4427 2483 4495 arldere
2510 4459 2606 4495 non
2637 4451 2894 4511 oporteat,
2915 4441 3029 4496 ὀτι
3055 4443 3111 4495 οὐ
3137 4439 3216 4495 δεῖ
3244 4442 3522 4515 προσ-θῆναι
3551 4442 3602 4494 ἐν
3621 4448 3693 4511 τῷ
3721 4461 3863 4518 τρισ-

661 4498 789 4568 ata/ia»
813 4493 871 4549 Ὀ
898 4493 1214 4569 σταυρὼθεὶς
1241 4496 1304 4554 δι’
1326 4493 1481 4569 ripis.

1564 4574 1584 4603 ³
1615 4571 1762 4629 Felix
1790 4576 2073 4648 episcopus
2099 4578 2259 4638 Petro
2289 4585 2542 4655 episeopo
2571 4583 2887 4639 Antiochia}.

658 4682 785 4745 Quis
815 4683 952 4737 dabit
981 4687 1138 4755 capiti
1165 4703 1273 4740 meo
1301 4705 1506 4757 aquam,
1536 4700 1581 4744 et
1629 4693 1787 4745 oculis
1828 4695 1949 4747 meis
1976 4698 2165 4765 fontem

2339 4706 2425 4762 Τίς
2469 4701 2620 4758 δώσει
2659 4711 2721 4776 τῇ
2760 4701 2942 4776 κεφαλῇ
2979 4723 3076 4772 μου
3109 4701 3278 4776 ὕδωρ,
3318 4704 3403 4755 καὶ
3439 4708 3552 4761 τοῖς
3594 4702 3862 4778 βλιφάρως

584 4778 929 4846 tacrymarum
955 4777 1094 4848 (Jer.
1126 4781 1239 4851 lx)?
1263 4783 1484 4850 Qualem
1535 4794 1710 4841 autem
1740 4796 1794 4841 et
1830 4787 2047 4857 dignum
2075 4792 2168 4846 fle-

585 4875 700 4923 tum
728 4869 987 4924 adducam
1016 4871 1211 4927 anima:
1243 4889 1396 4942 meae,
1427 4876 1718 4932 condolens
1749 4877 1958 4934 Domini
1989 4882 2165 4936 Salva-

585 4963 722 5017 toris
763 4965 928 5018 nostri
955 4961 1156 5018 Christi
1185 4976 1383 5020 saneta:
1433 4968 1709 5025 catholica:
1755 4981 1808 5026 et
1857 4974 2164 5042 apostolica:

586 5053 878 5111 Ecclesiae?
909 5055 1034 5125 Ipsa
1071 5058 1209 5112 enim
1257 5060 1464 5129 plorans
1505 5064 1719 5132 ploravit
1768 5083 1919 5136 super
1943 5068 2077 5136 ﬁlios
2117 5080 2164 5122 et

660 5268 685 5298 ι
724 5259 958 5333 Hrec_est
997 5260 1084 5316 illa
1119 5261 1373 5333 synodica
1405 5264 1626 5332 epistola
1665 5280 1782 5333 quae
1815 5265 1977 5320 missa
2015 5275 2098 5322 est
2135 5283 2164 5322 a

589 5332 818 5406 concilio
849 5329 1089 5406 Romano
1116 5329 1181 5386 ad
1214 5329 1732 5406 Petrum—Fullonein
1754 5377 1767 5398 ,
1798 5352 1899 5406 qua
1931 5347 2051 5404 post
2080 5353 2167 5392 re-

585 5402 784 5457 futatos
828 5402 944 5470 ejus
990 5417 1199 5458 errores
1245 5404 1585 5474 blasphemos
1635 5402 2057 5475 prima'act‘ione
2103 5408 2168 5461 ad

662 5515 676 5543 ¹
707 5513 865 5584 Forte
885 5515 1162 5584 episcopos.
1199 5513 1459 5571 iisunum.

624 5584 681 5662 η’
713 5583 835 5637 Hzec
855 5583 1161 5662 e_t_sequens
1182 5586 1421 5662 epistola:
1448 5600 1551 5639 non
1583 5585 1793 5662 Felicis,
1824 5586 1917 5662 sed
1945 5587 2161 5662 Simpli-

590 5653 660 5707 eii
687 5663 830 5706 sunt.
880 5653 984 5708 Eas
1011 5653 1374 5724 Supposititias
1413 5667 1554 5723 putat
1588 5653 1826 5713 Valesius
1868 5659 2004 5714 lib.t
2047 5653 2161 5716 0b-

591 5734 735 5796 Qerv.
766 5737 902 5777 sacr.
936 5726 999 5778 ad
1034 5726 1339 5795 Evagrium,
1363 5727 1457 5784 sed
1482 5737 1539 5782 ut
1570 5729 1829 5808 genuinas
1862 5739 2043 5793 tuetur
2063 5732 2168 5794 Pas

2269 4817 2366 4868 μνιυ
2388 4802 2555 4868 πηγὴν
2583 4795 2811 4872 δακρύων
2835 4798 2973 4872 (Ἱερ.
2991 4794 3066 4861 ιι)
3087 4810 3101 4860 ;
3125 4804 3271 4850 Ποῖον
3293 4793 3345 4848 δέ
3368 4797 3451 4848 καὶ
3479 4791 3616 4858 ἄξιον
3640 4793 3862 4867 ὀδυρμὸς,

2269 4892 2528 4964 προσοίσω
2555 4900 2614 4960 τῇ
2645 4892 2865 4959 ἐμαυτοῦ
2891 4890 3073 4960 ψυχῇ,
3102 4887 3361 4960 συναλγῶν
3489 4893 3580 4941 τοῦ
3605 4884 3864 4940 δεσπότις-δ

2266 4983 2353 5033 καὶ
2381 4989 2609 5053 σωτῆρος
2641 4987 2862 5054 Χριστοῦ
2897 4980 3018 5053 ἁγίᾳ
3048 4979 3274 5050 καθολικῇ
3306 4979 3392 5031 καὶ
3421 4977 3723 5049 ὰποστολικῇ
3753 4985 3867 5029 Ἑκ-

2269 5072 2480 5145 adficiat;
2520 5072 2777 5125 κλαίουσα
2808 5070 3052 5126 ἔκλαυσεν
3089 5070 3219 5128 αὕτη
3257 5070 3341 5122 ἐπὶ
3379 5068 3542 5132 υἱοῖς,
3574 5071 3660 5120 καὶ
3697 5069 3865 5138 Θυγα-

2277 5271 2693 5345 resipiscendum
2717 5273 3016 5345 admonitus
3042 5273 3160 5328 fuit.
3191 5271 3325 5330 Vide
3350 5288 3472 5345 qua
3494 5247 3740 5331 diximus
3760 5272 3860 5327 ibi-

2279 5343 2398 5397 dem
2432 5345 2483 5396 in
2514 5343 2654 5397 notis
2683 5344 2923 5414 ejusdem
2953 5345 3187 5400 concilii.

2276 5515 2483 5588 giusad
2507 5529 2596 5588 an.
2643 5513 2769 5588 Chr.
2801 5514 2941 5588 (478,
2972 5531 3024 5588 ιι.
3052 5513 3085 5588 _9
3113 5523 3167 5571 et
3190 5529 3368 5588 seqq.,
3399 5528 3458 5574 et
3499 5533 3590 5575 an.
3639 5516 3769 5585 ιιιε,
3798 5533 3853 5573 n.

2267 5589 2358 5672 g5.
2533 5585 2832 5672 Cl._Mall‘eii
2858 5585 3224 5657 przefationem
3263 5585 3331 5650 ad
3358 5589 3550 5672 Suppl.
3584 5593 3749 5650 Acac.
3773 5590 3854 5645 in-

2267 5660 2344 5719 tra
2365 5656 2743 5718 exhibendam.
