4090 6330
264 324 368 392 905

1454 328 1806 391 EPISTOLE
1842 326 1933 387 ΕΤ
1969 326 2306 388 DECRETA.

3406 347 3511 406 θοο

260 452 396 524 ﬁlias
423 466 562 518 suas,
591 458 639 505 et
666 466 767 507 non
808 458 881 506 est
907 444 995 524 qui
1019 452 1308 507 consoletur
1350 467 1479 518 eam,
1514 468 1581 508 ea:
1603 450 1829 506 omnibus

1937 450 2114 525 τράσιν
2141 454 2314 515 αὐτῆς,
2339 456 2423 507 καί
2443 436 2548 524 οὐχ
2574 453 2807 531 ὑπάρχει
2826 455 2853 511 6
2872 460 3179 535 παρακαλῶν
3197 463 3375 531 αὐτὴν,
3403 468 3509 524 ἀπὸ

258 545 343 614 qui
373 543 593 614 diligunt
615 560 728 598 eam
754 541 968 613 (Titi-en.
995 543 1058 615 ι).
1091 542 1334 599 Universi
1357 543 1567 615 tyranni
1594 551 1650 598 et
1672 541 1833 597 hatre-

256 632 483 688 siarchae
531 643 912 704 persequentes
959 633 1167 705 ipsam,
1228 634 1675 704 apprehenderunt
1719 649 1831 688 eam

255 737 352 794 per
400 734 474 789 te,
515 722 679 779 l'rater
725 725 1157 794 honoratissimo,
1206 734 1261 782 et
1304 725 1596 796 aﬂligentes
1638 716 1828 796 ipsam,

254 814 377 884 facti
409 823 528 869 sunt
558 816 611 869 in
632 825 784 883 caput
810 818 943 887 ejus.
969 818 1153 874 Omnis
1174 816 1338 873 decor
1360 818 1543 887 ipsius,
1574 826 1827 889 quantum

253 906 307 961 in
346 914 399 963 te
443 916 548 972 est,
578 909 747 965 lactus
793 919 878 964 est
920 909 985 964 ad
1040 909 1283 965 nihilum.
1325 909 1582 966 Videntes
1629 909 1829 965 inimici

251 987 403 1069 ejus,
458 1000 626 1072 gavisi
668 1011 792 1056 sunt
832 1017 992 1071 super
1064 1002 1361 1072 perditione
1415 1003 1645 1058 ﬁliorum
1689 1001 1826 1072 ejus.

249 1090 394 1160 Quos
415 1092 559 1147 enim
584 1092 810 1160 foverat,
831 1109 967 1166 quos
997 1096 1293 1151 enutrierat
1309 1139 1325 1164 ,
1357 1110 1491 1167 quos
1510 1095 1578 1151 ad
1608 1110 1826 1152 mensu-

247 1197 364 1239 ram
390 1183 565 1239 aetatis
594 1184 945 1254 produxerat,
970 1185 1211 1257 lacteque
1237 1194 1479 1257 paverat,
1501 1184 1828 1256 propheticis

246 1284 304 1332 et
349 1277 659 1347 apostolicis
698 1278 985 1345 doctrinis,
1018 1278 1117 1333 hos
1174 1286 1230 1333 tu
1290 1293 1398 1334 uno
1425 1278 1686 1348 temporis
1712 1291 1831 1333 mo-

245 1378 429 1425 mento
491 1384 702 1441 veneno
758 1370 981 1427 necasti.
1029 1368 1488 1438 Quemadmodum
1536 1371 1681 1425 enim
1738 1369 1828 1441 qui

192 1470 195 1473 ‘
244 1460 593 1531 piscationem
646 1469 942 1528 sectantur,
993 1460 1209 1517 hamum
1256 1475 1377 1517 esca
1420 1470 1730 1533 contegunt,
1773 1468 1831 1517 et

243 1568 317 1609 ex
358 1553 657 1625 improviso
676 1554 895 1626 capiunt
916 1556 1087 1625 pisces
1120 1574 1134 1609 :
1167 1555 1245 1611 sic
1273 1564 1327 1611 et
1357 1565 1411 1611 tu
1436 1555 1694 1626 angelica:
1712 1554 1829 1610 Iau-

241 1645 449 1703 dationi
473 1647 799 1705 additionem
819 1648 1096 1716 induxisti,
1118 1657 1174 1705 et
1193 1649 1421 1721 trisagie
1437 1648 1826 1720 deprecationi,

244 1739 403 1811 quasi
432 1740 640 1808 pietatis
667 1740 910 1808 obtentu,
941 1741 1112 1797 diram
1143 1743 1466 1813 impietatem
1487 1742 1823 1813 excogitasti.

1933 541 2136 596 πάντων
2161 550 2261 596 τῶν
2288 543 2599 613 ἀγαπώντων
2619 548 2958 622 αὐτήν(Θρήν.
2985 550 3045 622 1).
3068 551 3316 618 ’Δπαντες
3342 560 3390 613 oi
3416 582 3505 616 κα-

1932 632 2265 697 ταδιώκοντες
2297 639 2451 697 αὐτόν
2476 642 2703 715 τύραννοί
2730 665 2784 699 τε
2802 684 2817 709 ,
2847 650 2930 702 καί
2958 648 3324 727 αίρεσιάρχαι,
3354 658 3507 710 κατέ·

1930 724 2079 781 λαϐον
2102 728 2258 787 αὐτὴν
2286 726 2371 785 διά
2398 736 2513 797 σοῦ,
2543 731 2719 808 ἀδελφέ
2743 724 3038 801 τιμιώτατελ
3070 724 3225 796 καὶ-οε
3252 745 3508 809 θλίϐοντες

1932 819 2083 877 αὐτήν
2119 819 2342 891 ἐγένοντο
2398 823 2469 882 εἰς
2506 825 2713 895 κεφαλὴν
2750 829 2928 889 αὐτῆς.
2989 837 3136 887 Πᾶσα
3173 836 3204 892 ἡ
3232 837 3508 912 εὐπρέπεια

1932 910 2105 973 αὐτῆς,
2128 912 2188 966 τὸ
2208 910 2322 966 ὅσον
2342 914 2426 967 ἐπὶ
2448 917 2549 977 σοί,
2567 916 2758 988 ἐγένετο
2780 923 2849 979 εἰς
2866 920 3023 977 οὐδέν.
3038 923 3251 987 ’ἰδόντες
3268 929 3315 982 οἱ
3329 910 3509 1004 Ϋέχθροὶ

1932 998 2109 1065 αὐτῆς,
2140 1001 2410 1077 ἐχάρησαν
2441 1005 2527 1058 ἐπὶ
2546 1014 2612 1076 τῇ
2642 1007 2865 1083 ἀπωλείᾳ
2888 1018 2989 1065 τῶν
3006 1015 3187 1069 τέκνων
3212 998 3398 1079 αῦτῆςί
3418 998 3507 1080 όῦς

1930 1090 2028 1165 γὰρ
2053 1092 2335 1167 ἐξέθρεψεν,
2362 1096 2709 1179 ἐτιθηνήσατο,
2742 1096 2831 1158 οὓς
2856 1101 2928 1161 εἰς
2954 1103 3135 1177 μέτρον
3161 1107 3351 1167 ἡλικίας
3380 1111 3504 1169 ἀνά-

1930 1202 2072 1255 γαγε,
2119 1182 2639 1262 γαλακτοτροφήσασα
2669 1200 2995 1263 προφητικοῖς
3033 1197 3116 1249 καί
3146 1197 3506 1263 ἀποστολικοῖς

1932 1268 2175 1345 δόγμασι,
2205 1278 2419 1336 τούτους
2443 1278 2491 1330 ἑν
2510 1282 2603 1349 μιᾷ
2624 1286 2801 1351 καιροῦ
2970 1280 3054 1339 διά
3074 1282 3372 1363 δηλητηρίου
3395 1293 3507 1363 i96-

1932 1385 2138 1427 νευσας.
2182 1368 2297 1422 Καθ’
2326 1366 2380 1423 όν
2406 1370 2504 1445 γὰρ
2531 1371 2721 1445 τρόπον
2757 1373 2805 1427 oi
2831 1379 2923 1433 τήν
2950 1374 3230 1436 ἀλιευτικήν
3254 1382 3507 1457 μετερχόο

1931 1479 2086 1529 μενοι,
2109 1462 2353 1536 βρώμασι
2371 1464 2429 1517 τὸ
2447 1460 2723 1540 ἄγκιστρον
2739 1464 3073 1536 καλύπτουσι,
3092 1472 3181 1524 καί
3200 1473 3507 1546 ἀπροόπτως

1930 1551 2053 1613 τούς
2078 1551 2268 1619 ἰχθύας
2310 1554 2644 1627 ἀγρεύουσινο
2676 1554 2840 1617 οὕτως
2872 1560 2953 1612 καὶ
2978 1561 3043 1613 σύ
3072 1568 3134 1635 τῇ
3163 1568 3261 1616 τῶν
3288 1563 3507 1634 ἀγγέλων

1930 1641 2201 1717 ῦμνολογίᾳ
2228 1644 2522 1719 προσθήκην
2555 1646 2834 1719 ἐπήγαγες,
2876 1652 2963 1703 καί
2984 1655 3224 1726 τρισαγίᾳ
3261 1652 3401 1729 λιτῇ,
3438 1656 3507 1715 ὡς

1934 1732 1988 1785 ἐκ
2015 1736 2295 1808 προσώπου
2330 1735 2609 1801 εὐσεϐείας,
2641 1737 2881 1792 ἀσέϐειαν
2908 1738 3187 1803 έπενόησας
3221 1740 3405 1802 δεινήν.
3424 1751 3506 1799 Ἕκ

240 1828 327 1885 Ex
380 1830 621 1901 pluribus
678 1834 822 1888 enim
869 1832 1226 1890 Orientalibus
1280 1833 1570 1903 provinciis
1618 1833 1825 1888 litteras

1930 1824 2118 1900 πολλῶν
2134 1827 2238 1900 γὰρ
2264 1827 2525 1901 ἐπαρχιῶν
2542 1835 2641 1883 τῶν
2665 1832 2796 1885 κατά
2818 1836 2908 1890 τήν
2930 1833 3197 1894 ’Δνατολήν
3223 1839 3505 1911 γράμματα

239 1922 600 1993 suscepimus,
640 1923 1002 1993 signiﬁcantes
1028 1924 1183 1981 nobis
1236 1925 1503 1995 quomodo
1549 1925 1821 1979 veneratio

239 2024 333 2072 tua
379 2014 579 2070 dudum
626 2016 855 2087 sopitum
886 2015 1244 2072 Valentiniani
1273 2016 1466 2086 dogma
1514 2014 1819 2085 resumpsit,

239 2116 296 2165 et
345 2107 588 2163 irritatur
615 2122 645 2163 a
686 2108 838 2165 vobis
866 2107 1157 2165 Salvatoris
1209 2108 1542 2174 incarnatio;
1574 2107 1823 2178 quodque

240 2200 298 2257 in
327 2200 744 2259 Manichaeorum
771 2203 963 2275 dogma
986 2213 1041 2260 et
1068 2203 1202 2269 Arii,
1232 2212 1288 2259 et
1309 2203 1654 2274 Apollinaris,
1688 2203 1824 2258 Pau-

237 2290 387 2362 lique
413 2292 747 2349 Samosateni
770 2294 1064 2351 incidistis.
1096 2294 1288 2350 Dicere
1314 2295 1460 2349 enim
1495 2293 1821 2364 unigenitum

235 2379 437 2439 Filium
462 2392 524 2440 et
546 2383 830 2440 Dominum
876 2393 1119 2441 nostrum
1148 2384 1417 2443 Christum
1445 2383 1626 2440 Iesum
1650 2385 1824 2454 perle-

236 2483 387 2531 ctum
415 2491 521 2533 non
551 2491 672 2535 esse
701 2478 755 2534 in
782 2478 1001 2546 deitate,
1046 2488 1207 2550 atque
1236 2480 1289 2534 in
1319 2478 1654 2535 humanitate
1700 2494 1823 2550 per-

237 2565 465 2637 lectum,
517 2584 619 2625 uec
662 2570 834 2640 ipsum
883 2570 1092 2625 subisse
1141 2569 1445 2640 passionem
1496 2569 1695 2636 crucis,
1729 2568 1821 2624 sed

237 2672 408 2715 unam
464 2659 625 2717 Verbi
685 2661 778 2717 Dei
829 2670 1072 2717 naturam
1109 2661 1462 2727 incarnatam,
1525 2673 1825 2729 corpusque

235 2750 453 2807 Domini
484 2754 604 2809 sine
631 2754 807 2809 anima
855 2762 909 2809 et
936 2762 1144 2821 mente,
1195 2752 1524 2823 Apollinaris
1574 2751 1821 2805 haeresim

237 2847 482 2904 roborat.
514 2848 606 2904 Ille
656 2849 799 2905 enim
835 2849 1119 2919 ignoravit,
1152 2846 1293 2916 quod
1348 2845 1417 2900 ab
1472 2844 1607 2915 ipsis
1636 2842 1821 2899 mundi

238 2940 515 2995 nascentis
540 2938 776 2995 exordiis
803 2939 1036 3009 primum
1067 2936 1242 2992 anima
1273 2935 1427 3006 primi
1454 2933 1694 3005 parentis
1724 2946 1822 2987 uo-

238 3030 338 3087 stri
371 3040 578 3087 mortua
600 3038 701 3099 est,
725 3031 811 3085 vel
840 3029 893 3084 in
917 3039 1145 3084 mortem
1172 3026 1504 3098 praecipitata
1533 3033 1636 3091 est,
1664 3031 1825 3093 atque

238 3121 316 3178 ita
340 3121 555 3177 demum
582 3135 799 3192 corpus.
839 3120 1048 3175 Dictum
1076 3119 1272 3189 quippe
1298 3115 1373 3171 illi
1401 3125 1483 3172 est
1518 3130 1548 3169 a
1576 3114 1682 3169 Deo
1708 3129 1723 3167 :
1757 3111 1825 3167 In

238 3229 541 3284 quacunque
572 3190 1032 3268 uie—comederint
1060 3211 1122 3266 de
1162 3210 1301 3281 ligno
1345 3208 1568 3263 scientia:
1607 3206 1727 3260 boni
1772 3212 1818 3260 et

1930 3203 2016 3251 τοῦ
2045 3196 2216 3264 ξύλου,
2233 3197 2423 3267 θανάτῳ
2451 3197 2774 3253 ἀποθανεῖσθε
2805 3194 2996 3268 (Γινέσ.
3028 3197 3109 3268 ιι).
3140 3202 3271 3255 ιιατά
3301 3195 3393 3253 οὖν
3414 3206 3505 3259 τήν
3546 3268 3550 3273 ἢ
3646 3246 3651 3251 .

183 3352 189 3361 .
237 3303 388 3371 Itali,
413 3313 576 3359 morte
603 3302 888 3359 moriemini
919 3300 1074 3373 (Gen.
1117 3301 1198 3372 tt).
1240 3301 1432 3371 Itaque
1465 3299 1617 3369 juxta
1658 3297 1819 3353 latam

236 3394 298 3451 in
330 3394 478 3451 illum
524 3409 557 3449 a
586 3395 697 3452 Deo
747 3396 1090 3463 sententiam,
1114 3402 1119 3405 ‘
1142 3394 1197 3449 in
1236 3393 1349 3461 ipsa
1380 3391 1675 3447 secundum
1706 3392 1822 3445 ani-

237 3500 385 3542 mam
416 3495 661 3543 mortuus
706 3495 811 3543 est.
863 3486 992 3542 Nam
1024 3486 1194 3556 ipsius
1239 3483 1482 3553 corporis
1507 3498 1653 3539 mors
1702 3493 1822 3553 post

237 3586 544 3647 nongentos
575 3585 629 3633 et
658 3576 871 3647 triginta
919 3590 1088 3631 annos
1117 3575 1362 3644 contigit.
1407 3574 1590 3644 Itaque
1620 3573 1819 3628 donum

239 3680 356 3723 non
407 3665 739 3723 dimidiatum
790 3667 936 3734 fecit,
990 3666 1086 3722 sed
1132 3675 1301 3721 totum
1352 3665 1512 3719 simul
1544 3666 1712 3720 Adam
1756 3680 1821 3720 ex

239 3767 403 3815 utero
431 3759 665 3830 Virginis
711 3761 960 3830 sumpsit,
1005 3768 1063 3815 ut
1107 3758 1269 3815 etiam
1311 3758 1601 3829 perditum,
1652 3766 1820 3814 totum

242 3850 462 3906 salvum
512 3850 731 3909 faceret.
781 3852 985 3909 Idcirco
1027 3862 1083 3908 et
1131 3851 1382 3906 Dominus
1420 3852 1533 3921 ipse
1571 3850 1822 3907 dicebat:

238 3942 359 4014 Ego
387 3945 614 4000 animam
644 3962 809 4001 meam
839 3963 931 4018 pro
952 3946 1127 4001 ovibus
1156 3960 1290 4017 pono
1317 3942 1497 4016 (Joan.
1527 3944 1606 4015 x).
1638 3944 1824 3999 Valen-

239 4037 341 4092 tini
372 4036 497 4092 item
552 4047 608 4093 et
652 4037 956 4108 Marcionis,
1004 4037 1528 4108 Manichtuorumque
1556 4050 1619 4093 ac
1650 4038 1667 4067 ¹
1697 4051 1826 4108 gen—

240 4126 414 4182 tilium
446 4128 704 4184 innovare
733 4129 814 4185 vis
838 4128 1105 4201 dogmata.
1137 4128 1194 4185 Si
1224 4128 1369 4185 enim
1412 4127 1554 4185 Deus
1600 4134 1705 4193 est,
1735 4128 1826 4196 qui

240 4219 588 4276 divisibiliter
619 4230 780 4294 atque
826 4223 1246 4279 substantialiter
1273 4232 1357 4279 est
1385 4231 1650 4289 mortuus,
1682 4221 1830 4274 simi—

246 4311 378 4366 liter
428 4320 644 4368 sanctns
673 4311 903 4384 Spiritus
930 4315 1091 4381 Deus,
1140 4322 1195 4371 et
1242 4315 1357 4385 ipse
1403 4312 1736 4369 divisibiliter
1767 4327 1830 4367 ac

240 4401 673 4460 substantialiter
702 4406 1036 4473 invenietur;
1069 4406 1252 4477 sicque
1280 4406 1432 4477 juxta
1458 4416 1600 4462 tuam
1629 4414 1685 4463 et
1714 4406 1835 4461 illo-

240 4506 368 4549 rum
417 4495 700 4562 rationem,
731 4505 838 4553 tres
885 4496 958 4553 dii
1001 4498 1199 4564 erunt,’
1234 4513 1295 4553 ac
1326 4514 1424 4568 per
1449 4499 1554 4555 hoc
1594 4498 1826 4569 plurium

1926 1913 2215 1982 έδεξάμεθα,
2240 1920 2304 1972 τὰ
2340 1920 2647 1986 ’σημαίνοντα
2678 1923 2817 1992 ἡμῖν,
2844 1925 2913 1983 ὥς
2941 1923 3021 1980 ὅτι
3046 1928 3077 1985 ri
3108 1932 3176 1987 σή
3200 1930 3417 2002 θεοφιλία
3446 1932 3504 1986 τὸ

1924 2008 2082 2063 πάλαι
2098 2011 2344 2068 σιωπηθὲν
2357 2011 2679 2065 Οὐαλεντίνου
2695 2010 2860 2088 δόγμα
2873 2018 3137 2085 κατέλαϐε,
3154 2024 3240 2075 καί
3254 2023 3505 2079 ἀθετεῖται

1926 2100 2049 2176 παρ’
2078 2104 2216 2173 ὑμῶν
2237 2106 2266 2161 ή
2293 2108 2543 2179 σωτήριος
2572 2108 2976 2181 ένανθρώπησις,
3008 2115 3088 2166 καί
3116 2110 3194 2168 ὅτι
3219 2116 3289 2174 είς
3316 2117 3374 2171 τὸ
3400 2128 3505 2171 Μα-

1925 2197 2156 2264 νιχαίκὸν
2183 2194 2363 2267 δόγμα,
2389 2195 2582 2271 ’Δρείου
2611 2217 2687 2262 τε,
2712 2203 2792 2253 καὶ
2812 2199 3184 2277 ’Λπολιναρίου,
3206 2209 3292 2259 καί
3305 2208 3502 2262 Παύλου

1924 2291 2012 2337 τοῦ
2042 2286 2370 2355 Σαμοσατέως
2406 2288 2788 2361 περιηνέχθητε.
2821 2291 2890 2343 Τὸ
2930 2294 3029 2366 γὰρ
3062 2298 3133 2363 μή
3166 2293 3323 2367 λέγειν
3356 2317 3505 2365 μονο-

1923 2382 2041 2447 γενῆ
2068 2375 2153 2430 τὸν
2181 2375 2312 2440 Ϊίὸν,
2338 2377 2421 2430 καί
2440 2378 2620 2452 κύριον
2644 2380 2782 2447 ἡμῶν
2804 2380 3001 2439 Ἰησοῦν
3019 2383 3232 2459 Χριστὸν
3260 2379 3386 2439 εἶναι
3408 2388 3504 2439 τέ-
3572 2427 3583 2437 .

1925 2465 2052 2521 λειον
2081 2468 2131 2521 ἐν
2158 2466 2370 2533 θεότητι,
2403 2468 2484 2521 καί
2509 2467 2693 2522 τέλιιον
2714 2470 2764 2522 έν
2790 2471 3158 2544 ἀνθρωπότητι,
3189 2473 3340 2526 αὐτόν
3364 2495 3417 2528 τε
3447 2476 3506 2529 τὸ

1926 2560 2085 2621 πάθος
2114 2562 2170 2615 τὸ
2195 2568 2288 2616 τοῦ
2313 2566 2540 2637 σταυροῦ
2568 2561 3000 2634 ὑπομεμενηκέναι
3019 2604 3034 2629 ,
3067 2565 3191 2621 ἀλλά
3217 2568 3336 2636 μίαν
3359 2565 3507 2639 φύσιν

1927 2655 2017 2702 τοῦ
2042 2656 2170 2704 Θεοῦ
2207 2650 2368 2723 Λόγου
2398 2653 2806 2724 σεσαρκωμένην,
2832 2650 3043 2723 ἄψυχόν
3073 2675 3126 2709 τε
3158 2657 3240 2708 καί
3268 2653 3417 2710 ἄνουν
3446 2657 3503 2710 τὸ

1927 2746 2015 2793 τοῦ
2059 2743 2248 2812 Κυρίου
2289 2748 2468 2811 σῶμα,
2511 2747 2599 2800 τήν
2632 2742 2969 2819 Ἀπολιναρίου
3008 2745 3203 2817 αἵρεσιν
3246 2749 3501 2817 κρατίνει·

1929 2830 2110 2889 έκεῖνος
2132 2832 2230 2904 γὰρ
2270 2836 2339 2901 μή
2368 2831 2592 2901 ἐγνωκὼς
2633 2830 2711 2887 ὅτι
2746 2832 2854 2888 κατ’
2882 2835 3038 2891 αὑτήν
3073 2839 3162 2893 τήν
3192 2833 3382 2910 ἴναρξιν
3414 2845 3505 2895 tu”;

1929 2920 2266 2991 κοσμοποιΐας
2333 2930 2529 2999 πρῶτον
2569 2924 2599 2982 ή
2653 2923 2807 2993 ψυχή
2840 2930 2931 2979 τοῦ
2972 2925 3377 3000 πρωτοπλάστου
3420 2932 3504 2981 καί

1928 3014 2250 3086 προπάτορος
2289 3014 2593 3077 έθανατώθη,
2628 3018 2708 3069 καί
2731 3010 2817 3069 εἶθ’
2841 3016 3000 3075 οὕτως
3023 3018 3083 3071 τὸ
3117 3024 3288 3087 σῶμα·
3318 3019 3505 3087 ἐλέχθη

1929 3104 2027 3182 γὰρ
2046 3105 2173 3177 πρὸς
2195 3105 2345 3159 αὐτὸν
2370 3106 2471 3160 ὑπὸ
2497 3111 2592 3161 τοῦ
2620 3104 2844 3177 Θεοῦ,²ῌ
2865 3105 2908 3161 δ’
2931 3102 2989 3161 ἂν
3009 3109 3171 3182 ἡμέρᾳ
3199 3110 3382 3182 φάγητε
3403 3111 3503 3163 ἀπὸ

1928 3286 2181 3362 ἀπόφασιν
2206 3292 2295 3346 τήν
2325 3289 2428 3343 ἀπὸ
2451 3296 2542 3344 τοῦ
2568 3294 2696 3343 Θεοῦ
2722 3288 2834 3343 κατ’
2855 3291 3008 3344 αὐτοῦ
3039 3290 3420 3360 ἐπενεχθεῖσαν,
3455 3292 3503 3344 έν

1928 3378 2150 3457 ᾖήμέρᾳ
2184 3378 2369 3455 ἔφαγεν
2416 3382 2516 3437 ἀπὸ
2550 3389 2637 3436 τοῦ
2676 3381 2828 3446 ξύλου
2863 3388 2954 3439 τοῦ
2996 3385 3317 3457 γινώσκοντος
3358 3384 3503 3439 καλὸν

1924 3474 2011 3527 καὶ
2030 3474 2270 3547 πονηρὸν,
2295 3474 2499 3547 inurit-fi
2528 3472 2804 3532 ἐθανατώθη
2835 3472 3092 3544 ψυχικῶς·
3118 3474 3143 3529 6
3168 3477 3266 3551 γάρ
3290 3480 3381 3529 τοῦ
3405 3477 3504 3528 σώ-

1924 3584 2088 3635 ματος
2126 3566 2282 3619 αὐτοῦ
2311 3566 2519 3623 θάνατος
2549 3567 2719 3636 γέγονε
2752 3566 2882 3635 μετά
2918 3563 3209 3621 έννεακόσια
3243 3568 3327 3620 καὶ
3359 3566 3506 3638 τριά-

1926 3677 2073 3711 κοντα
2098 3654 2207 3714 ἔτη.
2238 3654 2294 3707 Ὀ
2321 3659 2483 3709 τοίνυν
2512 3656 2633 3715 Θεὸς
2662 3658 2768 3726 οὐχ
2805 3656 3032 3725 ήμιτελές
3060 3658 3117 3711 τὸ
3154 3654 3315 3731 δῶρον
3343 3657 3503 3711 αὐτοῦ

1926 3747 2180 3811 έποίησεν,
2199 3744 2303 3801 ἀλλ’
2328 3743 2437 3799 ὅλον
2466 3744 2593 3815 ὁμοῦ
2617 3746 2700 3799 τὸν
2719 3743 2882 3816 ’Δδάμ
2905 3748 2957 3800 έκ
2982 3752 3180 3821 μήτρας
3201 3748 3502 3824 παρθενικῆς

1926 3837 2184 3904 ἀνέλαϐεν,
2213 3839 2294 3891 ἵνα
2330 3840 2412 3891 καὶ
2440 3836 2545 3891 όλον
2583 3840 2666 3891 τὸν
2698 3837 2993 3893 ἀπολωλότα
3026 3837 3280 3911 διασώστν
3318 3836 3393 3893 διὸ
3420 3840 3507 3893 καί
3534 3859 3540 3869 ·

1930 3928 2102 4003 ἔλεγεν
2131 3930 2156 3984 6
2193 3932 2393 4005 κύριος,
2426 3932 2548 4003 Ἐγώ
2581 3934 2671 3989 τήν
2695 3929 2876 4002 ψυχήν
2914 3951 3010 4001 μου
3044 3932 3215 4001 τίθημι
3249 3930 3383 4006 ύπέρ
3411 3937 3509 3985 τῶν

1930 4026 2203 4100 προϐάτων
2238 4022 2418 4095 (Ἰωάν.
2442 4023 2499 4092 x)
2518 4040 2533 4054 ⁸
2565 4025 2824 4099 κρατύνειν
2851 4021 2906 4077 δέ
2936 4024 3104 4093 βούλει
3132 4026 3214 4078 καὶ
3244 4023 3512 4079 Οὐαλεντί-

1932 4139 2052 4185 νου⁹
2085 4121 2165 4173 καί
2189 4121 2518 4192 Μαρκίωνος,
2548 4119 2844 4187 Μανιχαίων
2882 4135 2935 4171 τε
2956 4155 2971 4179 ,
3004 4120 3084 4169 καὶ
3124 4112 3511 4181 Βασιλιδιανῶν,

1933 4209 2010 4267 ἴτι
2051 4216 2146 4281 μήν
2179 4213 2261 4264 καί
2296 4209 2529 4267 Ἑλλήνων
2566 4209 2630 4262 τά
2661 4208 3034 4284 θρησκεύματα.
3077 4207 3134 4260 Ei
3177 4208 3278 4282 γάρ
3323 4208 3447 4265 Θεὸς
3484 4204 3513 4258 6

1935 4302 2198 4358 ἀποθανὼν
2226 4299 2518 4376 διαιρετῶς,
2554 4300 2640 4353 καὶ
2672 4295 2957 4365 ούσιωδῶς,
2990 4299 3237 4358 ὡσαύτως
3262 4295 3316 4351 δέ
3342 4297 3426 4350 καί
3452 4294 3512 4350 τὸ

1938 4393 2076 4468 ἅγιον
2107 4400 2305 4465 Πνεῦμα
2333 4394 2486 4457 Θεὸς,
2523 4393 2607 4445 καί
2635 4391 2761 4445 αὐτὸ
2790 4386 3085 4462 διαφετῶς,
3111 4389 3194 4440 καί
3222 4383 3475 4444 οὖσιωδῶς
3494 4397 3511 4414 ⁸

1941 4487 2322 4561 εὑρεθήσονται,
2361 4486 2429 4545 ὡς
2462 4482 2590 4537 κατά
2625 4482 2713 4535 τὸν
2753 4482 2844 4535 σὸν
2872 4481 2961 4533 καί
2998 4480 3083 4531 τὸν
3120 4478 3312 4530 ἐκείνων
3341 4475 3510 4545 λόγον,

193 4583 206 4594 ’
242 4583 476 4640 deorum
507 4586 797 4642 invalescet
820 4602 972 4643 error
997 4605 1009 4640 :
1036 4598 1403 4658 quantumque
1428 4588 1480 4642 in
1504 4596 1556 4643 te
1584 4597 1687 4654 est,
1712 4602 1829 4643 eva-

1933 4559 2071 4656 τρεῖς
2097 4579 2231 4643 Θεοί,
2262 4578 2346 4631 καί
2372 4573 2457 4631 διὰ
2484 4579 2637 4630 τοῦτο
2659 4573 3049 4648 κρατννθήσεται
3072 4574 3162 4626 τῆς
3189 4563 3456 4622 πολυθεῖἀς
3483 4565 3512 4619 ή

243 4674 499 4730 euabitur
542 4675 673 4731 illud
711 4693 724 4729 :
765 4676 904 4731 Audi
955 4678 1155 4745 Israel,
1207 4677 1461 4732 Dominus
1511 4677 1649 4733 Deus
1690 4687 1828 4743 tuus,

242 4762 506 4820 Dominus
554 4782 687 4823 unus
727 4776 800 4821 est
842 4767 1023 4840 (Deut.
1055 4768 1155 4839 tv).
1202 4767 1331 4822 Item
1376 4766 1516 4837 quod
1561 4768 1635 4822 ait
1681 4767 1833 4823 Jere-

244 4857 437 4912 mias:
487 4856 589 4913 Hic
640 4857 779 4915 Deus
825 4868 1018 4926 noster,
1067 4875 1170 4914 non
1208 4859 1531 4928 reputabitur
1585 4860 1720 4913 alius
1762 4857 1832 4912 ad

245 4963 370 5002 eum
405 4946 656 5020 (Baruch.
703 4950 810 5022 ιιι).
859 4950 1123 5008 Similiter
1160 4958 1217 5007 et
1258 4950 1516 5005 Dominus
1563 4967 1579 5006 :
1628 4949 1697 5004 Ut
1750 4967 1836 5004 co-

245 5047 503 5109 gnoscant
533 5047 581 5094 te
606 5040 775 5095 solum
799 5058 971 5096 verum
1011 5040 1177 5097 Deum
1205 5039 1384 5112 (Joan.
1411 5039 1566 5112 xvn).
1592 5040 1833 5111 Cumque

246 5127 533 5197 Scriptura
563 5145 728 5187 unum
760 5132 950 5201 Deum,
983 5140 1223 5188 sanetam
1254 5141 1310 5188 et
1354 5131 1683 5187 individuam
1708 5132 1834 5187 Tri-

247 5223 482 5279 nitatem
513 5225 789 5303 praadicet,
813 5235 869 5281 tu
898 5234 953 5282 et
977 5224 1033 5281 hi
1063 5226 1150 5296 qui
1173 5233 1296 5281 ante
1336 5232 1389 5279 te
1417 5223 1632 5280 fuerunt
1660 5224 1835 5279 luere-

248 5314 506 5384 siarchte,
558 5325 667 5372 tres
722 5316 860 5373 Deos
907 5316 1268 5386 dogmatizare
1316 5314 1436 5370 ausi
1480 5315 1633 5380 estis,
1670 5315 1835 5370 alium

251 5406 476 5479 quidem
525 5408 766 5465 dicentes
795 5408 962 5462 Deum
1012 5407 1222 5463 Patrem
1272 5415 1466 5476 praeter
1510 5405 1740 5472 Filium,
1778 5414 1838 5461 et

251 5501 425 5557 alium
454 5501 623 5558 Deum
649 5500 843 5556 Filium
871 5506 1069 5570 praeter
1093 5498 1304 5554 Patrem
1325 5514 1341 5564 ;
1364 5510 1652 5567 rursusque
1668 5497 1835 5553 alium
1908 5564 1911 5571 λ

256 5591 433 5650 Deum
461 5591 718 5664 Spiritum
754 5601 996 5647 sanctum
1042 5596 1241 5659 prteter
1269 5588 1479 5644 Patrem
1510 5595 1568 5641 et
1613 5585 1831 5643 Filium.
1884 5620 1885 5623 η

340 5787 364 5822 ⁸
388 5784 572 5842 Graeca
603 5779 778 5837 versio
792 5775 944 5833 addit
968 5773 1333 5829 Basilidimtos.

432 5882 701 5944 ΡΑτιιοι..
750 5874 977 5936 LVIII.

1936 4652 2116 4732 πλάνη,
2134 4670 2220 4721 καί
2235 4665 2354 4720 ὅσον
2376 4665 2459 4717 έπί
2473 4667 2576 4725 σοὶ,
2597 4659 2952 4716 διεσκέδασται
2972 4656 3053 4722 τό,
3068 4654 3267 4714 Ἄκουε,
3289 4652 3512 4727 Ἰσραήλ,

1938 4763 2118 4835 Κύριος
2140 4758 2165 4813 6
2191 4758 2311 4816 Θεός
2331 4776 2450 4821 σου,
2472 4755 2659 4829 Κύριος
2679 4749 2749 4813 εἷς
2776 4753 2888 4807 ἐστι
2911 4748 3138 4824 (Δευτερ.
3164 4745 3259 4815 IV)’
3284 4748 3365 4800 καὶ
3389 4742 3513 4821 ὅπερ

1939 4851 2110 4925 ἔλεγεν
2140 4849 2166 4905 6
2192 4842 2427 4925 Ἱερεμίας
2446 4861 2461 4876 ⁸
2487 4848 2664 4920 κύριος
2698 4842 2724 4898 6
2751 4843 2875 4904 Θεὸς
2901 4843 3059 4912 ήμῶν
3086 4840 3141 4892 οὐ
3167 4837 3515 4909 λογισθήσεται

1939 4945 2113 5019 ἕτερος
2148 4941 2276 5013 πρὸς
2310 4938 2458 4994 αὐτόν
2498 4932 2752 5008 (Βαρούχ.
2782 4932 2910 5000 Ill)’
2944 4930 3128 5002 ὁμοίως
3161 4926 3215 4985 δέ
3249 4926 3276 4981 6
3303 4928 3512 5019 Κύριος,

1934 5013 2042 5091 ’1νά
2060 5033 2348 5109 γινώσκωσί
2372 5050 2430 5086 σε
2457 5028 2539 5085 τὸν
2562 5027 2711 5099 μόνον
2735 5022 2957 5083 ἀληθινὸν
2973 5020 3094 5077 Θεόν
3125 5020 3452 5109 (Ἰωάνχιγιι

1938 5103 2137 5186 καὶτῆς
2174 5126 2309 5181 θείας
2332 5129 2562 5195 Γραφᾶς,
2605 5118 2694 5172 ἕνα
2728 5115 2850 5171 Θεὸν
2890 5116 2979 5171 τήν
3013 5111 3162 5185 ἁγίαν
3195 5103 3387 5183 Τριάδα
3430 5108 3517 5162 καὶ
3606 5180 3613 5187 ρ

1932 5216 2242 5293 ἀδιαίρετον,
2265 5212 2639 5285 κηρυττούσης,
2660 5212 2726 5264 σύ
2748 5209 2835 5262 καί
2854 5206 2899 5260 oi
2918 5204 3019 5281 πρὸ
3054 5208 3146 5257 σοῦ
3182 5199 3517 5277 αίρεσιάρχαι

1900 5289 2093 5385 ,ν’τρεῖς⁷
2112 5307 2264 5365 Θεούς
2302 5300 2692 5376 ὶδογματέσατε⁶
2723 5295 2866 5353 ἄλλον
2896 5296 2986 5367 μέν
3022 5294 3248 5385 λέγοντες
3280 5290 3403 5385 Θεὸν
3428 5289 3516 5385 τὸν

1942 5375 2144 5472 ῐίατέρα
2178 5395 2319 5473 παρὰ
2348 5375 2431 5450 τόν
2461 5391 2600 5457 Υίόν,
2632 5392 2715 5446 καί
2748 5388 2917 5463 ἕτερον
2947 5384 3072 5440 Θεὸν
3108 5382 3194 5437 τὸν
3234 5375 3520 5473 Υίὸν-παρᾶ
3572 5454 3577 5457 _

1943 5491 2031 5547 τὸν
2062 5464 2288 5564 πατέρα’
2322 5488 2402 5540 καί
2430 5484 2577 5539 πάλιν
2606 5477 2747 5534 ἄλλον
2777 5476 2919 5541 Θεόν,
2949 5476 3008 5530 τὸ
3038 5478 3234 5544 Πνεῦμα
3257 5471 3314 5525 τὸ
3343 5467 3518 5538 ἅγιον,

1944 5584 2084 5655 ποιρά
2110 5557 2205 5638 τὸν,
2219 5579 2418 5651 Πατέρα
2443 5575 2526 5630 καί
2556 5572 2643 5628 τὸν
2670 5569 2812 5626 Υίὸν*
2844 5569 2930 5623 καί
2958 5566 3043 5622 τὸν
3073 5566 3163 5634 μέν
3195 5561 3395 5629 θνητὸν,
3425 5557 3512 5614 καί
