4090 6330
517 342 619 400 90⁸1

518 456 693 523 Atque
726 445 889 502 atium
917 438 1128 511 quidem
1183 429 1460 490 mortalem
1488 434 1542 484 et
1585 430 1791 482 novuer
1820 418 2082 489 genitum,
2117 419 2165 482 Α

519 510 680 601 alium
714 552 838 593 vero
868 510 1123 588 aeternum
1171 533 1331 595 atque
1370 515 1749 577 immortalem.
1780 512 1836 569 In
1880 510 1963 564 his
1992 523 2087 571 au-

522 647 627 690 tem
656 628 828 686 noxiis
854 622 1033 678 verbis
1064 619 1186 684 tuis,
1217 612 1483 671 contraria
1513 608 1714 667 sentire
1742 604 1822 658 vis
1849 598 2092 659 l’atribus

520 688 606 797 qui
636 724 688 778 in
719 720 916 785 Nicaea,
948 721 1002 770 et
1025 712 1113 783 qui
1134 710 1185 766 in
1206 699 1665 770 Constantinopoli
1698 704 1856 765 atque
1875 688 2094 759 Chalce-

502 783 658 872 done
697 783 1085 867 convenerunt,
1118 801 1205 871 qui
1242 807 1294 854 et
1339 789 1845 851 consubstantialem
1876 783 2094 843 robora-

518 912 675 974 runt,
697 911 753 959 et
773 914 930 956 unam
961 897 1213 951 deitatem
1247 889 1416 945 Patris
1446 896 1500 941 et
1528 883 1648 973 Filii
1677 878 1951 947 sanctique
1977 875 2097 944 Spi-

522 960 1058 1063 ritus'prmdicarunt,
1089 992 1246 1052 atque
1272 980 1382 1037 Arii
1409 960 1694 1049 amentiam
1716 968 2093 1031 confuderunt.

524 1093 593 1145 At
628 1100 757 1141 vero
801 1091 856 1137 tu
888 1083 941 1136 in
989 1077 1213 1135 ecclesia
1264 1086 1425 1128 ausus
1462 1084 1520 1125 es
1550 1068 1748 1132 dicere,
1781 1060 1919 1129 quod
1962 1072 2097 1114 unus

524 1186 781 1239 increalae
811 1186 972 1246 atque
1021 1169 1306 1228 individum
1335 1162 1613 1221 Trinitatis
1658 1157 1958 1228 passionem
2003 1166 2093 1206 su-

525 1275 662 1331 biit:
696 1281 751 1328 et
801 1244 897 1340 per
934 1268 1037 1322 hoc
1084 1255 1586 1328 consubstantialem
1635 1262 1845 1319 quoque
1889 1244 2099 1300 solvere

526 1364 750 1427 niteris,
782 1336 846 1415 ac
878 1359 1045 1412 Deum
1088 1351 1353 1420 subjicere
1400 1356 1644 1400 numero.
1678 1340 1731 1394 Si
1778 1336 1921 1392 enim
1964 1347 2099 1387 unus

527 1464 727 1514 sancta:
754 1449 1030 1505 Trinitatis
1076 1453 1130 1500 et
1173 1449 1488 1502 coaeternus,
1544 1435 1633 1505 qui
1681 1430 1966 1486 crucilixus
2018 1434 2101 1481 est

527 1549 692 1609 Deus,
725 1544 825 1599 hoc
855 1537 980 1613 [hic]
1010 1546 1090 1593 est
1122 1535 1285 1589 Filius
1311 1549 1323 1584 :
1365 1537 1490 1586 sunt
1514 1535 1692 1582 autem
1722 1523 1826 1578 duo
1846 1520 1901 1575 S.
1926 1516 2101 1573 Trini;

530 1642 689 1707 tatis,
715 1608 875 1691 Pater
904 1608 1213 1700 etSpiritus
1242 1633 1458 1681 sanctus
1483 1640 1494 1673 :
1528 1619 1777 1675 dicuntur
1802 1621 1978 1668 autem
2001 1608 2095 1676 dii,

531 1743 585 1787 et
612 1700 717 1785 non
754 1730 836 1797 (ut
861 1724 1021 1780 habet
1049 1735 1171 1774 vera
1222 1716 1382 1783 ratio)
1415 1714 1576 1776 Deus,
1605 1710 1742 1763 sicut
1772 1700 2101 1759 tradiderunt

1762 306 1767 309 ’
1850 298 2109 361 FELICIS
2148 294 2348 361 WE
2386 293 2448 365 Ill

2191 418 2411 485 νεογενῆ,
2441 409 2526 465 τὸν
2554 404 2607 469 δέ
2648 401 2901 479 ἄναρχον,
2928 399 3013 456 καί
3050 394 3313 453 ἀθάνατον.
3346 391 3460 447 Ἐπί
3494 391 3697 451 τούτοις
3724 388 3779 447 δὲ

3673 272 3775 331 908

2199 484 2305 564 τοῖς
2331 502 2601 577 βλαϐεροῖς
2630 518 2721 554 σου
2747 502 2975 573 φρονεῖν,
3004 499 3104 551 τῶν
3130 511 3183 546 τε
3206 490 3257 544 έν
3289 487 3467 557 Nimia;
3494 484 3782 559 ἁθροισθέν-

2197 616 2328 662 των,
2370 596 2453 648 καί
2483 593 2534 647 ἐν
2568 599 2631 666 τῇ
2677 582 3235 648 Κωνσταντινουπόλει,
3275 581 3357 636 καί
3396 577 3444 631 ἐν
3476 570 3784 641 Χαλκηδόνι,

2197 686 2352 761 ἁγίων
2395 685 2660 759 πατέρων,
2706 688 2805 735 τῶν
2850 681 2932 737 καί
2971 675 3237 749 όμοούσιον
3274 669 3662 747 κρατυνὰντων,
3704 668 3785 721 καί

2198 779 2317 850 μίαν
2356 780 2444 836 τήν
2484 773 2697 832 ϐιότητα
2736 775 2830 826 τοῦ
2873 768 3097 844 Πατρός,
3140 767 3222 820 καὶ
3255 768 3343 821 τοῦ
3390 760 3537 830 Υίοῦ,
3576 762 3661 812 καὶ
3695 764 3787 813 τοῦ

2199 867 2345 939 ἁγίου
2386 863 2673 936 Πνεύματος
2708 858 3051 938 κεκραγότων*
3082 856 3211 910 κατά
3251 858 3339 912 τὴν
3382 850 3574 926 ’Λρείου
3617 869 3791 925 φρενο·

2203 961 2458 1031 etatem»,
2487 962 2567 1014 καί
2587 958 2651 1012 σύ
2678 934 2960 1027 ἐτόλμησας
2986 952 3141 1004 εἰπεῖν
3169 945 3246 1001 ἐπ’
3271 944 3536 1018 ἐκκλησίᾳ,
3564 937 3643 995 ὅτι
3672 934 3793 1000 ὁεῖς

2200 1058 2291 1113 τῆς
2317 1049 2563 1106 ἁκτίστου
2591 1050 2675 1100 καί
2701 1041 2993 1118 ἀδιαιρέτου
3015 1034 3230 1117 Τριάδος
3256 1038 3314 1089 τό
3339 1034 3493 1093 πάθος
3519 1032 3757 1115 ὑπέμεινε
3777 1042 3792 1055 ⁹

2202 1145 2285 1198 καί
2315 1140 2397 1197 διά
2433 1146 2581 1196 τοῦτο
2625 1136 2930 1206 ἐδοκίμασας
2977 1128 3113 1184 λύειν
3153 1130 3237 1183 καί
3274 1125 3333 1181 τὸ
3368 1124 3668 1196 όμοούσιον,
3709 1122 3797 1175 καί

2202 1236 2393 1313 ἀριθμῷ
2415 1230 2717 1297 ὑποϐάλλειν
2742 1229 2800 1283 τὸ
2826 1229 2971 1280 θεῖον.
2997 1224 3056 1275 Εἰ
3076 1223 3177 1297 γὰρ
3200 1216 3269 1281 εἷς
3293 1226 3384 1283 τῆς
3408 1216 3559 1293 ἁγίας
3579 1212 3799 1291 Τριάδος

2202 1334 2293 1389 τῆς
2322 1326 2582 1389 ἀκτίστου,
2616 1323 2702 1376 καί
2736 1313 3023 1379 συναΐδιος,
3056 1312 3081 1367 6
3114 1309 3426 1386 σταυρωθείς
3459 1307 3580 1366 Θεὸς
3614 1304 3799 1380 Λόγος,

2202 1418 2343 1476 τοῦτ’
2360 1417 2496 1474 ἔστιν
2522 1416 2547 1472 6
2574 1417 2690 1477 Υἱός
2711 1429 2723 1444 ⁶
2760 1412 2851 1469 δύο
2879 1409 2932 1468 δὲ
2961 1418 3051 1469 τῆς
3074 1404 3309 1483 Τριάδος,
3342 1402 3368 1457 6
3394 1406 3587 1477 Πατήρ,
3622 1400 3710 1453 καί
3737 1398 3801 1453 τό

2206 1512 2345 1589 ἅγιον
2374 1517 2597 1583 Πνεῦμα’
2624 1508 2849 1581 λέγονται
2876 1502 2929 1560 δέ
2963 1506 3106 1568 Θεοί,
3139 1502 3223 1554 καί
3252 1499 3376 1569 ούχί
3402 1495 3535 1550 κατὰ
3570 1492 3655 1547 τόν
3683 1492 3797 1550 εύθῆ

2202 1603 2349 1677 λόγον
2374 1604 2514 1667 Θεὸς,
2541 1602 2704 1662 mea;
2730 1594 3149 1675 παραδεδώκασιν
3179 1593 3295 1663 ἡμῖν
3327 1587 3369 1657 οἱ
3398 1585 3680 1649 αὐτόπται,
3712 1585 3797 1638 καί

2204 1697 2458 1773 ὑπηρέται
2495 1682 2746 1769 γενόμενοι
2791 1696 2879 1747 τοῦ
2926 1687 3073 1762 λόγου
3115 1684 3305 1765 (Πράξ.
3343 1678 3393 1751 ι)
3417 1720 3431 1745 ,
3472 1678 3800 1755 εὑρεθήσεται

532 1770 585 1787 ι.
614 1770 717 1785 ..νη
755 1770 836 1797 κ...
863 1770 1020 1780 ..----
1060 1770 1167 1774 ---ί
1224 1770 1278 1772 __
1368 1770 1379 1783 ,
1564 1770 1573 1776 ,

532 1824 707 1889 nobis,
752 1819 839 1890 qui
867 1817 966 1886 ipsi
995 1815 1345 1882 inspexerunt,
1377 1815 1422 1860 et
1467 1800 1687 1857 ministri
1725 1800 1927 1871 fuerunt
1966 1791 2101 1846 verbi

2218 1796 2290 1846 tati
2317 1790 2477 1850 οὕτως
2517 1788 2751 1859 λυόμενον
2789 1786 2878 1857 μέν
2915 1782 2971 1849 τὸ
3007 1775 3275 1851 ὁμοούσιον
3316 1773 3518 1845 (θνητὸν
3566 1773 3669 1845 γὰρ
3709 1770 3798 1825 καί

2221 1882 2298 1890 --.
2604 1879 2614 1890 ,
2756 1872 2779 1890 ρ
2890 1872 2916 1890 η
3029 1873 3041 1888 ,
3092 1868 3141 1890 ν
3281 1863 3354 1890 λγ,
3395 1865 3798 1890 ηη-Μω-ῌω

530 1886 727 1989 (Actor.
765 1886 842 1983 vl),
894 1907 1152 1965 inveniris
1198 1915 1408 1973 quoque
1452 1890 1958 1953 consubstantialem
1998 1886 2106 1940 sol-

533 1978 685 2063 vere.
715 1978 922 2074 Quippe
960 1997 1188 2056 mortale
1217 2003 1273 2050 ct
1312 1988 1610 2049 immortale
1638 1978 2106 2041 consubstantialia

531 2100 640 2170 iam
664 2070 782 2153 esse
811 2070 919 2150 non
962 2096 1186 2163 possunt
1215 2106 1227 2141 :
1260 2082 1598 2142 roborabitur
1627 2086 1805 2131 autem
1831 2073 1910 2129 sic
1931 2070 2109 2142 plura-

531 2162 660 2246 iitas
687 2162 1103 2252 deorum,dum
1135 2189 1245 2235 tres
1293 2177 1366 2231 dii
1390 2169 1710 2230 Christianis
1758 2165 1973 2221 auribus
2030 2162 2112 2217 in-

533 2290 811 2355 geruntur.
843 2280 977 2334 Cum
1030 2278 1209 2343 itaque
1262 2269 1521 2334 scriptum
1569 2264 1670 2325 sit,
1726 2257 1943 2314 Verbum
1991 2269 2111 2307 caro

535 2343 728 2443 iactum
749 2378 847 2436 est,
874 2377 920 2421 et
947 2366 1087 2419 Deus
1128 2369 1235 2415 erat
1270 2357 1486 2414 Verbum
1507 2351 1687 2426 (Joan.
1719 2348 1797 2419 t);
1839 2361 1943 2401 non
1976 2343 2114 2399 alius

533 2434 681 2519 Deus
732 2434 963 2514 Verbum
1032 2462 1225 2523 praeter
1286 2450 1498 2504 Patrem
1563 2441 1860 2497 invenietur
1912 2455 1924 2489 :
1988 2434 2117 2490 Ver-

535 2553 665 2609 bum
720 2564 826 2607 non
894 2545 1228 2616 simpliciter,
1284 2538 1379 2594 sed
1442 2534 1673 2591 Verbum
1734 2526 2113 2591 substantiale;

536 2651 593 2701 et
622 2642 760 2697 Deus
789 2638 956 2695 Filius
988 2635 1300 2699 invenietur,
1326 2638 1383 2689 ut
1409 2645 1474 2685 ex
1501 2628 1701 2683 vilitate
1731 2633 1939 2686 nostra,
1967 2620 2117 2674 iden-

536 2736 744 2792 titatem
776 2728 1088 2788 substantia:
1118 2725 1291 2781 Patris
1314 2730 1369 2777 et
1400 2720 1562 2775 Verbi
1594 2726 1649 2773 et
1686 2713 1856 2772 sancti
1884 2712 2117 2781 Spiritus

535 2838 910 2898 agnoscamus.
946 2820 1063 2876 Non
1108 2818 1250 2873 enim
1281 2830 1379 2871 nos
1421 2814 1513 2869 alii
1545 2818 1739 2882 praeter
1768 2806 1990 2862 verbum
2022 2818 2119 2859 no-

535 2928 707 2975 strum
756 2914 1110 2971 inveniemur.
1157 2908 1420 2976 Quoniam
1466 2906 1627 2974 igitur
1669 2898 1974 2968 unigenitus
2023 2894 2118 2949 Dei

535 3010 729 3076 Filius,
755 3021 858 3078 qua
888 3004 1095 3060 ratione
1125 3000 1363 3055 Verbum
1392 3005 1497 3064 est,
1526 2995 1578 3051 in
1610 2992 1824 3064 propria
1869 2986 2121 3047 substan-

536 3099 611 3156 tia
641 3115 748 3154 non
781 3095 979 3168 poterit
1005 3093 1151 3163 pati,
1185 3107 1253 3146 ne
1280 3090 1345 3143 ad
1386 3084 1768 3155 omnipotentis
1808 3081 1901 3136 Dei
1948 3078 2119 3139 Patris

2211 1872 2710 1951 ἀθάνατον’ὁμοούσια
2734 1872 2854 1932 εἶναι
2884 1872 2959 1929 ἔτι
2991 1873 3048 1937 ού
3087 1863 3800 1938 δύνανται),κρατυνθήσεται

2210 1970 2265 2027 δέ
2298 1973 2457 2032 οἷτως
2484 1971 2509 2024 ὁ
2534 1978 2624 2030 τῆς
2646 1967 2914 2028 πολυθεῖἀς
2938 1964 3112 2045 λόγος,
3143 1964 3191 2027 ἐν
3219 1967 3290 2030 τῷ
3318 1942 3455 2034 τρεῖς
3480 1957 3640 2018 Θεούς
3672 1976 3801 2031 χρι-

2212 2074 2494 2139 στιανισμῷ
2515 2062 2882 2136 καταγγέλλειν.
2898 2059 3077 2123 Ὁπότε
3094 2050 3183 2117 οὖν
3198 2054 3504 2139 γέγραπται,
3520 2048 3635 2105 ὅτιὸ
3650 2049 3803 2123 Λόγος

2216 2162 2346 2239 σάρξ
2366 2138 2555 2232 γέγονε,
2569 2160 2653 2212 καί
2668 2156 2790 2218 Θεὸς
2809 2152 2906 2214 ἧνό
2927 2154 3085 2224 Λόγος
3104 2138 3270 2222 (Ὶοάν.
3366 2150 3466 2218 ούχ
3489 2148 3664 2220 ἕτερος
3685 2143 3804 2202 Θεός

2216 2253 2243 2308 ὁ
2260 2234 2421 2325 Λόγος
2441 2254 2582 2326 παρά
2607 2251 2689 2305 τὸν
2715 2249 2913 2319 Πατέρα
2934 2246 3283 2321 εὑρεθήσεται·
3308 2240 3468 2313 Λόγος
3484 2239 3590 2307 οὐχ
3606 2234 3800 2299 ἁπλῶς,

2221 2347 2346 2401 ἀλλὰ
2369 2342 2529 2417 Λόγος
2569 2343 2944 2409 ένυπόστατος”
2972 2341 3055 2393 καί
3088 2337 3113 2391 ό
3148 2338 3255 2398 υἱός
3284 2333 3497 2412 εἴρηται,
3518 2332 3606 2386 ἵνα
3639 2329 3693 2382 ἑκ
3715 2335 3803 2388 τῆς

2219 2440 2356 2507 ἡμῶν
2378 2437 2627 2496 εὐτελείας
2646 2441 2837 2509 γνῶμεν
2862 2433 2919 2487 τό
2941 2432 3131 2486 ταύτον
3156 2436 3247 2493 τῆς
3268 2428 3443 2489 ούσίας
3483 2429 3578 2478 τοῦ
3613 2423 3802 2497 Πατρός

2219 2532 2306 2583 καί
2342 2534 2434 2583 τοῦ
2464 2508 2756 2601 Λόγου,ίκαί
2801 2530 2893 2579 τοῦ
2929 2522 3216 2591 Πνεύματος
3255 2524 3346 2574 τοῦ
3380 2515 3544 2588 ἁγίου.
3579 2514 3673 2567 Καὶ
3709 2508 3801 2584 γοῗρ

2221 2624 2365 2693 ἡμεῖς
2396 2622 2498 2692 ούχ
2543 2622 2707 2695 ἕτεροι
2752 2618 2900 2693 παρὰ
2949 2616 3032 2670 τὸν
3074 2614 3313 2687 ἡμέτερον
3350 2609 3496 2681 λόγον
3535 2603 3801 2679 εὑρεθησό-

2222 2715 2361 2782 μεθα.
2394 2711 2533 2766 Ἐπεί
2569 2705 2654 2779 οὖν
2701 2710 2816 2763 καθὸ
2853 2706 3013 2776 Λόγος
3044 2703 3069 2758 6
3102 2704 3367 2774 μονογενῆς
3404 2703 3497 2754 τοῦ
3535 2703 3667 2752 Θεοῦ
3696 2695 3799 2755 Υἱὸς

2223 2806 2308 2859 οὐκ
2335 2802 2553 2863 ἠδύνατο
2585 2803 2655 2861 είς
2696 2798 2823 2855 ἰδίαν
2851 2798 3026 2854 οὐσίαν
3053 2797 3246 2861 παθεῖν,
3272 2794 3354 2847 ἶνα
3383 2795 3453 2863 μή
3484 2793 3557 2850 ε’ς
3596 2794 3683 2850 τήν
3713 2792 3797 2841 τοῦ

2223 2894 2640 2969 παντοκράτορος
2669 2896 2818 2954 Θεοῦ,
2842 2890 2923 2943 καί
2949 2886 3142 2962 Πατρός
3183 2884 3238 2949 τὸ
3276 2881 3437 2940 πάθος
3462 2878 3695 2957 λογισθῇ’
3718 2876 3803 2949 μία

2224 2991 2324 3063 γάρ
2354 2964 2526 3048 θεότης
2552 2964 2762 3061 *Πατρός
2792 2985 2874 3037 καί
2919 2980 3033 3036 Υίοῦ
3072 2979 3157 3031 καί
3195 2974 3340 3047 ἁγίου
3368 2964 3686 3041 Πνεῖὂματοςο
3709 2969 3803 3022 πά-

2220 3098 2354 3150 σχει
2392 3080 2448 3132 τὸ
2491 3077 2692 3149 γεγονός
2718 3071 2843 3128 ἴδιον
2874 3077 2963 3127 τοῦ
2995 3068 3152 3142 Λόγου
3193 3062 3431 3138 ἔμψυχον
3472 3055 3801 3133 σῶμρι,-όπερ

446 3252 449 3265 λ
537 3190 893 3247 substantiam
926 3187 1102 3256 passio
1126 3183 1391 3240 referatur
1418 3180 1535 3251 (est
1563 3177 1705 3233 enim
1736 3189 1841 3229 una
1867 3170 2040 3227 Patris
2064 3181 2115 3224 et

2220 3173 2377 3230 αὐτὸς
2408 3169 2432 3224 ὁ
2458 3175 2549 3225 τοῦ
2581 3174 2707 3223 Θεοῦ
2749 3163 3090 3223 ένυπόσται-ος
3120 3159 3279 3233 Λόγος
3309 3158 3356 3223 ἐξ
3386 3156 3541 3215 αὐτῆς
3584 3163 3675 3215 τῆς
3712 3158 3794 3222 μή·

2530 3262 2540 3265 ⁸
2766 3263 2773 3265 λ
2814 3261 2825 3265 -
3020 3257 3041 3265 -
3191 3252 3205 3265 ι
3252 3254 3262 3265 ι
3412 3249 3425 3265 Ι
3536 3255 3559 3265 -
3724 3243 3763 3265 -Ί

537 3280 664 3335 Filii
707 3288 762 3334 et
789 3278 959 3332 sancti
1004 3275 1237 3344 Spiritus
1266 3272 1493 3340 deitas);
1544 3268 1737 3338 patitur
1778 3274 1954 3320 autem
1996 3278 2121 3331 pro-

538 3371 719 3444 prium
768 3370 1060 3424 animatum
1109 3380 1327 3434 corpus,
1380 3362 1520 3432 quod
1554 3352 1726 3428 ipsum
1770 3355 2120 3412 sultstantiale

539 3461 640 3518 Dei
676 3459 909 3515 Verbum
940 3472 1005 3513 ex
1035 3458 1148 3527 ipsa
1178 3463 1377 3510 sanctae
1410 3461 1463 3506 et
1510 3451 1844 3505 intemeratae
1886 3446 2119 3515 Virginis

538 3553 696 3610 vulva
725 3552 828 3608 sibi
864 3540 1225 3621 conjun'gens,
1255 3561 1318 3603 ex
1348 3545 1572 3599 muliere
1604 3539 1884 3614 processit,
1908 3541 1974 3597 de
2014 3556 2119 3610 qua

539 3656 729 3704 sancto
777 3647 980 3717 Spiritu
1027 3644 1190 3698 afﬂati
1243 3639 1519 3711 prophetae
1562 3636 1875 3693 cecinerunt
1916 3652 1928 3688 :
1980 3634 2120 3691 Deus

537 3744 779 3797 virtutum
808 3748 1110 3801 convertere,
1138 3734 1329 3805 respice
1372 3735 1435 3787 de
1462 3731 1586 3787 coelo
1604 3771 1620 3797 ,
1646 3739 1692 3784 et
1717 3729 1846 3792 vide,
1878 3736 1924 3781 et
1970 3726 2121 3781 visita

538 3835 691 3888 uitem
716 3833 904 3898 istam;
931 3840 978 3886 et
1009 3828 1195 3900 perﬁce
1243 3842 1381 3894 eam,
1425 3841 1580 3895 quam
1611 3822 1861 3892 plantavit
1912 3819 2121 3873 dextera

539 3933 663 3990 tua;
690 3933 737 3976 et
784 3939 937 3993 super
981 3922 1148 3990 ﬁlium
1194 3917 1433 3985 hominis,
1484 3931 1630 3985 quem
1670 3911 1983 3981 confirmasti
2032 3910 2121 3963 tibi

540 4013 712 4087 (Psat.
744 4011 964 4084 Lxxu):
996 4012 1157 4065 vitem
1187 4016 1243 4065 et
1294 4009 1459 4062 lilium
1504 4004 1760 4069 hominis,
1790 4017 1948 4071 quem
1989 4013 2121 4054 con-

539 4107 777 4162 ﬁrmavit
805 4106 1037 4160 Verbum
1058 4146 1071 4167 ,
1105 4111 1163 4158 ut
1207 4102 1400 4156 inferni
1448 4100 1681 4155 claustra
1712 4104 2031 4159 contereret,
2066 4102 2123 4148 et

540 4196 833 4253 vivilicaret
875 4209 970 4247 eos
999 4197 1086 4262 qui
1129 4209 1159 4245 a
1191 4190 1389 4246 sarculo
1418 4191 1615 4243 mortui
1666 4197 1810 4251 sunt,
1835 4186 2120 4239 salutarem

541 4287 709 4344 Verbi
738 4284 1159 4339 incarnationem
1190 4296 1408 4336 vocans.
1443 4280 1649 4333 Idcirco
1673 4288 1727 4332 et
1754 4276 2011 4331 Dominus
2040 4274 2122 4328 di-

542 4378 697 4433 cehat
719 4374 994 4444 discipulis
1020 4374 1132 4428 suis
1156 4388 1171 4425 :
1199 4372 1311 4442 Ego
1339 4387 1452 4425 sum
1480 4370 1613 4435 vitis,
1639 4384 1722 4423 vos
1743 4376 1908 4419 autem
1934 4364 2121 4434 palmi-

543 4478 635 4534 tes,
666 4477 711 4522 et
738 4464 897 4520 Pater-
916 4481 1053 4519 meus
1081 4464 1309 4535 agricola
1330 4460 1591 4533 cst(loan.
1618 4459 1736 4531 xv);
1761 4468 1833 4522 et,
1870 4455 2120 4509 Tradetur

2226 3286 2353 3326 τοας
2388 3272 2477 3322 τῆς
2521 3262 2673 3334 άγίας
2694 3263 2776 3315 καὶ
2803 3257 3150 3334 ἀπειρογᾶμου
3183 3252 3375 3311 ἑνὼσας
3404 3249 3585 3318 ἐαυτῷ,
3616 3243 3770 3320 προῆλ

2224 3359 2307 3411 θεν
2350 3357 2400 3409 ἐκ
2450 3352 2709 3427 γυναικός’
2754 3353 2873 3426 περί
2920 3344 2979 3409 ἧς
3024 3344 3427 3422 προμηθούμενοι
3471 3340 3515 3393 οἱ
3566 3334 3785 3427 θεηγόροι

2225 3359 2307 3411 θεν
2350 3357 2400 3409 ἐκ
2450 3354 2709 3427 γυναικός’
2754 3354 2873 3426 περὶ
2920 3354 2979 3409 ἧς
3024 3354 3427 3422 προμηθούμενοι
3471 3354 3513 3393 ot
3566 3354 3785 3481 υεηγοςοι

2225 3447 2404 3523 ἄνδρες
2453 3445 2653 3519 ἔλεγον
2681 3454 2735 3497 ‘0
2762 3445 2881 3502 Θεὸς
2912 3448 3011 3496 τῶν
3049 3436 3346 3519 δυνάμεων,
3374 3428 3669 3507 ἐπίστρεψον
3736 3431 3792 3491 ἠ.

2225 3544 2310 3597 καί
2349 3538 2610 3609 ἐπίϐλεψον
2656 3538 2706 3602 ἐξ
2746 3537 2999 3609 ούρανοῦ,
3048 3534 3129 3586 καί
3165 3529 3265 3599 ἴδε,
3297 3531 3381 3584 καί
3421 3523 3691 3594 ἐπίσκεψαι
3715 3526 3804 3587 τὴν

2226 3635 2450 3707 ἄμπελον
2487 3634 2697 3700 ταύτην,
2735 3633 2820 3684 καί
2860 3630 3163 3702 καταρτίσαι
3191 3625 3372 3688 αὐτόν,
3402 3621 3459 3680 ἣν
3488 3620 3750 3692 ἐφύτευσεν
3777 3618 3807 3672 ἦ

2224 3731 2363 3795 δεξιά
2383 3745 2499 3784 σου·
2533 3730 2617 3787 καί
2640 3728 2726 3782 ἒπί
2748 3726 2857 3778 υἱόν
2886 3723 3172 3800 ἀνθρώπου,
3196 3715 3247 3783 ὃν
3274 3716 3621 3788 ἐκραταιῶσας
3652 3712 3811 3783 ἑαυτῷ

2224 3822 2411 3891 (Ψαλμ.
2431 3817 2632 3888 LXXIX).
2663 3814 2936 3888 Ἄμπελον,
2959 3815 3046 3868 καὶ
3074 3813 3181 3881 υἱὸν
3212 3812 3501 3887 ἀνθρώπου,
3524 3802 3576 3871 ὃν
3605 3802 3812 3873 ὁηΛόγος

2226 3916 2561 3990 ἐκραταίωσε,
2603 3908 2880 3985 συντρίῲαι
2904 3908 2968 3963 τά
2992 3912 3085 3975 τοῦ
3128 3903 3250 3978 ᾅδου
3300 3886 3524 3978 κλεῖθρα,
3569 3901 3653 3952 καί
3690 3901 3811 3961 ζωο-

2225 4017 2437 4068 ποιῆσαι
2476 4010 2595 4066 τούς
2636 4006 2735 4075 άπὸ
2777 4008 2875 4058 τῶν
2905 4002 3093 4065 αἰώνων
3136 3997 3401 4063 θανόντας,
3432 3999 3525 4052 τὴν
3566 3992 3813 4063 σωτήριον

2226 4109 2313 4157 τοῦ
2337 4103 2501 4172 Λόγου
2526 4098 2897 4173 ἐνανθρὼπησιν
2918 4092 3097 4148 καλῶν.
3123 4091 3203 4165 Διό
3226 4092 3307 4155 καί
3333 4088 3357 4145 6
3384 4089 3507 4148 Θεές
3540 4082 3679 4155 ἔλεγε
3705 4086 3814 4140 τοῖς

2226 4193 2413 4249 ἑαυτοῦ
2459 4192 2726 4261 μαθηταῖς,
2759 4204 2777 4237 t
2804 4185 2934 4258 Ἐγὼ
2962 4188 3064 4255 εἰμι
3096 4185 3125 4241 πό
3154 4178 3400 4257 ἄμπελος,
3430 4178 3578 4247 ύμεῐς
3609 4176 3674 4231 τά
3705 4172 3815 4229 rli-

2227 4299 2386 4352 ματα·
2412 4302 2429 4332 ι
2448 4252 2547 4347 καί,
2572 4298 2590 4331 t
2626 4287 2679 4332 ‘0
2707 4252 2880 4350 Πατήρ
2896 4296 2990 4346 μου
3011 4252 3046 4327 V6
3073 4271 3295 4349 γεωγρός
3312 4252 3424 4325 ἔστι
3446 4268 3632 4339 (Ἰωάδη.
3650 4264 3765 4331 XV)'
3791 4280 3808 4313 ι

2227 4378 2328 4439 καί,
2342 4390 2360 4423 ε
2381 4373 2549 4428 Μέλλει
2575 4371 2599 4425 6
2624 4372 2733 4431 Υἱὸς
2750 4375 2841 4425 τοῦ
2860 4370 3120 4439 ἀνθρώπου
3139 4360 3510 4440 παραδίδοσθαι
3530 4360 3601 4419 εἰς
3622 4366 3813 4431 χεῖρας

2229 4465 2539 4549 ἁμαρτωλῶν
2563 4480 2581 4515 ι
2616 4463 2807 4532 (na-:9.
2844 4435 3023 4525 xxvi).
3066 4467 3121 4510 Ὁ
3155 4435 3252 4530 γὰρ
3288 4458 3377 4510 τοῦ
3410 4452 3600 4529 Πατρός
3630 4435 3814 4503 iit-47:6-

538 4556 713 4612 Filius
749 4557 967 4611 hominis
994 4557 1047 4611 in
1084 4554 1319 4610 manibus
1355 4561 1674 4625 peccatorum
1697 4548 1911 4622 (Matth.
1942 4548 2113 4615 xxvr).

2223 4578 2433 4618 στατος,
2458 4544 2542 4611 καὶ
2569 4557 2692 4614 Θεὸς
2719 4554 2900 4624 Λόγος,
2932 4550 2995 4607 δι’
3009 4552 3161 4611 ἀκοῆς
3200 4544 3516 4611 εἰσπηδήσας
3544 4552 3635 4605 τῆς
3665 4543 3817 4615 ἁγίας
3884 4572 3889 4575 ·

536 4648 713 4705 Patris
732 4648 874 4704 enim
893 4649 1135 4704 intimum
1152 4645 1507 4702 substantiale
1522 4644 1753 4701 Verbum
1770 4658 1831 4698 ac
1847 4642 2007 4707 Deus,
2027 4655 2123 4710 per

536 4750 741 4797 sanctae
783 4740 1013 4811 Virginis
1042 4755 1200 4796 aures
1236 4739 1507 4809 illapsum,
1549 4736 1953 4806 conceptionem
1991 4734 2126 4789 inel-

539 4830 772 4887 fabiliter
808 4841 1087 4902 operatum
1130 4840 1231 4886 est.
1280 4832 1393 4898 Qua
1430 4830 1589 4901 igitur
1630 4838 1782 4898 parte
1820 4827 2122 4896 unigenilus

539 4921 711 4978 Filius
747 4931 829 4978 est
863 4920 1331 4979 consubstantialis
1376 4921 1541 4985 Patri,
1578 4927 1631 4974 et
1667 4934 1802 4977 unus
1837 4916 2124 4973 individua:

502 5022 505 5023 '
540 5012 841 5080 Trinitati-,
878 5014 1150 5069 increatus
1179 5021 1339 5081 atque
1364 5010 1666 5076 invisibilis,
1704 5008 2047 5078 impassibilis
2070 5017 2124 5075 et

540 5105 862 5159 immortalis
897 5105 1207 5173 permansit.
1257 5101 1411 5168 Quod
1451 5116 1579 5171 ergo
1628 5101 1921 5156 inerratum
1962 5108 2123 5168 atque

541 5200 846 5253 immortale
878 5208 981 5265 est,
1015 5208 1277 5253 creaturae
1308 5210 1377 5250 ne
1401 5195 1659 5264 applices,
1702 5208 1872 5260 neque
1899 5191 2120 5246 deorum

543 5293 900 5361 pluralitatem
930 5292 1252 5348 conﬁrmare
1281 5303 1493 5359 pergas,
1519 5287 1702 5342 dicens
1727 5302 1889 5340 unum
1916 5286 1969 5341 S.
2004 5284 2123 5339 Tri-

543 5385 723 5439 uitatis
753 5396 1021 5438 mortuutn
1050 5398 1187 5438 esse.
1234 5382 1459 5444 Rursus,
1492 5395 1593 5449 qua
1630 5388 1780 5448 parte
1804 5393 1867 5432 ex
1898 5377 2121 5431 muliere

544 5488 721 5531 natum
752 5490 851 5545 est,
893 5486 949 5532 ct
975 5479 1287 5533 substantia:
1320 5487 1519 5532 nostra:
1554 5490 1617 5530 ac
1649 5474 2011 5544 generationis
2038 5480 2123 5528 est

546 5569 827 5636 particeps.
844 5570 1046 5640 absque
1060 5579 1304 5639 peccato,
1325 5568 1577 5623 sustinuit
1594 5564 2114 5636 passionem.Porro,

543 5660 686 5729 quod
728 5675 831 5713 non
868 5661 1025 5716 tnodo
1061 5660 1556 5724 consubstantialis,
1598 5673 1785 5715 verum
1823 5657 1984 5712 etiatn
2032 5670 2124 5710 co-

542 5756 737 5821 gnatus
765 5750 1056 5806 secundum
1082 5765 1301 5810 carnem
1336 5751 1406 5809 sit
1430 5750 1584 5808 nobis
1613 5749 1782 5808 Filius
1817 5746 1935 5816 Dei,
1967 5746 2129 5804 docet

2234 4652 2495 4727 Παρθένου,
2518 4655 2777 4721 μυστικῶς
2797 4651 2886 4705 τήν
2908 4645 3168 4720 κυοφορίαν
3183 4643 3477 4718 εἰργάσατο.
3502 4637 3626 4692 Καθό
3647 4637 3817 4691 τοίνυν

2234 4743 2259 4796 6
2289 4746 2553 4815 μονογενὴς
2579 4738 2689 4801 Υἱός
2717 4738 2826 4794 ἐστι
2854 4743 2943 4791 τοῦ
2974 4736 3167 4806 Πατρός
3197 4731 3491 4804 όμοούσιος,
3520 4730 3605 4799 καί
3632 4723 3705 4787 εἷς
3732 4734 3827 4788 τῆς

2233 4830 2522 4906 ἀδιαιρέτου
2569 4827 2811 4905 τριάδος»,
2856 4824 3116 4901 ἅκτιστος,
3144 4825 3228 4878 καί
3271 4821 3499 4883 ἀθέατος,
3529 4820 3831 4891 ipsas-vius

2233 4924 2450 4987 ἀπαθὴς,
2484 4925 2566 4975 καὶ
2612 4920 2881 4978 ἀθάνατος.
2921 4919 2989 4972 T6
3033 4908 3119 4971 οὖν
3161 4911 3418 4985 ἅκτιστον,
3449 4914 3537 4967 καί
3571 4910 3827 4979 ᾄθάνατον

2234 5024 2297 5087 τῇ
2324 5016 2486 5070 κτίσει
2526 5017 2595 5085 μή
2634 5013 2899 5081 σύνταττε,
3046 5008 3130 5064 τόν
3158 5014 3249 5069 τῆς
3286 5004 3554 5073 πολυθείας
3577 5000 3729 5073 λόγον
3756 5004 3839 5072 μὴ

2234 5107 2471 5179 κράτυνε,
2500 5102 2584 5159 διὰ
2626 5108 2717 5158 τοῦ
2756 5102 2912 5172 λέγειν
2950 5100 3175 5173 τεθνάναι
3201 5098 3286 5153 τὸν
3320 5096 3409 5153 ἕνα
3452 5103 3543 5155 τῆς
3578 5090 3849 5167 ἰ’ριὸιδοε·.⁴

2232 5199 2362 5253 Καθὸ
2389 5196 2442 5251 δέ
2474 5196 2622 5254 πάλιν
2662 5196 2715 5250 έκ
2749 5194 2974 5267 γυναικὸς
3006 5194 3249 5265 έγεννήθη.
3281 5192 3368 5263 καί
3394 5186 3530 5245 ἔστιν
3558 5192 3682 5256 ἡμῖν
3714 5183 3836 5255 ὁμρ-

2231 5296 2397 5362 γενὴς,
2422 5293 2506 5343 καὶ
2552 5287 2818 5360 ὁμόφυλος,
2864 5289 2944 5340 καὶ
2985 5284 3275 5358 ὁμοούσιος,
3305 5277 3421 5351 ἄνευ

2233 5387 2392 5444 πάθος
2415 5385 2695 5452 ὑπέμεινεν.
2715 5378 2909 5436 Ὀτίδὲ
2944 5380 3001 5434 ού
3029 5376 3181 5447 μόνον
3207 5374 3477 5447 ὁμοούσιος
3500 5373 3623 5442 ἡμῖν
3653 5367 3681 5423 6
3713 5368 3834 5443 Υἱὸς

2233 5477 2292 5532 τὸ
2336 5477 2469 5531 κατὰ
2511 5475 2709 5548 σάρκα,
2738 5472 2862 5527 ἀλλὰ
2904 5473 2990 5533 καὶ
3036 5470 3301 5541 συγγενὴς,
3345 5460 3574 5533 διδάσκει
3617 5450 3843 5529 αὐτὸςᾶ

2234 5569 2433 5633 κύριος,
2462 5567 2510 5621 έν
2539 5574 2612 5639 τῷ
2658 5565 2835 5636 λέγειν,
2867 5564 2992 5631 ποτέ
3029 5563 3118 5632 μέν
3164 5560 3213 5627 έν
3244 5554 3589 5629 Εύαγγελίοις,
3619 5559 3734 5612 τοῖς
3763 5551 3839 5613 εἰς

2234 5658 2380 5712 αὐτὸν
2410 5657 2761 5712 πιστεύουσιν’
2784 5671 2803 5704 ε
2835 5652 2965 5725 Ἐγώ
2991 5653 3091 5723 εἰμι
3110 5652 3140 5709 τό
3166 5646 3410 5720 ἄμπελος,
3437 5646 3587 5717 ὑμεῖς
3609 5645 3677 5699 τά
3707 5642 3835 5699 κλήο

2234 5768 2375 5819 ματα
2402 5742 2593 5816 (Ὶωάν.
2625 5742 2768 5815 xv)'r
2788 5744 2919 5803 ποτὰ
2938 5739 2993 5802 δέ
3018 5744 3106 5800 καί
3132 5741 3180 5796 ἓν
3203 5742 3444 5810 γαλμοῖε’
3472 5751 3491 5795 ι
3527 5728 3846 5808 Chme
