4090 6330
120 402 137 421 .
228 363 332 423 909

1427 368 1779 426 EPISTOL/E
1818 370 1904 427 ET
1946 368 2285 432 DECRETA.

3395 392 3501 458 910

230 479 347 550 ipse
368 479 795 549 Dominns,nune
820 483 1033 552 quidem
1058 482 1109 537 in
1137 482 1425 554 Evangelio
1446 484 1530 539 his
1554 486 1644 555 qui
1666 486 1721 541 in
1746 500 1804 543 se

1929 490 1966 542 ,6
1997 486 2150 563 ὄνομά
2175 514 2267 547 σον
2300 505 2402 557 τοῖς
2425 495 2648 573 ἀδελφοῖς
2675 522 2773 571 μου
2801 502 2982 573 rora).
3013 506 3142 577 XXI).
3172 511 3316 566 Πόθεν
3336 511 3387 570 δι
3415 519 3503 579 καί

230 570 572 629 credideram
629 573 813 628 dicens
856 590 869 627 :
920 573 1033 645 Ego
1079 591 1194 629 sum
1244 578 1389 643 vitis,
1437 592 1520 631 vos
1580 578 1814 646 palmites

227 662 409 737 (Joan.
454 667 581 734 xv);
637 680 780 722 nunc
827 675 1006 722 autem
1061 667 1111 722 in
1163 667 1391 724 Psalmis
1432 686 1447 722 :
1486 670 1815 725 Annuntiabo

229 777 416 817 nomen
460 770 602 815 tuum
640 762 884 833 fratribus
923 764 1045 818 meis
1068 762 1244 834 (Psal.
1276 764 1410 834 rm).
1446 764 1596 821 Unde
1638 775 1814 822 autem

231 854 327 910 tibi
373 864 481 910 tam
533 854 758 925 pessima
805 858 1061 927 superbia
1097 858 1388 928 subrepere
1424 861 1619 929 potuit,
1670 870 1728 916 ut
1765 870 1817 916 te

229 948 362 1017 ipsis
389 963 603 1019 quoque
641 950 841 1004 sanctis
869 952 1074 1021 angelis
1108 952 1576 1023 intelligentiorem
1605 955 1817 1024 sapien-

180 1064 187 1069 -
230 1040 532 1112 tioremque
557 1044 803 1111 putares?
827 1043 999 1113 Super
1025 1045 1104 1099 his
1121 1046 1436 1115 ingemisco,
1458 1049 1507 1100 in
1529 1047 1605 1101 his
1629 1048 1817 1117 plango

227 1131 460 1187 inimicos
490 1134 655 1187 crucis
685 1134 892 1199 Christi,
923 1150 1138 1202 quorum
1172 1136 1293 1204 ﬁnis
1321 1137 1564 1206 perditio,
1605 1147 1651 1191 et
1694 1154 1819 1207 quo-

227 1244 344 1283 rum
379 1226 519 1282 Deus
559 1239 732 1282 venter
756 1238 848 1293 est,
895 1239 941 1281 et
980 1228 1148 1301 gloria
1181 1232 1232 1283 in
1274 1232 1568 1298 confusione
1596 1232 1818 1303 ipsorum

227 1317 455 1391 (Philip.
481 1320 583 1389 tu).
606 1318 720 1376 Non
742 1320 985 1390 cogitasti
1009 1321 1149 1390 quod
1173 1322 1534 1378 scandalizare
1552 1325 1632 1378 vel
1653 1338 1818 1379 unum

226 1409 406 1467 solum
432 1426 497 1467 es
520 1410 604 1467 his
631 1411 723 1482 qui
741 1410 967 1466 credunt
992 1411 1046 1467 in
1069 1411 1351 1467 Dominum
1372 1424 1613 1469 nostrum
1635 1414 1818 1469 Jesum

226 1499 528 1569 Christum,
552 1518 711 1576 quam
731 1502 880 1572 gravi
909 1504 1168 1559 cruciatui
1196 1503 1320 1561 facit
1350 1504 1682 1561 obnoxium?
1710 1507 1814 1563 Sed

229 1595 469 1659 incaute,
503 1604 559 1650 ut
587 1609 811 1667 serpens
842 1596 987 1664 Evre,
1031 1608 1083 1652 tu
1112 1598 1226 1668 ipse
1255 1614 1468 1670 quoque
1494 1600 1695 1655 erroris
1726 1614 1819 1655 ve-

230 1701 377 1743 nena
427 1687 760 1743 multitudini
808 1689 1043 1745 ﬁdelium
1087 1699 1250 1760 atque
1300 1694 1516 1747 auribus
1563 1692 1819 1759 infudisti,

150 1812 157 1819 -
228 1781 587 1853 traditumque
614 1782 682 1837 ab
708 1783 916 1853 angelis
939 1784 1333 1839 sanctissimam
1363 1785 1683 1840 laudationis
1714 1786 1822 1841 for-

1920 584 1949 641 ἠ
1992 585 2214 643 τοσαύτη
2258 588 2472 648 κακίστη
2519 589 2686 648 ἔννοια
2731 593 3058 669 ὑπεισῆλθεν,
3107 598 3237 658 ὥστε
3283 606 3501 665 σεαυτόν

1921 680 2006 730 καί
2056 682 2154 731 τῶν
2195 676 2347 748 ἁγίων
2403 680 2620 753 ἁγίέλὼν
2659 686 3053 765 εὐσυνετῶτερον
3093 699 3176 749 καὶ
3218 700 3502 776 σοφώτερον

1918 766 2247 842 λογίσασθαι;
2281 769 2360 824 Ἐν
2385 774 2583 835 τούτοις
2609 776 2780 844 alarios,
2806 781 2854 833 ἓν
2878 781 3076 845 τούτοις
3106 784 3351 865 ὀδύρομαι
3381 766 3501 858 τοὺς

1918 862 2142 938 ἐχθροὺς
2171 870 2263 919 τοῦ
2287 873 2512 941 σταυροῦ
2540 875 2627 923 τοῦ
2658 880 2900 945 Χριστοῦ,
2927 872 2993 931 ὧν
3012 862 3227 942 τὸτέλος
3257 883 3498 958 ἀπώλεια,

1922 951 1986 1007 ὦν
2020 954 2190 1017 όΘεὸς
2229 960 2257 1015 ἡ
2289 958 2446 1013 κοιλία
2469 1003 2481 1023 ,
2516 964 2601 1015 καί
2639 964 2669 1020 ἡ
2705 958 2825 1028 δόξα
2864 968 2911 1020 ἐν
2960 976 3022 1042 τῇ
3064 973 3289 1045 αἰσχύνη
3339 981 3503 1037 αὐτῶν

1921 1039 2104 1110 (Φιλιπ.
2141 1040 2240 1109 III).
2266 1046 2365 1097 Οὐκ
2389 1046 2665 1111 ἕνενόησαῖ,
2693 1045 2770 1104 ὅτι
2800 1052 2856 1105 τὸ
2884 1054 3215 1115 σκανδαλίσαι
3241 1037 3326 1117 καί
3354 1067 3503 1134 μόνον

1921 1133 2007 1187 ἕνα
2037 1131 2135 1188 τῶν
2160 1141 2508 1193 πιστεύοντων
2548 1143 2617 1201 εἰς
2646 1140 2728 1196 τόν
2776 1144 2950 1218 κύριον
2985 1148 3121 1218 ἡμῶν
3158 1151 3355 1210 Ἰησοῦν
3386 1164 3505 1230 Χρι-

1922 1226 2065 1286 στὸν,
2098 1227 2341 1300 ἀφόρητον
2386 1230 2501 1301 ἔχει
2537 1239 2625 1291 την
2666 1234 3028 1306 ἀλγανάκτησιν
3058 1242 3161 1296 ἀλλ’
3174 1244 3336 1307 οὕτως
3365 1251 3502 1306 ἀπα-

1922 1318 2273 1390 ραφνλὰκτως,
2310 1324 2534 1398 καθάπερ
2566 1325 2591 1380 ὁ
2620 1322 2727 1397 ὄφις
2752 1336 2812 1402 τῇ
2840 1329 2944 1404 Ε”Ῑᾳ
2963 1373 2974 1394 ,
3004 1336 3088 1386 καί
3117 1336 3263 1398 αὐτὸς
3292 1341 3372 1394 τὸν
3400 1344 3507 1398 υἱὸν

1921 1418 2015 1470 τῆς
2040 1414 2241 1474 ἀπάτης
2264 1422 2336 1487 τῷ
2358 1417 2527 1475 πλήθει
2557 1427 2653 1473 τῶν
2678 1430 2871 1477 πιστῶν
2903 1432 3017 1485 ταῖς
3052 1428 3231 1489 ἀκοαῖς
3262 1430 3505 1503 ἐπέχεας,

1923 1507 2006 1557 καί
2048 1506 2134 1559 τὸν
2177 1506 2523 1582 παραδοθέντα
2569 1514 2683 1582 ἡμῖν
2726 1514 2814 1569 ὐπ’
2831 1514 3051 1589 ἀγγέλων
3088 1524 3350 1596 τρίσάγιον
3375 1516 3511 1580 αἶνον

1924 1596 2209 1665 ἆνόθευσας,
2260 1601 2509 1670 ἐνθέμενος
2549 1603 2595 1655 ἐν
2637 1603 2807 1677 αὐτῷ,
2841 1618 2895 1661 '0
2926 1613 3239 1687 στανρωθείς
3281 1610 3505 1686 δι’ἦμᾶς.
3560 1607 3573 1619 ’

1924 1686 2053 1764 ’Δρα
2077 1693 2163 1746 οὐκ
2186 1695 2449 1755 ἕνενόησσς
2480 1698 2818 1777 ἀσεϐέστερον
2846 1705 3037 1758 σαυτὸν
3067 1704 3350 1784 ὁριζόμενος
3377 1712 3511 1764 Παῦ-

1924 1784 2011 1838 λον
2051 1792 2142 1840 τοῦ
2187 1792 2552 1857 Σαμοσατίως,
2588 1794 2673 1848 καί
2712 1803 2952 1851 Φωτεινοῦ
2974 1839 2986 1859 ,
3018 1801 3100 1851 καὶ
3144 1800 3379 1873 ’Δρτεμᾶ,
3414 1806 3511 1857 τῶν

224 1888 375 1930 mam
403 1874 714 1945 corrupisti,
757 1875 1004 1931 inserens
1040 1875 1119 1931 illi
1150 1892 1164 1931 :
1196 1876 1297 1945 Qui
1336 1878 1610 1946 cruciﬁxus
1644 1894 1695 1931 es
1733 1894 1825 1948 pro

1931 1873 2023 1930 δύο
2047 1878 2189 1938 υἱοὺς
2214 1888 2306 1934 τοῦ
2338 1889 2464 1936 Θεοῦ
2497 1882 2828 1959 όρισαμὲνων,
2853 1889 2939 1943 ἕνα
2967 1896 3287 1965 προαιὼνιον,
3317 1894 3402 1948 καί
3424 1894 3512 1952 ἕνα

226 1966 400 2023 nobis.
426 1967 636 2037 Ergone
665 1982 771 2022 non
798 1968 1077 2025 advertiin
1103 1971 1242 2037 quud
1267 1971 1488 2026 Paulum
1516 1974 1821 2028 Samosatc-

227 2076 385 2128 num,
417 2060 809 2133 Photinumqne
836 2073 891 2118 et
919 2064 1217 2120 Artemium
1249 2066 1521 2134 impietate
1550 2076 1822 2121 transcen-

225 2155 441 2225 ὥς,αυὶ
471 2155 606 2211 duos
636 2156 730 2212 Dei
760 2157 902 2212 ﬁlios
930 2162 1244 2228 posuerunt,
1278 2176 1439 2215 unum
1466 2160 1676 2231 quidem
1699 2170 1822 2215 ante

227 2250 454 2314 saeuis,
479 2249 706 2306 alterum
735 2265 865 2306 vero
910 2252 1125 2308 naviter
1153 2261 1357 2320 natum,
1389 2268 1509 2308 cum
1546 2254 1658 2324 ipse
1686 2269 1822 2324 quo-

226 2354 341 2411 que
376 2340 622 2396 Trinitati
667 2342 945 2398 inveseris
984 2345 1362 2414 pluralitatem,
1396 2344 1531 2400 duos
1562 2345 1657 2401 Dei
1688 2346 1824 2401 ﬁlios

226 2433 441 2499 dicens,
480 2450 642 2489 unum
682 2434 897 2504 fortem,
944 2437 1170 2491 alterum
1221 2436 1578 2492 cruciﬁxum?
1625 2436 1824 2492 Λάδας

226 2527 605 2584 ﬁdelissimum
636 2526 834 2583 Christi
866 2544 1081 2599 gregem
1127 2531 1177 2584 in
1210 2528 1482 2585 Manichmi
1516 2529 1822 2599 opinionem

226 2619 571 2691 prmcipitare
594 2621 875 2676 contendis
892 2661 907 2687 ,
930 2621 1019 2692 qui
1044 2623 1057 2652 ¹
1086 2621 1341 2691 Spiritum
1368 2631 1609 2677 sanetum
1632 2620 1824 2676 asserit

228 2712 571 2769 cruciﬁxum.
601 2713 733 2769 Nam
764 2713 909 2784 quod
938 2725 1057 2784 post
1080 2714 1232 2781 illud,
1264 2724 1469 2768 sanctus
1494 2714 1823 2777 immortalis,

225 2806 379 2877 quod
405 2815 486 2861 est
515 2807 747 2876 Spiritus
771 2816 1009 2873 sanctus,
1055 2817 1181 2862 tunc
1208 2806 1394 2870 infers,
1430 2808 1532 2872 Qui
1560 2824 1652 2877 pro
1684 2808 1826 2861 nobis

228 2896 509 2964 cruciﬁxus
549 2914 621 2963 es,
666 2899 901 2953 miserere
927 2897 1071 2951 nobis
1095 2914 1114 2964 ;
1140 2896 1679 2967 quaternitatemque,
1721 2912 1826 2952 non

228 2989 576 3055 Trinitatem,
625 2990 821 3060 populo
867 2989 1143 3047 insinuare
1183 2990 1404 3046 videris.
1450 2989 1654 3061 Nempe
1680 2991 1723 3044 si
1754 3004 1824 3046 ex

228 3079 468 3137 humana
520 3082 803 3137 traditione
850 3091 1123 3138 manasset
1165 3082 1281 3137 haec
1329 3082 1469 3157 laus,
1509 3097 1615 3137 non
1648 3083 1717 3136 ita
1746 3082 1828 3137 in-

228 3180 394 3229 caute
418 3187 634 3227 crucem
665 3172 936 3228 insereres
963 3173 1127 3237 laudi,
1159 3171 1211 3227 in
1249 3187 1352 3242 qua
1385 3172 1477 3226 lilii
1520 3172 1824 3243 appellatio,

228 3267 387 3335 {ortis
416 3266 643 3330 scilicet,
661 3267 891 3335 ponitur.
914 3266 1178 3333 Quoniam
1207 3280 1337 3322 vero
1356 3266 1425 3321 ab
1444 3266 1647 3337 angelis
1674 3268 1828 3324 nobis

229 3356 355 3411 laus
377 3357 477 3431 ista
506 3356 778 3426 proﬂuxit,
810 3357 900 3428 qui
936 3368 1062 3413 ante
1104 3372 1321 3413 crucem
1369 3358 1639 3424 dicebant,
1688 3360 1827 3413 Son-

227 3457 366 3512 ctus,
389 3459 616 3514 sanctus,
645 3460 851 3504 sanctus
874 3449 1031 3523 (Isai.
1061 3450 1176 3522 vi);
1209 3449 1349 3506 sicut
1371 3451 1641 3521 respicere
1667 3450 1829 3506 Isaias

226 3540 471 3603 meruit;
529 3550 648 3607 post
690 3555 903 3596 crucem
948 3557 1076 3597 vero
1126 3557 1248 3597 cum
1298 3541 1457 3596 laude
1483 3542 1827 3597 clamabant:

225 3630 469 3685 Sanctus
530 3628 685 3693 Deus,
749 3639 953 3685 sanctus
1012 3632 1189 3700 fortis,
1242 3642 1449 3686 sanctus
1502 3634 1825 3687 immortalis.

230 3726 262 3757 ι
290 3718 536 3788 Denique
566 3735 687 3774 cum
720 3728 1033 3776 terrazmotu
1064 3721 1555 3791 Constantinopolis
1585 3734 1830 3792 quatere-

226 3822 360 3879 tur,
403 3813 735 3884 populusque
780 3815 835 3870 in
881 3829 1075 3885 campo
1114 3824 1317 3880 oraret,
1362 3815 1679 3881 infantulus,
1721 3825 1831 3869 toto

224 3905 438 3978 populo
481 3914 756 3975 spectante
794 3922 916 3962 cum
963 3906 1156 3963 Proclo
1186 3907 1418 3962 civitatis
1460 3908 1735 3977 episcopo,
1778 3908 1831 3962 in

224 4002 437 4062 malum
469 4016 560 4068 per
582 4017 742 4056 unam
764 4000 952 4058 horam
970 3989 1167 4071 raptus
1191 4011 1296 4068 est,
1323 4000 1502 4072 ibique
1525 4001 1829 4071 bujusmodi

224 4092 425 4151 didicit
471 4094 750 4162 hymnum.
799 4094 1137 4163 Rursumque
1167 4093 1526 4160 descendens,
1570 4093 1832 4148 nuntiavit

224 4198 357 4256 qua:
408 4183 461 4236 in
501 4182 704 4238 aethere
750 4184 1013 4248 audierat,
1056 4184 1241 4239 dicens
1281 4184 1349 4239 de
1389 4184 1526 4239 cmlo
1578 4184 1729 4253 quasi
1764 4183 1833 4238 de

226 4273 580 4330 multitudine
597 4275 1285 4347 psallentium,bujusmodi
1317 4276 1500 4333 laudes
1530 4276 1833 4332 insenuisse

225 4365 459 4422 auribus
489 4367 623 4433 suis,
654 4367 962 4438 dictumque
992 4369 1096 4424 sibi
1124 4378 1181 4424 ut
1196 4385 1317 4424 eam
1347 4369 1711 4425 laudationem
1738 4384 1834 4439 po-

227 4460 365 4526 pulo
410 4458 691 4514 indicaret.
718 4460 887 4525 Quam
931 4460 1021 4515 ubi
1052 4461 1230 4530 populi
1262 4461 1613 4530 incmperant,
1646 4460 1831 4515 civita-

225 4556 341 4603 tem
375 4557 735 4616 receperunt;
766 4549 981 4619 Deoque
1011 4564 1103 4618 per
1133 4550 1438 4619 hujusmodi
1468 4549 1677 4605 laudem
1708 4566 1833 4621 pro-

1921 1978 2136 2040 νεογενῆ
2180 1968 2257 2026 ὅτι
2306 1974 2389 2026 καί
2438 1977 2502 2029 σύ
2551 1975 2867 2049 πλεονασμὸν
2905 1989 2966 2055 τῇ
2993 1979 3170 2057 Τριάὸι
3212 1984 3394 2046 ἔνὲθου,
3424 1983 3512 2041 δύο

1922 2063 2067 2123 νίοῦς
2116 2070 2203 2117 τοῦ
2253 2073 2381 2120 Θεοῦ
2429 2069 2603 2134 εἰπὼν,
2632 2072 2716 2125 ἕνα
2764 2072 3003 2150 ἰσχυρόν,
3031 2078 3113 2128 καί
3144 2075 3232 2130 ἵνα
3268 2097 3508 2152 σταυρω-

1922 2152 2082 2210 θὲντα.
2112 2155 2229 2211 Ἐπί
2272 2160 2473 2219 τούτοις
2522 2159 2575 2215 δέ
2610 2166 2695 2216 καί
2741 2164 2811 2223 είς
2838 2162 3037 2219 ἔννοιαν
3063 2165 3095 2200 ⁸
3123 2163 3262 2221 οἵεσα
3291 2164 3427 2240 ἄγειν
3454 2166 3513 2223 τό

1923 2249 2236 2305 πιστότατον
2262 2258 2482 2323 Χριστοῦ
2511 2259 2767 2326 ποίμνιον,
2797 2260 2866 2317 ὡς
2894 2256 2970 2314 ὅτι
3000 2261 3131 2315 κατά
3159 2262 3243 2316 τόν
3273 2268 3364 2316 τοῦ
3396 2264 3513 2319 Μά-

1924 2360 2091 2402 νεντος
2131 2342 2291 2417 λόγον,
2319 2345 2375 2399 τὸ
2404 2345 2545 2419 ἅγιον
2575 2354 2773 2420 Πνεῦμα
2802 2350 3120 2424 ἐσταυρῶθη⁹
3154 2356 3283 2424 μετά
3318 2355 3419 2428 γὰρ
3456 2354 3514 2410 τό

1927 2437 2105 2502 εἰπεῖν,
2133 2433 2301 2508 Ἀγιος
2332 2438 2599 2507 ἀθάνατος,
2631 2437 2755 2515 ὅπερ
2784 2442 2895 2496 ἔστι
2924 2443 2982 2497 τὸ
3013 2449 3213 2513 Πνεῦμα
3252 2444 3310 2499 τό
3354 2440 3513 2517 ἅγιον,

1926 2528 2033 2584 τότε
2062 2530 2286 2600 ἐπάγεις,
2318 2542 2371 2584 ⁸0
2395 2534 2705 2608 σταυρωθείς
2744 2531 2981 2605 δι’ἡμᾶς,
3012 2535 3217 2593 ἐλέησον
3246 2536 3400 2606 ἡμᾶς*
3434 2539 3517 2592 καί

1927 2619 2148 2693 τετράδα
2168 2622 2224 2673 οῦ
2252 2621 2447 2697 Τριάδα
2476 2623 2689 2698 εὑρίσκῃ
2718 2624 2799 2678 τὸν
2840 2624 2956 2678 λαόν
2999 2622 3324 2680 ἐκδιδάσκων.
3365 2630 3451 2680 Καὶ
3478 2630 3517 2680 εί

1928 2715 2019 2784 μὲν
2063 2711 2113 2776 ἐξ
2154 2714 2465 2787 ἀνθρωπίνης
2508 2712 2842 2788 παραδόσεως
2890 2716 3130 2789 ὑπῆρχεν
3175 2715 3200 2769 ό
3240 2712 3401 2783 αἶνος,
3436 2719 3519 2771 καὶ

1930 2797 2092 2855 οὕτως
2118 2800 2248 2867 μετὰ
2275 2798 2632 2873 παραφυλακῆς
2657 2798 2716 2853 ἂν
2746 2800 2793 2851 ἐν
2822 2807 2893 2867 τῷ
2918 2803 3169 2873 τρισαγίῳ
3190 2801 3273 2856 τόν
3294 2803 3519 2876 σταυρόν

1929 2884 2132 2952 ἔθηκας,
2163 2885 2275 2942 ἔνθα
2301 2889 2332 2945 ἡ
2361 2895 2448 2941 τοῦ
2480 2890 2593 2942 υἱοῦ
2624 2892 2961 2966 προσηγορία,
2996 2891 3107 2952 ἥτις
3152 2891 3200 2944 ἐν
3242 2900 3312 2962 τῷ
3339 2914 3519 2969 τρισα-

1929 2981 2042 3049 γίῳ,
2074 2979 2309 3050 ἰσχυρὸς,
2336 2977 2551 3054 εἴρηται.
2578 2981 2755 3035 Ὁπότε
2776 2979 2830 3035 δι
2854 2980 3176 3056 ὐπ’ἁγγέλωι
3205 2981 3231 3037 ὃ
3256 2983 3520 3057 τρισὰγιος

1931 3069 2082 3133 οὗτος
2128 3068 2260 3133 αἶνος
2289 3076 2412 3145 ἡμῖν
2438 3072 2660 3139 ἐξεδόθη,
2693 3076 2740 3129 οἶ
2765 3095 2896 3135 τινες
2926 3076 3026 3152 πρὸ
3054 3078 3145 3147 μὲν
3173 3083 3263 3133 τοῦ
3292 3080 3520 3156 σταυροῦ

1932 3163 2124 3238 ἔλεγον,
2175 3163 2369 3238 Ἄγιος,
2422 3166 2596 3238 ἅγιος,
2646 3166 2789 3240 ἅγιος
2839 3165 3029 3236 (Ἧσαΐ.
3062 3167 3179 3238 γι),
3226 3170 3294 3228 ὡς
3338 3166 3521 3233 ἠξιώθη

1857 3241 1902 3306 Ο
1934 3257 2140 3318 Ἡσαΐας
2165 3258 2469 3323 θεάσασθαι,
2516 3260 2647 3327 μετά
2688 3256 2743 3312 δὲ
2780 3258 2865 3312 τὸν
2911 3258 3134 3332 σταυρὸν
3174 3258 3520 3331 ῦμνολογοῦν,

1932 3348 2102 3423 ’Ᾱγιος
2140 3348 2166 3404 ὁ
2196 3351 2343 3416 Θεὸς,
2375 3349 2517 3423 ἅγιος
2558 3350 2813 3425 ἰσχυρὸς,
2847 3348 2989 3423 ἅγιος
3031 3351 3304 3415 ἀθάνατος,
3335 3352 3466 3406 ὥστε
3496 3346 3521 3406 ὅ

1931 3441 2108 3515 κομιδῇ
2134 3448 2316 3503 νήπιος
2336 3450 2486 3509 παῖς,
2522 3444 2786 3512 σειομένης
2811 3450 2903 3503 τῆς
2924 3443 3521 3507 κωνσταντινουπόλεως,

1933 3539 2020 3589 καί
2048 3542 2139 3591 τοῦ
2169 3536 2291 3589 λαοῦ
2324 3537 2370 3588 ἐν
2394 3542 2468 3605 τῷ
2496 3536 2687 3605 κάμπῳ
2718 3535 3049 3599 ἱκετεύοντος,
3084 3537 3289 3608 ἡρπάγη
3334 3538 3403 3593 είς
3442 3532 3524 3586 τὸν

1936 3630 2111 3703 αῗθέρα
2142 3634 2208 3687 ὡς
2248 3629 2329 3681 ἐπὶ
2354 3630 2488 3701 ὥραν
2513 3631 2653 3698 μίαν,
2678 3635 2767 3682 τοῦ
2793 3625 2919 3698 ὁμοῦ
2945 3627 3166 3692 πλήθους
3195 3629 3522 3699 θεωροῦντος,

1935 3723 2015 3773 καὶ
2042 3716 2258 3790 Πρόκλου
2283 3723 2372 3771 τοῦ
2402 3726 2491 3777 τῆς
2512 3718 2706 3776 πόλεως
2736 3717 3031 3772 ἐπισκόπου*
3056 3720 3200 3790 κᾴκεῖ
3223 3716 3525 3788 μεμαθηκώς

1934 3813 2020 3867 τὸν
2049 3807 2203 3873 αἶνον,
2244 3814 2325 3865 καί
2355 3812 2500 3865 πάλιν
2548 3811 2889 3881 κατενεχθεὶς,
2930 3809 3227 3881 ἀπήγγειλεν
3260 3808 3391 3885 ἅπερ
3422 3807 3524 3865 ἔδι-

1936 3901 2109 3972 δάχθη
2137 3903 2185 3955 ἐν
2216 3909 2288 3975 τῷ
2314 3904 2487 3978 αἰθέρι,
2521 3905 2695 3966 είπών,
2722 3902 2772 3966 ἐξ
2802 3903 3037 3979 οὐρανῶν,
3072 3903 3138 3961 ὡς
3179 3903 3281 3957 ῦπό
3308 3902 3525 3964 πλήθους

1938 3995 2148 4063 πολλῶν,
2177 3996 2412 4070 φέρεσθαι
2434 3997 2504 4057 είς
2523 3998 2589 4050 τά
2610 3990 2717 4049 ὦτα
2739 3996 2899 4049 αὐτοῦ
2922 3994 3114 4050 ταύτην
3136 3998 3223 4051 τὴν
3252 3991 3521 4064 ῦμνωδίαν,

1937 4092 2023 4142 καὶ
2050 4086 2127 4143 ὅτι
2164 4090 2340 4166 ἐρρήθη
2371 4089 2507 4159 αὐτῷ
2552 4090 2760 4152 ἐξειπεῖν
2788 4096 2860 4161 τῷ
2886 4087 2994 4160 λαῷ
3029 4086 3219 4145 ταύτην
3245 4092 3335 4146 τήν
3376 4088 3527 4158 ὑμνο-

1933 4179 2169 4252 λογίαν...
2196 4176 2254 4239 ἧς
2278 4181 2599 4255 ἐναρξάμενοι
2628 4180 2670 4233 oi
2693 4179 2804 4233 λαοί
2833 4183 2921 4237 τὴν
2941 4177 3088 4233 πόλιν
3118 4177 3411 4244 κατέλαϐον,
3444 4180 3525 4234 καί

1936 4272 2018 4326 τὸν
2042 4273 2161 4326 Θεὸν
2200 4270 2283 4326 διὰ
2324 4280 2415 4331 τῆς
2462 4273 2705 4331 τοιαύτης
2745 4268 3000 4341 ὐμνῳδίας
3046 4270 3480 4341 ἐξευμενισάμενοι
3506 4313 3520 4335 ,

1936 4364 2293 4437 ίλυτρώθησαν
2323 4370 2412 4422 τῆς
2453 4363 2765 4433 ἐπικειμένης
2796 4363 2967 4438 ὀργῆς.
2992 4362 3055 4413 Σὺ
3082 4358 3136 4415 δέ
3164 4358 3377 4432 ἀφειδῶς
3403 4380 3527 4415 κατ·

1938 4458 2235 4530 ετόλμησας,
2277 4460 2345 4516 ὡς
2388 4459 2480 4516 τὰς
2522 4457 2701 4515 λοιπὰς
2743 4456 2882 4513 θείας
2924 4454 3145 4526 Γραφάς,
3178 4456 3259 4507 καί
3295 4458 3381 4510 τήν
3426 4458 3525 4507 τῶν

1948 4551 1960 4567 0

1937 4551 2157 4622 ἀγγέλων
2186 4546 2441 4619 ὑμνῳδίαν
2466 4546 2795 4617 διαστρέψαι.
2824 4549 2912 4604 Τίς
2941 4540 3026 4597 οὖν
3049 4546 3105 4597 οὐ
3133 4549 3201 4614 μή
3232 4545 3450 4617 θρηνήσῃ
3477 4545 3528 4598 ἐν

227 4639 372 4710 pitio
405 4613 569 4705 fact—0,
597 4640 664 4694 ab
687 4613 984 4695 imminenti
1011 4613 1090 4695 ira
1114 4613 1565 4721 liberati‘sunt.At
1591 4652 1644 4696 tu
1670 4613 1825 4711 quam

1937 4642 2175 4705 τούτοις;
2217 4644 2295 4699 τίς
2329 4643 2387 4693 οὐ
2434 4644 2501 4710 μή
2548 4636 2799 4709 στενάξῃ;
2834 4635 3007 4691 ὁποῖον
3035 4633 3089 4689 δι
3132 4631 3280 4706 ἄλγος
3308 4635 3439 4688 κατά
3468 4633 3527 4690 τὸ

227 4741 476 4800 temere,
508 4742 566 4787 ut
596 4732 903 4802 Scripturas
932 4732 1143 4787 divinas
1180 4733 1439 4802 reliquas,
1480 4735 1550 4788 ita
1578 4743 1631 4789 et
1667 4747 1831 4803 ange-

226 4823 418 4879 lorum
448 4822 660 4879 laudem
709 4832 1017 4894 pervertere
1047 4824 1469 4894 praesumpsisti?
1510 4825 1639 4890 Quis
1676 4824 1833 4894 igitur

224 4915 281 4969 in
320 4914 638 4985 ltnjnsmodi
670 4932 777 4971 non
810 4916 1161 4986 ingemiscat?
1189 4917 1307 4986 quis
1335 4931 1440 4972 non
1471 4917 1831 4973 lamentetur?

224 5009 353 5075 quis
404 5004 562 5062 dolor
601 5006 798 5063 similis
839 5008 1160 5073 invenietur,
1210 5008 1348 5062 sicut
1386 5008 1541 5063 dolor
1579 5008 1835 5065 Ecclesia:

226 5099 454 5154 [lumini
483 5109 537 5156 et
567 5100 862 5157 Salvatoris
893 5101 1065 5157 nostri
1083 5100 1281 5158 Christi
1300 5102 1325 5156 ‘l
1347 5102 1609 5171 Conspice
1630 5113 1680 5159 te
1704 5118 1834 5160 con-

302 5270 329 5299 ι
376 5263 508 5336 Haec
534 5262 601 5317 de
631 5274 938 5322 terraemotu
967 5278 1021 5322 et
1051 5268 1247 5336 trisagii
1280 5268 1593 5322 miraculusa
1623 5267 1835 5323 institu-

230 5334 385 5407 tione
412 5334 639 5407 historia
670 5338 889 5407 contigit
914 5354 1054 5393 anno
1081 5334 1277 5392 Christi
1317 5338 1437 5392 446.
1482 5338 1837 5393 Meminerant

228 5404 380 5477 illius
411 5402 649 5477 Har-cel].
683 5405 735 5460 in
765 5402 1044 5471 Chronic,
1078 5409 1298 5476 Niceph.
1329 5409 1422 5461 lib.
1458 5424 1565 5472 XIV,
1593 5423 1711 5477 cap.
1740 5408 1828 5463 46.

227 5475 445 5547 anes
476 5476 586 5547 fere
614 5477 851 5547 episcopi
895 5479 946 5533 in
980 5475 1221 5547 epistolis
1264 5479 1373 5531 suis
1412 5493 1543 5543 quas
1574 5494 1603 5529 c
1628 5475 1835 5546 synodo

228 5544 834 5618 constantinqpulitana
864 5550 963 5603 sub
993 5544 1301 5618 pontificatu
1333 5547 1531 5602 Felicis
1560 5547 1623 5601 Ill
1654 5544 1832 5603 habita

228 5615 299 5669 ad
326 5616 556 5671 Petrum
579 5615 856 5673 Fullonem
882 5615 1160 5681 miserunt,
1188 5620 1323 5673 hanc
1346 5634 1456 5672 rem
1486 5619 1621 5673 adeo
1642 5619 1837 5688 ingen-

228 5694 351 5743 tem
382 5701 713 5757 unamque
752 5697 967 5759 captum
996 5693 1284 5744 tisanarium
1325 5688 1537 5757 penitus
1579 5703 1839 5759 supera-n-

1939 4732 2087 4806 ἅλγος
2113 4739 2204 4790 τῆς
2227 4738 2319 4784 τοῦ
2350 4731 2526 4806 Κυρίου
2566 4732 2647 4782 καί
2674 4735 2901 4802 Σωτῆρος
2930 4727 3070 4795 ἡμῶν
3110 4732 3329 4801 Χριστοῦ
3356 4724 3530 4783 ἐκκλη-

1938 4828 2054 4885 σίας
2083 4823 2443 4898 εῦρεθήσεται;
2468 4821 2724 4893 θεωρῆσαι
2753 4819 2838 4872 τὸν
2866 4816 3129 4887 ταχθέντα
3154 4820 3256 4888 φῶς
3285 4809 3404 4868 εἶναι
3430 4820 3530 4869 τῶν

1938 4920 1989 4971 ἐν
2033 4916 2235 4977 σκότει,
2268 4917 2349 4967 καὶ
2394 4911 2672 4970 παιδευτῆν
2715 4916 2814 4966 τῶν
2847 4906 3074 4986 ἀφρόνων
3116 4907 3303 4979 (Turs.
3330 4921 3391 4973 11,
3422 4904 3528 4976 5),

1939 5009 2124 5080 μᾶλλον
2147 5004 2192 5062 δ’
2206 5006 2489 5079 ἀφροσύνης
2518 5001 2850 5070 διδάσκαλον,
2878 5004 2963 5057 καί
3008 5001 3067 5057 τὸ
3110 5004 3213 5073 φῶς
3245 5000 3317 5059 εἷς
3354 4996 3533 5058 σκότος

1941 5105 2344 5174 μεταποιοῦνται·
2377 5100 2629 5173 θεωρῆσαι
2648 5098 2765 5157 τοὺς
2789 5095 2941 5155 λαοὺς
2959 5095 3079 5154 τοὺς
3104 5091 3242 5156 ἅπαξ
3261 5089 3533 5164 pune“!-

1944 5276 2077 5332 tem,
2095 5263 2634 5338 magnilicentissinns
2651 5261 2971 5338 testimoniis
2992 5259 3401 5338 conﬁrmarunt.
3422 5256 3536 5338 Hoc

1946 5330 2212 5404 trianglon'
2233 5338 2287 5392 in
2337 5336 2442 5391 line
2482 5334 2707 5389 actionis
2732 5334 2938 5404 primm
2982 5330 3337 5404 decantatum
3362 5336 3444 5383 est
3484 5330 3537 5381 in

1946 5401 2177 5464 concilio
2220 5404 2664 5478 Chalcedonensi.
2700 5402 2888 5478 ‘Crmci
2937 5410 3104 5478 totam
3153 5401 3429 5478 historiam
3459 5412 3537 5478 ,οι

1947 5480 2166 5550 antiquo
2191 5493 2289 5533 suo
2316 5475 2639 5550 menologio,
2684 5472 2771 5550 die
2800 5488 2905 5541 quo
2934 5471 3354 5550 anniversariam
3385 5469 3538 5550 hujus

1947 5540 2687 5621 facti'memoriam‘recolunt
2706 5583 2722 5610 ,
2753 5540 3065 5598 inecclesia
3096 5542 3306 5621 publice
3334 5540 3536 5621 legunt.

1953 5618 2438 5693 Verbagmenulogii
2463 5616 2732 5693 recensita
2757 5621 2972 5693 exstant
2996 5628 3161 5693 supra
3178 5612 3230 5668 in
3242 5612 3393 5693 mgis
3414 5623 3539 5693 cun-

1948 5693 2055 5747 cilii
2084 5680 2541 5747 Chalcedonensis
2572 5689 2624 5741 in
2663 5685 2766 5740 line
2800 5695 2906 5740 act.
2950 5685 3011 5751 ι,
3044 5680 3209 5742 verbo
3242 5680 3538 5751 Trisugion.

316 5822 343 5862 ⁸
362 5816 442 5888 U‘t
471 5829 657 5889 Ariani
675 5829 815 5893 apud
845 5826 1240 5889 Theodoretum
1269 5831 1361 5887 lib.
1388 5847 1408 5887 ι
1436 5830 1574 5890 Hist.
1604 5831 1805 5890 eceles.
1831 5846 1955 5899 cap.
1981 5832 2039 5888 8.
2072 5831 2328 5886 lituum.
2382 5880 2391 5884 ι
