4090 6330
372 306 462 443 ’ἵ
560 338 657 419 in

1887 335 2152 394 FELICIS
2191 337 2393 396 ΡΔΡᾸΞ
2430 332 2499 396 Ill

3730 332 3845 398 912

560 474 827 534 stitutum,
870 472 924 521 ut
950 464 1022 519 sis
1046 451 1216 518 lumen
1241 448 1321 515 his
1340 458 1429 532 qui
1453 459 1509 514 in
1539 455 1757 513 tenebris
1784 463 1926 521 sunt,
1955 463 2002 509 et
2029 470 2147 509 eru-

2267 480 2364 527 tae,
2395 462 2476 514 καί
2494 457 2638 514 καλὸν
2664 456 3012 532 γευσαμένους
3047 462 3176 512 Θεοῦ
3201 455 3361 535 ῥῆμα,
3383 462 3512 513 Θεοῦ
3532 456 3843 529 έντάλματα,

561 562 697 623 diter
726 559 1075 633 insipientium
1097 555 1274 629 (Rom.
1306 569 1365 625 Il,
1395 551 1453 624 5)
1478 567 1494 609 :
1527 551 1635 607 imo
1664 548 1984 619 insipientia:
2011 563 2151 620 prae-

561 665 748 727 ceptor
775 667 856 721 es,
895 650 1070 707 lucem
1111 648 1163 703 in
1206 646 1457 703 tenebras
1483 642 1835 701 transferens.
1880 640 2013 697 Vide
2039 656 2068 695 a
2100 649 2153 697 te

559 747 788 823 populos
818 743 987 802 semel
1013 742 1369 810 illuminatos,
1394 739 1485 810 qui
1509 738 1647 793 bona
1676 742 2028 807 gustaverunt
2055 732 2155 789 Dei

558 842 750 909 verba,
792 838 888 896 Dei
932 836 1205 903 mandata,
1246 836 1338 892 Dei
1366 834 1702 905 prophetias,
1745 830 2157 902 praedicationes

559 935 684 1004 Dei,
740 931 1064 1004 apostolicas
1113 928 1563 999 evangelicasque
1610 925 1906 991 doctrinas,
1955 923 2051 979 abs
2104 930 2157 978 te

562 1025 801 1099 perverti
829 1024 1021 1095 magis,
1050 1039 1115 1079 ac
1145 1021 1327 1078 doceri
1359 1036 1464 1075 non
1510 1019 1683 1076 solum
1714 1017 2030 1088 cruciﬁgere
2065 1015 2156 1070 Fi-

563 1120 698 1175 lium
726 1118 821 1174 Dei
852 1126 908 1173 et
934 1114 1170 1173 ostentui
1196 1115 1414 1180 habere,
1446 1129 1631 1170 verum
1660 1121 1714 1169 et
1744 1111 2009 1168 contraria
2031 1125 2158 1166 sen-

562 1211 672 1268 tire
704 1210 998 1281 Scripturis
1033 1208 1256 1277 divinis,
1285 1217 1338 1263 et
1366 1216 1518 1277 pacta
1550 1208 1820 1275 abnegare
1860 1219 1982 1274 quae
2008 1218 2159 1259 acce-

566 1305 761 1359 dentes
809 1302 877 1357 ad
928 1308 1175 1356 sanctum
1230 1298 1494 1369 baptisma
1552 1296 1811 1357 fecerunt.
1861 1295 1994 1350 Nam
2037 1308 2159 1350 cum

568 1410 752 1452 coram
776 1393 1087 1450 coelestibus
1115 1392 1399 1448 virtutibus
1429 1390 1701 1455 omnibus,
1730 1404 1913 1446 coram
1942 1397 2163 1459 aposto-

565 1486 690 1543 licis
744 1486 1172 1557 evangelicisque
1224 1485 1542 1551 ordinibus,
1600 1484 1772 1540 sancti
1826 1482 2161 1553 baptismatis

510 1616 517 1623 -
564 1586 816 1651 tempore
850 1578 1197 1651 promiserint
1240 1578 1464 1633 credere
1511 1578 1564 1632 in
1595 1593 1759 1633 unum
1791 1578 1960 1633 Deum
1991 1577 2165 1632 omni-

568 1683 867 1745 potentem,
913 1688 1055 1729 nunc
1090 1673 1212 1729 illos
1241 1672 1294 1727 in
1339 1682 1450 1727 tres
1478 1671 1609 1727 deos
1647 1671 1871 1727 credere
1911 1670 2160 1727 docuisti.

570 1767 827 1833 Rursum,
843 1782 965 1823 cum
988 1766 1212 1838 polliciti
1240 1766 1346 1822 sint
1369 1765 1592 1821 credere
1612 1766 1666 1820 in
1687 1782 1850 1820 unum
1874 1764 2161 1820 Dominum

2258 556 2386 608 Θεοῦ
2415 552 2697 630 προφητικά
2717 551 3074 628 προῤῥήματα,
3096 555 3224 605 Θεοῦ
3249 550 3578 617 άποστολικά,
3595 552 3679 605 καί
3698 550 3851 626 εύαγ·

2256 645 2427 720 γελικά
2451 643 2758 719 διδάγματα,
2791 644 2978 716 μᾶλλον
3006 645 3106 700 ύπό
3134 650 3233 699 σοῦ
3259 643 3741 719 διαστρεφομένους,
3767 648 3856 702 καί

2257 733 2734 810 έκδιδασκομένους,
2785 740 2855 809 μὴ
2893 736 3041 807 μόνον
3080 737 3439 811 ἁνασταυροῦν
3479 739 3567 792 τόν
3604 736 3720 792 Υίόν
3762 741 3853 792 τοῦ

2259 835 2419 895 Θεοῦ,
2464 832 2552 885 καὶ
2578 826 3089 908 -παραδειγματίζιιν,
3132 829 3257 885 ἀλλὰ
3296 832 3381 885 καί
3417 831 3618 885 ἐναντία
3661 836 3858 905 φρονεῖν

2258 928 2359 976 τῶν
2387 921 2530 975 θείων
2559 929 2767 997 Γραφῶν
2790 939 2801 950 ·
2836 923 3231 998 ἀπαρνήσασθαι
3256 919 3310 977 δέ
3338 923 3422 976 καί
3457 923 3553 982 τάς
3578 924 3854 989 συνθήκας,

2262 1011 2323 1073 ἃς
2373 1015 2637 1070 συνέθεντο
2687 1015 2830 1070 αύτοί
2874 1013 3181 1092 προσιόντες
3225 1020 3299 1087 τῷ
3346 1013 3473 1088 ἁγίῳ
3508 1014 3857 1087 βαπτίσματι.

2263 1109 2550 1179 Συνθέμενοι
2574 1110 2673 1185 γάρ
2717 1108 2802 1163 έπί
2829 1107 3032 1164 πάντων
3077 1115 3177 1164 τῶν
3221 1107 3540 1184 χερουϐικῶν
3574 1106 3858 1179 δυνάμεων,

2265 1203 2351 1255 καὶ
2396 1208 2493 1255 τῶν
2536 1208 2889 1280 προφητικῶν,
2939 1205 3027 1257 καί
3078 1201 3425 1257 άποστολικῶν
3466 1203 3774 1276 ταγμάτων,
3810 1205 3881 1277 ένΫ

2263 1303 2338 1369 τῷ
2374 1303 2469 1351 τοῦ
2510 1296 2657 1368 ἁγίου
2709 1297 3085 1367 βαπτίσματος·
3124 1304 3315 1369 καιρῷ,
3349 1298 3610 1352 πιστεύειν
3656 1299 3728 1359 είς
3772 1297 3864 1354 ἕνα

2266 1387 2388 1443 Θεὸν
2415 1388 2612 1461 Πατέρα
2632 1392 3040 1465 παντοκράτορα,
3062 1394 3150 1442 νῦν
3178 1390 3249 1452 εἰς
3275 1390 3420 1451 θεούς
3439 1397 3579 1464 τρεῖς
3599 1391 3864 1446 πιστεύειν

2267 1482 2452 1541 αύτούς
2499 1479 2878 1546 έξεπαίδευσας.
2932 1481 3078 1537 Πάλιν
3121 1482 3429 1555 συνθεμένων
3471 1479 3742 1538 πιστεύειν
3789 1485 3864 1542 είς

2266 1571 2354 1626 ἕνα
2381 1572 2569 1644 Κύριον
2599 1572 2797 1631 Ἰησοῦν
2822 1573 3057 1651 Χριστόν,
3089 1573 3175 1629 τόν
3203 1573 3316 1628 Υίὸν
3345 1579 3436 1628 τοῦ
3455 1568 3606 1639 Θεοῦ,
3630 1575 3719 1629 τόν
3741 1591 3865 1648 σαρ-

2268 1663 2505 1728 κωθέντα,
2548 1667 2632 1718 καί
2676 1665 3127 1740 ένανθρωπὴσαντα
3154 1666 3209 1719 έκ
3251 1667 3542 1736 Πνεύματος
3569 1664 3745 1738 ἁγίου,
3775 1669 3865 1721 καί

2270 1757 2479 1829 Μαρίας
2507 1762 2599 1816 τῆς
2627 1756 2901 1830 παρθένου,
2933 1759 2999 1810 σύ
3027 1754 3336 1819 ἕκδιδάσκεις
3365 1759 3553 1820 αύτούς
3577 1762 3649 1829 μή
3683 1758 3862 1832 λέγειν,

570 1857 757 1917 Jesum
784 1858 1058 1915 Christum
1090 1858 1284 1914 Filium
1312 1860 1405 1914 Dei
1431 1860 1785 1925 incarnatum,
1815 1868 1868 1913 et
1889 1857 2161 1912 hominem

2269 1850 2354 1903 τόν
2406 1850 2585 1923 Κύριον
2624 1849 2819 1907 Ἰησοῦν
2860 1849 3239 1924 Χριστόν,’τόν
3287 1850 3400 1905 Ῐίόν
3444 1858 3537 1905 τοῦ
3587 1857 3750 1918 Θεοῦ,
3778 1854 3864 1906 τόν

568 1950 771 2009 factum
815 1952 882 2008 de
923 1951 1127 2022 Spiritu
1173 1959 1361 2007 sancto
1404 1958 1460 2006 et
1486 1950 1647 2005 Maria
1685 1948 1943 2019 Virgine;
1976 1958 2029 2002 tn
2071 1962 2166 2003 eos

571 2044 736 2102 doces
780 2060 849 2100 ne
895 2043 1074 2099 dicant
1116 2042 1400 2099 Dominum
1437 2041 1619 2098 Jesum
1662 2041 1931 2097 Christum
1973 2039 2165 2095 Filium

568 2134 670 2194 Dei
700 2151 912 2192 crucem
946 2150 1263 2206 perpessum
1291 2148 1433 2202 esse,
1468 2135 1561 2205 qui
1591 2133 1734 2189 Deus
1760 2142 1845 2188 est
1872 2131 2165 2188 secundum

572 2229 958 2297 sempiternam
981 2236 1036 2282 et
1063 2226 1452 2297 impassibilem
1476 2239 1541 2280 ex
1565 2232 1719 2295 parte
1738 2223 2166 2295 generationem,

573 2328 633 2375 et
658 2317 799 2375 idem
834 2319 995 2374 homo
1026 2318 1320 2374 secundum
1348 2332 1466 2372 eam
1497 2331 1602 2387 qua
1638 2316 1693 2371 in
1725 2316 2029 2371 novissimis
2057 2314 2169 2370 die-

576 2408 681 2465 bus
702 2424 767 2465 cx
795 2419 966 2464 matre
990 2408 1209 2479 prodiit,
1234 2407 1527 2463 secundum
1548 2422 1709 2477 quam
1731 2410 1891 2463 etiam
1918 2406 2171 2462 sustinuit

574 2500 888 2572 passionem
922 2519 935 2553 :
968 2501 1062 2557 sed
1094 2516 1257 2556 unum
1285 2499 1564 2555 Trinitatis
1596 2510 1868 2554 mortuum
1901 2512 2042 2567 esse,
2077 2498 2169 2568 qui

575 2600 665 2645 est
694 2591 866 2659 ipsum
886 2591 980 2646 Dei
1006 2590 1257 2646 Verbum.
1277 2590 1523 2646 Confessi
1550 2600 1677 2646 sunt
1702 2606 1889 2647 rursus
1912 2590 2166 2661 Spiritum

570 2690 841 2750 sanctum,
868 2682 1139 2742 viviticum
1166 2694 1220 2738 et
1255 2683 1639 2748 immortalem,
1671 2683 1917 2739 dicentes
1946 2682 2169 2740 credere

570 2771 631 2828 in
675 2772 938 2844 Spiritum
982 2784 1247 2844 sanctum,
1294 2774 1569 2840 dominum
1601 2782 1656 2830 et
1692 2775 2083 2839 viviﬁcantem;
2117 2784 2171 2830 et

573 2866 862 2921 mortalem
905 2881 1025 2921 esse
1063 2866 1217 2937 ponis
1246 2866 1504 2937 Spiritum
1538 2874 1806 2929 sanctum,
1834 2881 1957 2921 cum
1988 2866 2166 2920 dicis:

572 2956 807 3013 Sanctus
831 2958 1170 3027 immortalis,
1189 2960 1277 3029 qui
1302 2959 1593 3014 cruciﬁxus
1614 2974 1672 3013 es
1692 2974 1789 3029 pro
1805 2959 1976 3013 nobis.
1998 2959 2165 3029 Fuge,

573 3052 824 3121 obsecro,
856 3052 1162 3123 huiusmodi
1194 3069 1458 3109 errorem.
1483 3053 1766 3119 Corruisti,
1799 3054 1905 3107 noli
1937 3053 1987 3107 in
2017 3053 2166 3106 ruina

571 3146 886 3215 persistere.
915 3145 1179 3211 Peccasti,
1221 3146 1330 3215 jam
1370 3160 1592 3215 peccare
1619 3145 1749 3199 nuli.
1789 3145 2078 3214 Exspectat
2117 3154 2167 3199 te

2273 1944 2497 2016 σταυρόν
2526 1943 2972 2014 ύπομεμενηκέναι,
3001 1941 3055 2003 ὅς
3081 1944 3191 1998 ἔστι
3221 1945 3346 2005 Θεὸς
3386 1946 3513 1999 κατὰ
3536 1949 3629 2004 τήν
3655 1946 3710 1999 έκ
3736 1950 3863 2000 Θεοῦ

2269 2035 2352 2088 καί
2376 2036 2566 2103 Πατρός
2590 2037 2893 2112 προαιώνιον
2914 2037 3002 2089 καί
3024 2035 3193 2095 άπαθῆ
3220 2037 3467 2107 γέννησιν,
3488 2039 3571 2090 καί
3597 2033 3864 2111 ἅνθρωπος

2269 2125 2296 2181 ό
2338 2127 2490 2188 αὐτὸς
2532 2130 2661 2184 κατά
2703 2133 2793 2188 τήν
2840 2129 3175 2201 έπ’έσχὰτων
3201 2131 3456 2202 γέννησιν,
3490 2129 3675 2189 καθ’ἥν
3701 2135 3786 2185 καί
3808 2134 3862 2187 τὸ

2268 2220 2429 2281 πάθος
2458 2222 2737 2293 ὑπέμεινεν·
2768 2220 2963 2278 ἀλλ’ὅτι
2991 2222 3017 2277 ὁ
3044 2219 3115 2283 εἷς
3144 2230 3235 2282 τῆς
3263 2220 3476 2298 Τριάδος
3505 2223 3774 2288 ἀπέθανεν,
3807 2222 3861 2285 ὃς

2271 2313 2408 2368 έστιν
2446 2315 2595 2375 αὐτὸς
2630 2314 2655 2369 ό
2693 2316 2813 2376 Θεὸς
2849 2316 3027 2389 Λόγος.
3072 2317 3418 2390 Ὠμολόγησαν
3446 2318 3595 2373 πάλιν
3626 2319 3686 2375 τό
3724 2318 3860 2392 ἅγιον

2277 2413 2476 2479 Πνεῦμα
2506 2412 2783 2473 ζωοποιόν,
2815 2412 2895 2464 καί
2933 2412 3202 2474 ἀθάνατον,
3238 2411 3461 2471 εἰπόντες
3505 2413 3770 2467 πιστεύειν
3794 2414 3861 2472 είς

2270 2499 2327 2554 τό
2357 2506 2553 2572 Πνεῦμα
2593 2502 2652 2555 τό
2691 2501 2862 2571 ἅγιον,
2896 2503 2952 2557 τό
3000 2504 3178 2578 κύριον
3226 2506 3309 2557 καί
3348 2503 3630 2567 ζωοποιόν⁸
3672 2507 3759 2559 καί
3797 2505 3860 2559 σύ

2270 2593 2442 2653 θνητὸν
2490 2595 2788 2650 ύποτίθεσαι
2836 2591 2959 2651 εἶναι
3000 2597 3058 2652 τό
3109 2602 3306 2666 Πνεῦμα
3347 2597 3407 2651 τό
3450 2595 3627 2670 ἅγιον,
3660 2595 3745 2653 διά
3770 2603 3856 2652 τοῦ

2269 2688 2446 2761 λέγειν’
2461 2684 2632 2763 ’Δγιος
2654 2687 2926 2755 ἀθάνατος,
2948 2688 2974 2745 ό
2997 2691 3314 2763 σταυρωθείς
3337 2687 3400 2744 δι’
3417 2692 3578 2757 ἡμᾶς.
3592 2690 3856 2763 ’Δπόφνγῃ

2270 2782 2576 2857 παρακαλῶ,
2609 2784 2802 2843 ταύτην
2840 2787 2930 2842 τήν
2972 2784 3192 2841 πλάνην⁸
3227 2780 3456 2852 ἕπεσας,
3489 2789 3561 2855 μή
3610 2784 3856 2855 έπιμείνῃς

2270 2880 2343 2944 τῷ
2372 2875 2630 2944 πτώματι·
2663 2875 2887 2947 ἥμαρτες
2907 2913 2923 2941 ,
2965 2875 3141 2946 μηκέτι
3170 2871 3453 2950 ἁμάρτανε·
3486 2877 3717 2947 ἀναμένει
3741 2895 3796 2929 σε
3824 2878 3853 2933 ti

2244 3018 2247 3023 η
2272 2964 2392 3038 ἁγία
2430 2974 2519 3022 τοῦ
2547 2976 2675 3023 Θεοῦ
2706 2968 2963 3033 ἐκκλησία,
2991 2970 3394 3045 περιπτύξασθαί
3432 2991 3491 3024 σε
3520 2976 3855 3041 μετανοοῦντα

2272 3059 2356 3113 έπί
2381 3067 2487 3119 τοῖς
2514 3065 2753 3131 ματαίοις
2782 3083 2880 3116 σου
2908 3062 3262 3137 προϐλήμασι,
3287 3065 3370 3116 καί
3399 3064 3495 3117 σύν
3698 3063 3854 3117 θεολο-

2270 3154 2457 3222 γοῦντα
2497 3154 2584 3206 τόν
2632 3153 2867 3227 Χριστόν,
2905 3156 2990 3207 καί
3036 3158 3106 3224 μή
3147 3154 3522 3229 ἁπαρνούμενον
3570 3160 3659 3214 τήν
3703 3156 3853 3210 αὐτοῦ

574 3245 762 3291 sancta
791 3236 887 3291 Dei
933 3237 1194 3305 Ecclesia,
1228 3238 1377 3308 cupit
1415 3238 1667 3306 amplecti
1715 3237 2065 3306 poenitentem
2114 3237 2162 3291 in

2274 3238 2524 3312 ἔμψυχον
2554 3243 2947 3319 ένανθρὼπησιν,
2981 3245 3183 3310 καθ’ἥν,
3211 3246 3294 3298 καί
3322 3247 3381 3299 τὸ
3404 3246 3561 3305 πάθος
3588 3246 3853 3316 ὑπομεῖναι

574 3329 731 3384 vanis
774 3331 1231 3401 propositionibus
1278 3333 1402 3398 tuis,
1446 3340 1502 3387 et
1528 3346 1711 3387 secum
1740 3332 1810 3386 de
1838 3330 2054 3387 Christo
2081 3331 2166 3387 di-

574 3418 707 3475 vina
736 3420 1139 3490 prmdicantem,
1174 3437 1347 3490 neque
1374 3432 1656 3493 negantem
1684 3422 1852 3493 ipsius
1879 3422 2167 3479 animatam

572 3511 1041 3570 incarnationem:
1083 3514 1375 3587 secundum
1414 3530 1574 3586 quam
1610 3516 1772 3571 etiam
1811 3530 2000 3587 passus
2045 3530 2169 3573 esse

573 3610 929 3672 memoratur,
972 3607 1272 3677 clamatque
1308 3607 1404 3662 tibi
1454 3623 1550 3678 per
1591 3624 1725 3665 nos:
1765 3607 1945 3665 Venite
1971 3610 2040 3665 ad
2065 3626 2165 3676 me,

573 3713 774 3767 omnes,
801 3700 890 3770 qui
921 3699 1188 3766 laboratis,
1221 3710 1267 3755 et
1303 3717 1395 3775 ego
1430 3702 1657 3771 reﬁciam
1701 3718 1787 3758 vos
1816 3702 2030 3775 (Matth.
2066 3704 2164 3774 ιι).

573 3786 704 3844 Non
732 3789 837 3845 vult
864 3789 1025 3859 Deus,
1072 3792 1237 3847 frater
1263 3793 1563 3860 carissime,
1591 3805 1801 3849 mortem
1848 3795 2124 3867 peccatoris
2146 3811 2167 3862 ;

572 3881 665 3936 sed
692 3890 748 3936 ut
778 3893 1124 3952 convertatur,
1154 3895 1201 3939 et
1228 3885 1360 3939 vivat
1383 3885 1595 3958 (Ezech.
1621 3887 1796 3959 xvm).
1814 3886 2013 3943 Memor
2037 3897 2166 3957 esto,

572 3969 752 4027 Iesum
794 3974 1053 4030 Christum
1094 3979 1441 4033 rusurreatisse
1477 3996 1509 4032 a
1537 3982 1752 4034 mortuis
1783 3978 1870 4051 (II
1900 3980 2034 4035 Tim.
2080 3982 2163 4053 ιι),

572 4066 868 4121 secundum
890 4066 1257 4138 Evangelium.
1286 4071 1556 4127 Memento
1584 4072 1724 4127 beati
1764 4072 1997 4128 Matthasi
2038 4075 2169 4129 scri-

573 4154 751 4210 bentis
789 4168 807 4208 ξ
842 4156 993 4212 Liber
1022 4163 1361 4230 generationis
1407 4164 1534 4217 Jesu
1587 4163 1784 4218 Christi
1830 4165 1929 4233 lilii
1974 4166 2162 4236 David,

575 4245 675 4313 ﬁlii
705 4246 963 4303 Abraham
988 4250 1203 4320 (Matth.
1238 4252 1300 4321 I).
1321 4254 1626 4311 Recordare
1659 4257 1787 4326 quid
1818 4257 2012 4313 Paulus
2034 4261 2167 4314 scri-

572 4334 703 4392 bat:
730 4337 1037 4411 Segregatus
1074 4345 1127 4396 in
1171 4343 1507 4415 Evangelium
1546 4347 1665 4413 Dei,
1702 4352 1838 4419 quod
1868 4354 2167 4420 promiserat

572 4424 687 4497 ipse
715 4427 855 4483 Deus
886 4430 939 4484 in
962 4431 1249 4503 Scripturis
1277 4439 1466 4492 sanctis
1491 4440 1555 4495 de
1583 4438 1724 4495 Filio
1753 4460 1865 4509 suo,
1890 4446 1976 4513 qui
1999 4450 2166 4517 [actus

572 4530 647 4575 est
675 4524 721 4576 ei
750 4539 815 4578 ea:
841 4525 1033 4580 semine
1057 4524 1227 4581 David
1255 4530 1536 4585 secundum
1563 4548 1787 4605 carnem,
1834 4537 1923 4607 qui
1959 4540 2161 4607 prcede-

2271 3333 2489 3407 λέγεται.
2507 3340 2595 3390 Καὶ
2615 3336 2712 3407 βοᾷ
2728 3357 2825 3392 ισοι
2851 3335 3087 3407 δι’ἡμῶν’
3111 3353 3130 3388 ε
3150 3345 3300 3393 Δεῦτε
3329 3341 3456 3415 πρός
3478 3341 3562 3409 μέ,
3588 3340 3773 3398 πάντες
3797 3339 3851 3393 οἷ

2271 3436 2599 3495 κοπιῶντες-,ι
2618 3433 2705 3485 καί
2729 3430 2794 3486 τά
2813 3431 2926 3495 έξῆς
2955 3430 3136 3501 (Ματθ.
3165 3428 3270 3501 ιι).
3302 3433 3373 3487 Ού
3393 3431 3617 3503 βούλεται
3637 3430 3664 3485 ό
3685 3434 3840 3496 Θεὸς,

2270 3519 2445 3597 ἀδελφέ
2491 3522 2765 3596 τιμιώτατε
2787 3565 2802 3591 ,
2842 3527 2928 3580 τόν
2965 3525 3168 3581 θάνατον
3211 3531 3303 3579 τοῦ
3338 3524 3663 3601 ἁμαρτωλοῦ,
3694 3526 3763 3585 ὡς
3790 3524 3853 3579 τό

2272 3614 2577 3693 ἐπιστρέψαι
2618 3620 2701 3671 καί
2727 3620 2815 3691 ζῇν
2843 3615 2992 3673 αὐτόν
3032 3614 3190 3686 (Ἰεζε.
3224 3615 3401 3686 XVIII).
3445 3615 3724 3687 Μνημόνευε
3746 3614 3849 3681 Ἰηξ

2272 3715 2395 3765 σοῦν
2421 3712 2635 3785 Χριστόν
2664 3711 2989 3786 ἐγηγερμένον
3018 3715 3071 3764 ἐκ
3097 3717 3285 3785 νεκρῶν
3308 3710 3373 3780 (ll
3401 3711 3581 3781 Τιμοθ.
3612 3710 3694 3779 II),
3724 3706 3854 3766 κατά

2269 3792 2328 3860 τό
2357 3803 2670 3876 Εὐαγγέλιον.
2708 3802 2990 3876 Μνημόνευε
3018 3810 3109 3859 τοῦ
3141 3806 3399 3879 μακαρίου
3445 3805 3700 3859 Ματθαίου
3726 3804 3853 3876 γρά-

2269 3912 2465 3971 φοντος·
2520 3896 2689 3956 Βίϐλος
2728 3898 2971 3968 γενέσεως
3007 3896 3177 3953 Ἰησοῦ
3219 3901 3477 3973 Χριστοῦ,
3519 3897 3631 3951 υἱοῦ
3678 3894 3849 3960 Δαϐίδ,

2269 3991 2376 4044 υἷοῦ
2399 3988 2634 4065 ’Λϐραάμ
2673 3989 2855 4061 (Ματθ.
2890 3987 2947 4060 Ι).
2981 3989 3271 4059 Μνημόνευε
3302 3978 3504 4043 Παύλου
3543 3989 3854 4045 ἐπιστέλλον-

2268 4100 2376 4144 τος⁶
2420 4084 2786 4155 ’Δφωρισμένος
2827 4085 2896 4144 εἰς
2937 4071 3437 4155 Ἐὐαγγέλῖον-Θεοῦ,
3468 4080 3495 4136 ὃ
3523 4086 3855 4157 τιμροεπηγγεί⁴

2268 4177 2389 4233 λατο
2432 4178 2583 4236 αὐτὸς
2628 4176 2654 4231 ὁ
2703 4179 2828 4236 Θεὸς
2868 4176 2916 4229 έν
2948 4182 3172 4252 Γραφαῖς
3200 4174 3391 4248 ἁγίαις,
3429 4174 3588 4246 λέγων
3614 4178 3734 4249 περὶ
3767 4179 3853 4229 τοῦ

2268 4269 2384 4322 Υίοῦ
2435 4270 2619 4331 αὐτοῦ,
2665 4274 2757 4321 τοῦ
2803 4268 3165 4339 γενομένου,έκ
3213 4268 3513 4339 σπέρματος
3546 4264 3701 4320 Δαϐίδ
3732 4268 3856 4320 κατά

2271 4362 2457 4433 σάρκα,
2490 4365 2582 4413 τοῦ
2612 4357 2891 4436 ὁρισθέντος
2926 4360 3045 4413 Υίοῦ
3086 4364 3215 4413 Θεοῦ
3261 4358 3434 4427 (Ῥωμ.
3468 4358 3533 4427 I).
3581 4357 3856 4427 Μνημόνευε

2268 4455 2350 4508 καί
2385 4452 2613 4507 Ἰωάννου
2639 4452 2880 4523 βοῶντος·
2908 4451 2985 4505 Ἐν
3016 4453 3161 4527 ἀρχῇ
3192 4448 3248 4509 ἧν
3273 4449 3299 4505 ό
3329 4450 3514 4523 Λόγος,
3539 4452 3622 4504 καί
3650 4449 3677 4504 ό
3706 4462 3858 4520 Λογος

2268 4541 2326 4603 ἦν
2353 4547 2481 4618 πρὸς
2510 4549 2595 4600 τὸν
2625 4547 2749 4600 Θεὸν
2794 4545 2887 4615 (ὡς
2922 4548 3006 4598 καί
3048 4543 3218 4613 ἔστι),
3250 4548 3339 4599 καί
3381 4545 3506 4606 Θεές
3541 4541 3600 4603 ἦν
3636 4543 3664 4598 ό
3702 4545 3859 4616 Λόγος

570 4614 786 4669 stinatus
807 4625 882 4671 est
906 4614 1077 4673 Filius
1099 4617 1199 4673 Dei
1226 4620 1403 4691 (Rom.
1435 4623 1499 4697 I).
1528 4624 1797 4683 Memento
1817 4628 1978 4684 etiam
2000 4629 2162 4686 Joan-

2269 4612 2457 4717 (Ἰωάν.
2487 4637 2560 4706 ι)-
2602 4642 2688 4694 καί
2730 4612 2813 4694 δτέ
2850 4640 2979 4716 σάρξ
3006 4641 3201 4711 γέγονεν
3230 4640 3648 4714 ένανθρωπήσας’
3678 4612 3861 4692 auiis:

568 4709 657 4765 nis
685 4710 1010 4769 clamantis:
1043 4711 1111 4768 In
1140 4716 1393 4787 principio
1422 4728 1531 4774 erat
1563 4719 1808 4787 Verbum,
1850 4732 1899 4777 et
1948 4723 2162 4780 Verbum

567 4812 677 4856 erat
701 4803 845 4872 apud
871 4802 1061 4875 Deum,
1093 4807 1232 4863 sicut
1257 4810 1402 4865 enim
1429 4820 1536 4878 est,
1564 4824 1612 4868 et
1644 4814 1784 4872 Deus
1804 4826 1913 4871 erat
1943 4816 2161 4874 Verbum

569 4889 749 4963 (Joan.
778 4893 856 4964 1);
888 4896 1137 4967 quodque
1157 4916 1276 4954 caro
1299 4902 1494 4971 factum
1516 4914 1612 4971 est,
1628 4904 1846 4962 homine
1860 4918 2158 4981 assumpto,

566 4995 620 5039 et
633 4986 778 5056 quod
792 4985 961 5042 Deum
980 5005 1129 5045 nemo
1144 4992 1270 5047 vidit
1289 5010 1517 5066 unquam
1534 4996 1719 5067 (Joan.
1742 5015 1778 5068 ι,
1798 4999 1889 5071 l8)
1903 5001 2052 5058 .llazc
2065 5003 2159 5060 tibi

566 5077 757 5148 scripsi
776 5094 881 5136 una
897 5096 1021 5140 cum
1033 5095 1300 5155 prasente
1319 5089 1546 5159 synodo,
1562 5092 1890 5150 conveniens
1904 5102 1955 5149 te
1975 5110 2156 5152 coram

2266 4732 2387 4788 Θεόν
2423 4729 2588 4793 οὐδεὶς
2631 4733 2825 4807 έὼρακε
2871 4734 3079 4787 πώποτε
3106 4732 3290 4801 (Ἰωάν.
3322 4747 3369 4797 I,
3411 4730 3524 4798 18).
3565 4732 3739 4786 Ταῦτά
3781 4752 3861 4785 σοι

2264 4827 2559 4902 γεγράφηκα
2601 4824 2708 4896 ἅμα
2752 4832 2814 4900 τῇ
2839 4827 3065 4898 συνούσῃ
3096 4822 3210 4896 ἔμοι
3248 4824 3370 4900 ἁγίᾳ
3407 4822 3624 4895 συνόδῳ,
3666 4844 3863 4899 παρεγ-

2264 4916 2525 4989 Ῥὼμενὸς
2551 4936 2609 4971 σε
2638 4918 2843 4970 ἐνώπιον
2882 4924 2973 4972 τοῦ
3006 4921 3155 4977 Θεοῦ,
3182 4919 3265 4970 καί
3292 4923 3392 4971 τῶν
3426 4915 3581 4989 ἁγίων
3612 4917 3864 4988 ἀγγέλων,

2261 5010 2343 5064 ἶνα
2386 5018 2552 5066 ταῦτα
2591 5007 2856 5084 διδάσκῃς,
2889 5012 2973 5064 καί
3010 5015 3178 5064 ταῦτα
3223 5015 3403 5084 φρονῇς
3451 5009 3560 5080 μεθ’
3578 5010 3753 5079 ήμῶν,
3781 5010 3866 5063 ἵνα

2267 5099 2535 5165 άνόθευτος
2558 5104 2589 5161 ἡ
2610 5105 2789 5163 πίστις
2816 5103 2956 5173 ἡμῶν
2981 5099 3209 5175 διαμείνῃ
3231 5103 3302 5161 εἰς
3328 5099 3473 5166 δόξαν
3493 5108 3642 5156 Θεοῦ.

568 5168 681 5228 Deo
704 5179 763 5231 et
788 5176 995 5237 sanctis
1020 5177 1249 5251 angelis,
1276 5187 1337 5238 ut
1359 5194 1427 5239 ea
1451 5181 1669 5252 doceas,
1694 5198 1758 5242 ea
1785 5187 2065 5247 nobiscum
2103 5193 2341 5263 sentias;
2382 5204 2441 5252 ut
2470 5195 2670 5252 illibata
2693 5194 2826 5254 ﬁdes
2848 5168 3037 5253 nostra
3067 5168 3381 5267 permaneat
3406 5195 3460 5253 in
3486 5194 3712 5269 gloriam
3743 5194 3860 5252 Dei.

1255 5430 1260 5436 _
1419 5364 1429 5381 υ
1563 5372 1570 5383 .
1988 5342 2318 5401 EPISTOLA
2358 5346 2446 5402 IV.

570 5463 593 5516 ε
732 5492 735 5495 η
892 5496 927 5516 ι,
1130 5510 1131 5513 η
1226 5504 1247 5511 η
1552 5440 1555 5443 ’
2028 5451 2095 5490 AD
2135 5453 2372 5493 Εωιοειι.

891 5510 896 5529 ⁸
1130 5510 1131 5513 “
1228 5530 1231 5531 ⁷
1619 5529 1758 5577 etrus
1790 5519 1946 5579 Fullo
1968 5525 2243 5596 deponitur
2272 5539 2319 5585 et
2348 5530 2834 5588 anathematisatttr.
2932 5590 2935 5593 Α

470 5684 473 5689 »
532 5651 541 5687 ο
634 5632 898 5715 Quoniam
921 5636 1348 5725 importabilibus
1374 5653 1552 5710 verbis
1578 5654 1741 5726 impie
1759 5657 2063 5727 garrulasti,
2094 5670 2149 5717 et

563 5744 671 5794 non
697 5738 947 5810 iudicasti
979 5747 1169 5803 cedere
1206 5745 1473 5816 praedictis
1511 5750 1713 5805 sanctis
1756 5748 2023 5821 Patribus,
2058 5754 2148 5825 qui

560 5842 825 5895 ornatum
846 5834 1029 5901 sedem
1063 5837 1235 5901 beata:
1264 5840 1536 5903 memoriae
1564 5842 1788 5901 multum
1814 5844 2148 5918 triumphan-

2328 5661 2528 5724 Ἐπειδὴ
2559 5664 2857 5739 δυστυχῶς.
2882 5669 3213 5743 έξεμαγεύθης
3239 5672 3291 5727 έν
3328 5672 3544 5748 ἀσεϐείᾳ
3563 5672 3745 5740 λόγων,
3784 5676 3868 5731 καί

2257 5760 2343 5813 οὐκ
2365 5758 2559 5835 ἔκρινας
2601 5757 2726 5827 εἶξαι
2769 5771 2877 5825 τοῖς
2921 5767 3346 5843 προτεταγμένοις
3393 5766 3557 5841 ἁγίοις
3600 5765 3863 5846 ἀνδράσι.

2255 5860 2364 5916 τοῖς
2402 5860 2829 5927 κατακοσμήσασι
2876 5858 2960 5915 τόν
3000 5860 3169 5918 θρόνον
3197 5866 3287 5918 τοῦ
3316 5868 3408 5922 τῆς
3437 5861 3702 5936 μακαρίαι-
3736 5866 3869 5935 μή·
