4090 6330
332 365 438 425 915

1506 349 1869 413 81⁵15⁷1⁸0ιῶ
1900 348 1989 405 ET
2028 349 2370 409 DECRETA.

3482 356 3587 415 ωε

333 485 402 540 tis
423 479 607 552 lgnatti
636 478 904 550 martyris,
931 476 1082 548 cujus
1103 484 1158 531 tu
1179 474 1428 553 indignys
1451 471 1704 539 existens,
1730 471 1913 526 nescio

2036 493 2135 534 ιης.
2163 475 2248 526 καί
2278 474 2554 529 πολυάθλου
2573 474 2817 548 Ἰγνατίου
2849 482 2943 533 τοῦ
2964 476 3250 553 μάρτυρος,
3275 472 3336 531 οὑ
3364 480 3449 532 καὶ
3469 479 3590 534 ἀνά-

333 572 602 646 quomodo
655 571 903 628 insiluisti
954 571 1206 626 inchoare
1244 567 1532 623 novitatem
1564 567 1616 620 in
1650 564 1911 620 catholica

334 665 573 725 Ecclesia
603 662 705 719 tuis
732 662 967 734 profanis
1015 662 1219 732 legibus
1248 669 1302 715 et
1348 658 1526 728 impiis
1555 656 1914 727 dogmatibus,

334 769 391 817 et
411 755 659 828 judicasti
684 770 791 809 non
820 761 1069 824 oportere
1092 752 1271 807 dicere
1297 748 1565 805 Christum
1604 745 1913 802 cruciﬁxum

334 857 557 922 propter
581 859 719 902 nos:
748 845 843 901 sed
892 844 1192 915 passionem
1237 841 1358 897 ideo
1407 838 1720 911 impassibili
1759 838 1921 909 impie

335 937 592 996 induaisti
618 978 634 1004 ,
662 946 719 993 et
758 935 1047 991 immortali
1075 933 1215 989 Patri
1241 939 1469 988 mortem
1521 930 1795 999 imponere
1817 971 1831 995 ,
1865 938 1923 985 et

337 1046 447 1087 non
479 1028 731 1085 horruisti
758 1042 822 1084 ea
843 1042 961 1098 quae
989 1041 1093 1082 non
1128 1022 1411 1093 suscepisti
1436 1036 1503 1079 ex
1525 1020 1717 1077 divinis
1746 1020 1922 1075 Evan-

337 1122 492 1194 geliis
512 1128 567 1177 et
590 1119 867 1190 apostolis,
893 1115 1383 1188 probatissimisque
1402 1125 1457 1171 et
1483 1113 1729 1185 gloriosis
1750 1112 1923 1167 Patri—

338 1212 440 1267 bus
462 1251 478 1279 ,
510 1209 742 1281 pessime
780 1207 1159 1280 sophisticatus
1187 1206 1301 1276 ipsa
1333 1206 1639 1275 intorquere
1663 1245 1679 1270 ,
1716 1213 1771 1261 et
1802 1218 1925 1274 pro-

339 1305 513 1376 priam
539 1313 746 1374 pestem
775 1315 967 1357 sensus
996 1299 1273 1370 imponere
1299 1296 1730 1369 simplicioribus,
1763 1310 1919 1351 scan-

340 1396 520 1452 dalum
549 1393 914 1465 hujuscemodi
941 1392 1180 1458 haeresis,
1213 1406 1319 1446 non
1350 1400 1404 1444 ut
1437 1387 1711 1460 mqualiter
1734 1387 1926 1457 priori-

340 1489 443 1544 bus
463 1486 755 1543 haeresibus
768 1486 963 1556 vigeat,
986 1484 1080 1541 sed
1096 1484 1263 1555 magis
1283 1482 1644 1552 multipliciter
1664 1480 1922 1547 excellat;

341 1591 397 1637 et
419 1597 525 1638 non
552 1580 783 1636 statuisti
807 1579 1028 1636 credere
1059 1576 1292 1642 veritati,
1318 1585 1372 1631 et
1397 1574 1622 1649 [Supplc
1652 1572 1811 1646 binis]
1839 1572 1927 1627 lit-

343 1674 476 1730 teris
504 1673 701 1729 nostris
732 1672 800 1727 ad
826 1681 879 1728 te
907 1670 1119 1742 scriptis
1143 1711 1157 1735 ,
1191 1685 1333 1725 nunc
1380 1669 1572 1738 incmpi
1603 1668 1928 1724 sententiare

343 1779 532 1825 contra
559 1777 610 1824 te
637 1783 652 1823 :
686 1770 792 1824 imo
822 1768 913 1823 ille
955 1767 1041 1838 qui
1073 1775 1258 1822 vertex
1303 1774 1387 1821 est
1412 1765 1648 1821 omnium
1680 1773 1923 1835 pastora-

2017 564 2120 628 ξιος
2150 563 2235 621 ὧν.
2270 566 2355 619 οὑκ
2382 563 2493 621 οἶδα
2520 565 2656 628 ὅπως
2696 568 3053 639 ἐμπεπήδηκας
3095 569 3264 645 ἄρξαι,
3295 574 3378 625 καί
3418 569 3590 645 νόμοις

2020 677 2113 710 σου
2147 657 2406 724 βεϐήλοις,
2431 663 2514 713 καὶ
2543 660 2755 715 ἀσεϐέσι
2796 661 3009 734 δόγμασι
3040 666 3359 732 καινοτομίαν
3398 672 3459 738 τῇ
3484 687 3589 719 -κα-

2018 752 2183 825 θολικῇ
2208 752 2440 826 ἐκκλησίᾳ
2485 753 2747 828 ἐνέκρινας,
2772 762 2861 809 τοῦ
2893 761 2961 826 μὴ
2990 759 3208 830 Χριστὸν
3233 759 3592 833 σταυρωθέντα

2020 843 2082 900 δι’
2100 847 2232 915 ἡμᾶς
2260 843 2361 898 δεῖν
2392 848 2571 909 εἰπεῖν,
2602 846 2725 899 ἀ)λά
2749 849 2909 907 πάθος
2941 856 3013 918 τῷ
3036 850 3223 903 ἀπαθεῖ
3261 857 3370 920 Θεῷ
3396 848 3593 920 ἀνόμως

2021 939 2279 1003 ἐπισάξαι,
2307 940 2390 993 καί
2434 946 2506 1011 τῷ
2532 940 2764 1011 ἀθανάτῳ
2801 943 3050 1011 πνεὺματι
3096 943 3305 997 θάνατον
3331 942 3585 998 ἐπιθεῖναι

2022 1032 2114 1087 Καὶ
2157 1031 2247 1083 οὑκ
2287 1030 2597 1102 ἐφρικιάσας,
2630 1028 2661 1084 ἃ
2699 1032 2754 1084 οὑ
2804 1030 3064 1105 παρεδέξω
3113 1031 3167 1088 ἴκ
3207 1054 3261 1088 τε
3310 1042 3409 1090 τῶν
3455 1035 3598 1088 θείων

2022 1121 2355 1194 Εὑαγγελίων,
2386 1124 2469 1176 καὶ
2500 1118 2814 1188 ἀποστόλων,
2837 1126 2921 1177 καί
2966 1132 3065 1179 τῶν
3109 1124 3598 1198 ἀνδραγαθησάντων

2025 1214 2253 1284 εὐφήμων
2280 1215 2530 1289 πατέρων,
2559 1215 2804 1276 κακίστως
2839 1216 3277 1286 ἐπισοῖαισάμενος,
3298 1224 3462 1273 ταῦτα
3490 1218 3599 1272 ἐπι-

2026 1304 2338 1380 στροϐήσαι,
2364 1308 2447 1357 καὶ
2492 1305 2676 1365 οἰκείας
2715 1310 2998 1377 φρονήσεως
3034 1306 3192 1377 λύμην
3230 1309 3601 1384 ἐκπαραθίσθαι

2025 1402 2131 1455 τοῖς
2178 1394 2564 1470 ἁπλουστέροις,
2612 1398 2693 1449 καί
2734 1395 3005 1453 σκάνδαλον
3044 1401 3286 1459 τοιαύτης
3335 1402 3598 1473 αἶρέσεως,

2028 1488 2096 1545 ὡς
2125 1484 2235 1541 οὐδὲ
2266 1482 2359 1542 ἴσα
2398 1495 2512 1547 ταῖς
2539 1488 2808 1565 προτέραις
2838 1490 3092 1564 αἱρέσεσιν
3133 1492 3312 1553 ἀνθεῖν,
3335 1493 3602 1566 ὑπεράγειν

2029 1575 2081 1631 δέ
2129 1578 2311 1649 μᾶλλον
2352 1578 2650 1649 πολλαχῶς·
2683 1585 2767 1633 καὶ
2794 1581 2896 1651 οὑχ
2937 1583 3177 1655 ὥρμησας
3207 1592 3269 1653 τῇ
3302 1582 3523 1655 ἀληθείᾳ,
3556 1585 3603 1638 ἐν

2030 1677 2140 1727 τοῖς
2169 1670 2253 1722 ἐπὶ
2281 1667 2356 1729 δίς
2380 1671 2672 1745 γράμμασιν
2713 1672 2851 1740 ἡμῶν
2880 1672 3242 1737 ἐνωτίσασθαι,
3265 1680 3352 1726 νῦν
3380 1674 3605 1748 ἠρξάμην

2032 1763 2384 1833 ἀποφήνασθαι
2411 1765 2545 1817 κατά
2583 1771 2699 1825 σοῦ,
2732 1765 2916 1834 μᾶλλον
2943 1764 2996 1820 δέ
3036 1765 3060 1820 ὁ
3102 1767 3485 1840 κορυφαιότατος
3513 1778 3607 1826 τῶν

345 1862 477 1917 lium
498 1861 724 1927 sedium,
750 1860 801 1915 in
828 1860 1029 1916 sanctis
1053 1858 1299 1915 laudibus
1326 1858 1543 1925 ﬁorens,
1567 1858 1927 1928 apostolorum

2036 1862 2375 1925 ποιμαντικῶν
2414 1855 2619 1929 θρόνων,
2650 1854 2745 1910 όέν
2777 1857 2942 1929 άγίαις
2985 1860 3247 1930 εὐφημίαις
3303 1868 3532 1932 κοσμῶν,
3582 1861 3609 1915 ὅ

344 1968 472 2009 vere
496 1954 729 2022 optimus
753 1952 963 2016 Petrus,
988 1953 1139 2022 cujus
1164 1963 1220 2007 tu
1240 1952 1457 2007 nomine
1480 1951 1703 2022 aequalis
1729 1966 1807 2017 es,
1832 1951 1927 2006 sed

298 2056 305 2059 ’
345 2061 455 2105 non
484 2046 736 2116 opinione
759 2086 776 2113 ,
809 2059 983 2117 neque
1011 2045 1115 2101 ﬁde
1138 2089 1154 2115 ,
1199 2045 1451 2116 quoniam
1494 2046 1560 2100 ab
1592 2045 1744 2101 istius
1787 2053 1931 2101 recta

346 2140 645 2200 intentione
670 2182 685 2210 ,
714 2146 771 2195 et
796 2139 1133 2195 immaculata
1180 2138 1285 2195 ﬁde
1323 2139 1476 2195 valde
1512 2139 1811 2195 declinasti.
1863 2137 1934 2194 Et

348 2247 456 2291 non
488 2233 659 2288 solum
690 2240 878 2288 contra
910 2242 963 2289 te
998 2235 1263 2289 sententlo
1296 2233 1482 2306 Mlius,
1512 2231 1731 2305 sentio],
1760 2231 1854 2288 sed
1878 2242 1933 2288 et

348 2331 536 2379 contra
562 2338 655 2379 eos
684 2323 772 2393 qui
802 2337 911 2379 non
953 2323 1285 2380 erubuerunt
1327 2323 1664 2381 characteres
1704 2338 1930 2379 venera-

348 2414 535 2473 bilium
559 2416 1006 2488 evangelistarum
1030 2459 1046 2484 ,
1087 2427 1142 2474 et
1169 2418 1531 2490 apostolorum
1573 2433 1667 2474 eos
1703 2433 1933 2488 sequen-

348 2512 507 2577 tium,
537 2525 600 2567 ac
628 2510 986 2582 perfecton
1017 2510 1297 2567 doctorum
1327 2525 1606 2568 sermones
1640 2530 1653 2566 :
1686 2521 1741 2567 et
1768 2512 1931 2567 insta-

350 2600 445 2659 bili
475 2603 735 2659 sententia
767 2617 833 2657 ex
859 2612 947 2657 tua
976 2602 1155 2670 iniqua
1185 2602 1519 2673 expositione
1548 2603 1738 2657 ﬁrmati
1767 2613 1889 2658 sunt
1915 2621 1927 2657 :

352 2706 605 2767 tanquam
634 2696 941 2753 dulcissima
984 2695 1446 2767 circumsequendi
1476 2696 1531 2751 in
1559 2696 1697 2751 mala
1725 2697 1933 2765 Opinio-

353 2805 422 2847 ne
445 2830 461 2855 ,
506 2789 648 2861 quod
674 2804 801 2846 vere
824 2789 1215 2845 amarissimum
1243 2799 1365 2855 est,
1405 2797 1459 2844 et
1487 2803 1592 2843 non
1623 2797 1934 2844 averterunt

352 2881 659 2951 huiusmodi
688 2880 1037 2953 impietatem.
1087 2880 1334 2936 Dicemus
1376 2894 1504 2950 ergo
1551 2879 1687 2944 tibi,
1717 2880 1854 2935 sicut
1880 2888 1935 2935 et

353 2983 541 3031 contra
572 2974 697 3030 illos
726 2989 742 3029 :
777 2974 1031 3045 Quoniam
1059 2971 1285 3027 dilexisti
1311 2972 1633 3041 iniquitatem
1661 2973 1823 3042 magis
1852 2974 1931 3026 to-

350 3066 443 3137 nui
469 3082 625 3138 quant
644 3065 904 3136 justitiam
926 3105 942 3130 ,
972 3063 1197 3119 dilaniati
1236 3080 1389 3133 super
1430 3064 1601 3119 omnia
1638 3066 1931 3135 praecipita-

353 3158 505 3213 tionis
524 3158 753 3229 linguam
770 3157 1001 3212 dolosam
1022 3156 1199 3229 [Juxta
1223 3154 1421 3227 Graec.,
1446 3158 1617 3211 omnia
1636 3157 1785 3211 verba
1804 3173 1937 3225 pra:-

2037 1947 2249 2026 ἅριστος
2290 1958 2388 2007 τῶν
2435 1951 2728 2007 ἀποστόλων
2770 1953 2962 2014 ἀληθῶς
3005 1955 3209 2029 Πέτρος,
3245 1951 3305 2008 οὗ
3343 1957 3401 2009 τὸ
3450 1951 3609 2026 ὄνομα

2037 2046 2212 2103 ἐπίσος
2240 2038 2314 2107 εἶ,
2338 2042 2442 2098 ἀλλ’
2458 2045 2513 2097 οὑ
2541 2051 2602 2117 τῇ
2628 2047 2822 2119 γνώμη,
2846 2044 2961 2099 οὑδέ
3005 2053 3066 2118 τῇ
3114 2047 3303 2110 πίστει,
3338 2042 3416 2100 ὅτι
3447 2046 3610 2122 ὑπερ-

2037 2135 2167 2208 ἄγαν
2196 2137 2250 2190 ἐκ
2275 2138 2457 2191 τούτου
2490 2136 2776 2195 έκκεκλικώς
2803 2131 2850 2190 εἶ
2874 2141 2966 2191 τοῦ
2996 2137 3144 2209 ὀρθοῦ
3165 2142 3379 2202 σκοποῦ,
3407 2139 3492 2190 καὶ
3520 2145 3611 2199 τῆς

2036 2228 2310 2300 ἀμωμήτου
2340 2229 2581 2286 πίστεως⁹
2607 2219 2663 2281 οὑ
2689 2226 2834 2296 μόνον
2862 2225 2915 2281 δέ
2945 2227 3075 2281 κατά
3113 2233 3230 2290 σοῦ,
3257 2227 3380 2280 ἀλλά
3411 2232 3507 2298 μὴν
3532 2231 3613 2286 καί

2036 2320 2168 2374 κατά
2201 2325 2297 2373 τῶν
2330 2320 2420 2372 οὑκ
2455 2320 2857 2393 ἐρυθριασάντων
2894 2315 3012 2378 iratii-
3042 2327 3138 2375 τῶν
3180 2327 3381 2375 σεπτῶν
3409 2323 3612 2394 εὐαγγε-

2034 2410 2219 2467 λιστῶν
2244 2419 2597 2487 χαρακτῆρας,
2629 2414 2711 2464 καί
2740 2419 2838 2466 τῶν
2874 2413 3072 2471 τούτοις
3113 2412 3365 2483 ἑπομένων
3392 2414 3612 2469 ἀποστό-

2033 2504 2151 2568 λων,
2173 2505 2467 2559 καὶτελείων
2488 2503 2681 2580 ἀνδρῶν
2702 2503 3011 2561 διδασκάλων
3038 2508 3158 2567 τοὺς
3175 2507 3378 2578 λόγους,
3404 2510 3614 2579 ἀστάτῳ

2035 2599 2207 2671 γνώμῃ
2237 2596 2624 2683 ἐπερειδομένων
2652 2607 2713 2674 τῇ
2744 2599 2795 2652 ἐκ
2821 2605 2913 2653 σοῦ
2935 2602 3357 2674 παραμιμουμένῃ
3396 2599 3491 2671 [ἴσ.
3520 2623 3615 2655 πα-

2036 2687 2404 2763 ρανομουμένῃ]
2430 2691 2639 2745 ἐκθέσει⁹
2676 2692 2743 2750 ὠς
2788 2687 3018 2747 ήδὺτατα
3060 2694 3391 2766 περιέπεσθαι
3433 2694 3515 2748 ἐπὶ
3554 2695 3613 2748 τὸ

2036 2787 2127 2837 τῆς
2163 2777 2451 2842 κακοδοξίας
2494 2776 2646 2838 ὅντως
2683 2780 2986 2854 πικρότατον
3004 2822 3019 2845 ,
3049 2785 3133 2836 καί
3162 2785 3252 2837 οὐκ
3275 2785 3614 2859 ἀποστραφέν-

2037 2893 2136 2925 των
2181 2876 2270 2930 τὴν
2314 2870 2508 2927 τοιάνδε
2550 2870 2876 2927 δυσσέϐειαν.
2908 2875 3121 2945 Λέξομεν
3159 2870 3244 2929 οὖν
3288 2897 3391 2941 σοι,
3424 2878 3492 2936 ὡς
3530 2878 3616 2933 καί

2039 2963 2374 3018 κατ’ἐκείνων’
2403 2963 2603 3024 Ἐπειδή
2625 2965 2900 3036 ἠγάπησας
2928 2968 3101 3022 κακίαν
3122 2968 3252 3043 ὑπὲρ
3278 2974 3367 3022 τοῦ
3396 2968 3615 3028 λαλῆσαι

2038 3054 2380 3121 δικαιοσύνην,
2401 3062 2669 3128 ἠγάπησας
2685 3058 2851 3112 πάντα
2870 3057 2934 3113 τά
2953 3059 3155 3135 ῥήματα
3174 3066 3609 3130 καταποντισμοῦ,

2037 3148 2276 3219 γλῶσσαν
2305 3146 2493 3203 δολίαν⁹
2532 3146 2616 3204 διά
2645 3156 2796 3204 τοῦτο
2843 3148 2869 3203 ὁ
2911 3151 3254 3212 Θεὸς,καθελεῖ
3276 3172 3334 3206 σε
3380 3153 3449 3211 είς
3476 3152 3613 3213 τέλος

355 3222 685 3318 άρίεαιέοιίίε,
718 3249 948 3320 linguam
975 3222 1227 3319 dolosam]
1260 3264 1273 3301 :
1304 3222 1511 3319 propter
1539 3247 1635 3303 hoc
1672 3222 1811 3303 Deus
1846 3250 1933 3305 de-

2040 3242 2183 3312 (Ψαλ.
2210 3239 2308 3312 LI),
2339 3243 2438 3295 ἀπὸ
2469 3249 2560 3302 τῆς
2584 3244 2640 3295 οὑ
2670 3242 2819 3311 μόνον
2848 3242 3153 3313 ’Δντιοχέων
3178 3244 3464 3305 ἐκκλησίας,
3490 3244 3615 3299 ἀλλά

353 3349 518 3397 struet
544 3350 593 3399 te
616 3342 669 3396 in
695 3340 849 3409 ﬁnem
879 3339 1051 3411 (Psal.
1079 3339 1189 3411 LI);
1238 3348 1293 3395 et
1318 3354 1426 3395 non
1453 3339 1624 3396 solum
1653 3340 1723 3395 ab
1746 3339 1935 3397 Antio-

354 3432 524 3488 chena
562 3432 800 3488 Ecclesia
824 3470 842 3497 ,
885 3430 984 3487 sed
1026 3431 1094 3487 ab
1133 3430 1280 3487 omni
1321 3431 1535 3487 civitate
1581 3432 1812 3501 deponet
1842 3450 1857 3488 :
1882 3441 1939 3488 et

358 3523 514 3579 ﬁrma
538 3522 608 3576 sit
633 3521 747 3576 haec
775 3530 864 3576 tua
898 3521 1163 3591 depositio
1189 3535 1220 3576 a
1254 3536 1340 3577 me
1362 3561 1378 3587 ,
1421 3530 1476 3577 et
1506 3522 1576 3577 ab
1605 3522 1688 3578 bis
1711 3523 1802 3593 qui
1830 3538 1936 3578 una

359 3627 585 3671 mecum,
613 3613 962 3683 apostolicum
1002 3614 1251 3669 thronum
1295 3623 1525 3684 regunt,
1565 3623 1621 3671 et
1647 3615 1716 3669 ab
1744 3616 1938 3672 Acacio

360 3706 960 3774 Constantinopolitanae
988 3706 1244 3761 Ecclesiae
1281 3714 1528 3777 pastore,
1558 3715 1614 3762 et
1653 3722 1685 3761 a
1713 3721 1938 3762 venera-

361 3797 558 3853 bilibus
574 3796 839 3866 episcopis
864 3796 963 3852 sibi
986 3795 1260 3867 subjectis,
1287 3794 1537 3866 quoniam
1563 3796 1797 3865 ipsorum
1820 3812 1938 3853 mo-

359 3887 597 3943 nimenta
625 3902 733 3943 non
756 3887 1079 3952 sustinuisti,
1122 3887 1453 3958 Quandoque
1489 3886 1633 3943 enim
1661 3888 1792 3944 dicis
1821 3888 1940 3944 Tri-

359 3977 578 4033 nitatem
604 3984 819 4045 propter
838 3991 934 4033 nos
955 3975 1283 4041 cruciﬁxum,
1309 3991 1417 4031 non
1436 3974 1735 4042 Christum;
1766 3992 1938 4048 quan-

358 4068 538 4139 doque
576 4077 755 4124 autem
800 4067 1153 4124 immortalem
1183 4067 1435 4137 Spiritum
1457 4111 1473 4137 ,
1501 4066 1936 4135 manichaizans;

358 4159 676 4231 quandoque
702 4159 908 4215 abistis
927 4157 1227 4228 diliugiens,
1252 4160 1387 4216 meis
1404 4161 1732 4231 argumentis
1754 4175 1940 4230 repre-

358 4252 558 4308 hensus
579 4260 634 4308 et
652 4252 1009 4312 sermonibus.
1038 4250 1218 4307 dixisti
1244 4252 1542 4320 Christum,
1576 4262 1695 4322 post
1719 4253 1939 4313 immor.

360 4341 520 4398 talem
547 4340 804 4411 Spiritum
820 4383 836 4409 ,
867 4343 1168 4412 passionem
1194 4341 1514 4398 sustinuisse
1537 4382 1552 4406 ,
1582 4340 1721 4399 sicut
1743 4342 1936 4399 Samo-

357 4440 574 4488 satenus
595 4440 652 4489 et
675 4432 972 4497 Nestorius,
993 4447 1155 4488 unum
1184 4431 1376 4488 Filium
1402 4433 1698 4491 dividentes
1726 4436 1779 4491 in
1807 4437 1940 4491 dua-

357 4523 565 4579 litatem
590 4522 841 4579 ﬁliorum.
862 4522 1193 4592 Quandoque
1212 4531 1389 4580 autem
1410 4534 1465 4579 et
1492 4526 1574 4579 bis
1593 4526 1799 4581 cessisti
1828 4542 1935 4583 non

2036 3328 2118 3390 καί
2146 3334 2246 3389 ἀπὸ
2273 3334 2445 3394 πάσης
2473 3333 2670 3395 πόλεως
2687 3348 2702 3362 ⁸
2733 3337 2872 3408 καίγε
2903 3336 3260 3409 πεπαγιωμένη
3287 3334 3421 3391 ἴστω
3447 3338 3478 3394 ἦ
3505 3337 3616 3391 καθ-

2038 3430 2238 3503 αίρεσις
2279 3426 2411 3484 αῦτη
2457 3425 2546 3501 ὑπ’
2564 3426 2714 3495 ἐμοῦ,
2768 3429 2855 3481 καί
2900 3434 2999 3480 τῶν
3040 3425 3312 3483 διεπόντων
3358 3426 3470 3499 μετ’
3491 3428 3612 3497 ἐμοῦ

2035 3519 2119 3573 τόν
2152 3518 2482 3573 ἀποστολικόν
2517 3518 2680 3593 θρόνον
2699 3560 2711 3582 ,
2742 3520 2824 3572 καί
2849 3517 3084 3574 ’Λκᾶκίου
3124 3526 3215 3574 τοῦ
3244 3528 3334 3579 τῆς
3360 3535 3617 3574 κωνσταν-

2036 3607 2393 3662 τινουπολιτῶν
2432 3609 2692 3670 ἐκκλησίας
2734 3611 2987 3679 ποιμένος,
3024 3613 3105 3663 καὶ
3136 3617 3233 3664 τῶν
3438 3619 3617 3680 τιμίων

2037 3698 2373 3767 ὑποκειμένων
2403 3702 2475 3759 εἰς
2516 3703 2607 3756 τήν
2632 3701 2821 3772 ένορίαν
2862 3701 3016 3753 αὑτοῦ
3046 3701 3364 3765 ἐπισκόπων,
3394 3704 3478 3755 καὶ
3516 3709 3616 3757 τῶν

2039 3791 2206 3841 αὑτῶν
2232 3795 2301 3858 μή
2328 3790 2680 3860 ἀνασχόμενος
2705 3790 3081 3861 ὑπομνημάτων
3101 3805 3115 3820 ⁸
3146 3789 3227 3845 ὅτε
3256 3794 3343 3860 μέν
3370 3792 3465 3864 γάρ
3497 3790 3616 3862 ἔφης

2039 3879 2234 3953 Τριάδα
2261 3880 2324 3935 δι’
2340 3883 2474 3952 ἡμᾶς
2513 3882 2893 3957 σταυρωθῆναι,
2918 3885 3001 3935 καὶ
3040 3883 3159 3952 οὑχί
3189 3881 3424 3956 Χριστόν
3450 3880 3533 3938 ὅτε
3560 3880 3616 3937 δέ

2040 3974 2097 4027 τὸ
2121 3975 2356 4028 ἀθάνατον
2385 3980 2599 4045 Πνεῦμα,
2632 3974 2976 4045 μανιχαΐζων⁶
3021 3972 3102 4029 ὅτε
3132 3972 3186 4028 δὲ
3217 3976 3269 4027 ἐκ
3298 3975 3490 4030 τούτων
3519 3997 3614 4048 φυ-

2040 4070 2173 4137 γὼν,
2213 4065 2730 4139 διακατελεγχόμενος
2775 4067 2873 4120 ὑπὸ
2917 4071 3016 4119 τῶν
3058 4066 3184 4137 ἐμῶν
3217 4066 3478 4123 ὑποθηκῶν
3532 4068 3617 4119 καὶ

2040 4158 2215 4230 λόγων,
2244 4161 2457 4235 Χριστόν
2501 4162 2630 4231 μετά
2672 4162 2730 4213 τὸ
2777 4160 3019 4214 ἀθάνατον
3055 4165 3253 4229 Πνεῦμα
3294 4157 3468 4222 ἔλεξας
3497 4161 3618 4214 ὑπο-

2041 4252 2383 4319 μεμενηκέναι,
2410 4253 2478 4309 ὡς
2522 4249 2547 4304 ό
2582 4252 2904 4319 Σαμοσατεὺς
2931 4251 3011 4302 καί
3037 4250 3325 4323 Νεστόριος,
3354 4250 3411 4304 τό
3439 4249 3615 4317 πάθος,

2042 4343 2127 4395 τὸν
2154 4342 2238 4395 ἕνα
2264 4341 2373 4394 Υὲὀν
2396 4339 2676 4405 δικάζοντες
2696 4342 2766 4402 εἰς
2787 4339 2950 4396 δυάδα
2974 4341 3117 4396 Υίῶν·
3141 4338 3222 4397 ὅτε
3253 4344 3336 4396 καί
3363 4342 3446 4397 ἐπί
3465 4349 3618 4397 τοῦτο

2045 4426 2182 4495 εἴξας
2212 4437 2281 4503 μὴ
2309 4430 2669 4507 διασύρεσθαι,
2698 4430 2815 4493 ἧκες
2848 4433 2930 4486 ἐπὶ
2958 4435 3015 4486 τὸ
3044 4430 3235 4497 κάκιον,
3267 4435 3351 4487 τὸν
3381 4434 3620 4504 χερουϐι-

2042 4525 2124 4577 κόν
2151 4524 2304 4591 ὕμνον
2334 4522 2620 4600 εὐπαρέδρῳ
2647 4524 2806 4596 θρόνῳ
2843 4523 3227 4588 ἀνενδοιάστως,
3256 4526 3503 4585 ὡσαύτως
3530 4531 3621 4583 τήν

356 4616 727 4681 detrectando,
749 4624 805 4671 et
824 4589 1016 4672 venisti
1038 4589 1297 4685 ad-pejus,
1321 4629 1428 4671 non
1450 4616 1792 4685 gloriﬁcando
1815 4620 1933 4673 ebe-

2043 4589 2260 4690 Τριάδα,
2292 4621 2363 4686 μὴ
2396 4589 2702 4686 δοξολογεῑν,
2734 4589 2859 4668 ἀλλά
2906 4618 2993 4670 τόν
3030 4618 3198 4671 πάντα
3236 4616 3390 4685 ῦμνον
3421 4618 3491 4675 είς
3534 4619 3618 4671 τόν

360 4709 603 4765 rubicum
624 4707 900 4780 hymnum,
932 4708 997 4762 ad
1032 4708 1225 4764 Filium
1252 4707 1459 4765 referre
1481 4710 1806 4777 prastotanti
1835 4722 1942 4765 tre-

358 4814 512 4856 more
536 4797 893 4859 ἀνενδοιάστως
924 4798 1300 4854 venerabiliter
1330 4798 1575 4853 similiter
1599 4798 1937 4865 Trinitatem,

357 4892 455 4949 sed
484 4900 655 4948 totum
680 4890 937 4961 hymnum
962 4889 1029 4944 ad
1052 4888 1243 4945 Filium
1267 4888 1491 4954 referre,
1512 4890 1697 4945 volens
1725 4891 1942 4948 ﬁrmare

357 4981 604 5038 morbum
647 4980 824 5036 cancri
870 4979 1147 5047 rodentis,
1190 4995 1350 5051 quem
1391 4981 1763 5038 innocentibus
1800 4982 1944 5039 intu-

358 5074 502 5139 listi;
526 5083 580 5129 et
600 5072 722 5129 inde
741 5071 916 5127 omnis
940 5070 1154 5141 generis
1178 5070 1462 5126 baeresiutn
1490 5070 1692 5140 laqueis
1716 5071 1943 5128 circum-

358 5163 722 5233 pmcipitatus
744 5201 762 5228 ,
793 5177 824 5217 a
855 5161 1081 5218 veritate
1105 5162 1290 5218 exiens
1313 5201 1329 5228 ,
1372 5175 1477 5216 non
1508 5162 1764 5230 praedicas
1788 5162 1943 5220 Chri-

358 5267 502 5312 stum
539 5271 637 5326 pro
682 5254 838 5311 nobis
876 5254 1185 5310 cruciﬁxum
1212 5296 1225 5320 ,
1258 5268 1359 5310 nec
1388 5254 1716 5325 unigenitum
1747 5254 1941 5311 Filium

359 5347 457 5403 Dei
483 5387 499 5414 ,
538 5347 628 5418 qui
672 5348 724 5402 in
763 5346 938 5403 medio
965 5345 1139 5402 Patris
1165 5356 1222 5402 et
1250 5345 1482 5417 Spiritus
1505 5340 1685 5403 sancti
1703 5355 1786 5403 est
1808 5390 1824 5415 ,
1856 5348 1945 5417 pie

360 5439 646 5511 gloriﬁcas.
677 5439 813 5508 Quid
838 5439 981 5496 enim
1011 5440 1118 5494 isto
1144 5439 1313 5509 magis
1340 5438 1701 5507 interdictum,
1725 5439 1882 5495 Patre
1909 5453 1940 5494 a

360 5532 517 5589 vobis
537 5540 593 5588 et
620 5539 807 5588 sancto
828 5530 1027 5602 Spiritu
1058 5546 1165 5585 non
1190 5529 1526 5601 gloriﬁcato?
1574 5529 1705 5584 Nam
1736 5530 1939 5585 calum-

361 5626 505 5681 niam
534 5624 803 5696 scraphim
834 5638 931 5679 vos
957 5622 1185 5691 inlertis,
1212 5623 1304 5693 qui
1334 5621 1648 5677 Trinitatem
1679 5636 1784 5678 non
1813 5622 1945 5681 dici-

363 5720 432 5772 tis
469 5717 861 5788 gloriﬁcandam
888 5760 903 5786 ,
947 5717 1211 5783 Sanctus,
1253 5724 1505 5783 sanctus,
1550 5723 1804 5780 sanctus,
1848 5714 1946 5771 sed

362 5811 535 5867 solum
565 5811 916 5872 personaliter
948 5810 1155 5870 Filium.
1200 5810 1265 5868 Et
1300 5824 1418 5876 qua:
1448 5807 1801 5879 praecipitatio
1830 5809 1939 5866 ha:-

2042 4709 2152 4762 Υίὸν
2201 4705 2360 4778 ἄγειν,
2405 4707 2580 4760 ἐθέλων
2624 4698 2967 4765 ἐνστητσασθαι
3009 4709 3067 4766 ἣν
3112 4710 3242 4763 κατά
3283 4714 3381 4762 τῶν
3420 4709 3619 4763 ἀκάκων
3660 4770 3663 4775 γ

2043 4798 2303 4867 ἐξήνεγκας
2328 4804 2480 4866 νομῆς
2502 4796 2827 4872 γάγγραιναν.
2864 4797 2958 4849 Καὶ
2985 4797 3245 4859 παντοίαις
3277 4798 3500 4851 ἐντεῦθεν

2047 4889 2228 4961 χόναις
2275 4889 2519 4966 αἱρέσεων
2558 4890 2808 4962 μεγίστων
2847 4888 3366 4966 περικριμνιζόμενος,
3409 4890 3621 4945 ἐκνεὺων

2042 4989 2135 5041 τῆς
2179 4981 2404 5040 ἀληθείας
2449 4986 2541 5036 τοῦ
2582 4981 2669 5036 τὸν
2714 4980 2935 5052 Χριστὸν
2982 4985 3052 5050 μή
3104 4978 3362 5057 κηρύττειν
3407 4979 3621 5051 δι’ἡμᾶς

2046 5074 2420 5146 σταυρωθέντα,
2449 5074 2535 5126 τόν
2564 5078 2801 5143 μονογενῆ
2841 5076 2968 5127 Θεοῦ
2996 5073 3133 5135 Υίόν,
3161 5072 3245 5127 τόν
3279 5072 3327 5127 ἐν
3355 5073 3496 5145 μέσῳ
3525 5084 3621 5126 Πα-

2044 5167 2181 5243 τρός,
2216 5167 2299 5219 καί
2326 5163 2467 5236 ἁγίου
2517 5161 2801 5235 Πνεῦματος
2837 5162 3056 5225 εὐσεϐῶς
3094 5160 3518 5237 δοξολογοὺμενον.
3564 5165 3622 5218 Τί

2042 5261 2143 5333 γάρ
2186 5259 2369 5315 τούτου
2412 5258 2966 5335 ἀπογορευτικώτερον,
3000 5258 3195 5329 Πατρός
3223 5255 3518 5330 παρ’ὑμῶν,
3542 5259 3622 5310 καὶ

2044 5350 2189 5422 ἀγίου
2218 5352 2499 5422 Πνεύματος
2521 5348 2883 5420 ἀδοξουμένους
2916 5351 3001 5402 καί
3039 5350 3372 5420 συκοφαντίαν
3402 5355 3510 5407 τοῖς
3536 5368 3621 5402 σε·

2046 5443 2229 5514 ραφείμ
2247 5441 2385 5512 ὑμῶν
2404 5438 2862 5515 παρεισφερόντων,
2877 5437 2954 5494 ὅτι
2973 5440 3029 5492 οὑ
3051 5444 3138 5497 τήν
3157 5436 3351 5510 Τριάδα
3370 5438 3622 5508 φάσκουσι

2049 5530 2343 5604 δοξολογεῖν,
2391 5529 2577 5602 Ἄγιος,
2626 5530 2795 5604 ἅγιος,
2841 5529 3004 5603 ἅγιος,
3044 5530 3165 5585 ἀλλά
3206 5531 3621 5603 μονοπροσώπως

2049 5625 2132 5677 τὸν
2167 5624 2299 5678 Υίόν.
2328 5626 2418 5677 Καὶ
2464 5626 2587 5677 ποία
2634 5620 2961 5697 φαραγγώδης
2990 5622 3232 5697 αἶρέσεων
3261 5621 3421 5681 οὕτως
3458 5623 3613 5679 ἀπηνο

2051 5718 2413 5788 αισχὺντηκεν,
2456 5718 2523 5775 ὡς
2551 5716 2733 5780 ὑμεῑς;
2765 5715 2893 5773 πλὴν
2922 5717 3003 5768 καί
3031 5717 3081 5768 ὲν
3123 5716 3283 5784 τούτῳ
3325 5712 3623 5789 διατρέχονσ

2055 5831 2156 5871 τις.
2197 5806 2309 5866 Ἐτι
2338 5808 2633 5873 καινοτέρως
2662 5807 2873 5865 έπίϐητε
2905 5815 3020 5869 ταῖς
3058 5805 3498 5882 στρηγαλιῶδεσι
3524 5812 3622 5860 τῶν
