4090 6330
46 4042 54 4364 κ

466 234 593 401 ,ΞΜ

1819 276 2079 333 FELlClS
2117 275 2320 333 PAPIE
2363 274 2425 333 lll

3644 272 3750 343 916

491 384 685 456 ἓοειιιιη
739 396 807 451 ita
846 394 1158 461 confundit,
1190 391 1244 447 id
1277 399 1360 447 est
1387 388 1722 460 impudenter
1750 388 1894 459 egit,
1929 387 2064 443 sicut

2200 390 2274 445 ιπὸ
2314 394 2439 444 Θεοῦ
2487 389 2841 460 ἀπειπαμένων
2889 385 3199 459 δυσφημιῶν,
3233 386 3317 443 τὸν
3367 384 3504 453 Υὲὸνξ,
3536 391 3747 465 Πατέρα,

490 484 621 545 res?
656 488 1029 543 Verumtamen
1056 494 1109 539 et
1131 476 1183 538 in
1211 483 1314 539 isto
1336 494 1653 552 percurrens
1680 479 1853 535 adhuc
1883 479 2073 534 novius

492 578 624 653 [ΑΜ
675 572 974 645 nocentius]
1014 575 1365 643 ascendistis,
1406 582 1459 630 et
1501 572 1910 643 strangulandas
1938 571 2077 626 infa-

492 670 626 724 mias
653 684 683 723 a
716 668 825 723 Deo
862 666 1088 737 adjicitis
1114 710 1129 737 ,
1169 665 1362 722 Filium
1405 664 1687 732 videlicet,
1723 665 1936 721 Patrem
1963 704 1978 731 ,
2023 671 2077 718 et

492 772 734 819 sanctum
778 761 1071 831 Spiritum,
1116 761 1610 826 sabellianizantes,
1654 758 1811 814 simul
1850 757 2077 828 conjun-

494 868 618 926 gere
637 852 956 923 judicantes.
994 852 1309 908 Trinitatem
1341 852 1588 907 confiteri
1616 851 1856 921 negatis,
1891 851 1943 905 in
1974 864 2077 919 qua

494 946 828 1016 baptizamur
849 984 864 1011 ,
898 951 955 999 et
978 944 1245 999 credimus
1271 984 1283 1006 ,
1316 952 1371 998 ct
1395 942 1733 998 conﬁtemur.
1784 941 1913 1010 Quis
1952 955 2079 1012 ergo

499 1052 604 1093 non
631 1037 851 1093 deﬁeret
878 1036 953 1092 sic
981 1036 1221 1091 dicentes
1243 1034 1311 1090 de
1335 1035 1649 1090 intemerato
1676 1033 1913 1104 trisagio,
1939 1031 2079 1103 quod

431 1148 441 1157 ·
500 1130 633 1186 mihi
662 1130 816 1185 valde
846 1130 1095 1185 convenit
1130 1129 1364 1185 refutare
1388 1172 1401 1195 ,
1450 1138 1503 1184 et
1529 1128 1708 1184 fletum
1736 1128 1927 1183 merito
1954 1127 2083 1183 dare

500 1224 552 1279 in
582 1222 680 1279 hos
710 1226 1003 1278 animarum
1034 1221 1357 1291 simplicium
1385 1220 1740 1284 cavillatorcs,
1770 1234 1831 1275 ac
1861 1219 2081 1289 impium

498 1314 707 1371 facinus
734 1315 995 1386 fingentes
1024 1332 1036 1367 :
1066 1328 1201 1385 quos
1226 1323 1277 1369 et
1302 1313 1505 1368 alienos
1546 1311 1848 1382 putavimus
1890 1310 1956 1364 ab
1998 1325 2086 1364 or-

501 1408 743 1464 thodoxa
768 1407 871 1463 fide
900 1417 954 1463 et
975 1405 1235 1461 catholica
1265 1406 1522 1472 Ecclesia,
1562 1412 1618 1459 et
1645 1419 1674 1458 a
1708 1403 2087 1459 communione

502 1499 657 1556 ducis
707 1500 873 1554 nostri
920 1499 1136 1570 gloriosi
1170 1498 1511 1567 praecessoris
1553 1495 1737 1562 Petri,
1779 1494 1869 1565 qui
1908 1492 2087 1548 claves

502 1593 651 1665 regni
679 1608 708 1648 a
739 1593 1016 1649 Salvatore
1043 1602 1226 1648 nostro
1260 1590 1497 1660 recepit?
1539 1590 1638 1658 Qui
1664 1600 1840 1645 autem
1875 1590 2090 1660 partici-

501 1701 598 1757 pes
626 1687 847 1756 apostoli
874 1699 993 1741 esse
1019 1685 1224 1748 volunt,
1254 1684 1519 1738 ducuntur
1549 1692 1601 1737 et
1631 1682 1869 1737 doctrina
1895 1683 2083 1752 ipsius,

2176 486 2258 537 καί
2289 481 2428 554 ἅγιον
2462 488 2661 552 Πνεῦμα
2701 480 2959 552 λέγοντες,
2988 478 3478 543 σαϐελλιανίζοντες,
3508 482 3593 533 καὶ
3633 502 3750 535 συν·

2178 579 2387 649 ἀλείφειν
2409 578 2672 653 κρίνοντες,
2691 579 2779 633 τὴν
2803 572 2995 651 Τριάδα
3020 573 3273 646 ὁμολόγως
3296 576 3676 652 ἀπηρνήσασοε,
3691 579 3757 641 εἰς

2179 671 2236 727 ἣν
2279 668 2672 739 ἐϐαπτίσθημεν,
2704 671 2785 720 καὶ
2820 668 3151 736 πιστεύομεν,
3183 668 3266 719 καὶ
3288 664 3646 739 ὁμολογοῦμεν.
3677 672 3758 731 Τίς

2179 756 2265 817 οὖν
2287 764 2373 815 οὐκ
2401 758 2711 836 ἀποδύρεται
2731 761 2850 818 τοὺς
2880 758 3014 813 οὕτω
3036 761 3312 830 φάσκοντας
3330 761 3446 835 περὶ
3473 766 3561 814 τοῦ
3586 780 3761 834 τρισα-

2181 859 2291 930 γίου
2314 863 2402 912 τοῦ
2434 857 2726 928 ἀχράντους
2761 852 2786 908 ὃ
2828 857 2937 926 ἐμοὶ
2965 855 3070 910 λίαν
3099 857 3285 932 πρέπει
3314 857 3653 924 ἀπείπασθαι,
3686 859 3762 912 καί

2182 948 2424 1021 κλαυθμόν
2465 947 2637 1003 δοῦναι
2682 949 2896 1013 ἐπαξίως
2933 955 3028 1003 τῶν
3066 950 3150 1003 ἐπί
3198 955 3349 1003 τοῦτο
3376 946 3764 1020 διασυλωμένων

2185 1043 2542 1115 ἁπλουστέρων
2615 1044 2835 1115 ψυχῶν,
2891 1051 2989 1099 τῶν
3048 1046 3106 1098 τὸ
3166 1045 3378 1107 ἀσεϐές,
3428 1047 3495 1106 ὡς
3563 1046 3764 1106 εὐσεϐὲς

2186 1134 2772 1209 δραματουργησάντων.
2804 1133 2904 1197 Οὓς
2946 1138 3025 1190 καί
3055 1134 3343 1210 ἀλλοτρίους
3384 1137 3642 1206 ἡγούμεθα
3683 1144 3767 1197 τῆς

2187 1226 2444 1301 ὀρθοδόξου
2467 1231 2710 1290 πίστεως,
2727 1230 2812 1282 καί
2837 1236 2929 1289 τῆς
2958 1228 3214 1288 καθολικῆς
3232 1227 3543 1290 Ἐκκλησίας,
3565 1229 3654 1280 καὶ
3684 1236 3768 1289 τῆς

2190 1321 2437 1380 κοινωνίας
2474 1326 2564 1373 τοῦ
2607 1321 2745 1390 ἡμῶν
2793 1319 3070 1391 ἡγουμένου
3097 1315 3325 1394 Αένδόξου
3373 1312 3623 1394 προέδρου
3686 1319 3769 1372 Πί-

2189 1433 2331 1483 τρου,
2369 1419 2456 1466 τοῦ
2502 1414 2593 1472 τὰς
2634 1412 2761 1472 κλεῖς
2804 1421 2894 1472 τῆς
2931 1391 3195 1485 βασιλξίας
3236 1412 3381 1484 παρά
3416 1419 3503 1466 τοῦ
3549 1420 3772 1487 Σωτῆρος

2190 1506 2328 1576 ἡμῶν
2382 1503 2652 1579 εἰ).ηφότος;
2700 1506 2758 1558 Οἱ
2807 1502 2861 1559 δὲ
2909 1511 2997 1561 τοῦ
3047 1503 3336 1559 ἀποστόλου
3378 1504 3604 1565 θέλοντες
3660 1499 3772 1559 εἶναι

2190 1600 2411 1650 κοινωνοί
2454 1593 2660 1669 ἄγονται
2706 1599 2792 1649 καὶ
2836 1603 2899 1671 τῇ
2947 1593 3140 1670 διδαχῇ
3182 1596 3406 1659 τούτου,
3436 1594 3517 1649 τὸν
3560 1596 3773 1671 Χριστὸν

2193 1688 2421 1758 φάσκειν,
2469 1689 2554 1741 καὶ
2586 1687 2844 1741 πιστεύειν
2893 1683 2956 1740 δι’
2977 1687 3111 1758 ἡμᾶς
3152 1686 3536 1761 σταυρωθέντα,
3577 1687 3675 1739 καὶ
3711 1690 3775 1757 μὴ

502 1780 592 1849 qui
621 1777 890 1833 Christum
921 1777 1051 1832 dicit
1079 1784 1133 1830 et
1159 1774 1334 1830 credit
1368 1783 1587 1844 preptcr
1625 1789 1721 1827 nos
1751 1773 2083 1840 crucifixum,

2200 1785 2341 1832 τοῦτο
2370 1778 2759 1854 ἀπαρνήσασθαι
2779 1821 2791 1845 ,
2828 1779 2893 1836 ὡς
2923 1779 3009 1831 καί
3036 1776 3061 1833 ό
3092 1777 3280 1852 ἀρτίως
3310 1778 3649 1854 καθῃρημένος
3690 1779 3776 1831 Πέ-

502 1866 680 1926 ethoc
711 1884 816 1924 non
841 1878 1016 1937 negat,
1042 1868 1184 1923 sicut
1210 1876 1263 1922 et
1288 1866 1448 1920 modo
1478 1866 1751 1936 depositus
1777 1865 1989 1932 Petrus,
2022 1880 2089 1921 ex

501 1975 568 2019 eo
593 1962 734 2033 quod
760 1977 867 2017 non
890 1960 1124 2032 legitime
1146 1970 1198 2015 et
1228 1959 1577 2014 inclementer
1606 1959 1659 2012 in
1688 1957 1903 2028 trisagio
1933 1957 2091 2012 adin-

502 2048 718 2111 novavit
749 2069 763 2107 :
800 2053 901 2120 Qui
926 2052 1204 2121 cruciﬁxus
1232 2059 1303 2105 est
1332 2058 1539 2120 propter
1566 2066 1690 2115 nos;
1712 2050 1941 2104 scientes
1970 2049 2092 2118 quia

501 2160 608 2202 son
620 2142 931 2200 Trinitatem
945 2144 1250 2199 crucitixam
1275 2142 1343 2196 ab
1366 2141 1618 2213 apostolis
1639 2140 1969 2210 suscepistis,
1988 2155 2092 2195 non

506 2234 739 2309 Patrem,
769 2255 873 2296 non
896 2239 1153 2308 Spiritum
1180 2245 1443 2302 sanctum,
1470 2237 1570 2291 nisi
1598 2251 1758 2291 carne
1787 2235 1974 2291 Filium
1998 2235 2093 2292 Dei

505 2333 839 2403 unigenitum
894 2331 1093 2385 solum.
1146 2329 1334 2397 Fugite
1364 2342 1492 2396 ergo
1520 2327 1587 2382 ab
1642 2327 1741 2382 hac
1788 2327 2093 2383 inclementi

504 2418 902 2489 communione,
927 2431 981 2477 et
1005 2436 1100 2477 ero
1125 2421 1277 2475 vobis
1306 2420 1730 2482 communicans,
1760 2420 1812 2474 in
1839 2430 2092 2489 quantum

505 2523 561 2571 et
584 2529 681 2569 vos
702 2513 854 2581 mihi,
880 2511 1065 2567 dolosa
1098 2510 1301 2566 fallacia
1327 2511 1482 2580 longe
1512 2525 1542 2564 a
1573 2518 1749 2564 nostra
1776 2510 2094 2565 ortliodoxia

506 2608 746 2678 expulsa.
778 2592 1072 2672 Custodite,
1103 2603 1302 2659 Christi
1330 2603 1598 2671 discipuli,
1639 2604 1740 2661 mei
1768 2612 1945 2657 autem
1976 2601 2091 2667 filii,

506 2698 822 2757 traditiones
850 2713 980 2770 quas
1010 2713 1039 2753 a
1068 2698 1263 2754 divinis
1289 2696 1581 2766 Scripturis
1611 2696 1909 2765 accepistis.

1103 2852 1129 2880 ι
1170 2804 1501 2899 EPISTOLA

512 2986 525 3001 ,_
576 2942 808 2993 ωυεοειι
847 2951 1044 2993 εειιειε
1082 2953 1227 2993 ΡΔΡᾸΞ
1266 2952 1325 2991 111
1380 2952 1447 2991 Αἰ)
1485 2950 1697 2989 PETRI)!
1738 2948 2023 2990 EPISCOPUM

846 3023 1243 3078 ANTIOCIIENUM,
1287 3020 1471 3061 VERSIO
1510 3022 1756 3069 ANTIQUA.
2056 3022 2061 3031 ‘

522 3108 533 3185 ί
579 3116 765 3175 Petrus
796 3120 1141 3173 Amice/tenus
1170 3119 1441 3190 deponitur
1472 3102 1519 3172 et
1546 3116 2023 3173 auathematizatur.

526 3272 527 3275 η
577 3212 840 3281 Quoniam
872 3211 1142 3282 pestiferis
1172 3212 1430 3266 doctrinis
1462 3210 1699 3266 imbutus
1735 3216 1791 3267 et
1832 3211 2101 3281 impietate

2193 1891 2334 1947 τρος,
2366 1868 2449 1924 διὰ
2488 1872 2544 1924 τὸ
2585 1869 2861 1929 ἀλλοκότως
2903 1870 2986 1923 καὶ
3032 1866 3291 1938 δυσμενῶς
3322 1870 3370 1923 ἐν
3413 1876 3486 1941 τῷ
3528 1873 3775 1942 τρισαγίῳ

2194 1963 2799 2037 προσκεκαινοτομηκέναι
2820 1959 2971 2027 τὸ,⁶Ο
2993 1962 3304 2037 σταυρωθείς
3334 1959 3564 2032 886515.;-
3592 1960 3777 2023 εἰδότες

2197 2054 2273 2110 ὅτι
2314 2058 2371 2109 οῦ
2401 2054 2591 2132 Τριάδα
2616 2061 2715 2109 τῶν
2762 2054 3057 2109 ἀποστόλων
3088 2055 3469 2128 σταυρωθεῖσαν
3502 2051 3779 2128 παρεδέξα-

2198 2148 2304 2210 σθε,
2338 2148 2395 2200 οῦ
2428 2148 2645 2221 Πατέρα,
2679 2148 2734 2200 οὐ
2772 2152 2971 2218 Πνεῦμα
3002 2144 3171 2220 ἅγιον,
3195 2149 3239 2201 εἱ
3274 2152 3342 2218 μὴ
3374 2147 3526 2221 σαρκί
3554 2148 3642 2200 τόν
3677 2148 3777 2201 Υίὸι

2199 2244 2286 2291 τοῦ
2318 2243 2442 2292 Θεοῦ
2481 2238 2563 2292 τὸν
2610 2245 2844 2309 μονογενῆ
2880 2239 3182 2309 μονώτατον.
3222 2238 3429 2307 Φεὺγετε
3478 2241 3644 2292 τοίνυν
3687 2236 3779 2293 ὅτπὸ

2198 2338 2289 2389 τῆς
2319 2327 2596 2399 δυσμενοῦς
2636 2331 2817 2383 τούτου
2858 2332 3135 2393 κοινωνίας,
3167 2333 3249 2383 καὶ
3291 2327 3479 2399 ἔσομαι
3508 2329 3651 2402 ὑμῶν
3682 2352 3775 2385 κοι-

2200 2422 2382 2488 νωνὸς,
2415 2421 2582 2476 καθότι
2624 2423 2703 2474 καί
2748 2422 2895 2492 ὑμεῖς
2940 2423 3079 2493 ἐμοῖ.
3121 2428 3218 2475 Τοῦ
3266 2419 3469 2498 δολεροῦ
3517 2425 3776 2497 φάσματος

2202 2512 2375 2592 πόρρω
2410 2515 2548 2587 ὑμῶν
2595 2523 2683 2574 τῆς
2716 2511 2998 2589 ὀρθοδοξίας
3043 2512 3461 2575 ἐκπεπηδηκότος.
3505 2516 3772 2583 Φυλάξατι,

2200 2614 2425 2681 Χριστοῦ
2457 2607 2691 2676 μαθηταὶ,
2721 2607 2840 2675 ἐμοῦ
2864 2604 2915 2659 δέ
2937 2605 3059 2669 υίοὶ,
3078 2608 3170 2666 τὰς
3203 2604 3517 2680 παραδόσεις
3539 2604 3601 2667 ἃς
3621 2628 3773 2683 παρεο

2199 2699 2373 2754 λάϐετε
2398 2699 2498 2753 ἀπὸ
2528 2705 2626 2752 τῶν
2656 2701 2791 2751 Θείων
2820 2704 3043 2773 Γραφῶν.

2198 2840 2309 2896 lare
2345 2840 2399 2896 in
2432 2839 2686 2903 veritate;
2731 2852 2829 2893 nec
2856 2837 3057 2894 nostris
3085 2838 3295 2893 duaous
3328 2837 3575 2907 epistolis
3601 2853 3773 2898 aurem

2201 2931 2417 2988 voluisti
2448 2931 2812 2988 commodare.
2838 2930 2987 2986 Nunc
3012 2930 3171 3001 igitur
3197 2945 3314 2985 sum
3336 2944 3566 2988 exorsus
3594 2933 3774 2989 adver-

2202 3038 2318 3078 sum
2369 3035 2421 3081 te
2462 3023 2702 3093 proferre
2743 3023 3064 3079 sententiam
3107 3023 3300 3093 (magis
3336 3034 3518 3080 autem
3548 3039 3774 3080 summus

2204 3116 2453 3185 princeps
2504 3115 2871 3184 apostolorum
2901 3115 3120 3185 Petrus,
3168 3116 3259 3185 qui
3310 3118 3450 3173 inter
3476 3126 3772 3175 sanctorum

2204 3207 2567 3278 apostolorum
2607 3206 2871 3276 praeconia
2917 3206 3184 3263 veridicus
3210 3208 3339 3279 est),
3387 3219 3439 3264 et
3468 3224 3574 3265 non
3598 3210 3761 3263 solum

511 3306 795 3375 Verborum
842 3321 948 3361 non
992 3304 1191 3360 curasti
1240 3304 1393 3373 sequi
1449 3302 1841 3372 prmordinatos
1891 3306 2105 3361 sanctos
2133 3288 2181 3354 C
2210 3300 2491 3357 adversum
2525 3309 2576 3354 te
2607 3299 2719 3368 (qui
2741 3298 2858 3367 ejus
2883 3298 3142 3365 nominis,
3170 3313 3275 3354 non
3306 3302 3576 3355 sententia:
3600 3312 3762 3368 neque

512 3396 698 3452 Patres
741 3396 830 3466 qui
869 3395 1049 3450 sedem
1095 3395 1263 3448 beatre
1321 3392 1598 3449 memoriae
1647 3392 1831 3463 lgnatii
1884 3393 2101 3462 gloriosi

512 3486 763 3558 martyris
807 3488 1210 3552 ordinaverunt,
1236 3501 1341 3557 quo
1391 3486 1552 3542 etiam
1582 3502 1703 3542 cum
1730 3488 1807 3544 sis
1833 3488 2101 3559 indignus,

514 3580 699 3649 nescio
741 3578 1193 3650 quemadmodum
1242 3578 1468 3648 adeptus
1514 3579 1680 3636 fueris
1729 3579 2102 3651 principatum,

511 3682 566 3731 et
614 3671 909 3729 sceleribus
958 3671 1062 3726 tuis
1108 3670 1383 3741 profanis,
1431 3670 1715 3741 impiisque
1769 3671 2106 3742 dogmatibus

511 3763 714 3823 inferre
762 3750 1034 3832 putaveris
1086 3762 1337 3817 Ecclesiae
1383 3762 1660 3819 catholicae
1692 3763 2004 3831 novitatem,
2047 3773 2107 3821 ut

513 3871 622 3913 non
692 3865 912 3926 propter
960 3870 1059 3910 nos
1103 3852 1379 3911 Christum
1427 3854 1742 3911 crucifixum
1794 3856 1960 3919 dicas,
2009 3856 2121 3913 sed'

515 3949 822 4018 passionem
878 3948 1195 4018 impassibili
1274 3948 1383 4003 Deo
1453 3948 1789 4019 iniquissime
1856 3949 2102 4014 intulisti,

511 4051 567 4099 et
616 4041 905 4098 immortali
962 4040 1170 4111 spiritui
1228 4050 1456 4096 mortem
1511 4056 1781 4111 apponere
1840 4057 2103 4111 praesum-

512 4134 684 4201 psisti.
727 4133 838 4187 Nec
880 4133 1168 4186 exterritus
1198 4146 1257 4186 es
1281 4173 1295 4196 ,
1339 4146 1461 4200 qua:
1499 4132 1594 4186 tibi
1633 4148 1661 4185 a
1706 4135 1905 4187 sanctis
1932 4133 2105 4187 Evan-

515 4222 666 4292 geliis
692 4230 746 4276 et
772 4221 1033 4291 aposwlis
1061 4229 1115 4275 et
1152 4222 1283 4276 viris
1326 4222 1649 4277 beatissimis
1686 4238 1749 4278 ac
1790 4225 2106 4293 probatissi-

516 4314 621 4369 mis
647 4312 892 4369 Patribus
923 4312 1113 4367 tradita
1143 4327 1251 4368 non
1280 4321 1438 4379 sunt,
1471 4314 1563 4369 sed
1593 4315 1798 4372 callidis
1826 4316 1940 4371 haec
1961 4330 2107 4373 com-

516 4402 714 4458 mentis
760 4410 1045 4468 astruere,
1089 4413 1146 4458 et
1188 4417 1404 4458 sensum
1444 4405 1647 4475 proprii
1694 4406 2004 4476 languoris,
2053 4418 2108 4464 et

517 4493 677 4564 hujus
708 4492 980 4549 litereseos
1010 4494 1321 4550 scandalum
1355 4495 1774 4566 simplicioribus
1811 4498 2104 4567 inculcare,

516 4587 589 4641 ita
616 4582 679 4643 ut‘
700 4601 801 4643 nec
834 4586 1026 4642 similis
1066 4586 1335 4659 prioribus
1375 4588 1617 4645 videatur
1651 4589 1943 4647 lueresibus
1964 4636 1978 4662 ,
2010 4593 2105 4648 sed

2209 3393 2329 3448 fidei
2371 3407 2551 3461 parem
2585 3401 2635 3447 te
2670 3405 2793 3447 esse
2815 3394 3169 3461 cognoscens,
3221 3393 3464 3462 quoniam
3492 3390 3625 3446 ultra
3648 3405 3761 3446 mo-

2207 3486 2331 3542 dum
2353 3484 2421 3541 ab
2446 3485 2564 3555 ejus
2583 3484 2881 3540 intentione
2903 3494 3047 3539 recta
3065 3482 3360 3539 inviolabill
3383 3482 3485 3538 fide
3508 3482 3771 3553 deviasti),

2206 3581 2302 3637 sed
2337 3579 2499 3635 etiam
2526 3578 2787 3641 adversus
2813 3591 2908 3634 eos
2931 3579 3046 3648 qui,
3067 3592 3175 3633 non
3200 3578 3584 3634 erubescentes
3610 3577 3778 3632 Evan-

2205 3675 2468 3744 geliorum
2506 3671 2840 3729 venerabiles
2878 3670 3250 3741 characteres,
3279 3686 3454 3741 neque
3485 3671 3671 3725 horum
3701 3684 3782 3725 se-

2207 3768 2453 3837 quacium
2495 3764 2860 3834 apostolorum
2901 3762 3383 3833 prafectorumque
3414 3763 3652 3818 virorum
3685 3760 3784 3815 do-

2207 3867 2522 3927 ctorumque
2570 3870 2874 3922 sermones,
2906 3854 3232 3918 inconstanti
3275 3854 3543 3908 sententia
3597 3853 3788 3923 iniquis

2209 3950 2581 4005 traditionibus
2604 3948 2708 4001 tuis
2731 3946 3061 4002 incumbunt.
3092 3947 3169 4001 lta
3199 3954 3257 4001 ut
3277 3945 3435 4000 malae
3456 3954 3621 4001 secta
3646 3943 3788 3998 dele-

2207 4042 2475 4098 ctabiliter
2502 4054 2686 4095 revera
2714 4047 3004 4110 sequantur
3023 4037 3456 4102 amaritudinem,
3484 4051 3585 4092 nec
3610 4036 3791 4106 hujus-

2209 4133 2351 4188 modi
2380 4131 2763 4187 exsecrabilem
2810 4138 3125 4185 aversantur
3168 4129 3520 4198 impietatem.
3555 4129 3791 4183 Dicimus

2208 4239 2339 4293 ergo
2361 4224 2452 4280 tibi
2475 4226 2613 4278 sicut
2635 4224 2795 4278 etiam
2827 4221 2965 4287 illis;
2989 4223 3242 4292 quoniam
3266 4221 3497 4277 dilexisti
3532 4221 3794 4275 malitiam

2209 4332 2370 4385 super
2414 4315 2830 4385 benignitatem,
2878 4315 3215 4383 iniquitatem
3253 4314 3423 4384 magis
3454 4326 3617 4382 quam
3651 4311 3793 4381 loqui

2209 4408 2540 4478 aequitatem.
2573 4407 2810 4461 Dilexisti
2839 4406 3016 4461 omnia
3046 4406 3211 4462 verba
3240 4404 3709 4476 praecipitationis,
3738 4410 3792 4459 et

2211 4499 2442 4570 linguam
2496 4498 2777 4564 dolosam;
2835 4508 3117 4569 propterea
3163 4499 3403 4554 destruet
3452 4505 3506 4550 te
3550 4494 3700 4549 Deus
3746 4495 3798 4548 in

2214 4593 2394 4656 tinem,
2426 4608 2528 4647 non
2560 4593 2733 4647 solum
2766 4592 2834 4647 ab
2863 4591 3213 4647 Antiochena:
3237 4592 3493 4646 Ecclesia.-
3520 4589 3674 4655 sede,
3706 4587 3799 4643 sed

520 4678 885 4750 multipliciter
932 4681 1107 4749 potius
1138 4680 1269 4737 lucc
1313 4681 1695 4738 transcendant
1735 4699 1880 4741 :nec
1923 4684 2107 4741 amhu-
2136 4669 2375 4743 Detiam
2413 4686 2483 4740 ab
2528 4686 2673 4741 omni
2713 4684 2947 4740 civitate.
2977 4684 3191 4740 Etenim
3238 4684 3308 4739 sit
3350 4682 3401 4737 in
3442 4690 3494 4738 te
3535 4682 3654 4737 haec
3696 4682 3797 4735 ﬁxa

586 4844 614 4873 κ
654 4834 907 4908 Ballerini
954 4834 1147 4901 fratres
1193 4837 1245 4908 in
1274 4836 1669 4908 dissertatione
1721 4840 1996 4908 praemissa
2037 4842 2102 4896 ad

516 4915 718 4962 tomum
746 4905 1055 4976 lll'operum
1084 4907 1250 4961 sancti
1271 4906 1468 4963 Leonis
1492 4904 1885 4965 admonuerunt
1915 4911 1965 4965 in
1994 4913 2105 4966 col-

513 4978 746 5033 lectione
791 4992 911 5045 qua:
964 4977 1222 5033 Avellana
1288 4978 1486 5035 dicitur
1550 4990 1760 5035 servata
1809 4981 1862 5036 in
1915 4982 2103 5039 codice

515 5046 704 5123 vatic._
736 5047 1175 5123 49__61__,_exs_ta_re
1218 5048 1289 5103 ibi
1334 5052 1634 5123 versionem
1677 5062 1914 5123 veterem
1947 5054 2106 5123 hujus

514 5118 755 5195 epistola:
785 5115 982 5195 Eeliqis
1008 5117 1071 5195 ad
1101 5116 1611 5195 Petrumdivarsam
1641 5122 1708 5178 ab
1738 5138 1796 5177 ea
1831 5138 1947 5195 quis
1974 5115 2104 5195 le'gi-

516 5199 601 5261 tur
633 5189 685 5243 in
725 5188 1131 5261 collectionibus
1175 5191 1500 5260 synodorum
1528 5235 1542 5257 ,
1593 5207 1816 5261 eamque
1848 5188 2102 5251 ὀλιιὶδὲιί

514 5258 787 5332 affirmant
832 5273 863 5312 a
911 5258 1298 5332 collectoribus
1330 5262 1690 5332 Epistolarum
1732 5258 2104 5321 Romanorum

514 5331 827 5405 pontiﬁcum
860 5340 991 5405 tom.
1022 5331 1063 5397 l,
1091 5346 1210 5402 pag.
1238 5331 1551 5405 526.7llanc
1570 5335 2102 5405 egoities‘eprtescn-

516 5401 732 5473 tandem
758 5401 938 5473 censui
973 5410 1081 5473 tum
1112 5401 1253 5473 quod
1284 5401 1641 5460 vetustissima
1672 5406 1758 5473 sit,
1788 5401 1910 5461 eum
1941 5409 2101 5463 etiam

518 5469 659 5547 quod
688 5471 742 5526 in
782 5469 1161 5547 probatissima
1192 5474 1443 5547 A_vellana
1474 5475 1708 5547 editione
1728 5469 2095 5531 contineatur.

779 5538 1001 5621 insuper
1047 5544 1099 5597 in
1148 5544 1335 5621 eodem
1382 5543 1653 5621 Avellan‘o"
1675 5546 1857 5621 codice
1888 5557 2099 5621 exstare

516 5613 717 5691 pariter
762 5613 1099 5691 sequentium
1149 5614 1459 5691 Graecarum
1506 5618 1850 5691 epistularum
1899 5620 2098 5691 versio-

514 5693 639 5734 nem
667 5679 929 5759 diversam
957 5682 1023 5759 ab
1051 5698 1115 5738 ea
1144 5701 1263 5759 qua:
1290 5687 1453 5759 bicin
1476 5679 1714 5759 conciliis
1744 5689 1953 5759 legitur.
1986 5689 2096 5745 llas

515 5765 616 5840 ogo
642 5752 841 5837 pariter
868 5752 1138 5813 versiones
1161 5752 1571 5847 ’libenter.'ni:ilti
1604 5752 2005 5847 descripsissent
2038 5762 2091 5829 in

2215 4852 2534 4911 praesentem
2565 4857 2717 4899 usum
2739 4856 2864 4897 cum
2892 4842 3077 4898 Romae
3106 4843 3327 4913 agebam
3347 4883 3361 4907 ,
3390 4842 3434 4897 si
3466 4857 3560 4911 per
3589 4851 3799 4913 tempta

2214 4914 2469 4969 licuisset.
2517 4945 2585 4955 -—--
2634 4913 2757 4984 Haec
2799 4920 2881 4968 cst
2922 4914 3090 4984 tertia_
3127 4915 3352 4982 epistola
3405 4913 3601 4984 Felicis
3652 4929 3800 4984 papa:

2212 4999 2368 5055 quam
2400 5000 2430 5040 e
2458 4985 2664 5055 synodo
2692 4983 2927 5038 Romana
2966 4984 3033 5038 ad
3064 4981 3278 5039 Petrum
3310 4983 3592 5039 Fullonem
3625 4981 3803 5039 trans-

2215 5054 2378 5121 misit,
2400 5054 2607 5126 quaque
2633 5070 2754 5112 eum
2780 5063 2901 5123 post
2924 5054 3075 5109 binas
3095 5056 3353 5110 salutares
3381 5055 3803 5119 admonitiones,

2213 5127 2477 5183 sententia
2502 5127 2856 5183 anathematis
2885 5135 2941 5181 et
2976 5126 3324 5195 depositionis
3351 5126 3471 5195 jure
3498 5126 3811 5196 meritoque

2213 5196 2609 5253 condemnavit.
2650 5197 2797 5252 lianc
2822 5195 3012 5252 ordine
3043 5198 3249 5253 tertiam
3280 5196 3346 5250 ad
3391 5212 3512 5251 eum
3542 5195 3809 5263 scriptam

2213 5282 2333 5323 esse
2378 5268 2614 5322 indicant
2660 5267 2815 5336 hujus
2846 5267 3083 5336 epistola:
3115 5267 3275 5322 verba
3319 5268 3432 5321 limc
3464 5282 3531 5322 ex
3563 5266 3811 5322 editione

2212 5353 2331 5406 qua:
2358 5339 2584 5393 habetur
2610 5348 2740 5393 tum.
2772 5337 2793 5389 l
2826 5338 2994 5407 Epist.
3026 5337 3180 5393 Rom.
3212 5338 3397 5408 pontif.
3433 5354 3447 5390 :
3482 5336 3596 5390 Nec
3620 5337 3811 5390 ambu-

2209 5412 2318 5464 lare
2345 5410 2397 5463 in
2430 5411 2662 5473 veritate,
2690 5424 2781 5464 nec
2810 5409 2996 5463 nostris
3027 5409 3226 5463 duabus
3251 5409 3481 5475 epistolis
3505 5424 3693 5461 autem
3724 5424 3814 5461 νο-

2209 5480 2349 5535 luisti
2376 5481 2790 5546 accommodare,
2825 5496 2960 5533 nunc
2983 5480 3139 5551 igitur
3166 5495 3281 5534 sum
3312 5496 3521 5551 exorsus
3557 5481 3813 5551 adversus

2206 5561 2251 5603 te
2280 5551 2507 5620 proferre
2535 5552 2858 5615 sententiam,
2886 5548 3178 5606 etchnde
3210 5558 3354 5619 patet
3382 5548 3522 5620 quod
3560 5548 3812 5620 secunda

2205 5618 2291 5676 illa
2320 5618 2604 5677 monitoris
2634 5620 2830 5677 Felicis
2863 5636 3012 5692 papa:
3038 5620 3103 5677 ad
3134 5621 3348 5677 Petrum
3377 5618 3697 5675 transmissa
3728 5620 3813 5674 in-

2205 5693 2426 5759 terierit.
2458 5694 2582 5750 Ssv.
2617 5693 2812 5753 Btnws.
