4090 6330
313 294 433 380 οιτ

1518 318 1872 375 Ei’lSTOLrE
1913 319 1996 377 ET
2039 320 2365 378 DECRETA.

3461 330 3564 389 918

311 427 605 496 damnatio,
636 443 665 483 a
697 443 783 499 me
810 436 865 487 et
894 430 962 485 ah
990 430 1074 487 his
1102 429 1191 502 qui
1219 430 1320 497 sub
1355 445 1437 485 me
1468 430 1884 499 constituti-epi-
1916 434 1960 493 Α
1991 432 2187 499 pariter
2209 433 2516 503 ahnegatts,
2556 435 2607 489 in
2652 448 2754 509 qua
2785 434 3038 507 baptizati
3070 451 3270 507 sumus.
3300 446 3354 494 et
3384 440 3561 497 credi-

309 520 554 590 scopales
587 518 743 575 sedes
766 518 1066 592 gubernare
1095 532 1409 588 noscuntur,
1440 531 1494 577 et
1519 520 1712 577 Acacio
1743 521 1883 577 Con-

308 611 794 682 stantinopolitanae
826 614 1078 670 Ecclesize
1110 624 1321 686 pastore
1346 660 1360 681 ,
1404 623 1460 671 et
1488 613 1884 671 venerabilibus

308 703 573 775 episcopis
604 705 717 774 ejus
742 707 843 776 juri
873 708 1127 777 subjectis
1158 717 1408 777 tanquam
1438 718 1490 763 et
1514 710 1641 778 ipsis
1664 709 1881 765 minime

309 800 766 857 consentientibus
803 801 904 856 tuis
933 803 1269 864 commentis,
1301 802 1377 857 sic
1404 801 1692 871 aliquando
1722 803 1885 872 siqui-

308 890 427 943 dem
447 890 647 955 dixisti,
674 888 980 947 Trinitatem
1007 904 1221 962 propter
1244 906 1340 946 nos
1362 892 1670 947 crucifixam
1698 900 1754 948 et
1778 909 1883 948 non

306 983 601 1049 Christum,
626 983 912 1054 aliquando
933 999 1062 1039 vero
1096 984 1451 1039 immortalem
1492 983 1739 1054 spiritum
1767 968 1844 1039 Ma
1863 1013 1881 1025 -

306 1074 499 1131 nichmi
538 1083 751 1129 secutus
798 1089 1074 1141 errorem,
1117 1074 1398 1146 aliquando
1434 1082 1612 1130 autem
1656 1076 1768 1129 hare
1802 1074 1886 1129 fu-

304 1169 457 1240 giens
480 1212 493 1237 ,
539 1177 839 1222 nostrorum
872 1182 1179 1238 sermonum
1214 1167 1524 1237 pignoribus
1558 1168 1881 1238 increpatus,

270 1324 277 1327 A
303 1250 575 1317 Christum
605 1269 723 1330 post
747 1259 1103 1314 immortalem
1126 1260 1370 1329 spiritum
1404 1259 1705 1329 passionem
1722 1260 1887 1316 susti-

305 1346 489 1407 nuisse
525 1340 741 1419 dixisti,
782 1349 923 1421 Sicut
954 1348 1150 1404 Paulus
1180 1351 1581 1416 Samosatenus,
1615 1360 1669 1406 et
1698 1350 1888 1409 Nesto-

305 1445 417 1501 rius
448 1460 609 1499 unum
654 1442 815 1496 filium
844 1436 1143 1498 dividentes
1175 1441 1226 1496 in
1266 1441 1522 1498 dualitate
1552 1442 1801 1511 filiorum,
1831 1450 1888 1497 et

303 1553 427 1596 cum
474 1536 561 1593 hic
608 1535 805 1608 putasti
850 1549 954 1589 non
997 1534 1422 1602 immorandum,
1473 1535 1540 1590 ad
1585 1535 1765 1607 pejora
1795 1551 1886 1593 ve-

306 1631 455 1698 nisti,
481 1640 538 1686 ut
570 1630 771 1699 hymni,
806 1643 938 1700 quos
970 1628 1258 1683 Cherubim
1285 1642 1405 1685 cum
1438 1637 1673 1685 tremore
1704 1629 1883 1686 Trini-

306 1725 431 1782 tatis
461 1727 788 1782 incessanter
834 1723 1115 1787 emittunt,
1143 1721 1209 1776 ad
1238 1722 1550 1777 Trinitatem
1582 1722 1886 1794 glorifican-

1990 537 2107 577 mus
2147 532 2200 579 et
2241 525 2483 580 fatemur.
2514 527 2644 593 Quis
2673 544 2802 599 ergo
2832 545 2937 585 non
2966 531 3141 600 lugeat
3173 534 3290 587 talia
3323 534 3562 592 dicentes

1988 613 2053 670 de
2102 624 2283 670 sancta
2333 627 2385 670 et
2440 618 2727 679 invinlabili
2761 621 3025 693 Trinitate
3055 623 3078 673 ?
3111 624 3210 683 hoc
3252 624 3379 679 mihi
3410 627 3565 681 valde

1987 706 2233 761 convenit
2254 706 2501 777 allegare,
2533 719 2585 764 et
2617 711 2882 780 planctum
2906 713 3235 771 sufficienter
3264 717 3560 785 effundere,

1986 814 2105 853 cum
2136 800 2187 853 in
2221 800 2320 855 hoc
2342 800 2660 870 simplicium
2689 804 2879 860 anima:
2908 806 3415 879 fuerintcaplivalze,
3444 826 3564 880 quae

1989 900 2113 947 tunc
2163 906 2276 948 rem
2328 893 2544 965 impiam
2582 896 2728 951 velut
2780 900 2919 967 piam
2961 902 3397 971 divulgavcrunt,
3429 919 3562 973 quos

1987 984 2144 1037 etiam
2159 982 2464 1054 judicamus
2483 994 2768 1043 extraneos
2797 990 2864 1043 ab
2887 993 3181 1047 orthodoxa
3214 995 3339 1064 fide,
3378 997 3563 1052 ECclc-

1986 1074 2171 1147 siaque
2196 1078 2484 1142 catholica,
2509 1090 2561 1137 et
2582 1082 2955 1151 communione
2982 1084 3202 1153 gloriosi
3230 1087 3395 1141 nostri
3422 1090 3564 1155 prin-

1984 1167 2118 1240 cipis
2150 1169 2313 1237 Petri,
2346 1172 2435 1243 qui
2466 1175 2640 1230 claves
2688 1175 2838 1246 regni
2878 1178 3138 1232 ctelorum
3169 1195 3197 1233 a
3229 1189 3412 1235 nostro
3441 1180 3561 1234 Sal-

1986 1273 2175 1319 vatore
2214 1268 2475 1336 percepit.
2520 1267 2619 1334 Qui
2661 1283 2790 1340 ergo
2820 1269 3084 1326 voluerint
3114 1286 3235 1328 esse
3263 1274 3562 1331 communi-

1986 1367 2197 1414 calores
2240 1360 2492 1427 apostoli,
2526 1360 2639 1429 ejus
2668 1375 2881 1433 quoque
2916 1361 3211 1417 doctrinam
3249 1352 3560 1434 sequantur,

1986 1445 2211 1502 dicendo
2232 1458 2284 1504 et
2303 1448 2573 1504 credendo
2589 1449 2857 1506 Christum
2881 1462 3097 1523 propter
3116 1469 3213 1507 nos
3229 1436 3561 1519 crucifixum,

1990 1556 2159 1611 neque
2188 1555 2310 1594 eum
2339 1532 2603 1612 negando,
2630 1543 2768 1599 sicut
2792 1543 3001 1612 Petrus,
3032 1546 3118 1614 qui
3150 1562 3318 1615 nuper
3343 1547 3566 1601 damna-

1990 1643 2073 1689 tus
2108 1643 2190 1689 est
2226 1649 2292 1690 eo
2324 1634 2467 1704 quod
2494 1652 2657 1705 prave
2684 1644 2738 1690 et
2768 1634 2970 1691 nefarie
3000 1637 3052 1691 in
3082 1638 3281 1708 hymno
3312 1632 3566 1709 trisagiun

1991 1727 2198 1783 noviter
2235 1727 2566 1793 introduxit,
2610 1729 2696 1803 qui
2737 1728 3025 1784 crucifixus
3061 1739 3143 1786 est
3187 1740 3403 1800 propter
3443 1712 3566 1794 nos,

304 1808 427 1878 dam
461 1837 564 1876 non
598 1818 916 1874 referantur.
949 1818 1053 1873 Sed
1086 1825 1145 1872 ut
1175 1825 1314 1871 totus
1341 1817 1569 1889 hymnus
1598 1817 1661 1871 ad
1696 1818 1885 1872 Filium
1917 1826 1965 1887 Β
1990 1820 2219 1875 scientes
2248 1821 2368 1889 quia
2399 1836 2502 1874 non
2538 1821 2853 1878 Trinitatem
2876 1822 3183 1878 crucifixam
3216 1823 3283 1877 ab
3312 1823 3569 1893 apostolis

302 1911 600 1977 dedicatur,
621 1911 944 1964 confirmare
963 1908 1149 1965 volens
1172 1909 1514 1977 sententiam,
1533 1911 1675 1965 velut
1694 1926 1887 1966 cancer

304 2013 631 2075 serpentem,
656 2017 815 2073 quam
837 2002 1093 2056 adversus
1113 2001 1384 2069 simplices
1404 2002 1657 2068 extulisti,
1682 2012 1740 2058 et
1765 2003 1889 2058 hinc

305 2095 544 2150 omnium
569 2093 834 2148 Interesum
868 2092 1073 2161 laqueis
1104 2092 1463 2162 praecipitatus
1490 2108 1571 2159 es,
1603 2110 1632 2148 a
1664 2094 1889 2148 veritate

302 2184 659 2248 declinando,
691 2198 790 2238 nec
820 2170 1165 2254 praedicando
1211 2193 1427 2254 propter
1473 2198 1571 2239 nos
1616 2184 1887 2239 Christum

303 2280 626 2338 cruciﬁxum
658 2266 986 2350 unigenitum
1022 2278 1114 2332 Dei
1148 2277 1363 2344 Filium,
1393 2279 1480 2350 qui
1512 2286 1594 2333 est
1633 2278 1685 2333 in
1714 2279 1890 2334 medio

306 2373 483 2429 Patris
512 2380 567 2427 et.
597 2372 766 2427 sancti
794 2370 1045 2441 Spiritus,
1076 2370 1167 2440 qui
1197 2370 1544 2440 gloriﬁcatur.
1578 2369 1713 2439 Quid
1744 2372 1887 2426 enim

307 2466 413 2527 hoc
432 2464 534 2520 erit
559 2461 912 2517 damnabilius
935 2477 1092 2532 quam
1114 2475 1235 2516 cum
1266 2477 1295 2516 a
1319 2462 1469 2516 vobis
1498 2461 1653 2515 Pater
1683 2470 1736 2515 et
1765 2460 1889 2531 Spi-

305 2558 447 2613 ritus
469 2565 684 2610 sanctus
714 2555 803 2609 fiat
834 2552 1112 2625 inglorius,
1142 2562 1195 2609 et
1220 2554 1487 2609 calumnia
1520 2555 1773 2624 seraphin
1807 2555 1890 2607 in-

308 2649 546 2714 feratur,
575 2662 733 2717 quam
778 2662 897 2701 cum
946 2660 1052 2700 non
1085 2644 1401 2699 Trinitatem
1442 2645 1741 2714 glorificare
1770 2659 1891 2701 cre-

307 2742 491 2809 datur,
525 2754 644 2795 cnm
687 2739 869 2793 dicunt
900 2737 1162 2801 Sanctus,
1196 2736 1453 2800 Sanctus,
1486 2736 1715 2791 Sanctus
1736 2777 1752 2803 ,
1801 2737 1893 2791 sed

308 2834 483 2891 solam
516 2831 842 2903 personam?
873 2830 1000 2898 Quae
1042 2827 1323 2883 infernalis
1356 2827 1573 2883 hmresis
1606 2828 1676 2881 ita
1708 2827 1896 2881 crude-

308 2925 504 2983 deliter
538 2933 595 2979 ut
623 2939 719 2979 vos
753 2919 1109 2977 inverecunda
1143 2918 1263 2974 fuit.
1309 2919 1689 2974 Verumtamen
1723 2915 1896 2973 adhuc

312 3018 368 3072 in
409 3018 509 3071 ista
549 3016 912 3071 discurrentes
952 3014 1189 3068 novitate
1234 3028 1397 3083 usque
1435 3012 1501 3066 ad
1552 3011 1895 3066 fundamenta

313 3108 766 3179 blaSphemiarum
821 3103 909 3161 Dei
966 3105 1264 3175 pertingitis
1319 3103 1552 3171 Filium,
1605 3104 1814 3181 Patrem
1847 3113 1901 3159 et

1991 1916 2302 1982 accep'stis,
2336 1929 2508 1982 neque
2537 1914 2783 1982 Patrem,
2812 1930 2986 1986 neque
3016 1915 3271 1986 Spiritum
3302 1924 3568 1985 sanctum,

1995 2006 2091 2058 nisi
2123 2020 2341 2058 carnem
2382 2004 2613 2067 Christi,
2652 2004 2843 2061 Filium
2890 2006 2982 2061 Dei
3013 2007 3344 2077 unigenitum
3372 2006 3565 2072 solum,

1995 2096 2153 2166 Igitur
2202 2096 2364 2164 fugite
2393 2096 2459 2149 ab
2493 2096 2650 2164 hujus
2672 2098 3047 2152 communione
3074 2098 3361 2167 sacrilega,
3393 2105 3446 2151 et
3477 2110 3571 2150 ero

1993 2196 2173 2243 vester
2219 2187 2428 2252 socius,
2459 2199 2619 2259 atque
2659 2189 3111 2255 communicator,
3143 2198 3197 2243 et
3242 2204 3332 2241 vos
3362 2200 3574 2258 quoque

1995 2282 2121 2346 mei,
2148 2289 2294 2350 peste
2310 2280 2495 2336 dolosa
2522 2295 2553 2335 a
2575 2290 2750 2337 vestra
2778 2282 3093 2337 rectitudine
3108 2281 3293 2352 procul
3322 2280 3571 2348 expulsa:

1994 2372 2276 2437 custodite,
2299 2371 2496 2427 Christi
2518 2372 2787 2442 discipuli,
2803 2372 2908 2428 mei
2928 2384 3105 2429 antem
3127 2373 3240 2439 filii,
3260 2372 3576 2431 traditiones

1995 2478 2125 2534 quas
2158 2478 2183 2514 a
2209 2464 2377 2517 sacris
2407 2463 2763 2518 voluminibus
2792 2465 3094 2535 accepistis.

2072 2573 2089 2604 ι
2129 2554 2356 2624 Explicit
2386 2540 2789 2625 epistolapapre
2822 2556 3016 2610 Felicis
3044 2552 3111 2611 ad
3145 2555 3359 2609 Petrum
3393 2553 3577 2627 Antio-

1997 2648 2224 2702 chenum
2254 2648 2514 2702 damnans
2544 2664 2664 2704 eum
2693 2666 2703 2700 :
2729 2664 2848 2718 quae
2878 2648 3102 2718 cpistola
3132 2656 3255 2703 ante
3281 2644 3581 2709 damnatio-

1999 2753 2122 2793 nem
2150 2736 2333 2791 Acacii
2365 2747 2619 2807 quantum
2654 2737 2772 2808 ejus
2804 2746 2981 2793 textus
3012 2738 3208 2792 indicat
3228 2736 3583 2805 comprehenv

1999 2829 2141 2884 ditur
2158 2829 2352 2898 scripta
2380 2845 2394 2892 ;
2427 2828 2519 2882 sed
2560 2828 2682 2896 quia
2702 2843 2830 2893 gum
2859 2830 3084 2883 aliorum
3118 2828 3309 2881 litteris
3338 2826 3402 2880 ad
3427 2839 3582 2881 eum-

2001 2922 2120 2977 dem
2176 2922 2389 2976 Petrnm
2416 2921 2633 2975 directis
2663 2918 2714 2975 in
2762 2918 2950 2976 GracCo
2983 2919 3259 2973 volumine
3286 2917 3583 2988 reperimus

2003 3017 2071 3075 de
2109 3016 2296 3073 Latino
2334 3018 2635 3083 translatas,
2667 3030 2800 3088 quas
2831 3031 2969 3071 nunc
3003 3017 3194 3070 iterum
3217 3014 3283 3069 de
3315 3013 3503 3068 Graeco
3531 3011 3585 3065 in

2007 3110 2253 3166 Latinum
2303 3111 2624 3166 necessitate
2664 3108 2927 3179 compulsi
2974 3104 3356 3163 transferentes
3385 3102 3586 3161 descri-

313 3202 570 3273 Spiritum
612 3210 855 3257 sanctum
889 3200 1150 3265 dicentes,
1182 3197 1476 3255 Sabellium
1511 3197 1812 3265 sectamini,
1845 3208 1897 3254 et

2005 3204 2206 3274 psimns
2235 3213 2451 3274 propter
2494 3202 2870 3257 haereticorum
2900 3196 3146 3266 insidias,
3184 3208 3238 3255 et
3268 3194 3590 3268 supradictis

315 3290 683 3350 confusionem
737 3291 1025 3358 inducitis,
1079 3300 1134 3345 et
1173 3289 1452 3347 Trinitatis
1503 3291 1895 3357 confessionem

2006 3295 2247 3365 epistolis
2276 3295 2516 3366 ejusdem
2549 3310 2695 3367 papae
2721 3294 3113 3350 connectimus.
3138 3311 3155 3344 ι

1730 3427 2060 3487 EPISTOLA
2094 3431 2159 3487 ν.

1490 3535 1564 3573 AD
1604 3535 1900 3576 ZENONBM
1941 3538 2427 3579 IMPERATORI-Ill.

325 3611 544 3685 Nuntiat
573 3610 869 3685 imperatori
896 3609 1101 3685 Petrum
1128 3608 1405 3685 Faltonem
1429 3612 1666 3680 synodali
1682 3614 1882 3685 judicio
1912 3618 2157 3671 sententia
2186 3619 2525 3671 anathematis
2541 3618 2963 3682 condemnatum,
2987 3614 3289 3685 ideoqueab
3317 3617 3427 3685 ejus
3452 3628 3593 3685 cont-

396 3679 653 3757 munione
682 3680 1039 3735 abstinendum
1080 3696 1207 3736 esse.
1258 3679 1513 3735 Hortatur
1557 3679 1785 3737 eumdem
1814 3686 2175 3754 imperatorem
2224 3696 2277 3740 ut
2320 3686 2531 3742 Petrum
2573 3687 2857 3757 depositum
2902 3679 2965 3741 ea:
3010 3679 3594 3739 Antiochena'Ecclesia

346 3764 349 3767 “
390 3752 631 3827 expellat.

396 3958 657 4014 Convenit
695 3955 1003 4013 clementiae
1040 3965 1145 4012 tua:
1175 3970 1354 4028 rerum
1382 3955 1627 4026 ordinem
1661 3959 1910 4014 nuntiare

326 4061 598 4124 gestarum
639 4066 737 4120 pro
775 4049 1159 4127 tranquillitate
1189 4049 1397 4119 imperii
1424 4050 1731 4106 serenitatis
1771 4060 1909 4119 tuac,

328 4159 382 4206 et
409 4164 507 4204 oro
536 4145 798 4217 suscipias
846 4159 1057 4214 precem
1106 4159 1279 4199 meam
1320 4159 1384 4197 ac
1426 4143 1469 4217 si
1512 4142 1628 4212 ipse
1677 4159 1912 4212 praesens

280 4296 301 4301 μ
329 4255 505 4298 essem
534 4282 548 4306 ,
600 4238 843 4309 benignis
885 4237 1106 4293 auribus
1156 4236 1295 4303 tuis,
1339 4245 1394 4290 nt
1422 4222 1913 4293 Christianissimus

330 4332 623 4402 imperatur
652 4346 667 4395 ;
693 4339 745 4385 et
776 4343 1109 4399 nequaquam
1140 4327 1431 4383 arbitretur
1457 4328 1625 4398 pietas
1654 4335 1743 4382 tua
1765 4328 1911 4383 illum

331 4438 468 4494 puro
498 4438 596 4479 nos
630 4422 792 4479 corde
829 4422 1055 4491 diligere
1076 4466 1090 4489 ,
1137 4421 1439 4491 quicunque
1485 4430 1535 4477 te
1567 4437 1749 4492 pacem
1790 4438 1912 4478 cum

331 4515 448 4575 Deo
476 4517 675 4577 habere
701 4528 809 4569 non
839 4513 972 4568 vult.
996 4512 1257 4580 Quoniam
1280 4527 1409 4568 vero
1438 4512 1577 4568 fideli
1601 4523 1779 4569 mente
1798 4528 1917 4569 cre-

330 4606 538 4672 didisti,
571 4620 670 4660 nec
701 4604 925 4674 ambigis
964 4613 1020 4663 ct
1062 4602 1372 4674 temporalis
1408 4603 1529 4657 solii
1572 4612 1911 4673 potestatem,

329 4707 393 4755 et
432 4708 647 4755 :eterna:
676 4697 799 4753 vita:
827 4695 1231 4757 retributionem
1272 4708 1508 4763 superno
1535 4709 1600 4751 ex
1644 4707 1915 4751 momento

634 3855 655 3882 ο
690 3842 1089 3899 Gloriosissimo
1123 3857 1183 3899 ac
1209 3842 1552 3927 serenissimo
1593 3845 1702 3902 lilio
1733 3846 1936 3903 Zenoni
1970 3848 2208 3917 Augusto
2239 3848 2388 3903 Felix
2418 3849 2697 3919 episcopus
2718 3848 2770 3903 in
2803 3848 3025 3904 Domino
3046 3848 3273 3904 salutem

2084 3960 2267 4035 Πρέπει
2299 3969 2361 4035 τῇ
2393 3968 2459 4035 σῇ
2486 3960 2823 4036 θιλανθρωπίᾳ
2850 3968 3016 4017 ταῦτα
3051 3965 3082 4015 ἂ
3111 3961 3296 4036 πρέπει
3324 3966 3422 4014 τῶν
3458 3978 3596 4025 πραα

2014 4052 2215 4127 γμᾴτων
2250 4051 2560 4125 ἀπαγγεῖλαι
2590 4053 2757 4115 τάξει.
2798 4049 2929 4125 ἅπερ
2974 4054 3055 4105 καί
3094 4052 3274 4121 ἀφῆκεν
3304 4048 3601 4121 ἀπαγγεῖλαι

2016 4144 2086 4202 εἰς
2113 4145 2345 4216 ὠφέλειαν
2373 4151 2459 4200 τοῦ
2491 4152 2581 4204 τῆς
2619 4152 2713 4204 σῆς
2753 4144 3087 4214 ’γαλήνοτητος
3116 4144 3351 4216 κράτους·
3390 4144 3477 4194 καί
3511 4163 3599 4195 κα·

2014 4235 2171 4310 θάπερ
2203 4238 2270 4296 ὡς
2294 4237 2445 4309 ἐγγὺς
2475 4235 2773 4308 τυγχάνων,
2795 4234 3072 4309 παρακαλῶ
3091 4238 3178 4292 τὴν
3204 4234 3324 4302 ἐμήν
3350 4232 3601 4304 ἱκετηρίαν

2018 4325 2252 4391 δέξασθαι
2281 4336 2393 4388 ταῖς
2424 4328 2709 4397 φιλαγάθαις
2736 4328 2877 4398 ὑμῶν
2907 4329 3081 4387 ἀκοαῖς
3099 4365 3113 4390 ,
3148 4329 3215 4386 ὡς
3242 4326 3603 4398 Χριστιανικῶο

2019 4441 2173 4481 τατος
2210 4418 2275 4474 ὧν
2312 4421 2579 4491 βασιλεὺς·
2612 4418 2861 4493 μηδαμῶς
2888 4440 2940 4475 τε
2971 4421 3002 4478 ἡ
3030 4424 3098 4479 σή
3140 4419 3369 4473 εὐσέϐεια
3399 4415 3603 4475 διανοηο

2018 4514 2120 4571 θείη
2149 4512 2320 4587 ἔτερόν
2350 4534 2465 4566 τινα
2501 4514 2631 4583 μετὰ
2671 4514 2899 4584 καθαρᾶς
2935 4519 3025 4570 τῆς
3056 4508 3279 4567 διανοίας
3314 4510 3449 4577 ἡμᾶς
3477 4508 3605 4577 ἀγα-

2022 4609 2140 4674 πᾷν,
2176 4604 2302 4661 πλὴν
2326 4604 2507 4657 ίκείνου
2538 4608 2630 4657 τοῦ
2660 4603 2962 4671 βουλομένου
2991 4622 3048 4655 σε
3080 4602 3211 4671 μετᾶ
3237 4606 3327 4655 τοῦ
3355 4603 3485 4652 Θεοῦ
3515 4602 3605 4656 τὴν

2021 4698 2217 4769 εἰρήνην
2242 4694 2273 4749 ἕ
2270 4716 2407 4765 χειν.
2437 4694 2736 4765 Ἐπειδήπερ
2762 4696 2813 4748 ἐκ
2837 4704 3025 4754 πιστῆς
3051 4694 3346 4768 ὡρμημένος
3369 4701 3460 4752 τῆς
3489 4688 3604 4748 διει-

330 4790 573 4863 pcndere
592 4829 609 4857 ,
647 4803 743 4859 per
765 4796 1006 4843 nostram
1031 4788 1192 4842 etiam
1232 4786 1553 4855 parvitatem
1581 4785 1800 4854 dignare
1828 4801 1901 4841 su-

2019 4792 2184 4856 νοίας,
2215 4793 2302 4845 οὐκ
2329 4790 2662 4862 ἀμφισϐητεῖς
2685 4795 2777 4846 τοῦ
2804 4790 3113 4864 προσκαίρου
3138 4788 3314 4862 Θρόνου
3344 4791 3435 4846 τήν
3464 4785 3607 4850 ἕξου-

330 4886 546 4956 scipere
568 4881 929 4938 venerabilem
956 4894 1020 4939 ac
1047 4878 1285 4934 divinam
1309 4876 1603 4935 beatissimi
1628 4876 1771 4935 Petri
1793 4893 1921 4932 con-

330 4977 652 5042 fessionem,
668 4974 1035 5045 apostolorum
1057 4971 1270 5033 seilicet
1288 4970 1567 5041 principis,
1587 4970 1670 5026 cui
1698 4978 1753 5026 et
1772 4972 1919 5041 regni

2027 4892 2160 4954 σίαν,
2188 4889 2274 4944 καί
2302 4894 2393 4947 τῆς
2428 4887 2626 4941 ατωνὲου
2662 4888 2794 4949 ζωῆς
2826 4888 2915 4943 τὴν
2940 4881 3193 4938 ἀντίδοσιν
3218 4884 3274 4937 ἐκ
3303 4889 3395 4942 τῆς
3425 4877 3609 4934 ἄνωθεν

2024 4985 2185 5061 ῥοπῆς
2216 4981 2485 5055 ἠρτῆσθαι,
2522 4977 2607 5036 διὰ
2621 4999 2688 5035 ’τε
2716 4986 2808 5040 τῆς
2836 4981 2973 5050 ἡμῶν
3002 4978 3341 5052 βραχύτητος
3373 4975 3609 5040 δέξασθαι

330 5068 517 5126 claves
543 5082 574 5129 a
599 5066 883 5124 Salvatore
912 5063 1121 5121 tradita:
1146 5071 1291 5129 sunt,
1312 5062 1401 5132 qui
1423 5062 1585 5118 etiam
1604 5058 1896 5133 prirparabi

2022 5058 2334 5141 καταξίωσον
2360 5079 2452 5133 τὴν
2486 5078 2715 5139 ameris,
2758 5074 2842 5127 καί
2883 5071 3186 5143 θεόφραστον
3222 5069 3485 5141 ὁμολογίαν
3516 5074 3611 5123 τοῦ

329 5160 801 5221 Christianissimo
836 5156 1062 5229 imperio
1099 5165 1282 5215 vestro
1312 5156 1487 5213 locum
1539 5157 1591 5211 in
1634 5157 1774 5213 coelo
1801 5172 1919 5213 cum

331 5254 538 5311 sanctis
558 5251 797 5323 angelis;
821 5250 1018 5322 quique
1039 5249 1426 5314 immutabilem
1451 5258 1504 5307 et
1526 5249 1916 5305 immaculatam

335 5348 500 5406 fidc'm
552 5348 606 5403 in
636 5347 924 5403 Dominum
969 5354 1209 5403 nostrum
1260 5344 1441 5403 Jesum
1488 5342 1792 5410 Christum,
1827 5345 1921 5400 Dei

337 5441 533 5498 Filium
581 5439 911 5508 unigenitum
938 5479 953 5505 ,
996 5438 1200 5507 primus
1241 5450 1549 5506 exponens,
1573 5451 1602 5490 a
1635 5437 1921 5494 Salvatore

337 5534 671 5605 ipsobeatus
697 5542 780 5589 est
806 5532 1000 5588 dietus.
1026 5530 1156 5586 Nam
1186 5545 1309 5586 eum
1331 5530 1445 5600 ipse
1470 5530 1693 5586 dixisset
1721 5531 1786 5587 ad
1810 5532 1915 5588 Do-

339 5630 567 5693 minum,
594 5627 669 5682 Tu
688 5643 741 5685 ιε
762 5624 995 5685 Christus
1020 5622 1212 5680 Filius.
1224 5621 1319 5682 Dei
1349 5624 1445 5680 viui
1466 5623 1679 5690 (Matth.
1696 5626 1835 5693 xvi),
1853 5625 1921 5680 ab

2026 5168 2416 5245 μακαριωτάτου
2442 5168 2652 5244 Πέτρου,
2678 5172 2770 5221 τοῦ
2790 5165 3164 5241 πρωτοστάτου
3179 5169 3279 5217 τῶν
3295 5160 3610 5226 ἀποστόλων,

2030 5257 2085 5322 ὃς
2112 5262 2198 5314 καί
2220 5263 2313 5319 τὰς
2338 5266 2429 5318 τῆς
2460 5258 2726 5333 βασιλείας
2754 5257 2882 5318 κλεῖς
2906 5256 3006 5310 ὑπὸ
3032 5261 3122 5310 τοῦ
3149 5262 3377 5328 Σωτῆρος
3404 5270 3611 5307 πιστευ-

2028 5354 2151 5419 θείς,
2178 5353 2585 5429 προευτρεπίσει
2607 5358 2670 5423 τῇ
2690 5350 3009 5422 φιλοχρίστῳ
3028 5349 3166 5415 ὑμῶν
3191 5346 3425 5417 βασιλείᾳ
3452 5350 3540 5403 τὴν
3563 5347 3613 5398 ἄν

2029 5445 2268 5517 ὑψίστοις
2297 5446 2426 5517 μετὰ
2446 5443 2663 5516 ἀγγέλων
2689 5439 2955 5514 διαγωγήν
2987 5437 3042 5501 ὃς
3062 5441 3142 5492 καί
3167 5442 3257 5496 τὴν
3281 5436 3613 5511 ἃπαρᾶλλακο

2029 5558 2137 5602 τον,
2171 5542 2256 5593 καί
2297 5538 2568 5607 ἀμώμητον
2606 5534 2778 5587 πίστιν
2816 5534 2887 5591 εἰς
2921 5532 3007 5586 τὸν
3045 5532 3227 5606 Κύριον
3259 5535 3398 5599 ημῶν
3420 5533 3609 5586 Ἰησοῦν

2030 5630 2271 5706 Χριστὸν,
2288 5632 2372 5683 καί
2403 5631 2639 5699 μονογενῆ
2668 5628 2758 5680 τοῦ
2786 5628 2916 5679 Θεοῦ
2940 5622 3074 5690 "ritis,
3100 5629 3302 5698 πρῶτος
3336 5622 3609 5695 ὶκθίμενος,

420 5802 445 5847 ι
477 5792 599 5863 uno
635 5792 758 5861 data
794 5791 860 5859 ad
900 5791 1171 5863 Zenonem
1202 5798 1319 5869 post
1348 5790 1608 5871 synodum
1641 5790 1792 5861 Rom.
1826 5804 1913 5855 an.
1939 5788 2046 5859 685
