4090 6330
575 340 680 400 919

1926 327 2185 386 ΠΣωοιὸ
2221 327 2422 386 ΡΑΡΔΕ
2462 330 2531 387 Ill

3733 335 3838 395 920

575 455 695 525 ipso
716 466 902 510 audire
929 450 1145 519 meruit,
1172 450 1362 507 Beatus
1383 466 1460 521 es,
1491 448 1671 507 Simon
1699 446 1806 501 Bar
1831 444 1968 500 Iona
1984 486 1999 513 ,
2026 443 2140 515 quia

2254 444 2567 521 ἐμακαρίσθη
2596 447 2851 506 ύπάύτοῦ
2882 457 2972 506 τοῦ
3003 459 3249 529 Σωτῆρος.
3293 450 3531 513 Εἰπόντος
3560 451 3657 527 γὰρ
3685 453 3838 509 αὐτοῦ

576 563 695 601 caro
723 558 771 601 et
796 544 1005 614 sanguis
1039 560 1141 599 non
1166 544 1402 600 reuelauit
1427 543 1544 608 tibi,
1570 541 1659 597 sed
1690 540 1846 595 Pater
1871 555 2032 607 meus,
2064 538 2152 609 qui

573 642 627 695 in
681 638 820 694 caalis
841 648 950 694 est:
979 648 1027 695 et
1049 655 1201 709 super
1224 638 1323 693 ista
1343 634 1659 708 confessione
1686 633 1948 705 aediﬁcabo
1978 633 2152 688 Eccle-

572 732 701 784 siam
730 746 915 797 meam,
945 740 992 786 et
1035 740 1194 801 portae
1229 730 1382 801 inferi
1409 745 1509 784 non
1538 727 1882 800 praeualebunt
1907 726 2151 780 adversus

574 840 687 878 eam
713 820 979 894 (Ibidem).
1008 821 1141 877 Cum
1170 836 1297 893 ergo
1325 822 1568 878 Salvator
1594 819 1785 875 dixerit
1814 818 1952 890 quod
1984 826 2152 888 porta:

488 942 489 945 η
572 918 729 974 inferi
757 932 864 973 non
890 917 1252 987 praevalebunt
1278 916 1533 972 adversus
1560 915 1724 981 ipsius
1748 912 2065 976 Ecclesiam,
2091 921 2151 968 ut

573 1009 641 1063 ab
667 1025 729 1065 ea
781 1008 947 1079 ipsius
995 1008 1483 1063 denominationem
1537 1005 1759 1073 tollant,
1799 1019 1918 1075 qua:
1957 1004 2151 1059 dicitur

574 1102 822 1158 Christus
852 1102 1046 1166 Jesus,
1078 1109 1131 1155 et
1166 1099 1265 1155 Dei
1290 1097 1671 1169 omnipotentis
1712 1095 1917 1163 Filius;
1962 1095 2150 1151 Petrus

576 1194 965 1266 primogenitus
986 1192 1183 1249 diaboli
1206 1192 1367 1258 ﬁlius,
1392 1201 1447 1247 et
1471 1192 1557 1261 qui
1579 1198 1777 1246 sancta
1803 1189 2148 1245 Antiocheam

573 1290 834 1347 Ecclesiae
856 1287 1222 1357 indignissime
1250 1302 1310 1343 se
1328 1286 1569 1357 ingessit,
1596 1295 1938 1355 sanctamque
1967 1284 2147 1340 sedem

572 1380 916 1453 pontiﬁcatus
936 1378 1123 1449 lgnatii
1150 1377 1399 1449 martyris
1428 1376 1639 1446 polluit,
1670 1374 1761 1445 qui
1790 1376 1933 1430 Petri
1961 1375 2149 1431 dextra

572 1472 858 1542 episcopus
886 1469 1165 1525 ordinatus
1193 1478 1295 1536 est,
1337 1467 1707 1539 Eustathiique
1736 1468 2058 1523 confessoris
2086 1484 2150 1525 ac

571 1562 913 1634 praesidentis
934 1569 1293 1617 trecentorum
1319 1559 1503 1616 decem
1528 1570 1580 1615 et
1603 1568 1725 1615 octo
1746 1559 1959 1615 Patrum
1983 1560 2073 1631 qui
2094 1562 2147 1617 in

572 1654 752 1710 Nicaea
790 1661 1181 1717 convenerunt,
1225 1666 1388 1707 ausus
1435 1661 1516 1707 est
1561 1652 1739 1707 dicere
1768 1667 1873 1707 non
1900 1663 2149 1722 Oportere

573 1743 846 1799 Christum
873 1746 1034 1799 etiam
1065 1744 1160 1799 Dei
1194 1742 1389 1798 Filium
1418 1744 1695 1798 nominare
1734 1745 2027 1801 secundum
2058 1744 2145 1799 di-

2254 538 2377 614 πρός
2398 538 2480 591 τὸν
2502 540 2700 614 Κύριον
2716 539 2831 597 Ὀτι
2854 546 2919 597 σύ
2946 539 2994 597 εἷ
3010 543 3034 598 ό
3051 545 3270 621 Χριστὸς
3302 542 3326 597 ό
3347 543 3463 603 Υἱὸς
3484 548 3576 597 τοῦ
3594 549 3722 596 Θεοῦ
3745 549 3838 597 τοῦ

2254 634 2437 694 ζῶντος
2469 631 2648 705 (Ματθ.
2683 636 2818 704 XVI),
2851 637 3027 695 ἀκήκοε
3053 637 3177 712 παρ’
3199 639 3375 691 αὐτοῦ’
3398 635 3655 711 Μακάριος
3675 630 3738 699 εἶ,
3758 638 3840 691 Σίο

2255 744 2361 790 μων
2396 728 2493 801 Βάρ
2527 731 2668 781 ἰωνᾶ
2688 766 2703 793 ,
2737 724 2811 783 ὅτι
2844 729 2976 802 σάρξ
3004 731 3087 782 καὶ
3123 724 3252 797 αἷμα
3288 728 3372 780 οῦκ
3399 725 3691 796 ἀπεκάλυψέ
3725 747 3837 795 σοι,

2260 815 2367 872 ἀλλ’
2394 816 2420 872 ό
2449 823 2617 892 Πατήρ
2647 841 2762 892 μου,
2790 818 2815 874 ό
2842 820 2890 873 ἐν
2919 828 3029 880 τοῖς
3054 820 3278 894 οὐρανοῖς
3295 835 3310 850 ⁸
3342 823 3424 872 καί
3452 819 3535 872 ἐπὶ
3556 824 3723 891 ταυτῆ
3741 836 3841 871 σου

2252 917 2316 985 τῇ
2345 908 2581 985 ὁμολογίᾳ
2617 910 2929 984 οἰκοδομήσω
2965 930 3061 982 μου
3096 916 3185 970 τήν
3212 910 3528 971 Ἐκκλησίαν,
3568 911 3657 962 καί
3684 909 3842 964 πύλαι

2253 983 2465 1075 ᾆύουού
2498 1007 2910 1077 κατισχύσουσιν
2948 1007 3107 1067 αὐτῆς
3137 1003 3346 1075 (Mitt).
3370 1011 3469 1059 Τοῦ
3502 998 3591 1059 οῦν
3616 1012 3841 1082 Σωτῆρος

2250 1101 2532 1169 φήσαντος,
2570 1096 2648 1153 ὅτι
2686 1097 2840 1155 πύλαι
2881 1097 3005 1171 ᾅδου
3046 1100 3104 1153 ού
3134 1096 3521 1169 κατισχύσουσι
3562 1106 3655 1157 τῆς
3690 1098 3839 1151 αὐτοῦ

2250 1189 2564 1254 Έκγλησίας,
2594 1197 2686 1260 τοῦ
2719 1192 2894 1266 ἐξᾶραι
2927 1190 3015 1245 ἀπ’
3035 1192 3191 1250 αὐτῆς
3213 1195 3303 1249 τήν
3330 1191 3489 1243 αὑτοῦ
3524 1188 3834 1257 ἐπωνυμίαν,

2250 1286 2361 1346 ἥτις
2400 1283 2623 1359 εἴρηται,
2654 1288 2878 1362 Χριστὸς
2900 1292 3130 1350 Ἰησοῦς,
3171 1288 3253 1350 καί
3280 1291 3405 1339 Θεοῦ
3434 1287 3842 1358 παντοκράτορος

2249 1377 2391 1437 Tios”
2424 1378 2610 1455 Πέτρος
2632 1378 2656 1432 ό
2686 1377 3004 1453 πρωτότοκος
3028 1380 3140 1437 υίὸς
3166 1383 3257 1431 τοῦ
3280 1374 3537 1438 διαϐόλου,
3570 1373 3596 1427 ό
3617 1375 3840 1437 ἀναξίως

2250 1467 2566 1530 εἰσπηδήσας
2595 1477 2657 1546 τῇ
2689 1470 2991 1540 ’Δντιοχέων
3170 1474 3259 1524 τοῦ
3287 1473 3412 1527 Θεοῦ
3446 1466 3721 1539 ἐκκλησίᾳ,
3759 1467 3841 1519 καὶ

2250 1561 2430 1631 μιάνας
2459 1562 2545 1616 τόν
2578 1570 2671 1623 τῆς
2706 1561 3100 1637 ἀρχιερωσύνης
3124 1559 3291 1635 θρόνον
3316 1560 3556 1631 ἰγνστίου
3587 1563 3676 1613 τοῦ
3710 1558 3840 1631 μὰρ⁴
3876 1567 3885 1577 '

2249 1673 2421 1726 τυρος,
2446 1649 2499 1713 ὃς
2519 1661 2580 1725 τῇ
2603 1651 2740 1725 δεξιᾷ
2769 1655 2955 1729 Πέτρου
2977 1658 3068 1711 τὴν
3089 1653 3481 1728 ἀρχιερωσύνην
3505 1648 3729 1713 ἐδέξατο,
3753 1652 3841 1703 καί

2249 1744 2532 1799 Εύσταθίου
2559 1752 2650 1800 τοῦ
2682 1745 3013 1819 όμολογητοῦ,
3045 1748 3130 1799 καί
3157 1741 3406 1819 προέδρου
3431 1749 3531 1796 τῶν
3561 1740 3659 1799 τιη’
3685 1740 3841 1812 ἁγίων

570 1834 748 1889 vinam
760 1833 1054 1891 Salvatoris
1069 1835 1399 1891 sanctionem
1417 1844 1471 1890 et
1494 1835 1832 1890 traditionem
1850 1836 2140 1892 divinarum

2253 1840 2509 1910 πατέρων,
2538 1846 2637 1894 τῶν
2666 1841 2718 1893 ἓν
2743 1842 2921 1913 Νικαίᾳ
2949 1839 3327 1914 ἀθροισθέντων,
3353 1837 3509 1915 λέγειν
3538 1836 3836 1906 ἐτόλμησεν,

570 1925 1006 1996 Scripturarum,
1040 1927 1364 1998 Patrumque
1401 1927 1827 1997 expositionem;
1860 1927 1955 1983 sed
1984 1944 2147 1984 unum

571 2018 640 2073 de
660 2019 925 2074 Trinitate
953 2020 1255 2090 passionem
1295 2034 1392 2089 pro
1434 2019 1594 2079 nobis
1636 2020 1915 2090 pertulisse
1946 2021 1998 2076 in
2024 2022 2148 2077 sub-

568 2112 767 2167 stantia
799 2111 1047 2178 deitatis,
1077 2112 1226 2181 juxta
1256 2112 1390 2179 Arii,
1431 2112 1775 2181 Apollinaris,
1801 2112 2149 2183 Eunomiique

568 2202 985 2272 blasphemiam,
1017 2204 1206 2259 volens
1252 2203 1353 2258 hac
1381 2218 1513 2258 voce
1557 2217 1819 2258 evacuare
1860 2204 2147 2260 salutarem

568 2293 783 2349 Domini
809 2292 1232 2349 incarnationem
1256 2333 1272 2359 ,
1303 2293 1595 2349 secundum
1624 2308 1780 2363 quam
1821 2293 2065 2349 Christus
2095 2302 2151 2349 et

569 2386 875 2454 passionem
905 2386 1089 2442 subiit.
1115 2386 1318 2441 Dicitur
1344 2395 1523 2441 autem
1541 2377 1605 2441 'et
1630 2402 1770 2442 unus
1798 2403 1865 2443 ex
1892 2388 2068 2455 nobis,
2093 2397 2152 2444 ut

570 2480 657 2549 qui
703 2480 921 2534 Abrahae
962 2497 1132 2535 semen
1177 2482 1514 2553 apprehendit
1547 2481 1738 2553 (Hebr.
1778 2486 1844 2553 tt)
1883 2500 1899 2549 ;
1956 2500 2151 2555 augere

568 2585 781 2642 quoque
826 2574 1047 2629 deorum
1099 2574 1458 2645 pluralitatem
1485 2576 1693 2634 nititur.
1722 2578 1928 2647 Quippe
1957 2594 2149 2634 sensus

566 2665 685 2733 ejus
730 2675 837 2721 tres
876 2667 1164 2723 introducit
1212 2669 1363 2736 deos,
1395 2684 1561 2725 unum
1593 2682 1879 2737 mortuum,
1932 2680 1987 2728 et
2016 2672 2150 2730 duos

566 2755 831 2813 viventes.
854 2757 1026 2814 Solvit
1046 2760 1209 2816 etiam
1236 2761 1705 2819 consubstantialis
1726 2780 1923 2821 nomen
1945 2780 2150 2822 sacras-

566 2870 672 2927 que
710 2856 889 2927 abjicit
937 2857 1203 2929 synodos,
1242 2846 1547 2926 Nicﬁham,
1604 2858 2151 2932 Constantinopolita-

564 2962 711 3013 nam,
743 2957 799 3004 et
827 2948 1319 3007 Chalcedonensem
1345 2968 1362 3017 ;
1391 2961 1628 3008 sanctam
1677 2968 1888 3024 quoque
1928 2954 2146 3011 Mariam

564 3036 844 3108 Virginem
882 3055 1218 3112 nequaquam
1266 3028 1559 3099 admittere
1604 3044 2046 3114 deprehenditur.
2088 3048 2147 3104 Si

563 3130 707 3185 enim
754 3145 859 3185 non
902 3145 969 3186 ex
1024 3147 1087 3187 ea
1130 3133 1461 3190 incarnatum
1493 3135 1726 3191 Verbum
1759 3137 1920 3193 homo
1945 3139 2142 3195 factum

564 3229 669 3288 est,
686 3236 805 3290 qua:
828 3223 1116 3279 necessitas
1143 3226 1399 3295 virginis?
1426 3236 1481 3282 et
1501 3243 1666 3296 quare
1687 3228 1753 3283 ad
1777 3245 1893 3284 eam
1922 3231 2146 3289 dixisset
2168 3200 2215 3263 ο

564 3309 813 3366 Gabriel:
839 3313 989 3378 Quod
1010 3329 1074 3369 ex
1099 3324 1145 3369 te
1166 3325 1397 3370 nascetur
1420 3327 1674 3386 sanctum,
1700 3319 1958 3374 vocabitur
1974 3320 2143 3377 Filius

563 3401 707 3470 Des';
748 3415 794 3459 et
824 3405 966 3459 dabit
999 3407 1076 3461 illi
1105 3406 1357 3463 Dominus
1388 3409 1529 3465 Deus
1568 3412 1736 3465 sedem
1784 3412 1945 3467 David
1982 3417 2142 3485 patris

562 3498 673 3567 ejus
706 3496 867 3567 (Luc.
895 3496 1007 3568 u)?
1035 3499 1164 3556 Post
1202 3499 1317 3558 haec
1342 3510 1520 3559 autem
1552 3504 1729 3561 omnia
1759 3506 1919 3577 impia
1948 3519 2002 3563 et
2028 3509 2141 3566 bla-

559 3586 822 3669 sphemiae
853 3603 962 3644 sum
993 3600 1337 3663 praesumpta,
1368 3601 1425 3649 et
1446 3594 1882 3665 depravationem
1907 3599 2139 3671 trisagize

560 3679 977 3751 deprecationis,
1008 3697 1131 3739 cum
1167 3684 1244 3739 illi
1282 3684 1480 3744 addere
1508 3687 1694 3753 voluit,
1723 3689 1825 3757 Qui
1850 3693 2138 3750 cruciﬁxus

558 3780 643 3826 est
672 3786 767 3841 pro
798 3773 974 3839 nobis,
1020 3774 1188 3831 multa
1215 3776 1645 3835 inconvenientia
1672 3780 1865 3838 eﬁ‘ecit.
1891 3782 2137 3839 Multum-

509 3938 517 3943 .
556 3877 661 3932 que
682 3879 713 3917 a
736 3865 888 3920 nobis
909 3873 964 3920 et
987 3866 1043 3920 in
1064 3866 1278 3924 Christo
1299 3868 1511 3926 dilectis
1535 3869 1792 3928 fratribus
1821 3860 2019 3930 nostris
2047 3876 2136 3946 qui

556 3953 613 4009 in
639 3953 857 4037 Oriente
884 3968 1033 4025 sunt,
1064 3951 1117 4014 iet
1136 3974 1168 4015 a
1194 3963 1484 4019 venerabili
1507 3964 1702 4020 Aoacio
1722 3975 1916 4022 vestrae
1944 3968 2136 4037 regalis

555 4054 613 4099 et
652 4060 682 4099 a
723 4036 832 4104 DEo
872 4060 1063 4105 amata:
1090 4050 1319 4108 civitatis
1352 4053 1753 4126 archiepiscopo
1799 4036 2134 4127 admonitus,

554 4137 795 4190 converti
821 4128 1020 4227 n'oluit:
1038 4128 1373 4212 Qu'apropter
1394 4159 1537 4200 nunc
1557 4157 1741 4201 sancta
1765 4148 1857 4202 Dei
1893 4149 2133 4204 Ecclesia

554 4233 812 4279 mate-ms
837 4236 890 4280 te
910 4230 1151 4299 vocibus,
1167 4241 1351 4301 utpote
1374 4234 1727 4290 excellentem
1750 4237 1917 4306 ipsius
1939 4238 2128 4308 ﬁlium,

557 4316 757 4385 alloqui
813 4333 919 4373 non
966 4330 1180 4376 cessat:
1231 4324 1275 4377 0
1313 4340 1344 4379 a
1373 4323 1587 4382 Christo
1614 4338 1791 4384 amate
1820 4331 2129 4399 imperator,

553 4422 690 4463 mea:
743 4410 1162 4468 venerabilitatis
1209 4416 1503 4484 vinculum,
1532 4418 1585 4473 in
1629 4434 1737 4489 quo
1764 4423 2132 4481 multitudines

2252 1926 2329 1984 ὄτι
2353 1931 2407 1984 ού
2432 1928 2513 1985 δεῖ
2534 1932 2615 1984 τὸν
2636 1932 2878 2006 Χριστὸν,
2899 1932 2981 1985 καί
3007 1932 3117 1985 Υίόν
3141 1936 3228 1984 τοῦ
3259 1936 3381 1984 Θεοῦ
3405 1929 3687 1999 ὀνομάζειν,
3710 1927 3839 1982 κατά

2251 2026 2341 2080 τῆν
2378 2024 2512 2077 θείαν
2549 2030 2639 2077 τοῦ
2668 2031 2889 2098 Σωτῆρος
2931 2024 3258 2094 νομοθεσίαν,
3290 2024 3375 2075 καί
3416 2025 3506 2077 τῆν
3550 2028 3649 2073 τῶν
3692 2020 3836 2072 θείων

2249 2122 2461 2191 Γραφῶν
2496 2112 2805 2181 παράδοσιν,
2838 2117 2921 2169 καί
2960 2113 3149 2168 ἔκθεσιν
3177 2121 3276 2169 τῶν
3311 2114 3565 2189 πατέρων
3599 2110 3721 2164 ἀλλὰ
3750 2110 3836 2164 τόν

2251 2205 2335 2260 ἕνα
2362 2214 2453 2266 τῆς
2477 2205 2692 2281 Τριάδος
2720 2208 2776 2262 τὸ
2815 2207 2971 2267 πάθος
2999 2208 3058 2261 τὸ
3087 2207 3217 2281 ύπέρ
3256 2206 3393 2274 ἡμῶν
3435 2204 3736 2273 ὑπομεῖναι,
3765 2205 3835 2262 εἰς

2249 2302 2339 2357 τήν
2359 2307 2451 2362 τῆς
2472 2296 2705 2361 θεότητος
2731 2301 2928 2364 ούσίαν,
2950 2300 3076 2354 κατὰ
3100 2304 3189 2357 τὴν
3209 2305 3299 2353 τοῦ
3321 2299 3534 2371 ’Δρείου,
3561 2299 3649 2349 καί
3668 2296 3833 2350 Α’πολ·

2249 2389 2470 2466 λιναρίου
2491 2431 2506 2457 ,
2538 2396 2619 2445 καί
2648 2392 2891 2461 Εὐνομίαν
2927 2388 3267 2465 παράδοσιν·“
3285 2385 3587 2459 βουλόμενος
3624 2384 3709 2441 διὰ
3744 2395 3831 2445 τῆς

2252 2486 2495 2545 τοιαύτης
2515 2493 2673 2556 φωνῆς
2696 2486 2936 2544 ἀθετῆσαι
2956 2489 3050 2554 μὴν
3071 2488 3159 2541 τῆν
3181 2484 3423 2558 σωτήριον
3443 2477 3829 2564 ἐνανθρώπησιν,

2254 2576 2356 2629 καθ’
2385 2578 2441 2635 ἣν
2469 2576 2493 2631 ὁ
2519 2578 2733 2653 Χριστὸς
2762 2580 2847 2631 καί
2879 2578 2934 2630 τὸ
2961 2578 3117 2647 πάθος
3140 2575 3391 2645 ύπέμεινε.
3428 2573 3644 2642 Λέγεται
3671 2569 3723 2664 δέ
3748 2571 3829 2622 καί

2253 2664 2322 2729 εἷς
2358 2669 2408 2732 ἐξ
2446 2671 2614 2740 ἡμῶν,
2648 2672 2716 2729 ὡς
2756 2675 2843 2723 τοῦ
2886 2671 3180 2743 σπέρματος
3209 2665 3440 2741 εΔϐραὰμ
3477 2662 3829 2732 ἐπιλαϐόμενος

2250 2759 2414 2836 (Ἑϐρ.
2448 2757 2535 2829 ll)‘
2563 2761 2847 2825 ἐπαυξῆσαι
2872 2758 2925 2814 δέ
2954 2762 3037 2812 καί
3062 2764 3149 2817 τήν
3179 2756 3466 2813 πολυθεΐαν.
3500 2765 3558 2808 ⁸0
3586 2756 3682 2831 γάρ
3711 2758 3825 2813 νοῦς

2248 2859 2340 2906 τοῦ
2383 2847 2533 2922 λόγου
2579 2840 2715 2927 τρεῖς
2750 2854 2906 2913 Θεούς
2940 2851 3271 2927 παρεισάγει,
3315 2849 3403 2902 ἵνα
3443 2848 3719 2911 τεθνεῶτα,
3747 2844 3825 2900 καὶ

2248 2942 2340 2999 δύο
2371 2948 2584 3010 ζῶντας,
2609 2944 2715 2999 λύει
2738 2943 2789 2999 δέ
2817 2947 2901 2999 καί
2918 2945 2975 2998 τό
3009 2943 3293 3013 ὁμοούσιον,
3317 2940 3515 3000 καὶτὰς
3540 2937 3689 3009 ἀνίας
3710 2958 3829 2992 συν⁶

2247 3034 2394 3097 ὁδους
2422 3038 2696 3104 ἐξωθεῖται,
2725 3041 2815 3096 τήν
2843 3057 2897 3092 τε
2929 3039 2977 3089 έν
3006 3037 3206 3109 Nimia,
3232 3036 3315 3089 καὶ
3349 3033 3399 3085 ἐν
3432 3048 3827 3086 Κωνσταντινου·

2248 3130 2414 3193 πόλει,
2456 3134 2541 3184 καί
2577 3136 2625 3183 ἰν
2664 3128 2964 3189 Χαλκηδόνι·
2999 3130 3121 3184 ἀλλά
3158 3131 3238 3183 καί
3408 3127 3552 3197 ἀνίαν
3592 3125 3826 3201 Παρθένον

2246 3226 2436 3297 Μαρίαν
2467 3229 2535 3294 μή
2563 3222 2976 3297 προσδεχόμενος
3006 3223 3345 3297 εύρεθήσεται·
3380 3224 3425 3274 εἰ
3448 3220 3544 3295 γάρ
3564 3224 3633 3290 μὴ
3661 3218 3713 3279 ἐξ
3733 3217 3825 3277 αὖ·

2245 3320 2335 3373 τῆς
2362 3313 2387 3368 ό
2416 3314 2574 3387 Λόγος
2604 3317 2882 3390 σαρκωθεὶς
2906 3315 3273 3389 ένηνθρὼπησε,
3296 3313 3375 3373 τίς
3400 3313 3547 3387 χρεία
3572 3309 3663 3368 τῆς
3684 3328 3819 3383 παρ-

2244 3408 2415 3470 θένους
2449 3406 2534 3463 διὰ
2564 3411 2614 3461 τί
2642 3407 2694 3463 δὲ
2725 3407 2750 3462 ὁ
2780 3408 2999 3482 Γαϐριὴλ
3030 3406 3170 3479 ἔλεγε
3201 3408 3330 3481 πρὸς
3368 3407 3531 3468 αὐτήν,
3563 3405 3632 3456 Τὸ
3670 3401 3814 3473 γενό-

2242 3519 2385 3571 μενον
2421 3500 2476 3552 ἐκ
2513 3508 2607 3554 σοῦ
2649 3498 2810 3572 ἅγιον,
2858 3501 3158 3558 κληθήσεται
3194 3499 3309 3558 Υίὸς
3337 3503 3493 3560 Θεοῦ,
3540 3497 3626 3548 καὶ
3667 3492 3821 3550 δῶσεε

2241 3592 2379 3661 αύτῷ
2408 3592 2433 3645 ὁ
2469 3594 2648 3666 κύριος
2677 3591 2703 3645 ό
2732 3592 2855 3651 Θεὸς
2884 3594 2971 3645 τὸν
3008 3588 3175 3666 θρόνον
3209 3588 3363 3645 Δαϐίδ
3390 3596 3482 3645 τοῦ
3516 3590 3714 3663 πατρὸς
3739 3589 3825 3643 αύ-

2237 3689 2329 3736 τοῦ
2358 3680 2531 3749 (Λούκ.
2565 3683 2647 3750 t);
2678 3686 2788 3736 Ἐπί
2826 3688 2959 3738 πᾶσι
2996 3681 3050 3737 δὲ
3077 3684 3277 3742 τούτοις
3305 3690 3414 3742 τοῖς
3453 3682 3704 3746 ἀσεϐέσι,
3740 3682 3825 3736 καὶ

2238 3774 2553 3846 βλασφήμοις
2595 3777 2754 3829 αὐτοῦ
2783 3776 3102 3848 τολμήμασι,
3147 3778 3234 3829 καὶ
3270 3779 3360 3832 τήν
3387 3775 3655 3849 τρισάγιον
3690 3772 3826 3830 λιτήν

2236 3870 2464 3922 νοθεῦσαι
2489 3869 2763 3938 βουληθείς,
2778 3866 2863 3923 διὰ
2887 3876 2976 3923 τοῦ
3000 3870 3217 3923 ἐνθέσθαι
3234 3869 3280 3920 έν
3300 3870 3452 3942 αὐτῇ,
3473 3886 3492 3918 ε
3514 3879 3570 3921 Ὁ
3592 3887 3827 3936 σταυρω-

2237 3964 2335 4021 θεὶς
2357 3960 2427 4016 δι’
2447 3964 2602 4033 ἡμᾶς,
2629 3980 2647 4013 ι
2674 3966 2835 4038 μυρία
2875 3960 3042 4018 ἄτοπα
3068 3965 3363 4035 εἰργάσατοῖ
3402 3966 3488 4015 καί
3512 3962 3680 4016 πολλὰ
3699 3957 3825 4033 παρ’

2237 4055 2396 4122 ἡμῶν,
2428 4057 2510 4109 καί
2536 4062 2629 4115 τῆς
2665 4054 2714 4108 έν
2740 4063 2946 4130 Χριστῷ
2984 4054 3313 4127 ἀδελφότητος
3337 4056 3478 4125 ἡμῶν
3514 4075 3593 4119 τε,
3620 4058 3704 4108 καὶ
3729 4060 3824 4108 rcis

2235 4147 2285 4199 έν
2323 4155 2386 4220 τῇ
2413 4149 2663 4222 ’Δνατολῇ,
2709 4151 2795 4202 καὶ
2831 4154 2923 4203 τοῦ
2966 4149 3361 4203 θεοσεϐεστάτου
3408 4148 3823 4225 ἀρχιεπισκόπου

2232 4242 2449 4291 ’Δκακίου
2492 4248 2582 4299 τῆς
2610 4240 2874 4314 παρ’ύμῶν
2902 4241 3322 4312 βασιλευομένης,
3366 4242 3452 4294 καί
3482 4240 3821 4312 φιλοχρίστου

2232 4328 2453 4391 πόλεως,
2484 4334 2824 4405 παραινεθείς,
2858 4332 3162 4409 ἐπιστρέψαι
3190 4331 3575 4390 ούκῆϐουλῆθη·
3607 4332 3693 4383 sui
3740 4328 3824 4384 διὰ

2231 4425 2385 4474 τοῦτο
2403 4426 2488 4473 νῦν
2507 4422 2535 4478 ἡ
2698 4428 2790 4477 τοῦ
2811 4427 2936 4477 Θεοῦ
2961 4421 3216 4488 ἐκκλησία,
3240 4428 3354 4481 ταῖς
3372 4427 3642 4494 μητρυιαῖς
3666 4421 3824 4479 αὐτῆς

552 4498 794 4588 ﬁdelium
821 4502 1382 4577 circumstringuutur,
1424 4509 1642 4567 dissolvi
1674 4528 1780 4568 non
1813 4517 2123 4585 permittas;

2241 4521 2445 4583 ρωναῑς,
2489 4516 2557 4574 ὡς
2594 4515 2725 4588 πρὸς
2751 4514 2838 4568 τόν
2876 4512 3062 4584 ἔξοχον
3091 4515 3247 4582 αὐτῆς
3278 4513 3387 4567 υίόν
3762 4514 3823 4566 ού

551 4584 765 4650 Dot’nini
789 4605 969 4652 autem
997 4598 1196 4655 Christi
1223 4610 1279 4658 et
1308 4603 1563 4676 unigeniti
1588 4605 1708 4662 Filii
1741 4577 1836 4665 Dei
1864 4577 2126 4667 laudatio;

2241 4603 2477 4659 παύεται’
2504 4602 2574 4656 Ὠ.
2596 4605 2898 4679 φιλόχριστε
2920 4606 3153 4676 βασιλεῦ,
3168 4614 3260 4665 τῆς
3280 4607 3405 4677 έμῆς
3424 4604 3714 4676 τιμιότητος
3737 4608 3824 4660 τὸν

551 4702 679 4771 nem
706 4691 1002 4762 transgredi
1031 4708 1137 4750 non
1164 4697 1463 4765 permittas,
1495 4708 1549 4755 et
1575 4716 1693 4771 quae
1722 4710 1952 4759 vestram
1989 4705 2124 4760 civi~

551 4768 713 4834 tatein
731 4782 1119 4850 periclitantem
1142 4786 1400 4845 salvavit:
1423 4790 1516 4846 sed
1539 4768 1792 4863 tanquam
1814 4797 2124 4865 angelorum

552 4868 895 4947 traditionem
926 4874 1322 4943 indepravatam
1350 4894 1628 4937 conserva.
1665 4883 1880 4941 Petrum
1912 4888 2125 4943 Arianae

548 4965 943 5030 superstitionis
970 4981 1271 5038 sequacem,
1301 4972 1368 5027 ab
1390 4973 1628 5031 Ecclesia
1659 4978 1995 5035 Antiochena
2025 4997 2125 5037 ex-

548 5052 709 5121 pelle.
739 5055 854 5121 Qua
890 5072 955 5112 ex
994 5073 1155 5114 causa
1180 5060 1373 5118 Petrus
1396 5065 1581 5120 scindit
1619 5079 1803 5123 uestem
1832 5087 1995 5125 meam
2034 5076 2122 5128 de-

547 5161 701 5215 super
728 5156 1013 5203 contextam
1035 5150 1250 5222 (blattlt.
1280 5154 1387 5222 ενι)
1412 5157 1435 5209 ?
1464 5156 1603 5213 Deus
1629 5168 1683 5213 et
1721 5159 1879 5216 Pater
1902 5164 2119 5219 manda-

548 5236 625 5293 vit
649 5240 875 5311 principi
911 5244 1275 5312 apostolorum
1304 5248 1429 5317 quid
1462 5261 1715 5306 vocarent
1744 5251 1959 5308 Filium.
1994 5255 2122 5325 Ejus

547 5331 854 5401 unigenitus
886 5333 1050 5389 Filius
1091 5335 1144 5390 in
1189 5338 1527 5395 confessione
1554 5340 1710 5409 primi
1760 5344 2120 5411 apostolorum

546 5418 789 5479 fundavit
808 5439 916 5493 me,
947 5436 1158 5483 sanctus
1195 5428 1424 5498 Spiritus
1446 5431 1683 5501 quotidie
1711 5441 1937 5488 testatus
1965 5436 2117 5506 mihi,

547 5511 763 5569 dicens:
798 5514 919 5571 Non
941 5519 1121 5589 judico
1149 5530 1198 5574 te
1229 5521 1359 5576 scire
1386 5522 1607 5593 aliquid,
1638 5524 1738 5579 nisi
1765 5524 1944 5580 Jesum
1966 5527 2120 5583 Chri-

547 5613 708 5672 stum,
731 5610 932 5665 ethunc
956 5614 1260 5684 cruciﬁxum
1285 5616 1466 5687 (Joan.
1494 5617 1630 5689 XIX).
1655 5618 1710 5675 Si
1738 5629 1919 5676 autem
1947 5621 2124 5677 inimi-

548 5694 631 5761 ci,
679 5696 958 5767 iucreduli,
1001 5705 1364 5773 insidiatores,
1397 5710 1485 5778 qui
1509 5717 1660 5765 extra
1692 5710 1854 5766 vitem
1888 5720 2035 5776 sunt,
2067 5720 2122 5769 et

538 5790 640 5861 qui
669 5792 995 5866 unigenitum
1033 5796 1226 5853 Filium
1281 5795 1376 5855 Dei
1424 5808 1808 5869 mactaverunt,
1840 5801 2115 5873 lapidave-

2233 4694 2437 4767 δεσμὸν,
2469 4698 2520 4750 έν
2552 4693 2591 4768 ᾦ
2619 4698 3038 4770 περισφίγγονται
3073 4697 3139 4750 τά
3170 4695 3332 4754 πλήθη
3365 4702 3467 4751 τῶν
3499 4702 3727 4758 πιστῶν,

2231 4793 2585 4862 συγχωρήσῃς
2611 4786 2925 4846 διαλυθῆναι⁶
2955 4793 3044 4847 τὴν
3064 4795 3154 4844 τοῦ
3180 4785 3439 4843 Δεσπότου
3464 4795 3711 4860 Χριστοῦ,
3736 4792 3822 4842 καὶ

2228 4888 2525 4954 μονογενοῦς
2562 4881 2679 4934 Υίοῦ
2724 4887 2813 4935 τοῦ
2858 4888 2984 4936 Θεοῦ
3024 4881 3307 4954 ἐπωνυμίαν
3349 4886 3420 4951 μὴ
3455 4884 3822 4952 συγχωρήσῃς

2228 4973 2663 5048 παραϐιασθῆναι⁶
2705 4977 2795 5031 τήν
2835 4974 3096 5045 τρισάγιον
3134 4972 3417 5044 ὑμνῳδίαν,
3458 4975 3569 5033 ἥτις
3610 4976 3694 5026 καί
3722 4978 3821 5032 τήν

2227 5047 2475 5138 ύμετέράν
2502 5064 2645 5118 πόλιν
2683 5062 2897 5119 διέσωσε
2927 5063 3331 5129 κινδυνεύουσαν,
3362 5072 3428 5126 ὡς
3456 5064 3679 5138 ἀγγᾶων
3709 5086 3823 5120 πα-

2227 5158 2455 5234 ράδοσιν,
2498 5158 2755 5213 ἀνόθευτον
2785 5157 3095 5231 διαφύλαξόν.
3126 5160 3308 5235 Πέτρον
3336 5159 3422 5213 τόν
3448 5166 3512 5233 τῇ
3539 5167 3820 5233 ’Δρειανιτῇ

2225 5252 2459 5328 θρησκείᾳ
2476 5252 2970 5313 ἐπακολουθήσαντα,
2993 5259 3083 5312 τῆς
3100 5259 3200 5307 τῶν
3224 5251 3526 5321 ’Δντιοχέων
3550 5251 3821 5311 ἐκκλησίας

2224 5344 2505 5400 ἀπέλασον⁶
2533 5345 2670 5405 τίνος
2697 5346 2838 5399 ἕνεκα
2864 5346 3046 5421 Πέτρος
3068 5350 3159 5404 τήν
3186 5345 3306 5416 ἐμήν
3334 5345 3507 5399 πίστιν
3535 5345 3817 5406 ἀθετήσας,

2226 5439 2429 5516 ῥηγνύει
2468 5444 2559 5493 τοῦ
2617 5438 2810 5508 κόσμου
2857 5442 2947 5496 τὴν
2994 5439 3229 5501 σύνεσινς
3260 5438 3396 5497 τίνος
3433 5436 3578 5491 ἕνεκα
3624 5437 3822 5511 Πέτρος

2229 5531 2428 5602 ῥηγνύει
2448 5532 2533 5585 τόν
2557 5532 2755 5601 χιτῶνά
2776 5551 2870 5602 μου
2898 5531 2981 5584 τόν
3003 5527 3183 5585 ἄνωθεν
3204 5530 3420 5603 ύφαντόν
3444 5528 3632 5599 (Μαι-θ.
3661 5530 3783 5597 lvt)
3803 5544 3818 5591 ;

2226 5630 2280 5676 '0
2290 5622 2413 5683 Θεὸς
2428 5626 2512 5676 καί
2526 5628 2695 5696 Πατήρ
2712 5622 2985 5677 ἐνετείλατο
2997 5630 3069 5691 τῷ
3082 5625 3351 5697 κορυφαίῳ,
3366 5624 3416 5677 τί
3431 5620 3533 5677 δέοι
3548 5621 3823 5679 καλεῖσθαι

2223 5716 2311 5769 τὸν
2353 5715 2508 5769 αὐτοῦ
2556 5713 2686 5769 Υίόν.
2722 5713 2780 5767 Ὀ
2830 5719 3095 5787 μονογενής
3135 5716 3252 5775 Υἱὸς
3279 5715 3329 5767 ἐν
3449 5712 3691 5785 ὁμολογίᾳ
3721 5720 3822 5767 τοῦ

2223 5808 2497 5878 κορυφαίου
2550 5812 2650 5860 τῶν
2697 5805 2991 5862 ἀποστόλων
3039 5805 3331 5874 έθεμελίωσέ
3394 5824 3482 5876 με.
3538 5805 3607 5861 τὸ
3664 5802 3823 5875 ἅγιον
