4090 6330
322 305 421 365 θει
774 285 787 292 ’
814 286 823 291 ”
1525 317 1878 378 EPISTOLAS

1991 322 2003 379 γ
2043 321 2378 383 nsan'rA.
3458 313 3568 416 θέε

322 431 463 489 runt,
478 430 682 480 vestem
708 423 853 483 illius
874 442 979 484 non
1000 427 1296 486 diviserunt
1312 438 1365 485 et
1389 429 1577 487 Petrus
1602 433 1721 489 ﬁdei
1750 450 1883 491 mea:

552 513 775 534 LM.-.
808 516 845 534 η
913 528 922 534 ,
992 520 1005 532 .
1052 520 1072 534 .
1128 521 1141 533 .
1460 523 1520 534 ..
1706 526 1716 534 .

1991 450 2188 514 Πνεῦμα
2211 442 2280 518 ἐφ’
2300 443 2520 507 ἑκάστης
2548 446 2945 528 διαμαρτύρεταί
2963 478 3065 528 μοι,
3093 460 3265 534 λίνων·
3294 475 3371 529 Μή

321 522 523 571 vestem
546 513 775 587 dirupit?
797 516 971 574 Porta
986 520 1141 591 inferi
1160 538 1262 576 non
1280 523 1624 591 praevalebunt
1646 526 1892 582 adversus

320 624 399 663 me
440 608 656 677 (Matth.
692 612 853 684 xix),
905 626 960 671 et
990 616 1182 672 Petrus
1212 626 1378 673 tentat
1408 634 1590 675 muros
1621 635 1769 676 meos
1795 621 1894 677 de-

319 699 538 757 moliri?
580 702 723 774 Ego,
754 704 994 775 piissime
1022 709 1332 780 imperator,
1363 720 1413 766 te
1441 711 1509 768 de
1536 712 1764 782 imperio
1794 729 1891 769 ex-

319 793 530 863 pulsum
547 809 732 851 rursus
752 794 1048 867 introduxi,
1070 810 1125 856 et
1153 802 1414 873 malignos
1433 817 1495 858 ac
1522 802 1893 860 inobedientes

319 884 456 940 meis
497 884 695 943 divinis
736 887 1074 958 dogmatibus
1114 891 1236 948 dedi
1293 906 1389 962 pro
1438 892 1711 963 sepultura
1765 902 1890 960 tua,

319 975 569 1046 viamque
594 981 847 1048 potentiae
883 982 1067 1051 aperui
1095 992 1220 1039 ante
1246 992 1318 1051 te,
1344 984 1586 1040 inimicos
1616 993 1738 1041 tuos
1767 1001 1892 1057 per-

319 1067 461 1123 cussi
486 1082 591 1123 una
620 1084 739 1125 cum
768 1070 949 1142 iniquo
974 1088 1162 1130 eorum
1200 1075 1470 1156 dogmate,
1500 1077 1770 1148 antiquam
1800 1090 1913 1148 por

320 1159 539 1215 tentiam
559 1163 819 1243 exquisivi
842 1166 933 1221 tibi
954 1181 983 1221 a
1002 1166 1112 1222 Deo
1131 1168 1186 1223 in
1200 1169 1321 1224 altis
1344 1181 1622 1240 regnante,
1640 1186 1703 1228 ex
1721 1181 1895 1243 quoet

318 1262 580 1333 regnante
602 1239 900 1325 sumpsisti.
923 1258 1149 1330 Respice
1172 1262 1238 1316 ad
1264 1239 1714 1331 predecessorem
1739 1239 1893 1319 tuum

317 1344 615 1415 piissimum
650 1347 1027 1419 imperatorem
1058 1352 1415 1420 Marcianum,
1445 1364 1498 1410 et
1543 1355 1688 1411 illius
1733 1356 1892 1413 ﬁdem

314 1436 545 1495 libenter
590 1442 958 1511 amplectere:
1012 1444 1316 1503 htereticam
1356 1449 1689 1520 tyrannidem
1748 1450 1893 1509 Petri

315 1548 478 1604 quam
516 1535 775 1593 citissime
797 1539 1007 1595 eradica
1028 1580 1045 1608 ,
1083 1541 1346 1598 Valentini
1376 1550 1431 1598 et
1470 1544 1779 1615 Eutychetis
1808 1546 1894 1601 di-

315 1624 580 1696 scipulum
609 1629 821 1698 expelle
845 1645 874 1685 a
903 1632 1115 1687 civitate
1150 1633 1307 1687 simul
1329 1642 1386 1689 et
1415 1634 1779 1691 ecclesiastico
1809 1651 1895 1692 re-

312 1718 533 1787 gimine,
564 1729 619 1775 et
640 1737 669 1776 a
698 1722 956 1793 dignitate
984 1725 1313 1782 bierarchica
1337 1727 1604 1798 dejectum
1625 1744 1743 1785 esse
1770 1744 1894 1786 san-

312 1903 482 1968 sime,
520 1905 691 1974 qualis
729 1906 783 1962 in
824 1908 1241 1968 Chalcedonensi
1284 1916 1490 1985 synodo
1517 1916 1890 1975 lindnbitabilis

311 1996 555 2054 defensio
584 1998 722 2056 facta
742 1987 847 2057 luit
868 2046 883 2070 ,
926 2013 981 2059 et
1008 2005 1201 2071 quibus
1229 2010 1548 2079 expugnavit
1574 2011 1888 2067 Eschinum

311 2090 504 2164 [juxta
530 2092 723 2164 Gram,
775 2102 896 2169 quae
925 2101 1157 2157 vindicta
1189 2103 1241 2158 in
1286 2105 1492 2163 hostem
1532 2108 1769 2180 tuum']
1794 2126 1809 2175 ;
1837 2118 1893 2165 et

314 2183 709 2257 divulgationes
739 2189 1005 2247 haeretica:
1027 2192 1285 2251 doctrina:
1307 2197 1451 2253 Petri
1473 2200 1747 2267 expedias.
1768 2200 1892 2257 Haec

310 2273 455 2346 legat
482 2288 664 2336 sancta
694 2280 786 2336 Dei
828 2284 1123 2353 apostolica
1153 2295 1207 2342 et
1233 2289 1492 2345 catholica
1537 2290 1801 2356 Ecclesia,
1833 2300 1891 2346 ut

308 2365 383 2420 ab
405 2366 517 2437 ipsa
539 2379 756 2442 propter
780 2375 1059 2444 praedictas
1088 2392 1277 2434 causas
1297 2380 1623 2450 depositum,
1646 2382 1712 2438 ad
1743 2398 1893 2439 com-

309 2460 621 2518 munionem
652 2480 758 2520 non
779 2469 1075 2539 suscipias:
1107 2471 1201 2525 sed
1229 2487 1325 2541 per
1352 2473 1562 2531 divinos
1588 2475 1767 2545 apices
1801 2491 1892 2531 ve-

310 2563 439 2610 stra:
467 2560 771 2617 serenitatis
797 2563 866 2618 ab
887 2566 1185 2620 Antiocbim
1209 2568 1443 2623 conﬁnio
1471 2571 1767 2640 propellite.
1786 2571 1890 2627 Pro

310 2644 432 2715 ipso
465 2657 642 2706 autem
683 2654 990 2711 constituite
1031 2657 1204 2721 virum
1251 2660 1501 2729 operibus
1531 2662 1889 2720 sacerdotium

310 2749 615 2808 ornantem,
638 2745 1022 2817 custodemque
1045 2748 1350 2818 diligentem
1379 2760 1577 2806 sanctas
1597 2753 1891 2808 Chalcedo-

310 2832 497 2889 nensis
547 2836 773 2906 synodi,
814 2847 868 2893 et
904 2853 1089 2895 eorum
1126 2856 1247 2910 qua:
1289 2841 1343 2897 in
1382 2858 1444 2898 ea
1489 2844 1699 2898 ﬁrmata
1743 2854 1885 2899 sunt.

309 2924 663 2996 Omnipotens
710 2929 851 2985 Deus
891 2931 1159 2989 custodiat
1211 2941 1441 2991 vestram
1492 2938 1783 3006 potentiam
1835 2940 1890 2993 in

314 3031 450 3087 pace
477 3032 709 3090 semper.

3398 496 3571 552 κρίνῃς

1997 536 2173 594 εἰδέναι
2203 561 2273 604 τιν
2310 544 2355 594 εί
2382 546 2451 612 μή
2480 542 2669 603 Ἰησοῦν
2696 553 2942 625 Χριστὸν,
2974 559 3057 610 καί
3096 566 3276 617 τοῦτον
3308 564 3568 652 ἕσταυρω-

2048 632 2057 647 ⁵
2170 632 2224 652 Ι..
2283 635 2291 648 σ
2384 651 2389 652 ,
2420 636 2494 652 c,,\
2574 649 2591 652 _
2610 639 2623 652 ι
2659 642 2672 652 ι
2727 642 2747 652 Α
2819 646 2829 652 .
2875 647 2886 652 -
2990 648 3005 652 -

1996 632 2137 725 μένον
2168 632 2347 701 (Ἱωάν.
2382 636 2517 704 χιι).
2564 639 2623 692 οἱ
2650 642 2831 716 ιχθροε
2864 647 3103 715 ἀπειθεῖς,
3138 652 3183 705 οε
3211 632 3490 725 ἐπίϐουλοι..
3521 666 3571 721 οι

1997 720 2098 786 ἔξω
2122 731 2213 778 τοῦ
2242 726 2559 796 ἀμπελῶνος,
2593 733 2675 786 τόν
2710 746 2948 807 μονογενῆ
2970 747 3096 794 Θεοῦ
3124 743 3234 799 Υίόν
3261 753 3567 822 σφαγιάσανο

1996 834 2100 877 τες,
2131 818 2213 870 καί
2239 817 2666 889 λιθοϐολῆσαντες,
2690 827 2773 878 καί
2794 836 2871 900 τῷ
2890 829 3020 901 ξύλῳ
3039 839 3131 886 τοῦ
3155 847 3379 912 σταυροῦ
3402 863 3567 915 προσ-

1996 912 2266 977 πήξαντες,
2299 916 2357 967 οῦ
2388 912 2564 971 διεῖλον
2599 920 2683 973 τόν
2712 922 2869 977 αὐτοῦ
2899 933 3115 994 χιτῶνα·
3156 934 3237 985 καί
3264 936 3448 1010 Πέτρος
3475 946 3567 1002 τῆς

1996 1006 2221 1066 πίστεώς
2248 1027 2346 1076 μου
2375 1010 2460 1063 τὸν
2502 1018 2704 1082 χιτῶνα
2745 1011 3030 1090 διαρρήξας
3062 1022 3114 1075 αὲ
3137 1031 3225 1078 τοῦ
3257 1024 3382 1098 ᾅδου
3411 1028 3569 1089 πύλαι

1997 1098 2082 1150 οὐκ
2104 1096 2334 1169 ἴσχυσαν
2366 1102 2479 1155 κατ’
2496 1103 2617 1173 ἐμοῦ
2643 1104 2821 1174 (Mat-ro.
2856 1109 3097 1189 ιιι),,καί
3118 1096 3303 1194 Πέτρος
3329 1129 3568 1199 πειρᾶται

1996 1192 2052 1246 τό
2079 1194 2257 1264 τεῖχός
2283 1216 2382 1266 μου
2429 1198 2750 1255 καταϐαλεῖν·
2793 1202 2921 1273 ἐγὼ,
2964 1207 3293 1268 εύσεϐίστατε
3332 1216 3566 1287 βασιλεῦ,

1998 1286 2271 1342 semotum
2311 1310 2369 1342 σε
2421 1297 2510 1350 τῆς
2553 1292 2814 1361 βασιλείας
2863 1299 3058 1359 ταύτης
3103 1286 3444 1381 ἐπανήγαγον,
3490 1316 3571 1369 καί

1998 1379 2119 1437 τοὺς
2147 1382 2415 1455 πονηρούς,
2443 1384 2522 1435 καὶ
2549 1383 2774 1447 ἀπειθεῖς
2801 1394 2899 1441 τῶν
2928 1390 2980 1443 ίν
3006 1392 3117 1462 ἐμοὶ
3140 1396 3281 1450 θείων
3309 1379 3572 1472 δογμάτων

1997 1465 2187 1523 δέδωκα
2229 1472 2341 1526 άντί
2389 1482 2551 1546 ταφῆς
2588 1495 2705 1538 σου.
2744 1475 3004 1551 δυνάμεώς
3038 1504 3089 1538 τε
3120 1482 3229 1540 ὁδὸν
3266 1465 3453 1557 ἠνδαλξα
3481 1493 3570 1567 ἴμ-

1995 1561 2211 1631 προσθέν
2240 1578 2356 1615 σου’
2387 1565 2508 1623 τούς
2534 1568 2658 1625 σούς
2693 1567 2911 1643 ἐχθρούς
2935 1574 3284 1635 καταϐέϐληκα
3316 1585 3447 1650 μετά
3473 1561 3568 1640 τοῦ

1996 1652 2234 1721 ἀθεμίτου
2271 1656 2432 1709 αὐτῶν
2460 1655 2729 1730 δόγματος.
2763 1662 2829 1714 Τό
2866 1664 3093 1735 ἀρχαῖον
3119 1670 3299 1745 κράτος
3328 1675 3572 1739 ἐξητησά-

1964 1786 1965 1789 η
1996 1765 2095 1813 μην
2122 1766 2203 1800 σοι
2228 1750 2372 1821 παρά
2399 1755 2489 1802 τοῦ
2520 1751 2569 1802 ἐν
2595 1750 2832 1821 ὑψίστοις
2859 1755 3218 1825 βασιλεύοντος
3245 1772 3395 1831 Θεοῦ,
3425 1771 3476 1833 ἐξ
3510 1768 3571 1826 οὗ

312 1810 442 1866 cito.
472 1811 757 1885 Conspice,
786 1817 1121 1876 sanctissime
1150 1819 1222 1874 ﬁli
1252 1830 1306 1876 et
1335 1822 1627 1892 imperator
1656 1825 1891 1881 invictis-

1996 1841 2079 1891 καί
2115 1839 2172 1892 τό
2205 1840 2493 1909 βασιλεύειν

2529 1841 2749 1916 εἴληφας.
2798 1846 3104 1921 ’Δπόϐλεψον
3133 1858 3201 1916 ετς
3229 1860 3316 1913 τόν
3345 1882 3572 1937 προηγη-

1992 1925 2210 2000 σάμενόν
2252 1952 2347 1985 σου
2386 1935 2756 1992 εὐσεϐέστατον
2798 1940 3006 2012 βασιλέα
3043 1949 3344 2020 Μαρκιανόν,
3374 1956 3457 2007 καί
3485 1960 3575 2014 τήν

1995 2021 2178 2075 ἐκείνου
2216 2026 2390 2079 πίστιν
2430 2026 2659 2096 ἀσμένως
2688 2031 2944 2096 ἀσπάζου.
2971 2040 3070 2094 Ἰκὴν
3108 2038 3357 2109 αἱρετικὴν
3386 2046 3571 2122 Πέτρου

1994 2112 2261 2185 τυραννίδα
2297 2113 2379 2169 διὰ
2411 2119 2614 2187 τάχους
2651 2122 2938 2195 ἰκρίζωσον⁶
2980 2132 3072 2181 τοῦ
3114 2131 3458 2200 Οὐαλεντίνου,
3489 2140 3572 2191 καί

1994 2205 2265 2274 Εὐτυχέως
2300 2209 2522 2275 μαθητήν
2564 2210 2839 2277 άποδίωξον
2873 2225 2964 2276 τῆς
3011 2220 3347 2297 ἀκροπόλεως,
3371 2230 3573 2289 καὶτῆς

1994 2297 2401 2361 ἔκκλησιαστικῆς
2428 2300 2743 2371 διοικήσεως,
2768 2307 2875 2377 ἅμα
2898 2316 2989 2364 τοῦ
3016 2312 3266 2387 ἱερατικοῦ
3287 2319 3573 2389 ἀξιώματος

1995 2393 2356 2462 κατενεχθῆναι
2396 2396 2693 2451 θεσπίσατε.
2738 2403 3023 2475 Θεὼρησον,
3056 2401 3095 2457 ὦ
3122 2411 3433 2475 γνησιώτατε
3471 2414 3571 2479 vii,

1995 2485 2078 2536 καί
2123 2484 2341 2540 ἀήττητε
2374 2486 2631 2557 βασιλεῦ,
2675 2488 2824 2545 όποία
2865 2500 2927 2567 τῇ
2975 2494 3022 2547 ἐν
3061 2496 3335 2555 Χαλκηδόνι
3376 2501 3573 2577 συνόδῳ

1994 2577 2441 2649 ἀναμφισϐήτητος
2470 2579 2720 2642 ἐκδίκησις
2765 2585 2956 2655 γέγονε,
2982 2589 3067 2640 καί
3096 2595 3184 2643 τοῦ
3212 2598 3304 2645 σοῦ
3332 2593 3573 2665 πολεμίου

1996 2665 2265 2727 ἐκδίκησις·
2300 2673 2386 2722 καί
2423 2679 2513 2730 τῆς
2549 2674 2803 2748 αἱρετικῆς
2849 2674 3175 2741 διδασκαλίας
3215 2684 3407 2755 Πέτρου
3454 2690 3575 2747 τοὺς

1997 2755 2187 2827 δήμους
2228 2759 2558 2836 ἐκλύτρωσον.
2596 2769 2771 2819 Ταῦτα
2813 2769 3091 2836 πρεσϐεύει
3118 2774 3149 2829 ἡ
3182 2772 3304 2845 ἁγία
3342 2782 3433 2830 τοῦ
3463 2779 3572 2832 θεοῦ

1994 2850 2213 2909 καθολικο
2257 2856 2339 2906 καί
2376 2854 2683 2915 ἀποστολική
2730 2858 2999 2925 ἐκκλησία,
3043 2863 3128 2918 ἶνα
3163 2865 3250 2919 τὸν
3291 2866 3380 2919 ὑπ’
3420 2870 3574 2930 αὐτῆς

1992 2945 2342 3018 καθαιρεθέντα
2373 2945 2456 3005 διὰ
2483 2949 2573 3007 τὰς
2601 2951 2860 3023 εἰρημένας
2889 2956 3073 3018 αἰτίας,
3108 2959 3180 3015 εἷς
3208 2960 3456 3013 κοινωνίαν
3482 2967 3573 3015 τοῦ

1991 3037 2167 3091 λοιποῦ
2206 3045 2276 3109 μή
2304 3039 2672 3115 προσδέξησθε,
2703 3045 2825 3098 ἀλλά
2862 3043 2946 3101 διά
2974 3049 3115 3101 θείων
3145 3049 3288 3119 ὑμῶν
3314 3050 3575 3107 συλλαϐῶν

307 3117 401 3169 τῆς
444 3111 744 3184 ’Δντιοχίων
780 3116 970 3177 πόλεως
1018 3117 1239 3195 μεθόριον
1281 3122 1509 3192 γίνεσθαι
1554 3126 2004 3199 παρασκευάσητε,
2035 3130 2140 3184 ἀντ’
2171 3132 2323 3185 αὐτοῦ
2355 3130 2408 3186 δὲ
2438 3144 2766 3193 καταστῆσαι
2800 3134 2959 3213 ἄνδρα
2994 3137 3153 3217 ἔργοις
3179 3147 3268 3201 τήν
3298 3144 3576 3219 ἱερωσύνην

309 3210 615 3276 κοσμοῦντα,
646 3206 836 3277 φύλακά
874 3230 927 3264 τε
949 3211 1133 3286 ἀκριϐῆ
1164 3222 1254 3273 τῆς
1282 3216 1333 3268 ἐν
1352 3212 1623 3274 Χαλκηδόνι
1652 3215 1799 3287 ἁγίας
1822 3216 2058 3287 συνόδου,
2091 3224 2174 3276 καὶ
2199 3229 2296 3275 τῶν
2322 3224 2371 3275 ἐν
2403 3225 2533 3297 αὐτῇ
2561 3225 2950 3295 βεϐαιωθίντων.
3002 3241 3058 3285 '0
3087 3236 3448 3310 παντοκράτωρ
3471 3238 3575 3297 θεὸς

310 3295 600 3370 διαφυλάξοι
645 3301 702 3356 τὸ
751 3302 990 3380 ύμέτερον
1028 3308 1213 3381 κράτος
1239 3307 1288 3363 ἕν
1318 3311 1482 3383 εἰρήνη
1510 3308 1807 3373 διαπαντός.

856 3411 883 3452 δ
907 3414 1241 3475 EPISTOLA
1282 3418 1368 3473 Vl.

914 3523 982 3561 AD
1019 3524 1267 3565 Αοεοιυιι.

314 3612 334 3646 ⁸
363 3613 608 3668 Acacium
643 3631 847 3672 munere
872 3620 1178 3701 sacerdotali
1206 3631 1253 3675 et
1280 3623 1510 3691 ﬁdelium
1539 3628 1889 3684 communione

1005 3702 1192 3757 prmat.

385 3801 405 3832 ²
429 3798 574 3856 Felix
601 3800 884 3872 episcopus
922 3813 1120 3861 sanctae
1151 3806 1403 3864 Ecclesiae
1441 3809 1719 3866 catholica:
1747 3811 1892 3869 urbis

313 3890 521 3956 Bonam,
553 3894 765 3949 Acacio.

383 3980 669 4037 Multarum
703 3988 1188 4058 transgressionum
1220 3994 1474 4062 reperiris
1503 3996 1799 4065 obnoxius,
1839 4005 1894 4053 et

308 4072 367 4127 in
400 4076 726 4132 venerabilis
753 4080 963 4135 concilii
1005 4081 1203 4137 Nicaeni
1244 4087 1573 4144 contumelia
1594 4103 1737 4158 saepe
1765 4104 1889 4143 ver-

307 4170 488 4231 satus,
535 4165 832 4223 alienarum
876 4171 970 4225 tibi
1013 4175 1403 4241 provinciarum
1438 4178 1557 4247 jura
1609 4182 1891 4237 temerarie

307 4250 610 4309 vindicasti.
644 4254 935 4315 Htereticos
961 4262 1164 4332 laupple
1185 4263 1258 4336 et]
1286 4281 1620 4335 pervaseres,
1642 4279 1802 4339 atque
1823 4272 1890 4326 ab

242 4382 257 4395 .
305 4342 577 4401 haereticis
606 4348 913 4416 ordinatos,
947 4364 1001 4409 et
1028 4371 1163 4425 quos
1190 4359 1302 4427 ipse
1331 4360 1701 4427 damnaveras,
1732 4375 1890 4435 atque

304 4435 381 4489 ab
417 4439 707 4506 apostolica
734 4443 971 4500 institisti
1003 4445 1077 4517 [id
1107 4457 1179 4503 est
1200 4490 1214 4514 ,
1249 4452 1445 4524 petisti]
1472 4454 1886 4527 sedc‘damnari,

305 4539 421 4581 non
452 4529 612 4584 modo
639 4535 1002 4590 communioni
1034 4546 1137 4593 tuae
1165 4541 1501 4610 recipiendos
1530 4549 1760 4613 putasti,
1794 4562 1890 4603 ve-

298 4634 429 4675 rum
451 4623 613 4677 etiam
638 4623 760 4680 aliis
783 4625 1061 4695 Ecclesiis,
1085 4632 1225 4701 quod
1256 4648 1353 4688 nec
1376 4634 1445 4689 de
1471 4637 1749 4693 catholicis
1775 4638 1889 4693 ﬁeri

301 4852 459 4907 nodi.

379 4920 406 4960 δ
449 4922 572 4980 llaec
598 4927 831 5003 epistola,
866 4930 1119 5000 synodica
1168 4942 1281 4999 est,
1306 4935 1501 5003 scripta
1555 4951 1621 4992 ex
1655 4938 1886 4992 concilio

297 4994 552 5074 Romano
590 4994 648 5059 tt,
689 4994 1035 5074 continetque
1064 5018 1182 5058 eam
1216 4994 1569 5061 anathematis
1597 5018 1653 5062 et
1676 5008 1886 5074 deposi-

298 5065 469 5146 tionis
489 5065 962 5147 sententiamque
986 5082 1104 5147 post
1133 5089 1307 5147 causze
1331 5075 1637 5146 diligentem
1664 5065 1885 5147 inquisi-

296 5136 525 5201 tionem,
545 5139 778 5193 omnium
802 5136 1018 5196 decreto
1046 5144 1148 5199 lata
1172 5154 1255 5201 est
1282 5146 1334 5201 in
1357 5136 1609 5203 Acacium
1628 5136 1888 5204 Con'stan-

297 5206 745 5285 tinopolitanum,
762 5227 986 5285 qumque
1007 5214 1074 5270 ad
1093 5217 1337 5272 eumdem
1366 5218 1881 5285 ConstantinOpolim

299 5276 648 5343 transmissa,
689 5276 745 5334 et
779 5276 846 5335 ab
883 5276 971 5358 illo
1021 5296 1295 5358 recusata,
1329 5290 1571 5342 tnonnchi
1601 5276 1878 5358 cujusdam

296 5361 465 5417 opera
497 5361 755 5423 suspensa
785 5361 864 5406 est
886 5355 950 5408 ad
983 5357 1194 5423 pallium
1232 5361 1409 5417 Acacii
1433 5400 1445 5421 .
1476 5360 1600 5414 dum
1633 5355 1698 5413 ad
1725 5375 1879 5415 sacra

297 5419 609 5499 peragenda
643 5434 909 5499 pergeret.
944 5419 1059 5499 Quo
1098 5426 1238 5482 laeto
1270 5444 1333 5487 eo
1362 5419 1581 5485 insaniae
1614 5432 1874 5499 prorupit,

294 5494 367 5543 ut
391 5487 695 5545 Dioscoruin
729 5487 1142 5551 alexandrinum
1167 5499 1400 5553 imitatus
1424 5539 1435 5564 ,
1466 5487 1659 5556 nomen
1686 5487 1881 5558 Felicis

377 5603 397 5685 ξ
428 5605 573 5685 l_l_anc
592 5608 868 5685 epistolam
894 5611 1021 5685 citat
1036 5612 1333 5685 Liberatus,
1358 5630 1476 5685 cap.
1498 5616 1583 5670 18.
1610 5615 1872 5671 Ηιιιουικ.

377 5676 398 5706 ²
440 5677 583 5755 lianc
613 5678 807 5755 Eelicis
837 5681 887 5755 in
919 5682 1167 5738 Acacium
1186 5676 1500 5741 sentcntiam
1530 5694 1685 5755 putat
1716 5686 1873 5742 Vale-

290 5746 417 5808 sius
443 5748 688 5815 datamin
715 5754 919 5823 synodo
937 5755 1169 5809 Romana
1191 5771 1225 5809 ιι
1252 5769 1435 5813 contra
1467 5746 1744 5823 Acacium,
1775 5759 1870 5815 sed

382 4782 754 4868 '“Basiliscum
784 4786 1036 4859 intelligit
1079 4790 1285 4847 hostem
1316 4793 1769 4852 Chalcedonensis
1796 4812 1886 4868 sy-
1910 4799 1965 4859 D

1916 3425 1965 3489 Ω
1999 3436 2205 3495 poterat
2236 3429 2524 3500 praesidere
2560 3431 2759 3497 fecisti;
2802 3443 2976 3491 autem
3028 3437 3158 3509 [lege
3195 3439 3378 3511 atque]
3414 3442 3577 3499 etiam

1994 3519 2306 3592 honoribus,
2324 3538 2457 3592 quos
2469 3538 2575 3578 non
2591 3526 2954 3594 merebantur,
2968 3530 3190 3585 auxisti.
3209 3532 3459 3587 Testatur
3476 3534 3577 3591 hoc

1991 3612 2255 3680 Joannes,
2289 3629 2445 3684 quem
2486 3631 2516 3668 a
2549 3618 2823 3673 catholicis
2854 3619 3105 3689 Apameae
3134 3637 3239 3676 non
3270 3634 3568 3695 receptum,

1995 3706 2314 3775 pulsumque
2338 3706 2405 3762 de
2426 3707 2705 3763 Antiochia
2724 3753 2738 3776 ,
2772 3710 2948 3780 Tyriis
2974 3712 3242 3780 perlecisti
3264 3712 3452 3786 [Forte
3476 3717 3575 3789 leg.

1996 3796 2303 3867 praelecisti]
2323 3815 2335 3851 :
2354 3797 2761 3864 et'llumerius,
2788 3810 2915 3855 tunc
2936 3800 3003 3855 de
3037 3801 3285 3858 diaconio
3311 3804 3573 3875 deiectus,

1994 3898 2154 3958 atque
2183 3888 2468 3944 Christiani
2506 3890 2736 3946 nominis
2776 3892 3134 3960 appellatione
3160 3896 3419 3965 privatus,
3460 3912 3490 3951 a
3528 3907 3579 3955 te
3616 3961 3625 3969 ν

1994 3983 2152 4037 etiam
2184 3983 2235 4037 in
2261 3982 2578 4053 presbyterii
2600 3993 2879 4052 provectus
2900 3984 3161 4041 ofﬁcium.
3198 3988 3425 4057 thuasi
3457 3990 3573 4046 haec

1994 4079 2203 4132 minora
2226 4076 2320 4132 tibi
2352 4077 2681 4144 viderentur,
2707 4078 2757 4132 in
2784 4078 2953 4147 ipsam
2976 4078 3235 4135 doctrinae
3260 4082 3572 4150 apostolica:

1994 4170 2275 4226 veritatem
2298 4185 2430 4224 ausu
2454 4169 2716 4239 superbiae
2739 4180 2841 4225 tua:
2864 4170 2992 4243 [lege
3007 4186 3166 4227 ausus
3186 4182 3302 4228 tuos
3319 4181 3372 4227 et
3392 4188 3452 4228 su
3461 4189 3579 4243 per-

1993 4262 2158 4334 biam]
2174 4263 2444 4319 tetendisti
2472 4282 2483 4316 :
2509 4273 2568 4318 ut
2590 4263 2801 4333 Petrus,
2818 4281 2975 4335 quem
2993 4266 3302 4323 damnatum
3325 4284 3356 4323 a
3377 4277 3577 4326 sanctae

1995 4364 2268 4417 memoria:
2291 4363 2575 4421 decessore
2587 4380 2706 4421 meo
2726 4366 2839 4435 ipse
2865 4367 3146 4433 retuleras,
3161 4367 3577 4425 sicuttestantur

1993 4467 2231 4516 annexa.
2282 4454 2420 4509 beati
2471 4458 2812 4527 evangelista:
2855 4457 3017 4512 Marci
3068 4457 3249 4514 sedem
3295 4467 3348 4513 te
3391 4460 3578 4514 conni-

1992 4556 2151 4602 vente
2180 4548 2308 4619 (lege
2327 4548 2594 4621 iubente].
2625 4565 2812 4605 rursus
2841 4550 3151 4615 invaderet,
3179 4560 3233 4605 et
3264 4550 3456 4619 fugatis
3482 4566 3574 4607 or-

1996 4637 2242 4691 thodoxis
2271 4639 2538 4707 episcopis
2566 4648 2620 4692 et
2648 4638 2887 4704 clericis,
2916 4640 2996 4693 sui
3028 4637 3211 4708 procul
3238 4638 3399 4694 dubio
3425 4640 3573 4696 simi-

1993 4812 2141 4866 papae
2177 4811 2209 4851 e
2261 4796 2430 4851 sacris
2484 4794 2751 4866 diptyehis
2793 4795 3028 4864 tolleret,
3078 4806 3236 4866 atque
3282 4795 3573 4855 catholicos

1992 4865 2298 4939 episcopos,
2331 4866 2636 4939 subrogatis
2669 4865 2938 4922 literetlcis
2956 4876 3008 4922 et
3026 4865 3329 4937 infamibus,
3352 4868 3573 4939 sedibus

1990 4936 2101 4993 suis
2132 4938 2543 4993 exterminaret.
2570 4936 2763 5007 Verum
2802 4952 2907 4992 non
2937 4953 3099 5007 super
3126 4936 3346 5007 regnum
3378 4947 3432 4993 et
3472 4938 3575 4994 im-
3652 4964 3655 4965 ν

1992 5009 2196 5078 perium
2220 5008 2373 5064 inniti
2398 5007 2581 5079 sedem
2604 5006 2975 5079 apostolicam,
2997 5006 3091 5064 sed
3115 5006 3276 5079 super
3298 5007 3569 5064 Christum

1989 5079 2190 5150 Regem
2230 5094 2412 5150 regum
2443 5087 2498 5134 et
2540 5077 2825 5133 Dominum
2858 5077 3267 5145 dominantium,
3312 5080 3424 5147 ipse
3471 5093 3571 5150 suo

1991 5148 2203 5232 tandem
2232 5148 2487 5232 expertus
2512 5159 2593 5204 est
2615 5150 2832 5232 damno,
2849 5150 3088 5232 quando.
3102 5164 3298 5232 nomen
3337 5148 3571 5232 hominis

1990 5221 2413 5277 ambitiosissimi
2441 5228 2497 5274 et
2517 5220 2971 5289 arrogantissimi,
3001 5222 3089 5290 qui
3130 5235 3256 5275 suas
3286 5220 3451 5288 ipsius
3492 5223 3571 5273 vi-

1993 5294 2166 5346 ventis
2196 5291 2450 5370 imagines
2472 5290 2525 5345 in
2554 5291 2778 5370 ecclesia
2805 5290 3044 5370 dedicari
3072 5306 3261 5370 pa_ss_us
3289 5298 3373 5370 est
3391 5330 3405 5354 ,
3429 5304 3461 5343 e
3484 5303 3569 5343 sa-

1985 5364 2092 5416 cris
2126 5363 2317 5417 tabulis
2347 5362 2503 5431 plane
2531 5361 2789 5416 abolitum
2834 5361 2931 5415 luit
2955 5402 2969 5422 .
3020 5360 3087 5415 ut
3124 5360 3260 5416 infra
3306 5360 3567 5431 dicemus;

1992 5432 2125 5504 Yide
2155 5429 2399 5504 Liberet.
2422 5432 2548 5504 intr.
2579 5446 2698 5504 cap.
2734 5432 2835 5498 l8;
2865 5430 3091 5504 Niceph.
3132 5432 3224 5489 ιιι).
3255 5445 3349 5497 vn,
3379 5445 3428 5486 c.
3461 5429 3566 5495 i7;

1984 5503 2184 5560 Baron.
2221 5519 2308 5558 an.
2341 5502 2468 5559 484.
2491 5501 2618 5559 Sev.
2649 5503 2848 5559 Bmws.

1980 5617 2159 5689 datam
2206 5618 2371 5675 fuisse
2426 5618 2482 5673 in
2525 5619 2697 5688 prima
2744 5617 2852 5675 late
2897 5618 3085 5689 probat
3124 5616 3315 5689 Pagius
3359 5615 3426 5673 ad
3474 5630 3563 5671 an.

1981 5688 2079 5744 Ch.
2112 5688 2244 5760 £85,
2283 5689 2394 5760 n.79
2422 5699 2474 5743 et
2498 5703 2617 5760 seq.

2054 5759 2074 5792 ⁸
2111 5759 2272 5816 Forte
2303 5758 2595 5816 Himerius.
2626 5758 2891 5819 ﬂauum.
