4090 6330
540 266 547 271 ’
602 276 709 335 92's

1894 272 2155 331 FELICIS
2193 271 2394 331 ΡΔΡΑΞ.
2434 272 2500 329 Ill

3734 283 3844 343 Ωιι

573 394 655 455 les
671 394 973 460 ordinaret;
1006 392 1263 463 pulsoque
1287 403 1354 447 eo
1377 388 1468 460 qui
1495 386 1605 444 illic
1633 388 1805 443 fuerat
1834 388 2149 458 regulariter
2176 390 2228 452 Α
2260 387 2513 444 Ecclesiae
2567 384 2844 445 catholicae
2889 389 3034 446 urbis
3080 390 3266 448 Romae
3296 393 3611 464 subscripsi.
3644 392 3781 452 Data
3810 414 3845 455 v

573 488 920 551 constitutus,
960 484 1224 554 captivam
1264 489 1471 539 teneret
1507 480 1824 537 Ecclesium.
1857 479 2021 549 Cujus
2056 479 2150 535 tibi

572 580 707 637 adeo
734 588 882 651 grate
912 592 1139 650 persona
1165 585 1247 633 est
1266 617 1281 644 ,
1311 587 1366 632 et
1390 575 1619 631 ministri
1647 574 1765 644 ejus
1785 575 1985 644 accepti
2015 574 2153 645 [lege

574 671 926 733 ministerium
956 670 1073 740 ejus
1097 666 1435 739 acceptum],
1461 676 1518 723 ut
1542 668 1822 737 episcopos
1846 674 1899 721 et
1927 666 2152 721 clericos

574 766 837 838 plurimos
864 764 1194 821 orthodoxos
1213 805 1227 829 ,
1259 776 1402 822 nunc
1430 760 1561 834 [lege
1602 759 1748 831 tunc]
1778 758 2155 815 Constantino-

574 862 736 934 polim
767 860 1076 924 venientes,
1110 855 1377 927 detegaris
1407 854 1644 925 affligere
1665 898 1681 923 ,
1719 860 1774 909 et
1801 851 2155 923 apocrisarios

574 955 692 1024 ejus
737 952 1059 1019 confovere,
1105 958 1265 1019 atque
1310 946 1850 1004 anathematizantem
1909 942 2154 1000 eumdem

577 1049 791 1107 Petrum
815 1043 1268 1101 Chalcedonensis
1291 1041 1504 1098 decreta
1534 1040 1765 1103 concilii,
1788 1047 1843 1093 et
1867 1032 2189 1093 violantem'

574 1146 775 1193 sancta:
805 1135 1078 1214 memoriae
1110 1133 1374 1189 Timothei
1405 1133 1731 1203 sepulturam
1754 1173 1769 1199 ,
1801 1130 1941 1187 sicut
1964 1130 2031 1185 ad
2060 1144 2157 1185 nos

575 1231 836 1287 certiores
880 1245 1022 1285 nunc
1049 1242 1260 1299 quoque
1302 1228 1470 1282 nuntii
1510 1226 1847 1296 detulerunt,
1885 1240 1980 1296 per
2006 1223 2160 1280 Mise-

575 1336 701 1388 num
736 1332 790 1377 et
822 1321 1049 1376 Vitalem
1092 1319 1384 1376 credideris
1413 1317 1546 1392 [lege
1576 1314 1860 1388 crederes]
1899 1332 2159 1373 excusan—

576 1413 701 1469 dum
734 1432 745 1467 :
776 1429 875 1468 nec
912 1404 1033 1469 eum
1066 1413 1281 1468 laudare
1311 1413 1534 1468 desieris
1572 1411 1714 1484 [lege
1742 1411 2072 1484 desineres],
2106 1420 2160 1468 et

576 1506 757 1565 multis
781 1504 971 1562 cfl‘erre
1003 1505 1311 1575 prmconiis,
1344 1505 1416 1560 ita
1446 1516 1501 1560 ut
1526 1505 1922 1560 damnationem
1956 1505 2150 1575 ipsius,

576 1614 735 1670 quam
762 1610 884 1653 ante
914 1598 1202 1664 retuleras,
1235 1613 1414 1653 veram
1444 1614 1550 1653 non
1580 1598 1743 1654 fuisse
1768 1597 1986 1668 iactaris
2018 1596 2161 1670 [lege

575 1689 857 1761 jactares].
900 1688 1127 1746 Tantum
1166 1698 1343 1746 autem
1376 1705 1685 1760 perseveras
1714 1691 1767 1745 in
1799 1691 2032 1746 hominis
2060 1692 2157 1746 de-

2254 478 2461 534 ealend.
2496 479 2714 549 Augusti
2734 477 3073 549 (am-Christi
3099 481 3249 553 484),
3280 472 3542 540 Venanlio
3574 487 3694 541 viro
3722 489 3834 543 cla-

2255 569 2467 626 rissimo
2495 570 2731 626 consule.
2780 569 2950 627 Simul
2989 571 3058 628 67
3088 568 3312 647 episcopi
3347 575 3534 648 absque
3556 593 3693 651 papa
3723 577 3847 634 sub-

2254 662 2584 733 scripserunt.

2767 767 2794 796 ⁸
2834 757 3160 815 EPISTOLA
3205 760 3318 817 VII.

2686 864 2753 903 AD
2796 863 3081 905 UNIVBRSOS
3123 865 3416 909 EPISCOPOS.

2259 943 2452 1002 Statuit
2481 945 2735 1017 quomodo
2761 947 2847 1013 qui
2877 946 3181 1017 rebaptizati
3202 958 3319 1004 sunt
3344 950 3412 1003 ad
3455 948 3743 1005 Ecclesium
3764 964 3850 1006 cal

2685 1016 2925 1071 tholicam
2960 1016 3165 1073 admitti
3194 1018 3428 1075 debeant.

2261 1130 2279 1162 ί
2308 1127 2358 1183 Ι.
2403 1128 2761 1201 Rebaptizatus
2801 1145 2889 1198 per
2920 1131 3266 1201 paenitentiam
3295 1131 3592 1203 recipiatur.

2262 1220 2346 1276 11.
2391 1221 2709 1295 Episcopus,
2743 1223 3039 1295 presbyter,
3078 1224 3360 1289 diaconus,
3402 1225 3448 1279 si
3502 1222 3847 1298 rebaptizatur:

2330 1315 2502 1385 fuerit,
2531 1314 2714 1369 laicam
2735 1315 3139 1369 communionem
3164 1302 3385 1385 accipiat
3416 1315 3469 1369 in
3498 1318 3739 1372 mortem.

2262 1403 2381 1462 III.
2408 1406 2656 1475 Clericus,
2688 1406 2991 1474 monachus,
3017 1405 3191 1478 puella
3220 1405 3335 1471 Dei,
3351 1394 3533 1473 laicus,
3560 1409 3607 1463 si
3627 1408 3846 1481 rebapti-

2334 1506 2477 1553 zatus
2500 1500 2684 1570 fuerit,
2712 1497 2915 1553 Nicocni
2943 1494 3146 1553 concilii
3166 1500 3411 1553 sententia
3444 1508 3630 1555 teneat.

2264 1589 2371 1648 IV.
2416 1590 2704 1647 ΑΞιαιὶοτεε
2730 1600 2945 1659 utroque
2968 1607 3093 1645 sexu
3134 1607 3225 1661 per
3262 1606 3443 1646 manus
3468 1592 3846 1661 impdsitionem

2334 1692 2614 1741 transeant.

576 1778 818 1836 fensione
848 1781 1103 1849 perversi,
1138 1789 1193 1836 ut
1224 1781 1489 1850 quondam
1519 1782 1822 1851 episcopos,
1863 1797 2004 1838 nunc
2033 1796 2157 1837 vero
2188 1771 2238 1835 Β
2272 1776 2335 1831 γ.
2371 1778 2472 1844 Qui
2501 1777 2847 1848 rebaptizatur;
2875 1778 3030 1849 fuerit
3059 1779 3112 1832 in
3142 1777 3278 1832 clero
3309 1794 3410 1833 non
3439 1779 3745 1851 recipiatur.

575 1871 778 1929 honore
813 1882 866 1929 ct
898 1874 1275 1930 communione
1312 1875 1585 1944 privatos,
1616 1874 1840 1931 Vitalem
1872 1889 2033 1948 atque
2063 1878 2158 1933 Mi-

576 1981 798 2035 senum,
837 1983 971 2037 quos
1008 1967 1074 2022 ad
1104 1969 1219 2038 ejus
1260 1970 1631 2038 expulsionem
1667 1972 1972 2038 Specialiter
2000 1973 2158 2028 mise-

577 2075 781 2127 ramus,
809 2061 1038 2116 sublatis
1064 2060 1283 2127 chartis,
1315 2062 1572 2118 custodiae
1602 2078 1790 2132 passus
1816 2064 1980 2119 fueris
2011 2079 2159 2121 man-

576 2153 780 2222 cipari;
812 2161 865 2208 et
892 2153 958 2207 ad
998 2153 1397 2223 processionem
1435 2169 1553 2223 quae
1595 2154 1688 2209 tibi
1722 2170 1844 2210 cum
1894 2157 2158 2213 licereticis

577 2245 827 2309 habetur,
860 2245 1399 2316 exinde‘productos,
1436 2249 1574 2302 sicut
1603 2263 1786 2303 eorum
1827 2249 2158 2319 professione

578 2335 710 2408 [lege
736 2333 1176 2405 professionibus]
1209 2338 1531 2404 patefactum
1560 2346 1660 2403 est,
1692 2339 1758 2394 ad
1787 2339 2156 2397 hmreticorum

580 2435 833 2496 tuamque
852 2427 1304 2496 communionem,
1327 2437 1652 2499 contempta,
1680 2446 1800 2501 quae
1818 2432 1900 2488 vel
1919 2434 2154 2504 gentium

576 2518 695 2589 iure
723 2520 923 2574 servari
953 2519 1162 2587 debuit,
1192 2521 1475 2592 legatione,
1511 2525 1834 2591 pertraxeris
1853 2564 1868 2590 ,
1901 2526 2157 2595 praemiis-

577 2626 681 2681 que
706 2611 1032 2682 corruperis,
1059 2619 1114 2667 et
1133 2611 1187 2666 in
1208 2612 1479 2668 laesionem
1510 2614 1650 2669 beati
1682 2615 1825 2669 Petri
1854 2618 2099 2685 apostoli,
2125 2634 2153 2672 a

575 2704 727 2773 cujus
763 2702 892 2759 sede
931 2702 1156 2774 profecti
1204 2704 1443 2771 fuerant,
1488 2721 1593 2760 non
1634 2706 1805 2761 solum
1853 2708 2155 2764 inefficaces

575 2793 753 2853 redire
781 2794 993 2862 feceris,
1024 2796 1118 2851 sed
1148 2796 1310 2851 etiam
1340 2797 1739 2868 impugnatores
1768 2801 2005 2855 omnium
2037 2818 2155 2871 quae

575 2886 783 2945 fuerant
817 2888 1064 2944 mandata
1085 2930 1100 2956 ,
1133 2890 1470 2945 monstraris.
1503 2892 1556 2945 In
1593 2906 1816 2961 quorum
1842 2891 2155 2963 deceptione

576 2986 721 3036 tuam
761 2981 1053 3051 nequitiam
1087 2982 1397 3050 prodidisti,
1429 2990 1483 3038 et
1502 2984 1568 3038 ad
1596 2983 1834 3039 libellum
1864 2984 2001 3056 [lege
2031 3002 2060 3041 a
2093 2987 2156 3041 li-

575 3072 739 3145 bello]
774 3073 951 3129 fratris
977 3082 1033 3129 et
1069 3075 1373 3144 coepiscopi
1416 3077 1521 3131 mei
1559 3076 1801 3144 Joannis,
1834 3080 1921 3149 qui
1956 3090 2006 3135 te
2033 3095 2153 3150 gra-

2272 1868 2369 1924 γι.
2401 1867 2734 1925 Paenitentem
2775 1870 2989 1925 alterius
3033 1869 3302 1941 epist-Opus
3341 1886 3443 1925 non
3483 1871 3715 1926 absoluat
3766 1888 3846 1926 nec

2333 1963 2570 2033 accipiat.

2335 2050 2705 2110 Dilectissimis
2734 2054 2788 2108 in
2828 2053 3042 2109 Christo
3086 2053 3214 2109 Jesu
3242 2051 3499 2109 fratribus
3530 2094 3545 2119 ,
3580 2054 3844 2110 universis

2260 2147 2526 2218 episcopis
2552 2148 2572 2179 ²
2603 2162 2699 2216 per
2726 2146 2969 2203 diversas
3004 2147 3304 2217 provincias
3326 2146 3634 2203 constitutis
3662 2146 3705 2201 ⁸.
3820 2153 3828 2160 ’

2329 2240 2569 2308 Qualiter
2598 2240 2648 2295 in
2671 2239 2939 2295 Africanis
2960 2239 3267 2311 regionibus
3295 2241 3489 2297 astutia
3519 2240 3723 2296 diaboli
3750 2255 3839 2296 sar-

2260 2332 2414 2387 vierit
2440 2333 2493 2386 in
2520 2332 2769 2401 populum
2800 2330 3157 2387 ChriStianum
3177 2372 3192 2399 ,
3222 2334 3379 2403 atque
3407 2330 3459 2387 id
3483 2332 3539 2387 in
3564 2332 3838 2402 multiplici

2258 2424 2575 2494 deceptione
2614 2415 2948 2494 pro‘ruperit,
2987 2434 3043 2479 ut
3096 2440 3200 2480 non
3242 2424 3403 2481 modo
3444 2420 3638 2496 vulgus
3668 2426 3839 2481 incau-

2260 2521 2392 2581 tum,
2424 2515 2517 2571 sed
2545 2517 2689 2586 ipsos
2710 2529 2921 2586 quoque
2945 2518 2995 2571 in
3016 2518 3203 2573 mortis
3234 2517 3497 2588 profunda
3520 2519 3838 2577 demerserit

2256 2606 2562 2662 sacerdotes
2585 2648 2598 2671 ,
2629 2606 2805 2662 nullus
2836 2621 2941 2662 non
2969 2608 3115 2664 orbis
3145 2609 3370 2679 gemuit,
3405 2609 3552 2664 nttlla
3583 2618 3723 2665 terra
3752 2626 3836 2666 ne-

2257 2698 2428 2752 scivit.
2480 2695 2636 2754 Uniie
2666 2698 2720 2753 in
2767 2701 2915 2768 gravi
2964 2696 3096 2771 [lege
3121 2698 3334 2772 grandi]
3386 2704 3622 2757 mmrore
3653 2702 3829 2772 positi,

2256 2788 2595 2844 dissimulare
2625 2802 2730 2843 non
2756 2803 3042 2858 possumus
3067 2780 3405 2860 (sei-euntium
3435 2801 3600 2862 atque
3630 2807 3657 2846 a
3689 2792 3834 2849 nobis

2256 2880 2636 2950 exigendarum
2660 2880 2952 2937 discrimen
2979 2881 3298 2953 animarum.
3329 2882 3668 2954 Quapropter
3696 2900 3836 2940 eom-

2258 2980 2445 3041 petens
2468 2973 2771 3029 adhibenda
2806 2983 2891 3030 est
2920 2974 3117 3031 talibus
3156 2976 3418 3031 medicina
3457 2976 3590 3051 [lege
3612 2974 3835 3051 medela]

2257 3067 2565 3124 vulneribus
2593 3108 2608 3135 ,
2639 3083 2709 3124 ne
2742 3070 3027 3125 immatura
3057 3070 3279 3125 curandi
3307 3069 3532 3125 facilitas
3565 3072 3833 3127 mortifera

580 3166 812 3222 vissimis
851 3167 1241 3234 objectionibus
1283 3169 1543 3238 impetivit
1563 3210 1580 3236 ,
1616 3169 1669 3224 in
1705 3172 1993 3240 apostolica
2030 3172 2156 3228 sede
2182 3156 2231 3221 C
2259 3162 2431 3233 captis
2458 3171 2607 3233 peste
2636 3162 2766 3218 nihil
2794 3164 2987 3233 prosit,
3029 3163 3127 3219 sed
3169 3164 3384 3235 segnius
3414 3162 3436 3195 ⁸
3466 3172 3625 3219 tracta
3653 3166 3832 3235 perni-

574 3258 868 3313 secundum
899 3273 1131 3313 canones
1157 3261 1485 3329 respondere
1512 3261 1794 3327 diffidens,
1828 3264 2035 3333 objecta
2064 3266 2153 3319 tir-

581 3348 757 3402 maSti.
788 3346 1018 3402 Felicem
1050 3364 1259 3419 quoque
1288 3350 1625 3407 defensorem
1658 3352 2019 3410 fidelissimum
2060 3371 2157 3409 no-

578 3437 681 3506 bis,
710 3434 1027 3494 neceSsitate
1045 3438 1274 3496 faciente
1296 3442 1468 3497 serius
1489 3442 1851 3511 subsecutum,
1879 3445 2152 3517 indignum

579 3531 683 3585 tuis
714 3531 966 3585 censuisti
1007 3531 1193 3588 oculis.
1237 3532 1341 3588 Eos
1375 3549 1586 3606 quoque
1616 3545 1790 3592 tecum
1833 3537 2023 3594 litteris
2052 3519 2155 3595 tuis

576 3622 974 3678 communicare
1016 3632 1237 3679 testatus
1284 3641 1375 3692 es,
1419 3640 1554 3696 quos
1599 3636 1807 3683 constat
1854 3629 2153 3687 haereticos.

577 3712 715 3782 Quid
742 3714 883 3770 enim
914 3724 1037 3769 sunt
1064 3714 1227 3784 aliud,
1252 3717 1338 3787 qui
1364 3726 1484 3786 post
1506 3718 1707 3774 obitum
1734 3730 1933 3776 sanctae
1955 3736 2157 3777 memo-

577 3809 671 3864 ria:
699 3808 966 3866 Timothei
998 3810 1064 3865 ad
1096 3811 1392 3867 Ecclesiam
1432 3813 1533 3868 sub
1577 3815 1733 3869 Petro
1771 3815 2033 3883 redeunt,-
2074 3816 2157 3870 vel

474 3918 481 3923 λ
577 3903 669 3974 qui
695 3917 846 3963 seex
876 3904 1151 3959 catholicis
1175 3904 1349 3959 eidem
1378 3905 1728 3971 tradiderunt,
1760 3908 1858 3963 nisi
1887 3908 2026 3978 quod
2061 3908 2157 3964 Pe-

578 4004 693 4052 trus
719 3996 784 4050 ab
814 3997 1063 4053 universa
1100 3998 1339 4054 Ecclesia
1362 4039 1376 4065 ,
1408 4007 1565 4069 atque
1602 4014 1632 4054 a
1675 4010 1726 4055 te
1754 4001 1923 4057 fuerat
1943 4002 2152 4071 judica-

579 4086 697 4140 tus?
731 4086 876 4143 llabe
904 4103 1033 4157 ergo
1062 4103 1183 4143 cum
1214 4090 1324 4154 his,
1353 4104 1486 4159 quos
1523 4091 1748 4146 libenter
1776 4094 2112 4163 amplecteris
2136 4136 2153 4160 ,

580 4174 879 4251 portionem
917 4191 981 4228 ex
1018 4178 1280 4231 sententia
1313 4179 1592 4246 praesenti,
1625 4194 1782 4249 quam
1812 4197 1905 4250 per
1932 4192 2034 4237 tua:
2063 4184 2157 4239 tibi

579 4262 871 4319 direximus
904 4264 1157 4321 Ecclesiae
1190 4266 1525 4322 defensorem
1553 4287 1565 4322 ;
1594 4271 1909 4327 sacerdotali
1932 4274 2157 4344 honore,

580 4363 634 4410 et
664 4357 1042 4413 communione
1071 4360 1332 4415 catholica
1355 4406 1369 4429 ,
1403 4377 1499 4417 nec
1532 4378 1639 4418 non
1669 4365 1827 4420 etiam
1860 4381 1889 4420 a
1930 4367 2160 4425 fidelium

2260 3259 2370 3313 cies
2391 3298 2406 3323 ,
2433 3267 2584 3314 reatu
2630 3272 2735 3315 non
2786 3259 3040 3329 legitimte
3059 3260 3353 3317 curationis
3377 3250 3599 3317 involvat
3623 3262 3829 3332 pariter

2258 3352 2468 3407 saucios
2496 3361 2551 3408 et
2589 3353 2887 3410 medentes.

2328 3444 2593 3513 Imprimis
2642 3446 2820 3519 itaque
2869 3447 3140 3507 venientis
3183 3448 3251 3504 ad
3289 3463 3386 3505 vos
3432 3457 3487 3504 et
3531 3448 3829 3506 remedium

2261 3537 2598 3608 postulantis,
2630 3539 2860 3598 sollicite
2884 3540 3218 3598 discutienda
3242 3550 3327 3599 est
3355 3540 3614 3611 professio
3632 3551 3687 3597 et
3708 3554 3834 3613 per-

2260 3646 2391 3687 sona
2434 3632 2673 3702 decepti,
2724 3642 2784 3687 ut
2812 3633 3023 3690 medela
3050 3635 3219 3704 possit
3243 3648 3543 3705 congruens
3571 3634 3834 3689 exhiberi.

2261 3724 2327 3781 Et
2348 3724 2436 3795 qui
2480 3724 2850 3787 satisfacturos
2880 3726 2992 3783 Deo
3016 3740 3113 3797 per
3141 3726 3545 3795 paenitentiam,
3571 3739 3631 3783 se
3649 3726 3836 3797 rebap-

2261 3817 2730 3887 tizatumlegitime
2750 3818 3012 3886 doluerit;
3043 3827 3221 3875 utrum
3248 3819 3316 3874 ad
3347 3818 3450 3875 hoc
3477 3819 3683 3875 facinus
3709 3833 3837 3875 cm-

2261 3909 2490 3966 currerit
2523 3908 2653 3980 [lege
2681 3910 3000 3977 cucurrerit,
3024 3911 3101 3965 vel
3126 3908 3463 3981 occurrerit],
3490 3926 3560 3966 an
3588 3911 3839 3981 impulsus

2261 4002 2586 4069 accesserit,
2620 4002 2926 4073 requiratur
2956 4020 2971 4057 :
3004 4004 3183 4059 sciens
3210 4004 3349 4074 quod
3372 4020 3428 4059 se
3449 4004 3673 4074 decipiat
3699 4006 3804 4073 ipse
3821 4044 3836 4067 ,

2258 4094 2345 4161 qui
2390 4092 2526 4164 fallit
2569 4092 2625 4166 (Ι
2655 4092 2800 4149 Petr.
2843 4094 2897 4167 v)
2922 4135 2939 4162 ,
2966 4094 3205 4167 nihilque
3232 4104 3590 4165 pernostram
3622 4094 3837 4152 fadlita-

2261 4193 2369 4243 tem
2402 4187 2678 4259 tribunalis
2708 4188 2908 4245 excelsi
2932 4188 3135 4259 judicio
3163 4188 3428 4259 derogari,
3458 4188 3543 4244 cui
3590 4188 3677 4243 illa
3723 4196 3838 4243 sunt

2263 4286 2374 4333 rata
2394 4278 2524 4351 [lege
2546 4276 2870 4351 recta],qu:u
2898 4282 3007 4351 pia,
3039 4296 3159 4351 qua:
3188 4296 3338 4347 vera,
3368 4296 3491 4352 quae
3516 4281 3660 4351 just:
3682 4290 3831 4345 sunt;

2267 4381 2321 4427 et
2348 4371 2503 4427 aliter
2528 4374 2884 4440 necessitatis,
2910 4374 3067 4431 aliter
3089 4375 3363 4431 tractanda
3389 4380 3474 4430 est
3499 4374 3636 4429 ratio
3660 4373 3840 4429 volun-

579 4461 805 4502 numero
832 4459 1141 4521 segregatus
1161 4493 1176 4516 ,
1215 4451 1479 4507 sublatum
1524 4455 1617 4509 tibi
1660 4472 1857 4513 nomen
1885 4468 1939 4515 et
1967 4475 2157 4517 munus
2182 4467 2233 4529 Ι)
2261 4467 2405 4522 tatis.
2440 4467 2682 4525 Deterior
2707 4476 2790 4526 est
2808 4476 2987 4525 autem
3008 4482 3169 4525 causa
3199 4468 3365 4536 illius,
3395 4468 3487 4539 qui
3510 4467 3648 4523 forte
3674 4465 3841 4537 pretio

580 4540 862 4597 ministerii
891 4542 1234 4599 sacerdotalis
1263 4559 1523 4616 agnosce,
1560 4550 1729 4606 sancti
1759 4550 1986 4622 Spiritus
2014 4553 2157 4623 judi-

577 4632 663 4690 cio
690 4641 743 4689 et
766 4636 1055 4704 apostolica
1086 4635 1286 4709 [supple
1313 4655 1407 4710 per
1431 4642 1562 4713 nos]
1593 4645 1908 4701 auctoritate
1937 4646 2156 4703 damna-

577 4733 686 4795 tus,
715 4743 1087 4800 nunquamque
1113 4730 1246 4803 [lege
1275 4747 1373 4790 nec
1395 4735 1501 4803 jam
1525 4737 1780 4809 unquam]
1802 4738 2156 4797 anathematis

581 4816 809 4874 vinculis
853 4820 1150 4877 eruendus.
1191 4823 1385 4879 Caelius
1433 4825 1579 4881 Felix
1628 4828 1908 4899 episcopus
1956 4840 2155 4889 sanctae

650 5030 677 5062 ι
715 5021 841 5097 Haec
866 5033 949 5097 est
978 5025 1064 5097 illa
1101 5025 1354 5095 synodica
1382 5041 1506 5097 quae
1547 5042 1614 5084 ex
1643 5031 1870 5087 concilio
1904 5033 2147 5089 Romano

574 5106 634 5151 nt
662 5094 763 5175 sub
793 5094 970 5175 Ecliee
990 5094 1165 5175 missa-
1180 5105 1261 5153 est
1285 5097 1350 5152 ad
1379 5094 1659 5175 universos
1678 5103 1981 5173 episcopos,
2005 5119 2148 5175 quae-

575 5178 683 5240 que
704 5164 1104 5240 diutiusRomse
1134 5166 1370 5233 detenta,
1395 5164 1825 5240 consignata'est
1864 5164 1987 5229 nota
2018 5164 2148 5230 con-

575 5234 743 5292 stilari
793 5237 919 5292 anni
965 5236 1093 5305 488,
1140 5253 1246 5307 quo
1296 5240 1350 5294 in
1405 5234 1636 5296 Africam
1673 5246 1985 5301 transmissa
2024 5245 2142 5301 fuit.

655 5402 670 5432 ¹
708 5402 869 5474 Tituli
914 5410 1123 5457 veteres
1172 5403 1327 5472 hujus
1367 5404 1616 5474 epistola:
1663 5421 1729 5464 ex
1780 5414 1975 5463 vetust.
2034 5408 2159 5464 cod.

504 5552 505 5555 η
578 5467 776 5551 Lucen.
810 5473 915 5531 490
946 5492 958 5527 :
990 5488 1055 5529 ex
1085 5467 1309 5542 epistola
1352 5467 1544 5532 Felicis
1572 5476 1720 5549 papa:
1750 5478 1819 5534 ad
1848 5479 2159 5535 Sicilienses

581 5555 878 5612 episcopos.

654 5612 676 5711 ἒ
714 5611 1566 5711 l‘t.€°‘{-,i9.s's‘li;_rfr,enim:

717 5682 842 5738 Luc.
874 5685 1019 5741 addit
1050 5682 1250 5745 Felice
1289 5691 1489 5761 iscopus
1511 5691 1563 5746 in
1594 5690 1811 5753 Domino
1842 5691 2081 5755 salutem.

719 5754 959 5815 Μίδεω..
991 5765 1222 5815 tractata.
1253 5706 1521 5815 fikhbl‘lﬂ.

656 5754 675 5793 ’⁹
719 5754 959 5823 θίοιιϊεη
991 5765 1222 5819 tractata.
1253 5754 1521 5827 modum,

2262 4560 2584 4621 sollicitatus
2611 4572 2692 4619 est
2719 4571 2778 4620 ut
2801 4564 3022 4634 periret.
3058 4563 3197 4619 Nihil
3221 4564 3364 4618 enim
3411 4562 3735 4618 intentatum
3759 4576 3844 4618 re-

2264 4653 2454 4727 linquit
2484 4656 2730 4712 inimicus
2750 4696 2765 4723 ,
2794 4656 2881 4712 cui
2902 4672 2971 4713 ne
2998 4657 3066 4713 de
3087 4672 3181 4712 sua
3207 4656 3365 4713 liceat
3384 4654 3623 4726 gaudere
3654 4664 3842 4725 captu-

2261 4761 2319 4803 ra
2343 4787 2358 4811 ,
2409 4749 2824 4804 succurrendum
2880 4758 2964 4805 est
3016 4748 3268 4814 irretitis;
3329 4755 3383 4804 et
3434 4744 3841 4803 contendendus

2262 4834 2395 4909 llege
2428 4838 2787 4895 conterendus
2821 4839 2925 4913 est]
2955 4841 3200 4898 venantis
3224 4839 3480 4911 laqueus,
3505 4839 3526 4870 ⁸
3554 4836 3844 4895 infucatum

2254 5034 2779 5112 Lec_ta‘in_consessu
2807 5041 3045 5105 Patrum,
3088 5042 3353 5098 sententia
3396 5042 3713 5098 eorumdem
3739 5057 3836 5112 ap-

2258 5109 2479 5178 probata
2496 5110 2631 5185 _fuit_:
2654 5125 2788 5185 quas
2809 5113 3215 5185 constitutiones
3238 5112 3529 5185 synodales
3550 5109 3847 5175 contineat,

2258 5181 2565 5235 summatim
2592 5182 2725 5236 infra
2749 5182 2801 5237 in
2821 5182 2961 5239 notis
2984 5181 3308 5256 prmallega'ti
3328 5183 3545 5240 concilii
3571 5186 3847 5240 recensui.

2341 5409 2362 5439 ⁸
2399 5407 2532 5482 Cod.
2578 5407 2705 5465 Luc.
2755 5409 2829 5465 sic
2858 5411 2973 5482 [ista
2994 5410 3123 5482 legit
3150 5419 3254 5482 :ret
3294 5408 3633 5465 conterenda:
3658 5419 3747 5482 est
3775 5425 3844 5464 ee-

2266 5482 2436 5553 nantis
2467 5480 2698 5549 laqueus,
2748 5491 2802 5534 ut
2847 5480 3134 5552 infucatum
3163 5481 3611 5553 lamentationibus
3647 5481 3849 5553 lapsura

2265 5551 2460 5623 (prima
2504 5564 2697 5623 manus
2736 5551 2994 5623 posuerat
3037 5554 3296 5623 laqueum,
3338 5552 3439 5623 sed
3481 5552 3650 5623 altera
3695 5551 3851 5623 atque

2264 5621 2479 5692 antiqua
2506 5622 2762 5694 emendat
2796 5621 3033 5694 lapsum)
3084 5621 3189 5677 tam
3213 5622 3433 5692 justitite
3474 5622 3851 5689 moderatione,

2262 5701 2393 5761 etc,
2423 5694 2493 5751 ad
2514 5693 2719 5753 caulam
2746 5693 2901 5775 quam
2927 5695 3220 5777 reliquerat,
3252 5700 3355 5765 etc,
