  <div class='ocr_page' id='page_1' title='image "/cluster/home/n/w/nwhite01/storage/ocr_20150623/58/hvd.32044015706401/468.png"; bbox 0 0 4090 6330; ppageno 0'>
   <div class='ocr_carea' id='block_1_1' title="bbox 129 5622 137 5659">
    <p class='ocr_par' dir='ltr' id='par_1_1' title="bbox 129 5622 137 5659">
     <span class='ocr_line' id='line_1_1' title="bbox 129 5622 137 5659; baseline 0 0"><span class='ocrx_word' id='word_1_1' title='bbox 129 5622 137 5659; x_wconf 63' lang='grc' dir='ltr'><em>ἒ</em></span> 
     </span>
    </p>
   </div>
   <div class='ocr_carea' id='block_1_2' title="bbox 275 276 375 334">
    <p class='ocr_par' dir='ltr' id='par_1_2' title="bbox 275 276 375 334">
     <span class='ocr_line' id='line_1_2' title="bbox 275 276 375 334; baseline -0.01 0"><span class='ocrx_word' id='word_1_2' title='bbox 275 276 375 334; x_wconf 71' lang='grc'><strong>925</strong></span> 
     </span>
    </p>
   </div>
   <div class='ocr_carea' id='block_1_3' title="bbox 1466 279 2327 347">
    <p class='ocr_par' dir='ltr' id='par_1_3' title="bbox 1466 279 2327 347">
     <span class='ocr_line' id='line_1_3' title="bbox 1466 279 2327 347; baseline 0.017 -14"><span class='ocrx_word' id='word_1_3' title='bbox 1466 279 1821 337; x_wconf 67' lang='grc' dir='ltr'><strong>ΕΡΙὸΤΟΙλᾸΞ</strong></span> <span class='ocrx_word' id='word_1_4' title='bbox 1861 283 1950 338; x_wconf 83' lang='grc' dir='ltr'><strong>ΕΤ</strong></span> <span class='ocrx_word' id='word_1_5' title='bbox 1993 286 2327 347; x_wconf 74' lang='lat' dir='ltr'><strong>DECRETA.</strong></span> 
     </span>
    </p>
   </div>
   <div class='ocr_carea' id='block_1_4' title="bbox 273 376 3521 489">
    <p class='ocr_par' dir='ltr' id='par_1_4' title="bbox 273 376 3521 489">
     <span class='ocr_line' id='line_1_4' title="bbox 273 376 3521 489; baseline 0.01 -42"><span class='ocrx_word' id='word_1_6' title='bbox 273 392 684 449; x_wconf 88' lang='lat' dir='ltr'><strong>lamentantibus</strong></span> <span class='ocrx_word' id='word_1_7' title='bbox 711 402 814 450; x_wconf 91' lang='lat' dir='ltr'><strong>tam</strong></span> <span class='ocrx_word' id='word_1_8' title='bbox 852 393 1071 464; x_wconf 83' lang='lat' dir='ltr'><strong>justitiae</strong></span> <span class='ocrx_word' id='word_1_9' title='bbox 1110 394 1473 450; x_wconf 78' lang='lat' dir='ltr'><strong>moderatione</strong></span> <span class='ocrx_word' id='word_1_10' title='bbox 1502 410 1663 465; x_wconf 89' lang='lat' dir='ltr'><strong>quam</strong></span> <span class='ocrx_word' id='word_1_11' title='bbox 1696 376 1849 452; x_wconf 86' lang='lat' dir='ltr'><strong>com-</strong></span> <span class='ocrx_word' id='word_1_12' title='bbox 1875 407 1919 461; x_wconf 82' lang='grc' dir='ltr'>Α</span> <span class='ocrx_word' id='word_1_13' title='bbox 1951 401 2159 459; x_wconf 88' lang='lat' dir='ltr'><strong>dientes</strong></span> <span class='ocrx_word' id='word_1_14' title='bbox 2187 408 2328 473; x_wconf 91' lang='lat' dir='ltr'><strong>sint;</strong></span> <span class='ocrx_word' id='word_1_15' title='bbox 2374 417 2576 480; x_wconf 90' lang='lat' dir='ltr'><strong>septem</strong></span> <span class='ocrx_word' id='word_1_16' title='bbox 2622 420 2799 469; x_wconf 90' lang='lat' dir='ltr'><strong>autem</strong></span> <span class='ocrx_word' id='word_1_17' title='bbox 2841 413 2995 471; x_wconf 89' lang='lat' dir='ltr'><strong>annis</strong></span> <span class='ocrx_word' id='word_1_18' title='bbox 3025 418 3337 489; x_wconf 88' lang='lat' dir='ltr'><strong>subjaceant</strong></span> <span class='ocrx_word' id='word_1_19' title='bbox 3378 420 3521 481; x_wconf 88' lang='lat' dir='ltr'><strong>inter</strong></span> 
     </span>
    </p>
   </div>
   <div class='ocr_carea' id='block_1_5' title="bbox 273 485 1844 557">
    <p class='ocr_par' dir='ltr' id='par_1_5' title="bbox 273 485 1844 557">
     <span class='ocr_line' id='line_1_5' title="bbox 273 485 1844 557; baseline 0.004 -19"><span class='ocrx_word' id='word_1_20' title='bbox 273 485 555 556; x_wconf 91' lang='lat' dir='ltr'><strong>punctione</strong></span> <span class='ocrx_word' id='word_1_21' title='bbox 576 485 784 554; x_wconf 86' lang='lat' dir='ltr'><strong>pietatis</strong></span> <span class='ocrx_word' id='word_1_22' title='bbox 803 487 870 541; x_wconf 89' lang='lat' dir='ltr'><strong>ad</strong></span> <span class='ocrx_word' id='word_1_23' title='bbox 887 488 900 518; x_wconf 77' lang='grc'>⁸</span> <span class='ocrx_word' id='word_1_24' title='bbox 928 486 1105 541; x_wconf 84' lang='lat' dir='ltr'><strong>aulam</strong></span> <span class='ocrx_word' id='word_1_25' title='bbox 1123 501 1282 557; x_wconf 89' lang='lat' dir='ltr'><strong>quam</strong></span> <span class='ocrx_word' id='word_1_26' title='bbox 1302 486 1628 557; x_wconf 74' lang='lat' dir='ltr'><strong>reliquerant</strong></span> <span class='ocrx_word' id='word_1_27' title='bbox 1656 489 1726 543; x_wconf 90' lang='lat' dir='ltr'><strong>sit</strong></span> <span class='ocrx_word' id='word_1_28' title='bbox 1754 503 1844 545; x_wconf 86' lang='lat' dir='ltr'><strong>re-</strong></span> 
     </span>
    </p>
   </div>
   <div class='ocr_carea' id='block_1_6' title="bbox 271 579 1849 654">
    <p class='ocr_par' dir='ltr' id='par_1_6' title="bbox 271 579 1849 654">
     <span class='ocr_line' id='line_1_6' title="bbox 271 579 1849 654; baseline 0.002 -19"><span class='ocrx_word' id='word_1_29' title='bbox 271 594 509 651; x_wconf 76' lang='lat' dir='ltr'><strong>gressus.</strong></span> <span class='ocrx_word' id='word_1_30' title='bbox 541 579 650 637; x_wconf 80' lang='lat' dir='ltr'><strong>Nec</strong></span> <span class='ocrx_word' id='word_1_31' title='bbox 676 580 873 651; x_wconf 86' lang='lat' dir='ltr'><strong>pudeat</strong></span> <span class='ocrx_word' id='word_1_32' title='bbox 919 580 1141 639; x_wconf 81' lang='lat' dir='ltr'><strong>forsitan</strong></span> <span class='ocrx_word' id='word_1_33' title='bbox 1194 590 1287 637; x_wconf 89' lang='lat' dir='ltr'><strong>aut</strong></span> <span class='ocrx_word' id='word_1_34' title='bbox 1322 583 1495 654; x_wconf 79' lang='lat' dir='ltr'><strong>pigeat</strong></span> <span class='ocrx_word' id='word_1_35' title='bbox 1534 582 1751 638; x_wconf 83' lang='lat' dir='ltr'><strong>indictis</strong></span> <span class='ocrx_word' id='word_1_36' title='bbox 1776 583 1849 652; x_wconf 87' lang='lat' dir='ltr'><strong>je-</strong></span> 
     </span>
    </p>
   </div>
   <div class='ocr_carea' id='block_1_7' title="bbox 269 671 1847 745">
    <p class='ocr_par' dir='ltr' id='par_1_7' title="bbox 269 671 1847 745">
     <span class='ocr_line' id='line_1_7' title="bbox 269 671 1847 745; baseline 0.001 -18"><span class='ocrx_word' id='word_1_37' title='bbox 269 671 533 741; x_wconf 85' lang='lat' dir='ltr'><strong>juniorutn</strong></span> <span class='ocrx_word' id='word_1_38' title='bbox 561 673 966 743; x_wconf 88' lang='lat' dir='ltr'><strong>gemituumque</strong></span> <span class='ocrx_word' id='word_1_39' title='bbox 987 673 1318 745; x_wconf 83' lang='lat' dir='ltr'><strong>temporibus</strong></span> <span class='ocrx_word' id='word_1_40' title='bbox 1349 673 1587 739; x_wconf 86' lang='lat' dir='ltr'><strong>obedire,</strong></span> <span class='ocrx_word' id='word_1_41' title='bbox 1616 682 1708 727; x_wconf 89' lang='lat' dir='ltr'><strong>aut</strong></span> <span class='ocrx_word' id='word_1_42' title='bbox 1729 673 1847 728; x_wconf 90' lang='lat' dir='ltr'><strong>aliis</strong></span> 
     </span>
    </p>
   </div>
   <div class='ocr_carea' id='block_1_8' title="bbox 270 766 1845 838">
    <p class='ocr_par' dir='ltr' id='par_1_8' title="bbox 270 766 1845 838">
     <span class='ocr_line' id='line_1_8' title="bbox 270 766 1845 838; baseline 0.003 -19"><span class='ocrx_word' id='word_1_43' title='bbox 270 766 620 822; x_wconf 72' lang='lat' dir='ltr'><strong>observantiae</strong></span> <span class='ocrx_word' id='word_1_44' title='bbox 646 766 956 824; x_wconf 84' lang='lat' dir='ltr'><strong>salubrioris</strong></span> <span class='ocrx_word' id='word_1_45' title='bbox 975 768 1346 832; x_wconf 87' lang='lat' dir='ltr'><strong>obtemperare</strong></span> <span class='ocrx_word' id='word_1_46' title='bbox 1366 768 1656 838; x_wconf 74' lang='lat' dir='ltr'><strong>praeceptis</strong></span> <span class='ocrx_word' id='word_1_47' title='bbox 1678 782 1693 820; x_wconf 91' lang='lat'><strong>:</strong></span> <span class='ocrx_word' id='word_1_48' title='bbox 1720 769 1845 838; x_wconf 87' lang='lat' dir='ltr'><strong>quia</strong></span> 
     </span>
    </p>
   </div>
   <div class='ocr_carea' id='block_1_9' title="bbox 273 859 1843 931">
    <p class='ocr_par' dir='ltr' id='par_1_9' title="bbox 273 859 1843 931">
     <span class='ocr_line' id='line_1_9' title="bbox 273 859 1843 931; baseline 0.002 -19"><span class='ocrx_word' id='word_1_49' title='bbox 273 859 562 915; x_wconf 84' lang='lat' dir='ltr'><strong>humilibus</strong></span> <span class='ocrx_word' id='word_1_50' title='bbox 588 860 745 915; x_wconf 88' lang='lat' dir='ltr'><strong>datur</strong></span> <span class='ocrx_word' id='word_1_51' title='bbox 765 863 931 931; x_wconf 88' lang='lat' dir='ltr'><strong>gratia</strong></span> <span class='ocrx_word' id='word_1_52' title='bbox 948 900 961 927; x_wconf 89' lang='lat'><strong>,</strong></span> <span class='ocrx_word' id='word_1_53' title='bbox 993 876 1096 915; x_wconf 91' lang='lat' dir='ltr'><strong>non</strong></span> <span class='ocrx_word' id='word_1_54' title='bbox 1120 861 1379 929; x_wconf 81' lang='lat' dir='ltr'><strong>superbis.</strong></span> <span class='ocrx_word' id='word_1_55' title='bbox 1405 860 1488 915; x_wconf 87' lang='lat' dir='ltr'><strong>Sit</strong></span> <span class='ocrx_word' id='word_1_56' title='bbox 1513 873 1641 931; x_wconf 87' lang='lat' dir='ltr'><strong>ergo</strong></span> <span class='ocrx_word' id='word_1_57' title='bbox 1674 860 1843 915; x_wconf 68' lang='lat' dir='ltr'><strong>ruinae</strong></span> 
     </span>
    </p>
   </div>
   <div class='ocr_carea' id='block_1_10' title="bbox 269 951 1846 1024">
    <p class='ocr_par' dir='ltr' id='par_1_10' title="bbox 269 951 1846 1024">
     <span class='ocr_line' id='line_1_10' title="bbox 269 951 1846 1024; baseline 0 -17"><span class='ocrx_word' id='word_1_58' title='bbox 269 966 382 1008; x_wconf 65' lang='lat' dir='ltr'><strong>sua:</strong></span> <span class='ocrx_word' id='word_1_59' title='bbox 403 951 589 1008; x_wconf 90' lang='lat' dir='ltr'><strong>dolore</strong></span> <span class='ocrx_word' id='word_1_60' title='bbox 608 960 907 1023; x_wconf 88' lang='lat' dir='ltr'><strong>prostratus</strong></span> <span class='ocrx_word' id='word_1_61' title='bbox 929 953 1170 1024; x_wconf 81' lang='lat' dir='ltr'><strong>quisquis</strong></span> <span class='ocrx_word' id='word_1_62' title='bbox 1196 953 1247 1007; x_wconf 92' lang='lat' dir='ltr'><strong>in</strong></span> <span class='ocrx_word' id='word_1_63' title='bbox 1276 951 1490 1007; x_wconf 84' lang='lat' dir='ltr'><strong>Christo</strong></span> <span class='ocrx_word' id='word_1_64' title='bbox 1512 952 1625 1007; x_wconf 91' lang='lat' dir='ltr'><strong>fieri</strong></span> <span class='ocrx_word' id='word_1_65' title='bbox 1651 953 1846 1021; x_wconf 66' lang='lat' dir='ltr'><strong>quaerit</strong></span> 
     </span>
    </p>
   </div>
   <div class='ocr_carea' id='block_1_11' title="bbox 268 1043 1841 1117">
    <p class='ocr_par' dir='ltr' id='par_1_11' title="bbox 268 1043 1841 1117">
     <span class='ocr_line' id='line_1_11' title="bbox 268 1043 1841 1117; baseline -0.003 -14"><span class='ocrx_word' id='word_1_66' title='bbox 268 1053 481 1104; x_wconf 89' lang='lat' dir='ltr'><strong>erectus</strong></span> <span class='ocrx_word' id='word_1_67' title='bbox 507 1086 522 1112; x_wconf 91' lang='lat'><strong>,</strong></span> <span class='ocrx_word' id='word_1_68' title='bbox 558 1053 613 1101; x_wconf 93' lang='lat' dir='ltr'><strong>et</strong></span> <span class='ocrx_word' id='word_1_69' title='bbox 630 1060 730 1117; x_wconf 88' lang='lat' dir='ltr'><strong>per</strong></span> <span class='ocrx_word' id='word_1_70' title='bbox 768 1048 787 1077; x_wconf 84' lang='grc'>²</span> <span class='ocrx_word' id='word_1_71' title='bbox 820 1044 1186 1116; x_wconf 86' lang='lat' dir='ltr'><strong>dispositionis</strong></span> <span class='ocrx_word' id='word_1_72' title='bbox 1215 1053 1411 1099; x_wconf 66' lang='lat' dir='ltr'><strong>nostra:</strong></span> <span class='ocrx_word' id='word_1_73' title='bbox 1443 1043 1797 1099; x_wconf 87' lang='lat' dir='ltr'><strong>ministerium</strong></span> <span class='ocrx_word' id='word_1_74' title='bbox 1826 1085 1841 1110; x_wconf 91' lang='lat'><strong>,</strong></span> 
     </span>
    </p>
   </div>
   <div class='ocr_carea' id='block_1_12' title="bbox 268 1136 1846 1212">
    <p class='ocr_par' dir='ltr' id='par_1_12' title="bbox 268 1136 1846 1212">
     <span class='ocr_line' id='line_1_12' title="bbox 268 1136 1846 1212; baseline -0.003 -15"><span class='ocrx_word' id='word_1_75' title='bbox 268 1140 415 1212; x_wconf 90' lang='lat' dir='ltr'><strong>quod</strong></span> <span class='ocrx_word' id='word_1_76' title='bbox 440 1148 671 1197; x_wconf 80' lang='lat' dir='ltr'><strong>vestram</strong></span> <span class='ocrx_word' id='word_1_77' title='bbox 711 1140 862 1209; x_wconf 88' lang='lat' dir='ltr'><strong>sequi</strong></span> <span class='ocrx_word' id='word_1_78' title='bbox 902 1140 1153 1194; x_wconf 81' lang='lat' dir='ltr'><strong>convenit</strong></span> <span class='ocrx_word' id='word_1_79' title='bbox 1188 1138 1501 1203; x_wconf 84' lang='lat' dir='ltr'><strong>caritatem,</strong></span> <span class='ocrx_word' id='word_1_80' title='bbox 1544 1152 1644 1192; x_wconf 89' lang='lat' dir='ltr'><strong>nec</strong></span> <span class='ocrx_word' id='word_1_81' title='bbox 1686 1136 1846 1193; x_wconf 86' lang='lat' dir='ltr'><strong>alicui</strong></span> 
     </span>
    </p>
   </div>
   <div class='ocr_carea' id='block_1_13' title="bbox 270 1231 1847 1302">
    <p class='ocr_par' dir='ltr' id='par_1_13' title="bbox 270 1231 1847 1302">
     <span class='ocr_line' id='line_1_13' title="bbox 270 1231 1847 1302; baseline -0.002 -13"><span class='ocrx_word' id='word_1_82' title='bbox 270 1233 352 1290; x_wconf 87' lang='lat' dir='ltr'><strong>fas</strong></span> <span class='ocrx_word' id='word_1_83' title='bbox 390 1244 474 1290; x_wconf 90' lang='lat' dir='ltr'><strong>est</strong></span> <span class='ocrx_word' id='word_1_84' title='bbox 500 1233 640 1289; x_wconf 82' lang='lat' dir='ltr'><strong>velle</strong></span> <span class='ocrx_word' id='word_1_85' title='bbox 668 1232 751 1289; x_wconf 93' lang='lat' dir='ltr'><strong>vel</strong></span> <span class='ocrx_word' id='word_1_86' title='bbox 777 1246 934 1302; x_wconf 89' lang='lat' dir='ltr'><strong>posse</strong></span> <span class='ocrx_word' id='word_1_87' title='bbox 973 1233 1348 1288; x_wconf 85' lang='lat' dir='ltr'><strong>transcendere</strong></span> <span class='ocrx_word' id='word_1_88' title='bbox 1376 1246 1562 1287; x_wconf 87' lang='lat' dir='ltr'><strong>causas</strong></span> <span class='ocrx_word' id='word_1_89' title='bbox 1591 1233 1727 1301; x_wconf 86' lang='lat' dir='ltr'><strong>ejus,</strong></span> <span class='ocrx_word' id='word_1_90' title='bbox 1756 1231 1847 1300; x_wconf 89' lang='lat' dir='ltr'><strong>qui</strong></span> 
     </span>
    </p>
   </div>
   <div class='ocr_carea' id='block_1_14' title="bbox 268 1323 1846 1396">
    <p class='ocr_par' dir='ltr' id='par_1_14' title="bbox 268 1323 1846 1396">
     <span class='ocr_line' id='line_1_14' title="bbox 268 1323 1846 1396; baseline -0.005 -12"><span class='ocrx_word' id='word_1_91' title='bbox 268 1336 455 1384; x_wconf 88' lang='lat' dir='ltr'><strong>contra</strong></span> <span class='ocrx_word' id='word_1_92' title='bbox 508 1325 854 1396; x_wconf 86' lang='lat' dir='ltr'><strong>apostolicam</strong></span> <span class='ocrx_word' id='word_1_93' title='bbox 901 1324 1195 1380; x_wconf 86' lang='lat' dir='ltr'><strong>doctrinam</strong></span> <span class='ocrx_word' id='word_1_94' title='bbox 1223 1366 1238 1393; x_wconf 92' lang='lat'><strong>,</strong></span> <span class='ocrx_word' id='word_1_95' title='bbox 1293 1324 1361 1379; x_wconf 90' lang='lat' dir='ltr'><strong>ad</strong></span> <span class='ocrx_word' id='word_1_96' title='bbox 1406 1323 1741 1378; x_wconf 88' lang='lat' dir='ltr'><strong>iterationem</strong></span> <span class='ocrx_word' id='word_1_97' title='bbox 1786 1337 1846 1376; x_wconf 89' lang='lat' dir='ltr'><strong>sc</strong></span> 
     </span>
    </p>
   </div>
   <div class='ocr_carea' id='block_1_15' title="bbox 266 1414 1845 1490">
    <p class='ocr_par' dir='ltr' id='par_1_15' title="bbox 266 1414 1845 1490">
     <span class='ocr_line' id='line_1_15' title="bbox 266 1414 1845 1490; baseline -0.003 -16"><span class='ocrx_word' id='word_1_98' title='bbox 266 1419 602 1490; x_wconf 86' lang='lat' dir='ltr'><strong>baptismatis</strong></span> <span class='ocrx_word' id='word_1_99' title='bbox 649 1416 806 1472; x_wconf 90' lang='lat' dir='ltr'><strong>nimis</strong></span> <span class='ocrx_word' id='word_1_100' title='bbox 856 1417 1140 1472; x_wconf 82' lang='lat' dir='ltr'><strong>infaustam</strong></span> <span class='ocrx_word' id='word_1_101' title='bbox 1195 1416 1432 1481; x_wconf 90' lang='lat' dir='ltr'><strong>dedidit;</strong></span> <span class='ocrx_word' id='word_1_102' title='bbox 1466 1417 1552 1472; x_wconf 90' lang='lat' dir='ltr'><strong>vel</strong></span> <span class='ocrx_word' id='word_1_103' title='bbox 1610 1415 1724 1485; x_wconf 89' lang='lat' dir='ltr'><strong>ejus</strong></span> <span class='ocrx_word' id='word_1_104' title='bbox 1754 1414 1845 1485; x_wconf 91' lang='lat' dir='ltr'><strong>qui</strong></span> 
     </span>
    </p>
   </div>
   <div class='ocr_carea' id='block_1_16' title="bbox 266 1506 1842 1581">
    <p class='ocr_par' dir='ltr' id='par_1_16' title="bbox 266 1506 1842 1581">
     <span class='ocr_line' id='line_1_16' title="bbox 266 1506 1842 1581; baseline -0.004 -14"><span class='ocrx_word' id='word_1_105' title='bbox 266 1510 538 1581; x_wconf 88' lang='lat' dir='ltr'><strong>aliquibus</strong></span> <span class='ocrx_word' id='word_1_106' title='bbox 576 1509 907 1580; x_wconf 72' lang='lat' dir='ltr'><strong>argumentis</strong></span> <span class='ocrx_word' id='word_1_107' title='bbox 940 1508 1300 1565; x_wconf 78' lang='lat' dir='ltr'><strong>excusandum</strong></span> <span class='ocrx_word' id='word_1_108' title='bbox 1352 1508 1544 1564; x_wconf 84' lang='lat' dir='ltr'><strong>callide</strong></span> <span class='ocrx_word' id='word_1_109' title='bbox 1567 1506 1842 1577; x_wconf 87' lang='lat' dir='ltr'><strong>p.0prium</strong></span> 
     </span>
    </p>
   </div>
   <div class='ocr_carea' id='block_1_17' title="bbox 266 1599 1845 1673">
    <p class='ocr_par' dir='ltr' id='par_1_17' title="bbox 266 1599 1845 1673">
     <span class='ocr_line' id='line_1_17' title="bbox 266 1599 1845 1673; baseline -0.004 -15"><span class='ocrx_word' id='word_1_110' title='bbox 266 1601 535 1673; x_wconf 87' lang='lat' dir='ltr'><strong>putaverit</strong></span> <span class='ocrx_word' id='word_1_111' title='bbox 560 1614 678 1658; x_wconf 85' lang='lat' dir='ltr'><strong>esse</strong></span> <span class='ocrx_word' id='word_1_112' title='bbox 703 1614 1052 1670; x_wconf 87' lang='lat' dir='ltr'><strong>consensum,</strong></span> <span class='ocrx_word' id='word_1_113' title='bbox 1086 1600 1402 1656; x_wconf 82' lang='lat' dir='ltr'><strong>sacerdotali</strong></span> <span class='ocrx_word' id='word_1_114' title='bbox 1437 1601 1637 1671; x_wconf 79' lang='lat' dir='ltr'><strong>vigore,</strong></span> <span class='ocrx_word' id='word_1_115' title='bbox 1667 1608 1719 1654; x_wconf 92' lang='lat' dir='ltr'><strong>et</strong></span> <span class='ocrx_word' id='word_1_116' title='bbox 1744 1599 1845 1653; x_wconf 80' lang='lat' dir='ltr'><strong>hu-</strong></span> 
     </span>
    </p>
   </div>
   <div class='ocr_carea' id='block_1_18' title="bbox 265 1692 1838 1763">
    <p class='ocr_par' dir='ltr' id='par_1_18' title="bbox 265 1692 1838 1763">
     <span class='ocr_line' id='line_1_18' title="bbox 265 1692 1838 1763; baseline -0.001 -13"><span class='ocrx_word' id='word_1_117' title='bbox 265 1695 525 1751; x_wconf 84' lang='lat' dir='ltr'><strong>manitate</strong></span> <span class='ocrx_word' id='word_1_118' title='bbox 557 1702 865 1760; x_wconf 85' lang='lat' dir='ltr'><strong>tractemus,</strong></span> <span class='ocrx_word' id='word_1_119' title='bbox 891 1701 948 1748; x_wconf 91' lang='lat' dir='ltr'><strong>ut</strong></span> <span class='ocrx_word' id='word_1_120' title='bbox 976 1695 1028 1748; x_wconf 94' lang='lat' dir='ltr'><strong>in</strong></span> <span class='ocrx_word' id='word_1_121' title='bbox 1058 1696 1137 1749; x_wconf 90' lang='lat' dir='ltr'><strong>eis</strong></span> <span class='ocrx_word' id='word_1_122' title='bbox 1167 1692 1317 1757; x_wconf 87' lang='lat' dir='ltr'><strong>fides,</strong></span> <span class='ocrx_word' id='word_1_123' title='bbox 1348 1708 1465 1763; x_wconf 83' lang='lat' dir='ltr'><strong>quae</strong></span> <span class='ocrx_word' id='word_1_124' title='bbox 1494 1693 1593 1748; x_wconf 88' lang='lat' dir='ltr'><strong>nisi</strong></span> <span class='ocrx_word' id='word_1_125' title='bbox 1615 1700 1838 1759; x_wconf 85' lang='lat' dir='ltr'><strong>estuna,</strong></span> 
     </span>
    </p>
   </div>
   <div class='ocr_carea' id='block_1_19' title="bbox 1949 494 3517 577">
    <p class='ocr_par' dir='ltr' id='par_1_19' title="bbox 1949 494 3517 577">
     <span class='ocr_line' id='line_1_19' title="bbox 1949 494 3517 577; baseline 0.017 -31"><span class='ocrx_word' id='word_1_126' title='bbox 1949 494 2265 563; x_wconf 71' lang='lat' dir='ltr'><strong>pmnitentes</strong></span> <span class='ocrx_word' id='word_1_127' title='bbox 2294 501 2533 558; x_wconf 88' lang='lat' dir='ltr'><strong>manibus</strong></span> <span class='ocrx_word' id='word_1_128' title='bbox 2559 504 2915 577; x_wconf 75' lang='lat' dir='ltr'><strong>sacerdotum,</strong></span> <span class='ocrx_word' id='word_1_129' title='bbox 2962 510 3171 566; x_wconf 85' lang='lat' dir='ltr'><strong>duobus</strong></span> <span class='ocrx_word' id='word_1_130' title='bbox 3207 522 3387 570; x_wconf 88' lang='lat' dir='ltr'><strong>autem</strong></span> <span class='ocrx_word' id='word_1_131' title='bbox 3416 530 3517 572; x_wconf 86' lang='lat' dir='ltr'><strong>an-</strong></span> 
     </span>
    </p>
   </div>
   <div class='ocr_carea' id='block_1_20' title="bbox 1948 584 3517 676">
    <p class='ocr_par' dir='ltr' id='par_1_20' title="bbox 1948 584 3517 676">
     <span class='ocr_line' id='line_1_20' title="bbox 1948 584 3517 676; baseline 0.016 -36"><span class='ocrx_word' id='word_1_132' title='bbox 1948 584 2031 641; x_wconf 88' lang='lat' dir='ltr'><strong>nis</strong></span> <span class='ocrx_word' id='word_1_133' title='bbox 2060 585 2359 645; x_wconf 70' lang='lat' dir='ltr'><strong>oblationes</strong></span> <span class='ocrx_word' id='word_1_134' title='bbox 2387 593 2559 649; x_wconf 91' lang='lat' dir='ltr'><strong>modis</strong></span> <span class='ocrx_word' id='word_1_135' title='bbox 2587 599 2833 656; x_wconf 90' lang='lat' dir='ltr'><strong>omnibus</strong></span> <span class='ocrx_word' id='word_1_136' title='bbox 2866 615 2971 657; x_wconf 93' lang='lat' dir='ltr'><strong>non</strong></span> <span class='ocrx_word' id='word_1_137' title='bbox 3014 603 3255 661; x_wconf 88' lang='lat' dir='ltr'><strong>sinantur</strong></span> <span class='ocrx_word' id='word_1_138' title='bbox 3302 606 3517 676; x_wconf 71' lang='lat' dir='ltr'><strong>offerre,</strong></span> 
     </span>
    </p>
   </div>
   <div class='ocr_carea' id='block_1_21' title="bbox 1948 677 3518 771">
    <p class='ocr_par' dir='ltr' id='par_1_21' title="bbox 1948 677 3518 771">
     <span class='ocr_line' id='line_1_21' title="bbox 1948 677 3518 771; baseline 0.015 -39"><span class='ocrx_word' id='word_1_139' title='bbox 1948 677 2041 733; x_wconf 86' lang='lat' dir='ltr'><strong>sed</strong></span> <span class='ocrx_word' id='word_1_140' title='bbox 2074 683 2439 737; x_wconf 88' lang='lat' dir='ltr'><strong>tantummodo</strong></span> <span class='ocrx_word' id='word_1_141' title='bbox 2469 686 2489 717; x_wconf 84' lang='grc'><strong>⁷</strong></span> <span class='ocrx_word' id='word_1_142' title='bbox 2521 689 2864 747; x_wconf 83' lang='lat' dir='ltr'><strong>saecularibus</strong></span> <span class='ocrx_word' id='word_1_143' title='bbox 2890 693 3044 766; x_wconf 84' lang='lat' dir='ltr'><strong>[Lege</strong></span> <span class='ocrx_word' id='word_1_144' title='bbox 3074 695 3436 771; x_wconf 86' lang='lat' dir='ltr'><strong>popularibus]</strong></span> <span class='ocrx_word' id='word_1_145' title='bbox 3465 701 3518 755; x_wconf 89' lang='lat' dir='ltr'><strong>in</strong></span> 
     </span>
    </p>
   </div>
   <div class='ocr_carea' id='block_1_22' title="bbox 1947 772 3517 845">
    <p class='ocr_par' dir='ltr' id='par_1_22' title="bbox 1947 772 3517 845">
     <span class='ocr_line' id='line_1_22' title="bbox 1947 772 3517 845; baseline 0.011 -19"><span class='ocrx_word' id='word_1_146' title='bbox 1947 772 2186 828; x_wconf 88' lang='lat' dir='ltr'><strong>oratione</strong></span> <span class='ocrx_word' id='word_1_147' title='bbox 2212 774 2501 830; x_wconf 91' lang='lat' dir='ltr'><strong>socientur.</strong></span> <span class='ocrx_word' id='word_1_148' title='bbox 2530 778 2637 833; x_wconf 88' lang='lat' dir='ltr'><strong>Nec</strong></span> <span class='ocrx_word' id='word_1_149' title='bbox 2664 783 3015 841; x_wconf 87' lang='lat' dir='ltr'><strong>confundatur</strong></span> <span class='ocrx_word' id='word_1_150' title='bbox 3049 786 3157 843; x_wconf 89' lang='lat' dir='ltr'><strong>Deo</strong></span> <span class='ocrx_word' id='word_1_151' title='bbox 3202 788 3338 845; x_wconf 90' lang='lat' dir='ltr'><strong>colla</strong></span> <span class='ocrx_word' id='word_1_152' title='bbox 3386 790 3517 845; x_wconf 87' lang='lat' dir='ltr'><strong>sub-</strong></span> 
     </span>
    </p>
   </div>
   <div class='ocr_carea' id='block_1_23' title="bbox 1948 862 3521 949">
    <p class='ocr_par' dir='ltr' id='par_1_23' title="bbox 1948 862 3521 949">
     <span class='ocr_line' id='line_1_23' title="bbox 1948 862 3521 949; baseline 0.013 -34"><span class='ocrx_word' id='word_1_153' title='bbox 1948 862 2179 930; x_wconf 88' lang='lat' dir='ltr'><strong>mittere,</strong></span> <span class='ocrx_word' id='word_1_154' title='bbox 2220 865 2311 934; x_wconf 89' lang='lat' dir='ltr'><strong>qui</strong></span> <span class='ocrx_word' id='word_1_155' title='bbox 2357 880 2460 920; x_wconf 92' lang='lat' dir='ltr'><strong>non</strong></span> <span class='ocrx_word' id='word_1_156' title='bbox 2485 882 2603 922; x_wconf 92' lang='lat' dir='ltr'><strong>eum</strong></span> <span class='ocrx_word' id='word_1_157' title='bbox 2630 870 2804 926; x_wconf 87' lang='lat' dir='ltr'><strong>timuit</strong></span> <span class='ocrx_word' id='word_1_158' title='bbox 2830 873 3111 945; x_wconf 87' lang='lat' dir='ltr'><strong>abnegare.</strong></span> <span class='ocrx_word' id='word_1_159' title='bbox 3161 877 3313 945; x_wconf 84' lang='lat' dir='ltr'><strong>Quod</strong></span> <span class='ocrx_word' id='word_1_160' title='bbox 3354 880 3420 949; x_wconf 93' lang='lat' dir='ltr'><strong>si,</strong></span> <span class='ocrx_word' id='word_1_161' title='bbox 3463 888 3521 936; x_wconf 87' lang='lat' dir='ltr'><strong>ut</strong></span> 
     </span>
    </p>
   </div>
   <div class='ocr_carea' id='block_1_24' title="bbox 1948 956 3551 1038">
    <p class='ocr_par' dir='ltr' id='par_1_24' title="bbox 1948 956 3551 1038">
     <span class='ocr_line' id='line_1_24' title="bbox 1948 956 3551 1038; baseline 0.013 -31"><span class='ocrx_word' id='word_1_162' title='bbox 1948 962 2071 1024; x_wconf 92' lang='lat' dir='ltr'><strong>pote</strong></span> <span class='ocrx_word' id='word_1_163' title='bbox 2096 956 2373 1025; x_wconf 81' lang='lat' dir='ltr'><strong>mortales,</strong></span> <span class='ocrx_word' id='word_1_164' title='bbox 2422 958 2558 1013; x_wconf 88' lang='lat' dir='ltr'><strong>intra</strong></span> <span class='ocrx_word' id='word_1_165' title='bbox 2592 969 2761 1016; x_wconf 88' lang='lat' dir='ltr'><strong>metas</strong></span> <span class='ocrx_word' id='word_1_166' title='bbox 2804 966 3101 1036; x_wconf 81' lang='lat' dir='ltr'><strong>praescripti</strong></span> <span class='ocrx_word' id='word_1_167' title='bbox 3132 970 3389 1038; x_wconf 88' lang='lat' dir='ltr'><strong>temporis</strong></span> <span class='ocrx_word' id='word_1_168' title='bbox 3412 962 3551 1027; x_wconf 44' lang='lat' dir='ltr'><strong>cur?</strong></span> 
     </span>
    </p>
   </div>
   <div class='ocr_carea' id='block_1_25' title="bbox 1950 1050 3519 1134">
    <p class='ocr_par' dir='ltr' id='par_1_25' title="bbox 1950 1050 3519 1134">
     <span class='ocr_line' id='line_1_25' title="bbox 1950 1050 3519 1134; baseline 0.01 -31"><span class='ocrx_word' id='word_1_169' title='bbox 1950 1050 2088 1119; x_wconf 89' lang='lat' dir='ltr'><strong>perit</strong></span> <span class='ocrx_word' id='word_1_170' title='bbox 2114 1051 2236 1105; x_wconf 80' lang='lat' dir='ltr'><strong>vitae</strong></span> <span class='ocrx_word' id='word_1_171' title='bbox 2265 1051 2383 1106; x_wconf 81' lang='lat' dir='ltr'><strong>linis</strong></span> <span class='ocrx_word' id='word_1_172' title='bbox 2408 1069 2624 1124; x_wconf 89' lang='lat' dir='ltr'><strong>urgere,</strong></span> <span class='ocrx_word' id='word_1_173' title='bbox 2648 1057 3066 1115; x_wconf 89' lang='lat' dir='ltr'><strong>subveniendum</strong></span> <span class='ocrx_word' id='word_1_174' title='bbox 3097 1070 3179 1116; x_wconf 87' lang='lat' dir='ltr'><strong>est</strong></span> <span class='ocrx_word' id='word_1_175' title='bbox 3194 1063 3519 1134; x_wconf 86' lang='lat' dir='ltr'><strong>imploranti,</strong></span> 
     </span>
    </p>
   </div>
   <div class='ocr_carea' id='block_1_26' title="bbox 1947 1143 3523 1222">
    <p class='ocr_par' dir='ltr' id='par_1_26' title="bbox 1947 1143 3523 1222">
     <span class='ocr_line' id='line_1_26' title="bbox 1947 1143 3523 1222; baseline 0.01 -26"><span class='ocrx_word' id='word_1_176' title='bbox 1947 1150 2002 1196; x_wconf 87' lang='lat' dir='ltr'><strong>et</strong></span> <span class='ocrx_word' id='word_1_177' title='bbox 2030 1156 2123 1197; x_wconf 91' lang='lat' dir='ltr'><strong>seu</strong></span> <span class='ocrx_word' id='word_1_178' title='bbox 2156 1143 2222 1198; x_wconf 88' lang='lat' dir='ltr'><strong>ab</strong></span> <span class='ocrx_word' id='word_1_179' title='bbox 2251 1144 2502 1214; x_wconf 88' lang='lat' dir='ltr'><strong>episcopo</strong></span> <span class='ocrx_word' id='word_1_180' title='bbox 2523 1146 2610 1217; x_wconf 87' lang='lat' dir='ltr'><strong>qui</strong></span> <span class='ocrx_word' id='word_1_181' title='bbox 2647 1148 3008 1217; x_wconf 84' lang='lat' dir='ltr'><strong>paenitentiam</strong></span> <span class='ocrx_word' id='word_1_182' title='bbox 3040 1152 3280 1222; x_wconf 84' lang='lat' dir='ltr'><strong>dederit,</strong></span> <span class='ocrx_word' id='word_1_183' title='bbox 3332 1172 3426 1211; x_wconf 92' lang='lat' dir='ltr'><strong>seu</strong></span> <span class='ocrx_word' id='word_1_184' title='bbox 3455 1157 3523 1212; x_wconf 88' lang='lat' dir='ltr'><strong>ab</strong></span> 
     </span>
    </p>
   </div>
   <div class='ocr_carea' id='block_1_27' title="bbox 1948 1234 3617 1310">
    <p class='ocr_par' dir='ltr' id='par_1_27' title="bbox 1948 1234 3617 1310">
     <span class='ocr_line' id='line_1_27' title="bbox 1948 1234 3617 1310; baseline 0.01 -24"><span class='ocrx_word' id='word_1_185' title='bbox 1948 1234 2069 1297; x_wconf 89' lang='lat' dir='ltr'><strong>alio,</strong></span> <span class='ocrx_word' id='word_1_186' title='bbox 2100 1235 2188 1302; x_wconf 94' lang='lat' dir='ltr'><strong>qui</strong></span> <span class='ocrx_word' id='word_1_187' title='bbox 2214 1243 2389 1289; x_wconf 86' lang='lat' dir='ltr'><strong>tamen</strong></span> <span class='ocrx_word' id='word_1_188' title='bbox 2418 1236 2596 1290; x_wconf 78' lang='lat' dir='ltr'><strong>datam</strong></span> <span class='ocrx_word' id='word_1_189' title='bbox 2620 1254 2739 1294; x_wconf 90' lang='lat' dir='ltr'><strong>esse</strong></span> <span class='ocrx_word' id='word_1_190' title='bbox 2775 1241 3116 1310; x_wconf 85' lang='lat' dir='ltr'><strong>probaverit,</strong></span> <span class='ocrx_word' id='word_1_191' title='bbox 3153 1254 3244 1300; x_wconf 90' lang='lat' dir='ltr'><strong>aut</strong></span> <span class='ocrx_word' id='word_1_192' title='bbox 3279 1246 3523 1302; x_wconf 85' lang='lat' dir='ltr'><strong>similiter</strong></span> <span class='ocrx_word' id='word_1_193' title='bbox 3606 1254 3617 1263; x_wconf 81' lang='lat'><em>‘</em></span> 
     </span>
    </p>
   </div>
   <div class='ocr_carea' id='block_1_28' title="bbox 1948 1327 3525 1399">
    <p class='ocr_par' dir='ltr' id='par_1_28' title="bbox 1948 1327 3525 1399">
     <span class='ocr_line' id='line_1_28' title="bbox 1948 1327 3525 1399; baseline 0.009 -19"><span class='ocrx_word' id='word_1_194' title='bbox 1948 1342 1978 1381; x_wconf 89' lang='lat' dir='ltr'><strong>a</strong></span> <span class='ocrx_word' id='word_1_195' title='bbox 2017 1327 2331 1399; x_wconf 80' lang='lat' dir='ltr'><strong>presbytero</strong></span> <span class='ocrx_word' id='word_1_196' title='bbox 2378 1330 2630 1385; x_wconf 86' lang='lat' dir='ltr'><strong>viaticum</strong></span> <span class='ocrx_word' id='word_1_197' title='bbox 2676 1331 2889 1388; x_wconf 89' lang='lat' dir='ltr'><strong>abeunti</strong></span> <span class='ocrx_word' id='word_1_198' title='bbox 2940 1336 3006 1390; x_wconf 88' lang='lat' dir='ltr'><strong>de</strong></span> <span class='ocrx_word' id='word_1_199' title='bbox 3044 1335 3245 1391; x_wconf 65' lang='lat' dir='ltr'><strong>saeculo</strong></span> <span class='ocrx_word' id='word_1_200' title='bbox 3291 1352 3398 1393; x_wconf 89' lang='lat' dir='ltr'><strong>non</strong></span> <span class='ocrx_word' id='word_1_201' title='bbox 3431 1354 3525 1395; x_wconf 92' lang='lat' dir='ltr'><strong>ne-</strong></span> 
     </span>
    </p>
   </div>
   <div class='ocr_carea' id='block_1_29' title="bbox 1948 1427 2119 1490">
    <p class='ocr_par' dir='ltr' id='par_1_29' title="bbox 1948 1427 2119 1490">
     <span class='ocr_line' id='line_1_29' title="bbox 1948 1427 2119 1490; baseline -0.012 -17"><span class='ocrx_word' id='word_1_202' title='bbox 1948 1427 2119 1490; x_wconf 80' lang='lat' dir='ltr'><strong>getur.</strong></span> 
     </span>
    </p>
   </div>
   <div class='ocr_carea' id='block_1_30' title="bbox 2018 1513 3525 1596">
    <p class='ocr_par' dir='ltr' id='par_1_30' title="bbox 2018 1513 3525 1596">
     <span class='ocr_line' id='line_1_30' title="bbox 2018 1513 3525 1596; baseline 0.008 -29"><span class='ocrx_word' id='word_1_203' title='bbox 2018 1513 2196 1570; x_wconf 74' lang='lat' dir='ltr'><strong>Pueris</strong></span> <span class='ocrx_word' id='word_1_204' title='bbox 2225 1524 2398 1571; x_wconf 89' lang='lat' dir='ltr'><strong>autem</strong></span> <span class='ocrx_word' id='word_1_205' title='bbox 2430 1517 2620 1588; x_wconf 90' lang='lat' dir='ltr'><strong>quibus</strong></span> <span class='ocrx_word' id='word_1_206' title='bbox 2642 1522 2787 1589; x_wconf 87' lang='lat' dir='ltr'><strong>quod</strong></span> <span class='ocrx_word' id='word_1_207' title='bbox 2813 1519 3022 1576; x_wconf 75' lang='lat' dir='ltr'><strong>adhuc&quot;</strong></span> <span class='ocrx_word' id='word_1_208' title='bbox 3046 1521 3345 1592; x_wconf 84' lang='lat' dir='ltr'><strong>impuberes</strong></span> <span class='ocrx_word' id='word_1_209' title='bbox 3371 1521 3525 1596; x_wconf 84' lang='lat' dir='ltr'><strong>[Lege</strong></span> 
     </span>
    </p>
   </div>
   <div class='ocr_carea' id='block_1_31' title="bbox 1950 1602 3523 1679">
    <p class='ocr_par' dir='ltr' id='par_1_31' title="bbox 1950 1602 3523 1679">
     <span class='ocr_line' id='line_1_31' title="bbox 1950 1602 3523 1679; baseline 0.008 -23"><span class='ocrx_word' id='word_1_210' title='bbox 1950 1602 2260 1674; x_wconf 86' lang='lat' dir='ltr'><strong>imberbes],</strong></span> <span class='ocrx_word' id='word_1_211' title='bbox 2292 1620 2320 1658; x_wconf 92' lang='lat' dir='ltr'><strong>a</strong></span> <span class='ocrx_word' id='word_1_212' title='bbox 2351 1606 2630 1674; x_wconf 87' lang='lat' dir='ltr'><strong>pubertate</strong></span> <span class='ocrx_word' id='word_1_213' title='bbox 2659 1608 2978 1663; x_wconf 84' lang='lat' dir='ltr'><strong>vocabulum</strong></span> <span class='ocrx_word' id='word_1_214' title='bbox 3021 1620 3120 1677; x_wconf 90' lang='lat' dir='ltr'><strong>est,</strong></span> <span class='ocrx_word' id='word_1_215' title='bbox 3169 1626 3263 1668; x_wconf 91' lang='lat' dir='ltr'><strong>seu</strong></span> <span class='ocrx_word' id='word_1_216' title='bbox 3290 1612 3523 1679; x_wconf 88' lang='lat' dir='ltr'><strong>clericis,</strong></span> 
     </span>
    </p>
   </div>
   <div class='ocr_carea' id='block_1_32' title="bbox 1948 1696 3523 1776">
    <p class='ocr_par' dir='ltr' id='par_1_32' title="bbox 1948 1696 3523 1776">
     <span class='ocr_line' id='line_1_32' title="bbox 1948 1696 3523 1776; baseline 0.007 -27"><span class='ocrx_word' id='word_1_217' title='bbox 1948 1696 2062 1752; x_wconf 87' lang='lat' dir='ltr'><strong>sive</strong></span> <span class='ocrx_word' id='word_1_218' title='bbox 2090 1697 2258 1762; x_wconf 82' lang='lat' dir='ltr'><strong>laieis,</strong></span> <span class='ocrx_word' id='word_1_219' title='bbox 2283 1708 2373 1752; x_wconf 83' lang='lat' dir='ltr'><strong>aut</strong></span> <span class='ocrx_word' id='word_1_220' title='bbox 2403 1699 2563 1751; x_wconf 89' lang='lat' dir='ltr'><strong>etiam</strong></span> <span class='ocrx_word' id='word_1_221' title='bbox 2595 1701 2859 1756; x_wconf 70' lang='lat' dir='ltr'><strong>snmilibus</strong></span> <span class='ocrx_word' id='word_1_222' title='bbox 2886 1702 3073 1771; x_wconf 88' lang='lat' dir='ltr'><strong>puellis</strong></span> <span class='ocrx_word' id='word_1_223' title='bbox 3094 1747 3108 1771; x_wconf 93' lang='lat'><strong>,</strong></span> <span class='ocrx_word' id='word_1_224' title='bbox 3146 1704 3338 1773; x_wconf 90' lang='lat' dir='ltr'><strong>quibus</strong></span> <span class='ocrx_word' id='word_1_225' title='bbox 3369 1706 3523 1776; x_wconf 88' lang='lat' dir='ltr'><strong>igno-</strong></span> 
     </span>
    </p>
   </div>
   <div class='ocr_carea' id='block_1_33' title="bbox 265 1772 3527 1862">
    <p class='ocr_par' dir='ltr' id='par_1_33' title="bbox 265 1772 3527 1862">
     <span class='ocr_line' id='line_1_33' title="bbox 265 1772 3527 1862; baseline 0.002 -19"><span class='ocrx_word' id='word_1_226' title='bbox 265 1788 378 1857; x_wconf 84' lang='lat' dir='ltr'><strong>jam</strong></span> <span class='ocrx_word' id='word_1_227' title='bbox 415 1789 557 1843; x_wconf 87' lang='lat' dir='ltr'><strong>nulla</strong></span> <span class='ocrx_word' id='word_1_228' title='bbox 588 1799 702 1857; x_wconf 87' lang='lat' dir='ltr'><strong>est,</strong></span> <span class='ocrx_word' id='word_1_229' title='bbox 732 1790 997 1862; x_wconf 89' lang='lat' dir='ltr'><strong>adjutorio</strong></span> <span class='ocrx_word' id='word_1_230' title='bbox 1028 1792 1235 1846; x_wconf 90' lang='lat' dir='ltr'><strong>Domini</strong></span> <span class='ocrx_word' id='word_1_231' title='bbox 1271 1791 1495 1861; x_wconf 83' lang='lat' dir='ltr'><strong>Judicis,</strong></span> <span class='ocrx_word' id='word_1_232' title='bbox 1521 1790 1586 1845; x_wconf 88' lang='lat' dir='ltr'><strong>ad</strong></span> <span class='ocrx_word' id='word_1_233' title='bbox 1614 1790 1842 1846; x_wconf 89' lang='lat' dir='ltr'><strong>salutem</strong></span> <span class='ocrx_word' id='word_1_234' title='bbox 1876 1772 1922 1834; x_wconf 77' lang='grc' dir='ltr'><strong>Β</strong></span> <span class='ocrx_word' id='word_1_235' title='bbox 1951 1789 2117 1842; x_wconf 88' lang='lat' dir='ltr'><strong>rantia</strong></span> <span class='ocrx_word' id='word_1_236' title='bbox 2145 1789 2463 1859; x_wconf 72' lang='lat' dir='ltr'><strong>suffragatur</strong></span> <span class='ocrx_word' id='word_1_237' title='bbox 2487 1791 2677 1858; x_wconf 86' lang='lat' dir='ltr'><strong>aetatis,</strong></span> <span class='ocrx_word' id='word_1_238' title='bbox 2725 1792 3033 1862; x_wconf 87' lang='lat' dir='ltr'><strong>aliquandiu</strong></span> <span class='ocrx_word' id='word_1_239' title='bbox 3071 1772 3173 1849; x_wconf 86' lang='lat' dir='ltr'><strong>sub</strong></span> <span class='ocrx_word' id='word_1_240' title='bbox 3216 1772 3412 1850; x_wconf 74' lang='lat' dir='ltr'><strong>manus</strong></span> <span class='ocrx_word' id='word_1_241' title='bbox 3430 1797 3527 1850; x_wconf 91' lang='lat' dir='ltr'><strong>im-</strong></span> 
     </span>
    </p>
   </div>
   <div class='ocr_carea' id='block_1_34' title="bbox 262 1879 1842 1956">
    <p class='ocr_par' dir='ltr' id='par_1_34' title="bbox 262 1879 1842 1956">
     <span class='ocr_line' id='line_1_34' title="bbox 262 1879 1842 1956; baseline 0.002 -21"><span class='ocrx_word' id='word_1_242' title='bbox 262 1879 385 1936; x_wconf 82' lang='lat' dir='ltr'><strong>sine</strong></span> <span class='ocrx_word' id='word_1_243' title='bbox 411 1891 607 1936; x_wconf 65' lang='lat' dir='ltr'><strong>nostrae</strong></span> <span class='ocrx_word' id='word_1_244' title='bbox 635 1882 656 1914; x_wconf 91' lang='grc'><strong><em>³</em></strong></span> <span class='ocrx_word' id='word_1_245' title='bbox 687 1884 1016 1953; x_wconf 84' lang='lat' dir='ltr'><strong>operationis</strong></span> <span class='ocrx_word' id='word_1_246' title='bbox 1040 1882 1335 1940; x_wconf 68' lang='lat' dir='ltr'><strong>offensione</strong></span> <span class='ocrx_word' id='word_1_247' title='bbox 1366 1893 1642 1954; x_wconf 84' lang='lat' dir='ltr'><strong>reparetur</strong></span> <span class='ocrx_word' id='word_1_248' title='bbox 1677 1901 1688 1936; x_wconf 91' lang='lat'>:</span> <span class='ocrx_word' id='word_1_249' title='bbox 1721 1885 1842 1956; x_wconf 87' lang='lat' dir='ltr'><strong>quia</strong></span> 
     </span>
    </p>
   </div>
   <div class='ocr_carea' id='block_1_35' title="bbox 261 1974 1843 2047">
    <p class='ocr_par' dir='ltr' id='par_1_35' title="bbox 261 1974 1843 2047">
     <span class='ocr_line' id='line_1_35' title="bbox 261 1974 1843 2047; baseline 0.003 -22"><span class='ocrx_word' id='word_1_250' title='bbox 261 1984 390 2025; x_wconf 90' lang='lat' dir='ltr'><strong>cum</strong></span> <span class='ocrx_word' id='word_1_251' title='bbox 426 1974 721 2041; x_wconf 80' lang='lat' dir='ltr'><strong>peccatoris</strong></span> <span class='ocrx_word' id='word_1_252' title='bbox 761 1991 789 2028; x_wconf 92' lang='lat' dir='ltr'><strong>a</strong></span> <span class='ocrx_word' id='word_1_253' title='bbox 824 1975 977 2031; x_wconf 91' lang='lat' dir='ltr'><strong>nobis</strong></span> <span class='ocrx_word' id='word_1_254' title='bbox 1004 1976 1299 2032; x_wconf 78' lang='lat' dir='ltr'><strong>satisfactio</strong></span> <span class='ocrx_word' id='word_1_255' title='bbox 1336 1975 1665 2047; x_wconf 86' lang='lat' dir='ltr'><strong>protrahitur</strong></span> <span class='ocrx_word' id='word_1_256' title='bbox 1688 2018 1702 2040; x_wconf 89' lang='lat'><strong>,</strong></span> <span class='ocrx_word' id='word_1_257' title='bbox 1738 1990 1843 2030; x_wconf 91' lang='lat' dir='ltr'><strong>non</strong></span> 
     </span>
    </p>
   </div>
   <div class='ocr_carea' id='block_1_36' title="bbox 263 2065 1846 2139">
    <p class='ocr_par' dir='ltr' id='par_1_36' title="bbox 263 2065 1846 2139">
     <span class='ocr_line' id='line_1_36' title="bbox 263 2065 1846 2139; baseline 0.002 -20"><span class='ocrx_word' id='word_1_258' title='bbox 263 2072 467 2134; x_wconf 64' lang='lat' dir='ltr'><strong>praeter</strong></span> <span class='ocrx_word' id='word_1_259' title='bbox 513 2065 723 2121; x_wconf 89' lang='lat' dir='ltr'><strong>laudem</strong></span> <span class='ocrx_word' id='word_1_260' title='bbox 768 2077 1001 2123; x_wconf 84' lang='lat' dir='ltr'><strong>nostram</strong></span> <span class='ocrx_word' id='word_1_261' title='bbox 1032 2077 1193 2139; x_wconf 90' lang='lat' dir='ltr'><strong>atque</strong></span> <span class='ocrx_word' id='word_1_262' title='bbox 1238 2068 1473 2123; x_wconf 85' lang='lat' dir='ltr'><strong>laetitiam</strong></span> <span class='ocrx_word' id='word_1_263' title='bbox 1502 2109 1516 2132; x_wconf 94' lang='lat'><strong>,</strong></span> <span class='ocrx_word' id='word_1_264' title='bbox 1550 2082 1702 2122; x_wconf 89' lang='lat' dir='ltr'><strong>mens</strong></span> <span class='ocrx_word' id='word_1_265' title='bbox 1730 2067 1846 2137; x_wconf 86' lang='lat' dir='ltr'><strong>ejus</strong></span> 
     </span>
    </p>
   </div>
   <div class='ocr_carea' id='block_1_37' title="bbox 261 2156 1843 2230">
    <p class='ocr_par' dir='ltr' id='par_1_37' title="bbox 261 2156 1843 2230">
     <span class='ocr_line' id='line_1_37' title="bbox 261 2156 1843 2230; baseline 0.001 -19"><span class='ocrx_word' id='word_1_266' title='bbox 261 2156 333 2211; x_wconf 89' lang='lat' dir='ltr'><strong>ad</strong></span> <span class='ocrx_word' id='word_1_267' title='bbox 361 2158 569 2212; x_wconf 85' lang='lat' dir='ltr'><strong>veniam</strong></span> <span class='ocrx_word' id='word_1_268' title='bbox 600 2162 869 2230; x_wconf 88' lang='lat' dir='ltr'><strong>purgatior</strong></span> <span class='ocrx_word' id='word_1_269' title='bbox 900 2162 1195 2217; x_wconf 84' lang='lat' dir='ltr'><strong>invenitur.</strong></span> <span class='ocrx_word' id='word_1_270' title='bbox 1229 2162 1294 2216; x_wconf 86' lang='lat' dir='ltr'><strong>Et</strong></span> <span class='ocrx_word' id='word_1_271' title='bbox 1312 2160 1434 2216; x_wconf 90' lang='lat' dir='ltr'><strong>ideo</strong></span> <span class='ocrx_word' id='word_1_272' title='bbox 1457 2159 1843 2226; x_wconf 90' lang='lat' dir='ltr'><strong>memineritis,</strong></span> 
     </span>
    </p>
   </div>
   <div class='ocr_carea' id='block_1_38' title="bbox 262 2247 1842 2319">
    <p class='ocr_par' dir='ltr' id='par_1_38' title="bbox 262 2247 1842 2319">
     <span class='ocr_line' id='line_1_38' title="bbox 262 2247 1842 2319; baseline 0.003 -17"><span class='ocrx_word' id='word_1_273' title='bbox 262 2247 407 2303; x_wconf 86' lang='lat' dir='ltr'><strong>hanc</strong></span> <span class='ocrx_word' id='word_1_274' title='bbox 432 2264 591 2319; x_wconf 88' lang='lat' dir='ltr'><strong>super</strong></span> <span class='ocrx_word' id='word_1_275' title='bbox 618 2249 703 2307; x_wconf 85' lang='lat' dir='ltr'><strong>bis</strong></span> <span class='ocrx_word' id='word_1_276' title='bbox 748 2267 845 2308; x_wconf 91' lang='lat' dir='ltr'><strong>nos</strong></span> <span class='ocrx_word' id='word_1_277' title='bbox 875 2254 1072 2310; x_wconf 88' lang='lat' dir='ltr'><strong>habere</strong></span> <span class='ocrx_word' id='word_1_278' title='bbox 1123 2254 1444 2310; x_wconf 88' lang='lat' dir='ltr'><strong>sententiam</strong></span> <span class='ocrx_word' id='word_1_279' title='bbox 1473 2295 1487 2319; x_wconf 90' lang='lat'><strong>,</strong></span> <span class='ocrx_word' id='word_1_280' title='bbox 1535 2263 1595 2309; x_wconf 93' lang='lat' dir='ltr'><strong>ut</strong></span> <span class='ocrx_word' id='word_1_281' title='bbox 1632 2260 1842 2310; x_wconf 90' lang='lat' dir='ltr'><strong>servata</strong></span> 
     </span>
    </p>
   </div>
   <div class='ocr_carea' id='block_1_39' title="bbox 264 2340 1845 2416">
    <p class='ocr_par' dir='ltr' id='par_1_39' title="bbox 264 2340 1845 2416">
     <span class='ocr_line' id='line_1_39' title="bbox 264 2340 1845 2416; baseline 0.003 -21"><span class='ocrx_word' id='word_1_282' title='bbox 264 2340 588 2397; x_wconf 83' lang='lat' dir='ltr'><strong>discretione</strong></span> <span class='ocrx_word' id='word_1_283' title='bbox 611 2344 942 2411; x_wconf 88' lang='lat' dir='ltr'><strong>peccantium</strong></span> <span class='ocrx_word' id='word_1_284' title='bbox 971 2386 987 2411; x_wconf 91' lang='lat'><strong>,</strong></span> <span class='ocrx_word' id='word_1_285' title='bbox 1020 2359 1123 2399; x_wconf 92' lang='lat' dir='ltr'><strong>non</strong></span> <span class='ocrx_word' id='word_1_286' title='bbox 1154 2345 1340 2401; x_wconf 86' lang='lat' dir='ltr'><strong>eadem</strong></span> <span class='ocrx_word' id='word_1_287' title='bbox 1366 2346 1545 2401; x_wconf 89' lang='lat' dir='ltr'><strong>cuncti</strong></span> <span class='ocrx_word' id='word_1_288' title='bbox 1566 2346 1655 2414; x_wconf 88' lang='lat' dir='ltr'><strong>qui</strong></span> <span class='ocrx_word' id='word_1_289' title='bbox 1707 2345 1845 2416; x_wconf 90' lang='lat' dir='ltr'><strong>lapsi</strong></span> 
     </span>
    </p>
   </div>
   <div class='ocr_carea' id='block_1_40' title="bbox 261 2432 1843 2517">
    <p class='ocr_par' dir='ltr' id='par_1_40' title="bbox 261 2432 1843 2517">
     <span class='ocr_line' id='line_1_40' title="bbox 261 2432 1843 2517; baseline 0.007 -30"><span class='ocrx_word' id='word_1_290' title='bbox 261 2439 415 2499; x_wconf 88' lang='lat' dir='ltr'><strong>sunt,</strong></span> <span class='ocrx_word' id='word_1_291' title='bbox 439 2432 590 2489; x_wconf 91' lang='lat' dir='ltr'><strong>lance</strong></span> <span class='ocrx_word' id='word_1_292' title='bbox 620 2446 932 2504; x_wconf 89' lang='lat' dir='ltr'><strong>pensentur:</strong></span> <span class='ocrx_word' id='word_1_293' title='bbox 962 2439 1213 2509; x_wconf 90' lang='lat' dir='ltr'><strong>quoniam</strong></span> <span class='ocrx_word' id='word_1_294' title='bbox 1238 2440 1453 2517; x_wconf 89' lang='lat' dir='ltr'><strong>majoris</strong></span> <span class='ocrx_word' id='word_1_295' title='bbox 1477 2442 1843 2511; x_wconf 76' lang='lat' dir='ltr'><strong>castigationis</strong></span> 
     </span>
    </p>
   </div>
   <div class='ocr_carea' id='block_1_41' title="bbox 266 2522 1845 2602">
    <p class='ocr_par' dir='ltr' id='par_1_41' title="bbox 266 2522 1845 2602">
     <span class='ocr_line' id='line_1_41' title="bbox 266 2522 1845 2602; baseline 0.007 -26"><span class='ocrx_word' id='word_1_296' title='bbox 266 2522 290 2554; x_wconf 71' lang='grc'><strong><em>⁵</em></strong></span> <span class='ocrx_word' id='word_1_297' title='bbox 324 2522 618 2593; x_wconf 77' lang='lat' dir='ltr'><strong>exigendus</strong></span> <span class='ocrx_word' id='word_1_298' title='bbox 667 2535 749 2581; x_wconf 92' lang='lat' dir='ltr'><strong>est</strong></span> <span class='ocrx_word' id='word_1_299' title='bbox 790 2542 948 2583; x_wconf 91' lang='lat' dir='ltr'><strong>usura</strong></span> <span class='ocrx_word' id='word_1_300' title='bbox 991 2528 1246 2602; x_wconf 89' lang='lat' dir='ltr'><strong>[usuras],</strong></span> <span class='ocrx_word' id='word_1_301' title='bbox 1275 2532 1359 2585; x_wconf 92' lang='lat' dir='ltr'><strong>cui</strong></span> <span class='ocrx_word' id='word_1_302' title='bbox 1407 2529 1599 2586; x_wconf 89' lang='lat' dir='ltr'><strong>domus</strong></span> <span class='ocrx_word' id='word_1_303' title='bbox 1639 2526 1845 2587; x_wconf 88' lang='lat' dir='ltr'><strong>Domini</strong></span> 
     </span>
    </p>
   </div>
   <div class='ocr_carea' id='block_1_42' title="bbox 266 2602 1075 2690">
    <p class='ocr_par' dir='ltr' id='par_1_42' title="bbox 266 2602 1075 2690">
     <span class='ocr_line' id='line_1_42' title="bbox 266 2602 1075 2690; baseline 0.01 -22"><span class='ocrx_word' id='word_1_304' title='bbox 266 2612 561 2689; x_wconf 86' lang='lat' dir='ltr'><strong>commissa</strong></span> <span class='ocrx_word' id='word_1_305' title='bbox 594 2614 751 2672; x_wconf 89' lang='lat' dir='ltr'><strong>fuerit</strong></span> <span class='ocrx_word' id='word_1_306' title='bbox 777 2602 1075 2690; x_wconf 76' lang='lat' dir='ltr'><strong>disciplina.</strong></span> 
     </span>
    </p>
   </div>
   <div class='ocr_carea' id='block_1_43' title="bbox 342 2706 1845 2779">
    <p class='ocr_par' dir='ltr' id='par_1_43' title="bbox 342 2706 1845 2779">
     <span class='ocr_line' id='line_1_43' title="bbox 342 2706 1845 2779; baseline 0.003 -16"><span class='ocrx_word' id='word_1_307' title='bbox 342 2706 409 2763; x_wconf 89' lang='lat' dir='ltr'><strong>Ut</strong></span> <span class='ocrx_word' id='word_1_308' title='bbox 429 2722 557 2779; x_wconf 89' lang='lat' dir='ltr'><strong>ergo</strong></span> <span class='ocrx_word' id='word_1_309' title='bbox 584 2708 651 2763; x_wconf 89' lang='lat' dir='ltr'><strong>ab</strong></span> <span class='ocrx_word' id='word_1_310' title='bbox 676 2708 931 2767; x_wconf 73' lang='lat' dir='ltr'><strong>Ecclesiae</strong></span> <span class='ocrx_word' id='word_1_311' title='bbox 960 2712 1355 2768; x_wconf 86' lang='lat' dir='ltr'><strong>summitatibus</strong></span> <span class='ocrx_word' id='word_1_312' title='bbox 1384 2714 1720 2778; x_wconf 77' lang='lat' dir='ltr'><strong>inchoamus,</strong></span> <span class='ocrx_word' id='word_1_313' title='bbox 1749 2729 1845 2769; x_wconf 86' lang='lat' dir='ltr'><strong>eos</strong></span> 
     </span>
    </p>
   </div>
   <div class='ocr_carea' id='block_1_44' title="bbox 261 2798 1847 2874">
    <p class='ocr_par' dir='ltr' id='par_1_44' title="bbox 261 2798 1847 2874">
     <span class='ocr_line' id='line_1_44' title="bbox 261 2798 1847 2874; baseline 0.004 -21"><span class='ocrx_word' id='word_1_314' title='bbox 261 2812 403 2870; x_wconf 85' lang='lat' dir='ltr'><strong>quos</strong></span> <span class='ocrx_word' id='word_1_315' title='bbox 425 2798 727 2871; x_wconf 81' lang='lat' dir='ltr'><strong>episcopos,</strong></span> <span class='ocrx_word' id='word_1_316' title='bbox 760 2803 1125 2874; x_wconf 86' lang='lat' dir='ltr'><strong>presbyteros,</strong></span> <span class='ocrx_word' id='word_1_317' title='bbox 1151 2804 1236 2858; x_wconf 89' lang='lat' dir='ltr'><strong>vel</strong></span> <span class='ocrx_word' id='word_1_318' title='bbox 1260 2803 1515 2859; x_wconf 85' lang='lat' dir='ltr'><strong>diaconos</strong></span> <span class='ocrx_word' id='word_1_319' title='bbox 1537 2803 1699 2859; x_wconf 80' lang='lat' dir='ltr'><strong>fuisse</strong></span> <span class='ocrx_word' id='word_1_320' title='bbox 1721 2819 1847 2860; x_wconf 86' lang='lat' dir='ltr'><strong>con-</strong></span> 
     </span>
    </p>
   </div>
   <div class='ocr_carea' id='block_1_45' title="bbox 260 2888 1846 2963">
    <p class='ocr_par' dir='ltr' id='par_1_45' title="bbox 260 2888 1846 2963">
     <span class='ocr_line' id='line_1_45' title="bbox 260 2888 1846 2963; baseline 0.004 -19"><span class='ocrx_word' id='word_1_321' title='bbox 260 2888 491 2958; x_wconf 84' lang='lat' dir='ltr'><strong>stiterit,</strong></span> <span class='ocrx_word' id='word_1_322' title='bbox 521 2898 574 2946; x_wconf 89' lang='lat' dir='ltr'><strong>et</strong></span> <span class='ocrx_word' id='word_1_323' title='bbox 605 2906 697 2945; x_wconf 87' lang='lat' dir='ltr'><strong>seu</strong></span> <span class='ocrx_word' id='word_1_324' title='bbox 730 2900 977 2963; x_wconf 88' lang='lat' dir='ltr'><strong>optantes</strong></span> <span class='ocrx_word' id='word_1_325' title='bbox 1008 2893 1253 2960; x_wconf 82' lang='lat' dir='ltr'><strong>forsitan,</strong></span> <span class='ocrx_word' id='word_1_326' title='bbox 1284 2910 1378 2950; x_wconf 90' lang='lat' dir='ltr'><strong>seu</strong></span> <span class='ocrx_word' id='word_1_327' title='bbox 1401 2904 1614 2953; x_wconf 86' lang='lat' dir='ltr'><strong>coactos</strong></span> <span class='ocrx_word' id='word_1_328' title='bbox 1649 2896 1846 2952; x_wconf 86' lang='lat' dir='ltr'><strong>lavacri</strong></span> 
     </span>
    </p>
   </div>
   <div class='ocr_carea' id='block_1_46' title="bbox 260 2976 1847 3057">
    <p class='ocr_par' dir='ltr' id='par_1_46' title="bbox 260 2976 1847 3057">
     <span class='ocr_line' id='line_1_46' title="bbox 260 2976 1847 3057; baseline 0.003 -19"><span class='ocrx_word' id='word_1_329' title='bbox 260 2976 413 3038; x_wconf 82' lang='lat' dir='ltr'><strong>illius</strong></span> <span class='ocrx_word' id='word_1_330' title='bbox 436 2981 574 3037; x_wconf 90' lang='lat' dir='ltr'><strong>unici</strong></span> <span class='ocrx_word' id='word_1_331' title='bbox 602 2980 959 3054; x_wconf 82' lang='lat' dir='ltr'><strong>salutarisque</strong></span> <span class='ocrx_word' id='word_1_332' title='bbox 984 2984 1240 3041; x_wconf 76' lang='lat' dir='ltr'><strong>claruerit</strong></span> <span class='ocrx_word' id='word_1_333' title='bbox 1270 2988 1460 3042; x_wconf 89' lang='lat' dir='ltr'><strong>fecisse</strong></span> <span class='ocrx_word' id='word_1_334' title='bbox 1481 2988 1764 3057; x_wconf 87' lang='lat' dir='ltr'><strong>jacturam,</strong></span> <span class='ocrx_word' id='word_1_335' title='bbox 1794 2997 1847 3043; x_wconf 91' lang='lat' dir='ltr'><strong>et</strong></span> 
     </span>
    </p>
   </div>
   <div class='ocr_carea' id='block_1_47' title="bbox 260 3072 1845 3153">
    <p class='ocr_par' dir='ltr' id='par_1_47' title="bbox 260 3072 1845 3153">
     <span class='ocr_line' id='line_1_47' title="bbox 260 3072 1845 3153; baseline 0.005 -21"><span class='ocrx_word' id='word_1_336' title='bbox 260 3075 565 3143; x_wconf 85' lang='lat' dir='ltr'><strong>Christum,</strong></span> <span class='ocrx_word' id='word_1_337' title='bbox 591 3092 752 3147; x_wconf 89' lang='lat' dir='ltr'><strong>quem</strong></span> <span class='ocrx_word' id='word_1_338' title='bbox 781 3072 888 3134; x_wconf 88' lang='lat' dir='ltr'><strong>non</strong></span> <span class='ocrx_word' id='word_1_339' title='bbox 915 3080 1089 3136; x_wconf 91' lang='lat' dir='ltr'><strong>solum</strong></span> <span class='ocrx_word' id='word_1_340' title='bbox 1115 3082 1259 3137; x_wconf 91' lang='lat' dir='ltr'><strong>dono</strong></span> <span class='ocrx_word' id='word_1_341' title='bbox 1286 3085 1722 3153; x_wconf 77' lang='lat' dir='ltr'><strong>regenerationis,</strong></span> <span class='ocrx_word' id='word_1_342' title='bbox 1755 3102 1845 3140; x_wconf 80' lang='lat' dir='ltr'><strong>ve-</strong></span> 
     </span>
    </p>
   </div>
   <div class='ocr_carea' id='block_1_48' title="bbox 1950 1878 3528 1950">
    <p class='ocr_par' dir='ltr' id='par_1_48' title="bbox 1950 1878 3528 1950">
     <span class='ocr_line' id='line_1_48' title="bbox 1950 1878 3528 1950; baseline 0.004 -16"><span class='ocrx_word' id='word_1_343' title='bbox 1950 1878 2213 1949; x_wconf 91' lang='lat' dir='ltr'><strong>positione</strong></span> <span class='ocrx_word' id='word_1_344' title='bbox 2267 1879 2527 1945; x_wconf 86' lang='lat' dir='ltr'><strong>detentis,</strong></span> <span class='ocrx_word' id='word_1_345' title='bbox 2579 1880 2850 1936; x_wconf 84' lang='lat' dir='ltr'><strong>reddenda</strong></span> <span class='ocrx_word' id='word_1_346' title='bbox 2898 1885 3204 1940; x_wconf 89' lang='lat' dir='ltr'><strong>communio</strong></span> <span class='ocrx_word' id='word_1_347' title='bbox 3253 1895 3371 1950; x_wconf 87' lang='lat' dir='ltr'><strong>est;</strong></span> <span class='ocrx_word' id='word_1_348' title='bbox 3430 1900 3528 1941; x_wconf 89' lang='lat' dir='ltr'><strong>nec</strong></span> 
     </span>
    </p>
   </div>
   <div class='ocr_carea' id='block_1_49' title="bbox 1948 1971 3525 2046">
    <p class='ocr_par' dir='ltr' id='par_1_49' title="bbox 1948 1971 3525 2046">
     <span class='ocr_line' id='line_1_49' title="bbox 1948 1971 3525 2046; baseline 0.006 -23"><span class='ocrx_word' id='word_1_349' title='bbox 1948 1983 2134 2024; x_wconf 91' lang='lat' dir='ltr'><strong>eorum</strong></span> <span class='ocrx_word' id='word_1_350' title='bbox 2164 1971 2520 2038; x_wconf 73' lang='lat' dir='ltr'><strong>exspectanda</strong></span> <span class='ocrx_word' id='word_1_351' title='bbox 2555 1973 2863 2042; x_wconf 87' lang='lat' dir='ltr'><strong>poenitentia</strong></span> <span class='ocrx_word' id='word_1_352' title='bbox 2897 1989 3029 2044; x_wconf 89' lang='lat' dir='ltr'><strong>quos</strong></span> <span class='ocrx_word' id='word_1_353' title='bbox 3068 1977 3264 2046; x_wconf 78' lang='lat' dir='ltr'><strong>excipit</strong></span> <span class='ocrx_word' id='word_1_354' title='bbox 3305 1991 3334 2031; x_wconf 91' lang='lat' dir='ltr'><strong>a</strong></span> <span class='ocrx_word' id='word_1_355' title='bbox 3368 1991 3525 2032; x_wconf 89' lang='lat' dir='ltr'><strong>coer-</strong></span> 
     </span>
    </p>
   </div>
   <div class='ocr_carea' id='block_1_50' title="bbox 1949 2060 3527 2133">
    <p class='ocr_par' dir='ltr' id='par_1_50' title="bbox 1949 2060 3527 2133">
     <span class='ocr_line' id='line_1_50' title="bbox 1949 2060 3527 2133; baseline 0.004 -19"><span class='ocrx_word' id='word_1_356' title='bbox 1949 2062 2145 2115; x_wconf 89' lang='lat' dir='ltr'><strong>citione</strong></span> <span class='ocrx_word' id='word_1_357' title='bbox 2171 2076 2413 2115; x_wconf 86' lang='lat' dir='ltr'><strong>censura.</strong></span> <span class='ocrx_word' id='word_1_358' title='bbox 2451 2060 2600 2128; x_wconf 85' lang='lat' dir='ltr'><strong>Quod</strong></span> <span class='ocrx_word' id='word_1_359' title='bbox 2638 2072 2716 2117; x_wconf 71' lang='lat' dir='ltr'><strong>est</strong></span> <span class='ocrx_word' id='word_1_360' title='bbox 2748 2079 2775 2116; x_wconf 91' lang='lat' dir='ltr'><strong>a</strong></span> <span class='ocrx_word' id='word_1_361' title='bbox 2818 2063 2969 2118; x_wconf 89' lang='lat' dir='ltr'><strong>nobis</strong></span> <span class='ocrx_word' id='word_1_362' title='bbox 3010 2066 3227 2133; x_wconf 81' lang='lat' dir='ltr'><strong>provide</strong></span> <span class='ocrx_word' id='word_1_363' title='bbox 3270 2068 3527 2122; x_wconf 86' lang='lat' dir='ltr'><strong>constitu-</strong></span> 
     </span>
    </p>
   </div>
   <div class='ocr_carea' id='block_1_51' title="bbox 1951 2146 3523 2227">
    <p class='ocr_par' dir='ltr' id='par_1_51' title="bbox 1951 2146 3523 2227">
     <span class='ocr_line' id='line_1_51' title="bbox 1951 2146 3523 2227; baseline 0.002 -20"><span class='ocrx_word' id='word_1_364' title='bbox 1951 2161 2082 2218; x_wconf 88' lang='lat' dir='ltr'><strong>tum,</strong></span> <span class='ocrx_word' id='word_1_365' title='bbox 2115 2168 2181 2207; x_wconf 90' lang='lat' dir='ltr'><strong>ne</strong></span> <span class='ocrx_word' id='word_1_366' title='bbox 2211 2150 2260 2206; x_wconf 90' lang='lat' dir='ltr'><strong>hi</strong></span> <span class='ocrx_word' id='word_1_367' title='bbox 2290 2153 2479 2223; x_wconf 86' lang='lat' dir='ltr'><strong>quibus</strong></span> <span class='ocrx_word' id='word_1_368' title='bbox 2526 2153 2576 2206; x_wconf 91' lang='lat' dir='ltr'><strong>in</strong></span> <span class='ocrx_word' id='word_1_369' title='bbox 2622 2156 2817 2209; x_wconf 88' lang='lat' dir='ltr'><strong>terreni</strong></span> <span class='ocrx_word' id='word_1_370' title='bbox 2856 2155 2975 2211; x_wconf 84' lang='lat' dir='ltr'><strong>labe</strong></span> <span class='ocrx_word' id='word_1_371' title='bbox 3016 2157 3244 2227; x_wconf 86' lang='lat' dir='ltr'><strong>contagii</strong></span> <span class='ocrx_word' id='word_1_372' title='bbox 3282 2146 3397 2226; x_wconf 88' lang='lat' dir='ltr'><strong>plus</strong></span> <span class='ocrx_word' id='word_1_373' title='bbox 3425 2158 3523 2211; x_wconf 87' lang='lat' dir='ltr'><strong>mi-</strong></span> 
     </span>
    </p>
   </div>
   <div class='ocr_carea' id='block_1_52' title="bbox 1948 2228 3518 2316">
    <p class='ocr_par' dir='ltr' id='par_1_52' title="bbox 1948 2228 3518 2316">
     <span class='ocr_line' id='line_1_52' title="bbox 1948 2228 3518 2316; baseline 0.003 -19"><span class='ocrx_word' id='word_1_374' title='bbox 1948 2258 2114 2298; x_wconf 88' lang='lat' dir='ltr'><strong>nusve</strong></span> <span class='ocrx_word' id='word_1_375' title='bbox 2146 2251 2308 2299; x_wconf 88' lang='lat' dir='ltr'><strong>restat</strong></span> <span class='ocrx_word' id='word_1_376' title='bbox 2333 2243 2396 2296; x_wconf 89' lang='lat' dir='ltr'><strong>ad</strong></span> <span class='ocrx_word' id='word_1_377' title='bbox 2427 2243 2608 2311; x_wconf 79' lang='lat' dir='ltr'><strong>vitam,</strong></span> <span class='ocrx_word' id='word_1_378' title='bbox 2637 2244 2757 2298; x_wconf 89' lang='lat' dir='ltr'><strong>dum</strong></span> <span class='ocrx_word' id='word_1_379' title='bbox 2782 2245 3020 2305; x_wconf 86' lang='lat' dir='ltr'><strong>adhucin</strong></span> <span class='ocrx_word' id='word_1_380' title='bbox 3045 2247 3351 2316; x_wconf 66' lang='lat' dir='ltr'><strong>poenitentia</strong></span> <span class='ocrx_word' id='word_1_381' title='bbox 3374 2228 3518 2313; x_wconf 75' lang='lat' dir='ltr'><strong>sunt,</strong></span> 
     </span>
    </p>
   </div>
   <div class='ocr_carea' id='block_1_53' title="bbox 1948 2333 3523 2409">
    <p class='ocr_par' dir='ltr' id='par_1_53' title="bbox 1948 2333 3523 2409">
     <span class='ocr_line' id='line_1_53' title="bbox 1948 2333 3523 2409; baseline 0.002 -20"><span class='ocrx_word' id='word_1_382' title='bbox 1948 2334 2247 2405; x_wconf 68' lang='lat' dir='ltr'><strong>paenitenda</strong></span> <span class='ocrx_word' id='word_1_383' title='bbox 2278 2337 2298 2367; x_wconf 74' lang='lat'><strong>9</strong></span> <span class='ocrx_word' id='word_1_384' title='bbox 2324 2335 2656 2389; x_wconf 85' lang='lat' dir='ltr'><strong>committant</strong></span> <span class='ocrx_word' id='word_1_385' title='bbox 2689 2333 2907 2407; x_wconf 86' lang='lat' dir='ltr'><strong>[Supple</strong></span> <span class='ocrx_word' id='word_1_386' title='bbox 2939 2334 3113 2409; x_wconf 75' lang='lat' dir='ltr'><strong>forte].</strong></span> <span class='ocrx_word' id='word_1_387' title='bbox 3147 2338 3293 2402; x_wconf 84' lang='lat' dir='ltr'><strong>Quod</strong></span> <span class='ocrx_word' id='word_1_388' title='bbox 3322 2337 3365 2391; x_wconf 88' lang='lat' dir='ltr'><strong>si</strong></span> <span class='ocrx_word' id='word_1_389' title='bbox 3399 2345 3523 2392; x_wconf 86' lang='lat' dir='ltr'><strong>ante</strong></span> 
     </span>
    </p>
   </div>
   <div class='ocr_carea' id='block_1_54' title="bbox 1954 2425 3531 2500">
    <p class='ocr_par' dir='ltr' id='par_1_54' title="bbox 1954 2425 3531 2500">
     <span class='ocr_line' id='line_1_54' title="bbox 1954 2425 3531 2500; baseline 0.004 -22"><span class='ocrx_word' id='word_1_390' title='bbox 1954 2425 2267 2494; x_wconf 54' lang='lat' dir='ltr'><strong>praefinitum</strong></span> <span class='ocrx_word' id='word_1_391' title='bbox 2328 2426 2649 2495; x_wconf 70' lang='lat' dir='ltr'><strong>pmniteutim</strong></span> <span class='ocrx_word' id='word_1_392' title='bbox 2697 2436 2905 2496; x_wconf 90' lang='lat' dir='ltr'><strong>tempus</strong></span> <span class='ocrx_word' id='word_1_393' title='bbox 2936 2428 2977 2458; x_wconf 88' lang='grc'><strong>¹⁰</strong></span> <span class='ocrx_word' id='word_1_394' title='bbox 3022 2429 3329 2499; x_wconf 88' lang='lat' dir='ltr'><strong>desperatus</strong></span> <span class='ocrx_word' id='word_1_395' title='bbox 3377 2429 3531 2500; x_wconf 80' lang='lat' dir='ltr'><strong>[Lege</strong></span> 
     </span>
    </p>
   </div>
   <div class='ocr_carea' id='block_1_55' title="bbox 1954 2516 3531 2591">
    <p class='ocr_par' dir='ltr' id='par_1_55' title="bbox 1954 2516 3531 2591">
     <span class='ocr_line' id='line_1_55' title="bbox 1954 2516 3531 2591; baseline 0.004 -21"><span class='ocrx_word' id='word_1_396' title='bbox 1954 2516 2260 2588; x_wconf 65' lang='lat' dir='ltr'><strong>despectus]</strong></span> <span class='ocrx_word' id='word_1_397' title='bbox 2288 2532 2313 2569; x_wconf 91' lang='lat' dir='ltr'><strong>a</strong></span> <span class='ocrx_word' id='word_1_398' title='bbox 2338 2517 2579 2585; x_wconf 86' lang='lat' dir='ltr'><strong>medicis,</strong></span> <span class='ocrx_word' id='word_1_399' title='bbox 2622 2530 2712 2571; x_wconf 87' lang='lat' dir='ltr'><strong>aut</strong></span> <span class='ocrx_word' id='word_1_400' title='bbox 2735 2520 3067 2576; x_wconf 90' lang='lat' dir='ltr'><strong>evidentibus</strong></span> <span class='ocrx_word' id='word_1_401' title='bbox 3102 2523 3286 2577; x_wconf 87' lang='lat' dir='ltr'><strong>mortis</strong></span> <span class='ocrx_word' id='word_1_402' title='bbox 3316 2536 3531 2591; x_wconf 89' lang='lat' dir='ltr'><strong>pressus</strong></span> 
     </span>
    </p>
   </div>
   <div class='ocr_carea' id='block_1_56' title="bbox 1952 2607 3530 2684">
    <p class='ocr_par' dir='ltr' id='par_1_56' title="bbox 1952 2607 3530 2684">
     <span class='ocr_line' id='line_1_56' title="bbox 1952 2607 3530 2684; baseline 0.004 -22"><span class='ocrx_word' id='word_1_403' title='bbox 1952 2607 2181 2674; x_wconf 90' lang='lat' dir='ltr'><strong>indiciis,</strong></span> <span class='ocrx_word' id='word_1_404' title='bbox 2222 2619 2437 2680; x_wconf 91' lang='lat' dir='ltr'><strong>recepta</strong></span> <span class='ocrx_word' id='word_1_405' title='bbox 2463 2612 2739 2680; x_wconf 88' lang='lat' dir='ltr'><strong>quisquam</strong></span> <span class='ocrx_word' id='word_1_406' title='bbox 2769 2614 3162 2668; x_wconf 89' lang='lat' dir='ltr'><strong>communionis</strong></span> <span class='ocrx_word' id='word_1_407' title='bbox 3191 2616 3359 2684; x_wconf 85' lang='lat' dir='ltr'><strong>gratia</strong></span> <span class='ocrx_word' id='word_1_408' title='bbox 3402 2628 3530 2669; x_wconf 44' lang='lat' dir='ltr'><strong>cons</strong></span> 
     </span>
    </p>
   </div>
   <div class='ocr_carea' id='block_1_57' title="bbox 1951 2701 3525 2773">
    <p class='ocr_par' dir='ltr' id='par_1_57' title="bbox 1951 2701 3525 2773">
     <span class='ocr_line' id='line_1_57' title="bbox 1951 2701 3525 2773; baseline 0.004 -20"><span class='ocrx_word' id='word_1_409' title='bbox 1951 2701 2201 2767; x_wconf 85' lang='lat' dir='ltr'><strong>valescit;</strong></span> <span class='ocrx_word' id='word_1_410' title='bbox 2230 2716 2506 2756; x_wconf 90' lang='lat' dir='ltr'><strong>servemus</strong></span> <span class='ocrx_word' id='word_1_411' title='bbox 2535 2703 2586 2756; x_wconf 90' lang='lat' dir='ltr'><strong>in</strong></span> <span class='ocrx_word' id='word_1_412' title='bbox 2618 2719 2681 2757; x_wconf 91' lang='lat' dir='ltr'><strong>eo</strong></span> <span class='ocrx_word' id='word_1_413' title='bbox 2712 2703 2851 2773; x_wconf 90' lang='lat' dir='ltr'><strong>quod</strong></span> <span class='ocrx_word' id='word_1_414' title='bbox 2892 2704 3091 2760; x_wconf 83' lang='lat' dir='ltr'><strong>Nicaeni</strong></span> <span class='ocrx_word' id='word_1_415' title='bbox 3118 2719 3352 2761; x_wconf 86' lang='lat' dir='ltr'><strong>canones</strong></span> <span class='ocrx_word' id='word_1_416' title='bbox 3378 2704 3525 2760; x_wconf 85' lang='lat' dir='ltr'><strong>ordi-</strong></span> 
     </span>
    </p>
   </div>
   <div class='ocr_carea' id='block_1_58' title="bbox 1953 2780 3530 2869">
    <p class='ocr_par' dir='ltr' id='par_1_58' title="bbox 1953 2780 3530 2869">
     <span class='ocr_line' id='line_1_58' title="bbox 1953 2780 3530 2869; baseline 0.006 -20"><span class='ocrx_word' id='word_1_417' title='bbox 1953 2780 2251 2862; x_wconf 82' lang='lat' dir='ltr'><strong>paverunt,</strong></span> <span class='ocrx_word' id='word_1_418' title='bbox 2287 2806 2341 2850; x_wconf 93' lang='lat' dir='ltr'><strong>ut</strong></span> <span class='ocrx_word' id='word_1_419' title='bbox 2371 2797 2630 2853; x_wconf 89' lang='lat' dir='ltr'><strong>habeatur</strong></span> <span class='ocrx_word' id='word_1_420' title='bbox 2660 2798 2799 2853; x_wconf 89' lang='lat' dir='ltr'><strong>inter</strong></span> <span class='ocrx_word' id='word_1_421' title='bbox 2827 2814 2920 2855; x_wconf 92' lang='lat' dir='ltr'><strong>eos</strong></span> <span class='ocrx_word' id='word_1_422' title='bbox 2945 2801 3033 2869; x_wconf 86' lang='lat' dir='ltr'><strong>qui</strong></span> <span class='ocrx_word' id='word_1_423' title='bbox 3062 2802 3113 2854; x_wconf 91' lang='lat' dir='ltr'><strong>in</strong></span> <span class='ocrx_word' id='word_1_424' title='bbox 3144 2795 3388 2857; x_wconf 84' lang='lat' dir='ltr'><strong>oratione</strong></span> <span class='ocrx_word' id='word_1_425' title='bbox 3416 2802 3530 2858; x_wconf 87' lang='lat' dir='ltr'><strong>sola</strong></span> 
     </span>
    </p>
   </div>
   <div class='ocr_carea' id='block_1_59' title="bbox 1950 2889 3528 2964">
    <p class='ocr_par' dir='ltr' id='par_1_59' title="bbox 1950 2889 3528 2964">
     <span class='ocr_line' id='line_1_59' title="bbox 1950 2889 3528 2964; baseline 0.006 -23"><span class='ocrx_word' id='word_1_426' title='bbox 1950 2889 2364 2954; x_wconf 84' lang='lat' dir='ltr'><strong>communicant,</strong></span> <span class='ocrx_word' id='word_1_427' title='bbox 2394 2889 2564 2944; x_wconf 90' lang='lat' dir='ltr'><strong>donec</strong></span> <span class='ocrx_word' id='word_1_428' title='bbox 2588 2890 2869 2960; x_wconf 82' lang='lat' dir='ltr'><strong>impleatur</strong></span> <span class='ocrx_word' id='word_1_429' title='bbox 2896 2895 3123 2962; x_wconf 90' lang='lat' dir='ltr'><strong>spatium</strong></span> <span class='ocrx_word' id='word_1_430' title='bbox 3158 2896 3414 2964; x_wconf 87' lang='lat' dir='ltr'><strong>temporis</strong></span> <span class='ocrx_word' id='word_1_431' title='bbox 3445 2896 3528 2950; x_wconf 82' lang='lat' dir='ltr'><strong>ei-</strong></span> 
     </span>
    </p>
   </div>
   <div class='ocr_carea' id='block_1_60' title="bbox 1950 2980 3530 3052">
    <p class='ocr_par' dir='ltr' id='par_1_60' title="bbox 1950 2980 3530 3052">
     <span class='ocr_line' id='line_1_60' title="bbox 1950 2980 3530 3052; baseline 0.005 -19"><span class='ocrx_word' id='word_1_432' title='bbox 1950 2980 2069 3034; x_wconf 89' lang='lat' dir='ltr'><strong>dem</strong></span> <span class='ocrx_word' id='word_1_433' title='bbox 2119 2980 2498 3049; x_wconf 75' lang='lat' dir='ltr'><strong>przestitutum.</strong></span> <span class='ocrx_word' id='word_1_434' title='bbox 2545 2981 2655 3036; x_wconf 86' lang='lat' dir='ltr'><strong>Nec</strong></span> <span class='ocrx_word' id='word_1_435' title='bbox 2700 2982 3116 3039; x_wconf 88' lang='lat' dir='ltr'><strong>catechumenos</strong></span> <span class='ocrx_word' id='word_1_436' title='bbox 3156 2996 3393 3052; x_wconf 84' lang='lat' dir='ltr'><strong>nostros,</strong></span> <span class='ocrx_word' id='word_1_437' title='bbox 3440 2986 3530 3049; x_wconf 87' lang='lat' dir='ltr'><strong>qui</strong></span> 
     </span>
    </p>
   </div>
   <div class='ocr_carea' id='block_1_61' title="bbox 1951 3070 3530 3147">
    <p class='ocr_par' dir='ltr' id='par_1_61' title="bbox 1951 3070 3530 3147">
     <span class='ocr_line' id='line_1_61' title="bbox 1951 3070 3530 3147; baseline 0.004 -21"><span class='ocrx_word' id='word_1_438' title='bbox 1951 3072 2051 3126; x_wconf 90' lang='lat' dir='ltr'><strong>sub</strong></span> <span class='ocrx_word' id='word_1_439' title='bbox 2078 3071 2165 3125; x_wconf 89' lang='lat' dir='ltr'><strong>tali</strong></span> <span class='ocrx_word' id='word_1_440' title='bbox 2193 3070 2526 3140; x_wconf 87' lang='lat' dir='ltr'><strong>professione</strong></span> <span class='ocrx_word' id='word_1_441' title='bbox 2555 3073 2805 3143; x_wconf 83' lang='lat' dir='ltr'><strong>baptizati</strong></span> <span class='ocrx_word' id='word_1_442' title='bbox 2843 3083 2989 3143; x_wconf 87' lang='lat' dir='ltr'><strong>sunt,</strong></span> <span class='ocrx_word' id='word_1_443' title='bbox 3037 3077 3530 3147; x_wconf 61' lang='lat' dir='ltr'><strong>praetermittimus:</strong></span> 
     </span>
    </p>
   </div>
   <div class='ocr_carea' id='block_1_62' title="bbox 260 3147 1848 3244">
    <p class='ocr_par' dir='ltr' id='par_1_62' title="bbox 260 3168 1848 3244">
     <span class='ocr_line' id='line_1_62' title="bbox 260 3168 1848 3244; baseline 0.006 -23"><span class='ocrx_word' id='word_1_444' title='bbox 260 3180 389 3221; x_wconf 87' lang='lat' dir='ltr'><strong>rum</strong></span> <span class='ocrx_word' id='word_1_445' title='bbox 420 3168 581 3223; x_wconf 88' lang='lat' dir='ltr'><strong>etiam</strong></span> <span class='ocrx_word' id='word_1_446' title='bbox 613 3170 780 3239; x_wconf 87' lang='lat' dir='ltr'><strong>gratia</strong></span> <span class='ocrx_word' id='word_1_447' title='bbox 814 3174 1050 3240; x_wconf 87' lang='lat' dir='ltr'><strong>percepti</strong></span> <span class='ocrx_word' id='word_1_448' title='bbox 1081 3172 1302 3228; x_wconf 86' lang='lat' dir='ltr'><strong>honoris</strong></span> <span class='ocrx_word' id='word_1_449' title='bbox 1330 3172 1632 3244; x_wconf 87' lang='lat' dir='ltr'><strong>induerant,</strong></span> <span class='ocrx_word' id='word_1_450' title='bbox 1668 3177 1848 3233; x_wconf 78' lang='lat' dir='ltr'><strong>exuis-</strong></span> 
     </span>
    </p>
   </div>
   <div class='ocr_carea' id='block_1_63' title="bbox 1952 3147 3530 3244">
    <p class='ocr_par' dir='ltr' id='par_1_63' title="bbox 1957 3164 3530 3235">
     <span class='ocr_line' id='line_1_63' title="bbox 1957 3164 3530 3235; baseline 0.005 -19"><span class='ocrx_word' id='word_1_451' title='bbox 1957 3164 2078 3232; x_wconf 89' lang='lat' dir='ltr'><strong>qnia</strong></span> <span class='ocrx_word' id='word_1_452' title='bbox 2112 3178 2215 3217; x_wconf 88' lang='lat' dir='ltr'><strong>non</strong></span> <span class='ocrx_word' id='word_1_453' title='bbox 2243 3174 2324 3219; x_wconf 79' lang='lat' dir='ltr'><strong>est</strong></span> <span class='ocrx_word' id='word_1_454' title='bbox 2357 3177 2516 3218; x_wconf 84' lang='lat' dir='ltr'><strong>causa</strong></span> <span class='ocrx_word' id='word_1_455' title='bbox 2547 3164 2823 3220; x_wconf 85' lang='lat' dir='ltr'><strong>dissimilis</strong></span> <span class='ocrx_word' id='word_1_456' title='bbox 2862 3164 3025 3235; x_wconf 87' lang='lat' dir='ltr'><strong>(sicut</strong></span> <span class='ocrx_word' id='word_1_457' title='bbox 3060 3168 3216 3222; x_wconf 88' lang='lat' dir='ltr'><strong>iidem</strong></span> <span class='ocrx_word' id='word_1_458' title='bbox 3245 3169 3413 3224; x_wconf 84' lang='lat' dir='ltr'><strong>sancti</strong></span> <span class='ocrx_word' id='word_1_459' title='bbox 3454 3184 3530 3224; x_wconf 91' lang='lat' dir='ltr'><strong>ca-</strong></span> 
     </span>
    </p>
   </div>
   <div class='ocr_carea' id='block_1_64' title="bbox 260 3262 1847 3323">
    <p class='ocr_par' dir='ltr' id='par_1_64' title="bbox 260 3262 1847 3323">
     <span class='ocr_line' id='line_1_64' title="bbox 260 3262 1847 3323; baseline 0.007 -12"><span class='ocrx_word' id='word_1_460' title='bbox 260 3268 353 3323; x_wconf 88' lang='lat' dir='ltr'><strong>se,</strong></span> <span class='ocrx_word' id='word_1_461' title='bbox 386 3272 507 3313; x_wconf 89' lang='lat' dir='ltr'><strong>cum</strong></span> <span class='ocrx_word' id='word_1_462' title='bbox 537 3267 743 3315; x_wconf 81' lang='lat' dir='ltr'><strong>constet</strong></span> <span class='ocrx_word' id='word_1_463' title='bbox 778 3262 1045 3318; x_wconf 89' lang='lat' dir='ltr'><strong>neminem</strong></span> <span class='ocrx_word' id='word_1_464' title='bbox 1090 3264 1156 3318; x_wconf 89' lang='lat' dir='ltr'><strong>ad</strong></span> <span class='ocrx_word' id='word_1_465' title='bbox 1195 3265 1487 3321; x_wconf 90' lang='lat' dir='ltr'><strong>secundam</strong></span> <span class='ocrx_word' id='word_1_466' title='bbox 1535 3264 1847 3322; x_wconf 85' lang='lat' dir='ltr'><strong>tinctionem</strong></span> 
     </span>
    </p>
   </div>
   <div class='ocr_carea' id='block_1_65' title="bbox 258 3349 1845 3427">
    <p class='ocr_par' dir='ltr' id='par_1_65' title="bbox 258 3349 1845 3427">
     <span class='ocr_line' id='line_1_65' title="bbox 258 3349 1845 3427; baseline 0.006 -25"><span class='ocrx_word' id='word_1_467' title='bbox 258 3349 457 3404; x_wconf 84' lang='lat' dir='ltr'><strong>venire</strong></span> <span class='ocrx_word' id='word_1_468' title='bbox 480 3351 736 3419; x_wconf 88' lang='lat' dir='ltr'><strong>potuisse,</strong></span> <span class='ocrx_word' id='word_1_469' title='bbox 760 3352 859 3406; x_wconf 90' lang='lat' dir='ltr'><strong>nisi</strong></span> <span class='ocrx_word' id='word_1_470' title='bbox 885 3367 943 3407; x_wconf 90' lang='lat' dir='ltr'><strong>se</strong></span> <span class='ocrx_word' id='word_1_471' title='bbox 972 3353 1141 3421; x_wconf 88' lang='lat' dir='ltr'><strong>palam</strong></span> <span class='ocrx_word' id='word_1_472' title='bbox 1165 3354 1527 3411; x_wconf 89' lang='lat' dir='ltr'><strong>Christianum</strong></span> <span class='ocrx_word' id='word_1_473' title='bbox 1555 3358 1845 3427; x_wconf 80' lang='lat' dir='ltr'><strong>negaverit,</strong></span> 
     </span>
    </p>
   </div>
   <div class='ocr_carea' id='block_1_66' title="bbox 259 3438 1847 3519">
    <p class='ocr_par' dir='ltr' id='par_1_66' title="bbox 259 3438 1847 3519">
     <span class='ocr_line' id='line_1_66' title="bbox 259 3438 1847 3519; baseline 0.006 -25"><span class='ocrx_word' id='word_1_474' title='bbox 259 3444 325 3494; x_wconf 83' lang='lat' dir='ltr'><strong>et</strong></span> <span class='ocrx_word' id='word_1_475' title='bbox 355 3438 628 3509; x_wconf 71' lang='lat' dir='ltr'><strong>professus</strong></span> <span class='ocrx_word' id='word_1_476' title='bbox 653 3440 811 3496; x_wconf 89' lang='lat' dir='ltr'><strong>fuerit</strong></span> <span class='ocrx_word' id='word_1_477' title='bbox 836 3457 893 3497; x_wconf 87' lang='lat' dir='ltr'><strong>se</strong></span> <span class='ocrx_word' id='word_1_478' title='bbox 922 3450 1043 3500; x_wconf 86' lang='lat' dir='ltr'><strong>esse</strong></span> <span class='ocrx_word' id='word_1_479' title='bbox 1066 3460 1354 3516; x_wconf 77' lang='lat' dir='ltr'><strong>paganum.</strong></span> <span class='ocrx_word' id='word_1_480' title='bbox 1396 3446 1547 3515; x_wconf 89' lang='lat' dir='ltr'><strong>Quod</strong></span> <span class='ocrx_word' id='word_1_481' title='bbox 1593 3463 1712 3503; x_wconf 92' lang='lat' dir='ltr'><strong>cum</strong></span> <span class='ocrx_word' id='word_1_482' title='bbox 1755 3464 1847 3519; x_wconf 78' lang='lat' dir='ltr'><strong>ge-</strong></span> 
     </span>
    </p>
   </div>
   <div class='ocr_carea' id='block_1_67' title="bbox 259 3529 1851 3610">
    <p class='ocr_par' dir='ltr' id='par_1_67' title="bbox 259 3529 1851 3610">
     <span class='ocr_line' id='line_1_67' title="bbox 259 3529 1851 3610; baseline 0.006 -25"><span class='ocrx_word' id='word_1_483' title='bbox 259 3529 528 3585; x_wconf 83' lang='lat' dir='ltr'><strong>neraliter</strong></span> <span class='ocrx_word' id='word_1_484' title='bbox 553 3531 621 3583; x_wconf 77' lang='lat' dir='ltr'><strong>s‘tt</strong></span> <span class='ocrx_word' id='word_1_485' title='bbox 649 3531 701 3609; x_wconf 81' lang='lat' dir='ltr'><strong>in</strong></span> <span class='ocrx_word' id='word_1_486' title='bbox 732 3533 982 3587; x_wconf 87' lang='lat' dir='ltr'><strong>omnibus</strong></span> <span class='ocrx_word' id='word_1_487' title='bbox 1028 3538 1432 3604; x_wconf 79' lang='lat' dir='ltr'><strong>exsecrandum,</strong></span> <span class='ocrx_word' id='word_1_488' title='bbox 1478 3540 1643 3593; x_wconf 91' lang='lat' dir='ltr'><strong>multo</strong></span> <span class='ocrx_word' id='word_1_489' title='bbox 1683 3541 1851 3610; x_wconf 88' lang='lat' dir='ltr'><strong>magis</strong></span> 
     </span>
    </p>
   </div>
   <div class='ocr_carea' id='block_1_68' title="bbox 261 3623 1843 3695">
    <p class='ocr_par' dir='ltr' id='par_1_68' title="bbox 261 3623 1843 3695">
     <span class='ocr_line' id='line_1_68' title="bbox 261 3623 1843 3695; baseline 0.004 -16"><span class='ocrx_word' id='word_1_490' title='bbox 261 3626 326 3679; x_wconf 88' lang='lat' dir='ltr'><strong>in</strong></span> <span class='ocrx_word' id='word_1_491' title='bbox 360 3623 649 3690; x_wconf 88' lang='lat' dir='ltr'><strong>episcopis,</strong></span> <span class='ocrx_word' id='word_1_492' title='bbox 687 3625 1033 3695; x_wconf 84' lang='lat' dir='ltr'><strong>presbyteris,</strong></span> <span class='ocrx_word' id='word_1_493' title='bbox 1079 3627 1392 3685; x_wconf 82' lang='lat' dir='ltr'><strong>diaconibus</strong></span> <span class='ocrx_word' id='word_1_494' title='bbox 1427 3631 1607 3684; x_wconf 90' lang='lat' dir='ltr'><strong>auditu</strong></span> <span class='ocrx_word' id='word_1_495' title='bbox 1654 3632 1843 3686; x_wconf 90' lang='lat' dir='ltr'><strong>saltem</strong></span> 
     </span>
    </p>
   </div>
   <div class='ocr_carea' id='block_1_69' title="bbox 259 3716 1850 3792">
    <p class='ocr_par' dir='ltr' id='par_1_69' title="bbox 259 3716 1850 3792">
     <span class='ocr_line' id='line_1_69' title="bbox 259 3716 1850 3792; baseline 0.005 -22"><span class='ocrx_word' id='word_1_496' title='bbox 259 3716 529 3785; x_wconf 88' lang='lat' dir='ltr'><strong>dictuque</strong></span> <span class='ocrx_word' id='word_1_497' title='bbox 558 3716 812 3785; x_wconf 90' lang='lat' dir='ltr'><strong>probatur</strong></span> <span class='ocrx_word' id='word_1_498' title='bbox 841 3718 1187 3775; x_wconf 91' lang='lat' dir='ltr'><strong>horrendum.</strong></span> <span class='ocrx_word' id='word_1_499' title='bbox 1212 3720 1317 3778; x_wconf 89' lang='lat' dir='ltr'><strong>Sed</strong></span> <span class='ocrx_word' id='word_1_500' title='bbox 1344 3724 1465 3792; x_wconf 80' lang='lat' dir='ltr'><strong>quia</strong></span> <span class='ocrx_word' id='word_1_501' title='bbox 1505 3722 1641 3778; x_wconf 90' lang='lat' dir='ltr'><strong>idem</strong></span> <span class='ocrx_word' id='word_1_502' title='bbox 1671 3724 1850 3778; x_wconf 83' lang='lat' dir='ltr'><strong>Domi-</strong></span> 
     </span>
    </p>
   </div>
   <div class='ocr_carea' id='block_1_70' title="bbox 258 3807 1851 3887">
    <p class='ocr_par' dir='ltr' id='par_1_70' title="bbox 258 3807 1851 3887">
     <span class='ocr_line' id='line_1_70' title="bbox 258 3807 1851 3887; baseline 0.005 -25"><span class='ocrx_word' id='word_1_503' title='bbox 258 3819 377 3862; x_wconf 85' lang='lat' dir='ltr'><strong>nus</strong></span> <span class='ocrx_word' id='word_1_504' title='bbox 400 3813 558 3875; x_wconf 90' lang='lat' dir='ltr'><strong>atque</strong></span> <span class='ocrx_word' id='word_1_505' title='bbox 581 3807 825 3863; x_wconf 87' lang='lat' dir='ltr'><strong>Salvator</strong></span> <span class='ocrx_word' id='word_1_506' title='bbox 848 3810 1296 3867; x_wconf 88' lang='lat' dir='ltr'><strong>clementissimus</strong></span> <span class='ocrx_word' id='word_1_507' title='bbox 1347 3823 1447 3877; x_wconf 89' lang='lat' dir='ltr'><strong>est,</strong></span> <span class='ocrx_word' id='word_1_508' title='bbox 1490 3823 1546 3869; x_wconf 92' lang='lat' dir='ltr'><strong>et</strong></span> <span class='ocrx_word' id='word_1_509' title='bbox 1587 3814 1851 3887; x_wconf 88' lang='lat' dir='ltr'><strong>neminem</strong></span> 
     </span>
    </p>
   </div>
   <div class='ocr_carea' id='block_1_71' title="bbox 254 3897 1851 3977">
    <p class='ocr_par' dir='ltr' id='par_1_71' title="bbox 254 3897 1851 3977">
     <span class='ocr_line' id='line_1_71' title="bbox 254 3897 1851 3977; baseline 0.006 -25"><span class='ocrx_word' id='word_1_510' title='bbox 254 3897 389 3952; x_wconf 84' lang='lat' dir='ltr'><strong>vult</strong></span> <span class='ocrx_word' id='word_1_511' title='bbox 417 3898 615 3967; x_wconf 90' lang='lat' dir='ltr'><strong>perire,</strong></span> <span class='ocrx_word' id='word_1_512' title='bbox 642 3913 811 3971; x_wconf 89' lang='lat' dir='ltr'><strong>usque</strong></span> <span class='ocrx_word' id='word_1_513' title='bbox 840 3902 905 3956; x_wconf 92' lang='lat' dir='ltr'><strong>ad</strong></span> <span class='ocrx_word' id='word_1_514' title='bbox 935 3902 1110 3957; x_wconf 78' lang='lat' dir='ltr'><strong>exitus</strong></span> <span class='ocrx_word' id='word_1_515' title='bbox 1139 3905 1220 3959; x_wconf 88' lang='lat' dir='ltr'><strong>sui</strong></span> <span class='ocrx_word' id='word_1_516' title='bbox 1256 3905 1420 3970; x_wconf 89' lang='lat' dir='ltr'><strong>diem,</strong></span> <span class='ocrx_word' id='word_1_517' title='bbox 1456 3907 1507 3961; x_wconf 90' lang='lat' dir='ltr'><strong>in</strong></span> <span class='ocrx_word' id='word_1_518' title='bbox 1541 3907 1851 3977; x_wconf 61' lang='lat' dir='ltr'><strong>paenitentia</strong></span> 
     </span>
    </p>
   </div>
   <div class='ocr_carea' id='block_1_72' title="bbox 254 3990 1850 4063">
    <p class='ocr_par' dir='ltr' id='par_1_72' title="bbox 254 3990 1850 4063">
     <span class='ocr_line' id='line_1_72' title="bbox 254 3990 1850 4063; baseline 0.005 -17"><span class='ocrx_word' id='word_1_519' title='bbox 254 3991 334 4063; x_wconf 91' lang='lat' dir='ltr'><strong>(si</strong></span> <span class='ocrx_word' id='word_1_520' title='bbox 372 3990 710 4063; x_wconf 81' lang='lat' dir='ltr'><strong>resipiscunt)</strong></span> <span class='ocrx_word' id='word_1_521' title='bbox 753 3992 936 4062; x_wconf 90' lang='lat' dir='ltr'><strong>jacere</strong></span> <span class='ocrx_word' id='word_1_522' title='bbox 976 3996 1290 4061; x_wconf 82' lang='lat' dir='ltr'><strong>conveniet;</strong></span> <span class='ocrx_word' id='word_1_523' title='bbox 1339 4011 1436 4051; x_wconf 90' lang='lat' dir='ltr'><strong>nec</strong></span> <span class='ocrx_word' id='word_1_524' title='bbox 1471 3999 1702 4053; x_wconf 90' lang='lat' dir='ltr'><strong>orationi</strong></span> <span class='ocrx_word' id='word_1_525' title='bbox 1746 4014 1850 4054; x_wconf 92' lang='lat' dir='ltr'><strong>non</strong></span> 
     </span>
    </p>
   </div>
   <div class='ocr_carea' id='block_1_73' title="bbox 252 4080 1852 4149">
    <p class='ocr_par' dir='ltr' id='par_1_73' title="bbox 252 4080 1852 4149">
     <span class='ocr_line' id='line_1_73' title="bbox 252 4080 1852 4149; baseline 0.004 -11"><span class='ocrx_word' id='word_1_526' title='bbox 252 4080 436 4138; x_wconf 76' lang='lat' dir='ltr'><strong>modo</strong></span> <span class='ocrx_word' id='word_1_527' title='bbox 466 4081 727 4149; x_wconf 88' lang='lat' dir='ltr'><strong>fidelium,</strong></span> <span class='ocrx_word' id='word_1_528' title='bbox 756 4084 852 4139; x_wconf 88' lang='lat' dir='ltr'><strong>sed</strong></span> <span class='ocrx_word' id='word_1_529' title='bbox 884 4101 952 4140; x_wconf 91' lang='lat' dir='ltr'><strong>ne</strong></span> <span class='ocrx_word' id='word_1_530' title='bbox 994 4087 1500 4143; x_wconf 88' lang='lat' dir='ltr'><strong>catechumenorum</strong></span> <span class='ocrx_word' id='word_1_531' title='bbox 1531 4090 1852 4145; x_wconf 89' lang='lat' dir='ltr'><strong>omnimodis</strong></span> 
     </span>
    </p>
   </div>
   <div class='ocr_carea' id='block_1_74' title="bbox 251 4174 1851 4249">
    <p class='ocr_par' dir='ltr' id='par_1_74' title="bbox 251 4174 1851 4249">
     <span class='ocr_line' id='line_1_74' title="bbox 251 4174 1851 4249; baseline 0.007 -21"><span class='ocrx_word' id='word_1_532' title='bbox 251 4174 552 4237; x_wconf 83' lang='lat' dir='ltr'><strong>interesse,</strong></span> <span class='ocrx_word' id='word_1_533' title='bbox 581 4175 773 4243; x_wconf 89' lang='lat' dir='ltr'><strong>quibus</strong></span> <span class='ocrx_word' id='word_1_534' title='bbox 799 4178 1104 4249; x_wconf 89' lang='lat' dir='ltr'><strong>communio</strong></span> <span class='ocrx_word' id='word_1_535' title='bbox 1132 4180 1152 4209; x_wconf 79' lang='lat'><strong>&quot;</strong></span> <span class='ocrx_word' id='word_1_536' title='bbox 1182 4180 1315 4235; x_wconf 89' lang='lat' dir='ltr'><strong>laica</strong></span> <span class='ocrx_word' id='word_1_537' title='bbox 1353 4190 1553 4236; x_wconf 88' lang='lat' dir='ltr'><strong>tantum</strong></span> <span class='ocrx_word' id='word_1_538' title='bbox 1601 4181 1653 4235; x_wconf 92' lang='lat' dir='ltr'><strong>in</strong></span> <span class='ocrx_word' id='word_1_539' title='bbox 1680 4193 1851 4239; x_wconf 90' lang='lat' dir='ltr'><strong>morte</strong></span> 
     </span>
    </p>
   </div>
   <div class='ocr_carea' id='block_1_75' title="bbox 255 4263 1847 4343">
    <p class='ocr_par' dir='ltr' id='par_1_75' title="bbox 255 4263 1847 4343">
     <span class='ocr_line' id='line_1_75' title="bbox 255 4263 1847 4343; baseline 0.008 -23"><span class='ocrx_word' id='word_1_540' title='bbox 255 4266 282 4297; x_wconf 77' lang='grc'><strong><em>⁸</em></strong></span> <span class='ocrx_word' id='word_1_541' title='bbox 324 4263 601 4321; x_wconf 88' lang='lat' dir='ltr'><strong>reddenda</strong></span> <span class='ocrx_word' id='word_1_542' title='bbox 630 4275 731 4322; x_wconf 90' lang='lat' dir='ltr'><strong>est.</strong></span> <span class='ocrx_word' id='word_1_543' title='bbox 763 4268 929 4335; x_wconf 87' lang='lat' dir='ltr'><strong>Quam</strong></span> <span class='ocrx_word' id='word_1_544' title='bbox 960 4285 1072 4326; x_wconf 91' lang='lat' dir='ltr'><strong>rem</strong></span> <span class='ocrx_word' id='word_1_545' title='bbox 1105 4270 1409 4342; x_wconf 89' lang='lat' dir='ltr'><strong>diligentius</strong></span> <span class='ocrx_word' id='word_1_546' title='bbox 1438 4274 1717 4343; x_wconf 79' lang='lat' dir='ltr'><strong>explorare</strong></span> <span class='ocrx_word' id='word_1_547' title='bbox 1764 4276 1847 4332; x_wconf 90' lang='lat' dir='ltr'><strong>vel</strong></span> 
     </span>
    </p>
   </div>
   <div class='ocr_carea' id='block_1_76' title="bbox 246 4354 1576 4426">
    <p class='ocr_par' dir='ltr' id='par_1_76' title="bbox 246 4354 1576 4426">
     <span class='ocr_line' id='line_1_76' title="bbox 246 4354 1576 4426; baseline 0.007 -15"><span class='ocrx_word' id='word_1_548' title='bbox 246 4354 453 4413; x_wconf 75' lang='lat' dir='ltr'><strong>facere</strong></span> <span class='ocrx_word' id='word_1_549' title='bbox 482 4358 839 4426; x_wconf 85' lang='lat' dir='ltr'><strong>probatissimi</strong></span> <span class='ocrx_word' id='word_1_550' title='bbox 868 4362 1161 4417; x_wconf 84' lang='lat' dir='ltr'><strong>sacerdotis</strong></span> <span class='ocrx_word' id='word_1_551' title='bbox 1190 4378 1317 4419; x_wconf 90' lang='lat' dir='ltr'><strong>cura</strong></span> <span class='ocrx_word' id='word_1_552' title='bbox 1343 4365 1576 4422; x_wconf 88' lang='lat' dir='ltr'><strong>debebit.</strong></span> 
     </span>
    </p>
   </div>
   <div class='ocr_carea' id='block_1_77' title="bbox 333 4447 1842 4527">
    <p class='ocr_par' dir='ltr' id='par_1_77' title="bbox 333 4447 1842 4527">
     <span class='ocr_line' id='line_1_77' title="bbox 333 4447 1842 4527; baseline 0.008 -26"><span class='ocrx_word' id='word_1_553' title='bbox 333 4447 649 4503; x_wconf 84' lang='lat' dir='ltr'><strong>Deelericis</strong></span> <span class='ocrx_word' id='word_1_554' title='bbox 677 4459 854 4505; x_wconf 87' lang='lat' dir='ltr'><strong>autem</strong></span> <span class='ocrx_word' id='word_1_555' title='bbox 902 4460 959 4507; x_wconf 88' lang='lat' dir='ltr'><strong>et</strong></span> <span class='ocrx_word' id='word_1_556' title='bbox 1006 4455 1300 4521; x_wconf 89' lang='lat' dir='ltr'><strong>monachis,</strong></span> <span class='ocrx_word' id='word_1_557' title='bbox 1362 4466 1453 4510; x_wconf 78' lang='lat' dir='ltr'><strong>aut</strong></span> <span class='ocrx_word' id='word_1_558' title='bbox 1509 4458 1697 4527; x_wconf 91' lang='lat' dir='ltr'><strong>puellis</strong></span> <span class='ocrx_word' id='word_1_559' title='bbox 1729 4459 1842 4525; x_wconf 87' lang='lat' dir='ltr'><strong>Dei,</strong></span> 
     </span>
    </p>
   </div>
   <div class='ocr_carea' id='block_1_78' title="bbox 242 4521 1922 4613">
    <p class='ocr_par' dir='ltr' id='par_1_78' title="bbox 242 4521 1922 4613">
     <span class='ocr_line' id='line_1_78' title="bbox 242 4521 1922 4613; baseline 0.008 -21"><span class='ocrx_word' id='word_1_560' title='bbox 242 4545 356 4592; x_wconf 81' lang='lat' dir='ltr'><strong>aut</strong></span> <span class='ocrx_word' id='word_1_561' title='bbox 387 4537 769 4607; x_wconf 63' lang='lat' dir='ltr'><strong>saecularibus,</strong></span> <span class='ocrx_word' id='word_1_562' title='bbox 821 4541 1025 4597; x_wconf 85' lang='lat' dir='ltr'><strong>servari</strong></span> <span class='ocrx_word' id='word_1_563' title='bbox 1066 4545 1403 4613; x_wconf 86' lang='lat' dir='ltr'><strong>praecipimus</strong></span> <span class='ocrx_word' id='word_1_564' title='bbox 1432 4546 1570 4603; x_wconf 90' lang='lat' dir='ltr'><strong>hunc</strong></span> <span class='ocrx_word' id='word_1_565' title='bbox 1603 4557 1843 4604; x_wconf 90' lang='lat' dir='ltr'><strong>tenorem</strong></span> <span class='ocrx_word' id='word_1_566' title='bbox 1874 4521 1922 4580; x_wconf 73' lang='grc' dir='ltr'><strong>θ</strong></span> 
     </span>
    </p>
   </div>
   <div class='ocr_carea' id='block_1_79' title="bbox 245 4625 1850 4706">
    <p class='ocr_par' dir='ltr' id='par_1_79' title="bbox 245 4625 1850 4706">
     <span class='ocr_line' id='line_1_79' title="bbox 245 4625 1850 4706; baseline 0.004 -21"><span class='ocrx_word' id='word_1_567' title='bbox 245 4643 439 4701; x_wconf 80' lang='lat' dir='ltr'><strong>quem</strong></span> <span class='ocrx_word' id='word_1_568' title='bbox 459 4625 672 4683; x_wconf 81' lang='lat' dir='ltr'><strong>Nicanta</strong></span> <span class='ocrx_word' id='word_1_569' title='bbox 702 4629 941 4700; x_wconf 82' lang='lat' dir='ltr'><strong>synodus</strong></span> <span class='ocrx_word' id='word_1_570' title='bbox 977 4632 1117 4688; x_wconf 88' lang='lat' dir='ltr'><strong>circa</strong></span> <span class='ocrx_word' id='word_1_571' title='bbox 1148 4647 1242 4691; x_wconf 88' lang='lat' dir='ltr'><strong>eos</strong></span> <span class='ocrx_word' id='word_1_572' title='bbox 1293 4636 1381 4704; x_wconf 92' lang='lat' dir='ltr'><strong>qui</strong></span> <span class='ocrx_word' id='word_1_573' title='bbox 1436 4638 1567 4706; x_wconf 86' lang='lat' dir='ltr'><strong>lapsi</strong></span> <span class='ocrx_word' id='word_1_574' title='bbox 1607 4647 1731 4692; x_wconf 91' lang='lat' dir='ltr'><strong>sunt</strong></span> <span class='ocrx_word' id='word_1_575' title='bbox 1766 4638 1850 4692; x_wconf 90' lang='lat' dir='ltr'><strong>vel</strong></span> 
     </span>
    </p>
   </div>
   <div class='ocr_carea' id='block_1_80' title="bbox 242 4719 1871 4798">
    <p class='ocr_par' dir='ltr' id='par_1_80' title="bbox 242 4719 1871 4798">
     <span class='ocr_line' id='line_1_80' title="bbox 242 4719 1871 4798; baseline 0.003 -21"><span class='ocrx_word' id='word_1_576' title='bbox 242 4719 477 4777; x_wconf 77' lang='lat' dir='ltr'><strong>fuerint</strong></span> <span class='ocrx_word' id='word_1_577' title='bbox 513 4720 833 4776; x_wconf 85' lang='lat' dir='ltr'><strong>servandum</strong></span> <span class='ocrx_word' id='word_1_578' title='bbox 881 4737 1005 4779; x_wconf 83' lang='lat' dir='ltr'><strong>esse</strong></span> <span class='ocrx_word' id='word_1_579' title='bbox 1032 4725 1344 4789; x_wconf 90' lang='lat' dir='ltr'><strong>constituit;</strong></span> <span class='ocrx_word' id='word_1_580' title='bbox 1412 4736 1467 4780; x_wconf 91' lang='lat' dir='ltr'><strong>ut</strong></span> <span class='ocrx_word' id='word_1_581' title='bbox 1513 4728 1717 4782; x_wconf 85' lang='lat' dir='ltr'><strong>scilicet</strong></span> <span class='ocrx_word' id='word_1_582' title='bbox 1760 4729 1871 4798; x_wconf 76' lang='lat' dir='ltr'><strong>qui“</strong></span> 
     </span>
    </p>
   </div>
   <div class='ocr_carea' id='block_1_81' title="bbox 244 4808 1865 4891">
    <p class='ocr_par' dir='ltr' id='par_1_81' title="bbox 244 4808 1865 4891">
     <span class='ocr_line' id='line_1_81' title="bbox 244 4808 1865 4891; baseline 0.007 -30"><span class='ocrx_word' id='word_1_583' title='bbox 244 4808 420 4867; x_wconf 79' lang='lat' dir='ltr'><strong>nulla</strong></span> <span class='ocrx_word' id='word_1_584' title='bbox 449 4810 790 4879; x_wconf 87' lang='lat' dir='ltr'><strong>necessitate,</strong></span> <span class='ocrx_word' id='word_1_585' title='bbox 820 4812 1016 4867; x_wconf 90' lang='lat' dir='ltr'><strong>nullius</strong></span> <span class='ocrx_word' id='word_1_586' title='bbox 1041 4815 1119 4868; x_wconf 93' lang='lat' dir='ltr'><strong>rei</strong></span> <span class='ocrx_word' id='word_1_587' title='bbox 1147 4814 1336 4873; x_wconf 86' lang='lat' dir='ltr'><strong>timore</strong></span> <span class='ocrx_word' id='word_1_588' title='bbox 1367 4824 1458 4868; x_wconf 90' lang='lat' dir='ltr'><strong>aut</strong></span> <span class='ocrx_word' id='word_1_589' title='bbox 1486 4816 1744 4884; x_wconf 90' lang='lat' dir='ltr'><strong>periculo,</strong></span> <span class='ocrx_word' id='word_1_590' title='bbox 1791 4833 1865 4891; x_wconf 87' lang='lat' dir='ltr'><strong>se</strong></span> 
     </span>
    </p>
   </div>
   <div class='ocr_carea' id='block_1_82' title="bbox 241 4897 1848 4973">
    <p class='ocr_par' dir='ltr' id='par_1_82' title="bbox 241 4897 1848 4973">
     <span class='ocr_line' id='line_1_82' title="bbox 241 4897 1848 4973; baseline 0.002 -16"><span class='ocrx_word' id='word_1_591' title='bbox 241 4909 315 4957; x_wconf 85' lang='lat' dir='ltr'><strong>ut</strong></span> <span class='ocrx_word' id='word_1_592' title='bbox 346 4897 757 4969; x_wconf 86' lang='lat' dir='ltr'><strong>rebaptizentur</strong></span> <span class='ocrx_word' id='word_1_593' title='bbox 778 4899 1045 4959; x_wconf 73' lang='lat' dir='ltr'><strong>haereticis</strong></span> <span class='ocrx_word' id='word_1_594' title='bbox 1084 4903 1247 4973; x_wconf 87' lang='lat' dir='ltr'><strong>impie</strong></span> <span class='ocrx_word' id='word_1_595' title='bbox 1282 4903 1640 4970; x_wconf 83' lang='lat' dir='ltr'><strong>dediderunt;</strong></span> <span class='ocrx_word' id='word_1_596' title='bbox 1680 4907 1728 4960; x_wconf 91' lang='lat' dir='ltr'><strong>si</strong></span> <span class='ocrx_word' id='word_1_597' title='bbox 1767 4915 1848 4961; x_wconf 86' lang='lat' dir='ltr'><strong>ta-</strong></span> 
     </span>
    </p>
   </div>
   <div class='ocr_carea' id='block_1_83' title="bbox 240 4993 1851 5065">
    <p class='ocr_par' dir='ltr' id='par_1_83' title="bbox 240 4993 1851 5065">
     <span class='ocr_line' id='line_1_83' title="bbox 240 4993 1851 5065; baseline 0.002 -14"><span class='ocrx_word' id='word_1_598' title='bbox 240 5005 399 5051; x_wconf 70' lang='lat' dir='ltr'><strong>men</strong></span> <span class='ocrx_word' id='word_1_599' title='bbox 423 5004 519 5047; x_wconf 82' lang='lat' dir='ltr'><strong>eos</strong></span> <span class='ocrx_word' id='word_1_600' title='bbox 541 5006 613 5049; x_wconf 78' lang='lat' dir='ltr'><strong>ex</strong></span> <span class='ocrx_word' id='word_1_601' title='bbox 640 4993 803 5051; x_wconf 85' lang='lat' dir='ltr'><strong>corde</strong></span> <span class='ocrx_word' id='word_1_602' title='bbox 848 4995 1125 5065; x_wconf 66' lang='lat' dir='ltr'><strong>paeniteat,</strong></span> <span class='ocrx_word' id='word_1_603' title='bbox 1175 4995 1343 5052; x_wconf 88' lang='lat' dir='ltr'><strong>tribus</strong></span> <span class='ocrx_word' id='word_1_604' title='bbox 1389 4998 1540 5055; x_wconf 88' lang='lat' dir='ltr'><strong>annis</strong></span> <span class='ocrx_word' id='word_1_605' title='bbox 1581 4997 1719 5053; x_wconf 90' lang='lat' dir='ltr'><strong>inter</strong></span> <span class='ocrx_word' id='word_1_606' title='bbox 1758 5014 1851 5055; x_wconf 89' lang='lat' dir='ltr'><strong>au-</strong></span> 
     </span>
    </p>
   </div>
   <div class='ocr_carea' id='block_1_84' title="bbox 335 5234 1100 5294">
    <p class='ocr_par' dir='ltr' id='par_1_84' title="bbox 335 5234 1100 5294">
     <span class='ocr_line' id='line_1_84' title="bbox 335 5234 1100 5294; baseline 0.007 -5"><span class='ocrx_word' id='word_1_607' title='bbox 335 5237 357 5269; x_wconf 89' lang='grc'><strong><em>⁸</em></strong></span> <span class='ocrx_word' id='word_1_608' title='bbox 405 5234 565 5292; x_wconf 80' lang='lat' dir='ltr'><strong>Forte</strong></span> <span class='ocrx_word' id='word_1_609' title='bbox 592 5248 812 5290; x_wconf 87' lang='lat' dir='ltr'><strong>caulam.</strong></span> <span class='ocrx_word' id='word_1_610' title='bbox 842 5236 1100 5294; x_wconf 73' lang='lat' dir='ltr'><strong>“ARDUIN.</strong></span> 
     </span>
    </p>
   </div>
   <div class='ocr_carea' id='block_1_85' title="bbox 333 5302 1835 5378">
    <p class='ocr_par' dir='ltr' id='par_1_85' title="bbox 333 5302 1835 5378">
     <span class='ocr_line' id='line_1_85' title="bbox 333 5302 1835 5378; baseline 0.007 -19"><span class='ocrx_word' id='word_1_611' title='bbox 333 5306 366 5378; x_wconf 67' lang='grc' dir='ltr'><strong>ξ</strong></span> <span class='ocrx_word' id='word_1_612' title='bbox 406 5302 648 5378; x_wconf 70' lang='grc' dir='ltr'><strong>ρὶοῃγβ.,</strong></span> <span class='ocrx_word' id='word_1_613' title='bbox 670 5307 1081 5377; x_wconf 76' lang='lat' dir='ltr'><strong>dispensationis.</strong></span> <span class='ocrx_word' id='word_1_614' title='bbox 1110 5308 1278 5365; x_wconf 69' lang='lat' dir='ltr'><strong>Hann.</strong></span> <span class='ocrx_word' id='word_1_615' title='bbox 1296 5308 1453 5365; x_wconf 87' lang='lat' dir='ltr'><strong>—lta</strong></span> <span class='ocrx_word' id='word_1_616' title='bbox 1475 5320 1528 5366; x_wconf 92' lang='lat' dir='ltr'><strong>et</strong></span> <span class='ocrx_word' id='word_1_617' title='bbox 1550 5310 1680 5367; x_wconf 84' lang='lat' dir='ltr'><strong>Cod.</strong></span> <span class='ocrx_word' id='word_1_618' title='bbox 1705 5312 1835 5370; x_wconf 85' lang='lat' dir='ltr'><strong>Luc.</strong></span> 
     </span>
    </p>
   </div>
   <div class='ocr_carea' id='block_1_86' title="bbox 333 5374 1141 5443">
    <p class='ocr_par' dir='ltr' id='par_1_86' title="bbox 333 5374 1141 5443">
     <span class='ocr_line' id='line_1_86' title="bbox 333 5374 1141 5443; baseline 0.004 -13"><span class='ocrx_word' id='word_1_619' title='bbox 333 5374 364 5406; x_wconf 86' lang='grc'><em>³</em></span> <span class='ocrx_word' id='word_1_620' title='bbox 404 5374 718 5443; x_wconf 73' lang='grc' dir='ltr'><strong>Οοά.ἰυο.,</strong></span> <span class='ocrx_word' id='word_1_621' title='bbox 753 5374 1141 5443; x_wconf 70' lang='lat' dir='ltr'><strong>properationis.</strong></span> 
     </span>
    </p>
   </div>
   <div class='ocr_carea' id='block_1_87' title="bbox 333 5444 1833 5521">
    <p class='ocr_par' dir='ltr' id='par_1_87' title="bbox 333 5444 1833 5521">
     <span class='ocr_line' id='line_1_87' title="bbox 333 5444 1833 5521; baseline 0.007 -23"><span class='ocrx_word' id='word_1_622' title='bbox 333 5445 363 5477; x_wconf 75' lang='grc'><strong>⁸</strong></span> <span class='ocrx_word' id='word_1_623' title='bbox 404 5444 478 5521; x_wconf 82' lang='lat' dir='ltr'><strong>Ita</strong></span> <span class='ocrx_word' id='word_1_624' title='bbox 501 5456 554 5501; x_wconf 90' lang='lat' dir='ltr'><strong>et</strong></span> <span class='ocrx_word' id='word_1_625' title='bbox 579 5447 698 5521; x_wconf 80' lang='lat' dir='ltr'><strong>cod.</strong></span> <span class='ocrx_word' id='word_1_626' title='bbox 726 5447 875 5513; x_wconf 88' lang='lat' dir='ltr'><strong>Luc.;</strong></span> <span class='ocrx_word' id='word_1_627' title='bbox 922 5449 1015 5502; x_wconf 89' lang='lat' dir='ltr'><strong>sed</strong></span> <span class='ocrx_word' id='word_1_628' title='bbox 1063 5451 1277 5521; x_wconf 90' lang='lat' dir='ltr'><strong>antiqua</strong></span> <span class='ocrx_word' id='word_1_629' title='bbox 1322 5467 1509 5507; x_wconf 86' lang='lat' dir='ltr'><strong>manus</strong></span> <span class='ocrx_word' id='word_1_630' title='bbox 1545 5454 1833 5510; x_wconf 87' lang='lat' dir='ltr'><strong>emendat:</strong></span> 
     </span>
    </p>
   </div>
   <div class='ocr_carea' id='block_1_88' title="bbox 236 5517 833 5585">
    <p class='ocr_par' dir='ltr' id='par_1_88' title="bbox 236 5517 833 5585">
     <span class='ocr_line' id='line_1_88' title="bbox 236 5517 833 5585; baseline -0.008 -12"><span class='ocrx_word' id='word_1_631' title='bbox 236 5526 333 5573; x_wconf 70' lang='lat' dir='ltr'><strong>est</strong></span> <span class='ocrx_word' id='word_1_632' title='bbox 377 5517 631 5585; x_wconf 67' lang='lat' dir='ltr'><strong>exigenda</strong></span> <span class='ocrx_word' id='word_1_633' title='bbox 655 5532 833 5571; x_wconf 87' lang='lat' dir='ltr'><strong>usura.</strong></span> 
     </span>
    </p>
   </div>
   <div class='ocr_carea' id='block_1_89' title="bbox 333 5585 882 5655">
    <p class='ocr_par' dir='ltr' id='par_1_89' title="bbox 333 5585 882 5655">
     <span class='ocr_line' id='line_1_89' title="bbox 333 5585 882 5655; baseline 0.004 -16"><span class='ocrx_word' id='word_1_634' title='bbox 333 5587 364 5619; x_wconf 75' lang='grc' dir='ltr'><strong><em>ι</em></strong></span> <span class='ocrx_word' id='word_1_635' title='bbox 399 5585 533 5655; x_wconf 81' lang='lat' dir='ltr'><strong>Cod.</strong></span> <span class='ocrx_word' id='word_1_636' title='bbox 561 5586 711 5655; x_wconf 88' lang='lat' dir='ltr'><strong>Luc.,</strong></span> <span class='ocrx_word' id='word_1_637' title='bbox 745 5587 882 5641; x_wconf 83' lang='lat' dir='ltr'><strong>laici.</strong></span> 
     </span>
    </p>
   </div>
   <div class='ocr_carea' id='block_1_90' title="bbox 332 5654 1075 5722">
    <p class='ocr_par' dir='ltr' id='par_1_90' title="bbox 332 5654 1075 5722">
     <span class='ocr_line' id='line_1_90' title="bbox 332 5654 1075 5722; baseline 0 -12"><span class='ocrx_word' id='word_1_638' title='bbox 332 5658 362 5695; x_wconf 68' lang='grc'>⁸</span> <span class='ocrx_word' id='word_1_639' title='bbox 404 5654 545 5715; x_wconf 85' lang='lat' dir='ltr'><strong>Idem</strong></span> <span class='ocrx_word' id='word_1_640' title='bbox 574 5654 712 5722; x_wconf 74' lang='lat' dir='ltr'><strong>cod,,</strong></span> <span class='ocrx_word' id='word_1_641' title='bbox 748 5657 1075 5712; x_wconf 82' lang='lat' dir='ltr'><strong>red/tibenaa.</strong></span> 
     </span>
    </p>
   </div>
   <div class='ocr_carea' id='block_1_91' title="bbox 334 5725 1097 5811">
    <p class='ocr_par' dir='ltr' id='par_1_91' title="bbox 334 5725 1097 5811">
     <span class='ocr_line' id='line_1_91' title="bbox 334 5725 1097 5811; baseline 0.009 -34"><span class='ocrx_word' id='word_1_642' title='bbox 334 5730 361 5777; x_wconf 69' lang='grc' dir='ltr'>γ</span> <span class='ocrx_word' id='word_1_643' title='bbox 410 5725 548 5794; x_wconf 67' lang='lat' dir='ltr'><strong>[dum</strong></span> <span class='ocrx_word' id='word_1_644' title='bbox 581 5729 721 5805; x_wconf 75' lang='lat' dir='ltr'><strong>cod.,</strong></span> <span class='ocrx_word' id='word_1_645' title='bbox 754 5728 1097 5811; x_wconf 70' lang='lat' dir='ltr'><strong>popularibus,</strong></span> 
     </span>
    </p>
   </div>
   <div class='ocr_carea' id='block_1_92' title="bbox 1955 3254 3531 3328">
    <p class='ocr_par' dir='ltr' id='par_1_92' title="bbox 1955 3254 3531 3328">
     <span class='ocr_line' id='line_1_92' title="bbox 1955 3254 3531 3328; baseline 0.006 -21"><span class='ocrx_word' id='word_1_646' title='bbox 1955 3269 2125 3309; x_wconf 89' lang='lat' dir='ltr'><strong>nones</strong></span> <span class='ocrx_word' id='word_1_647' title='bbox 2153 3254 2579 3326; x_wconf 84' lang='lat' dir='ltr'><strong>ordinaverunt)</strong></span> <span class='ocrx_word' id='word_1_648' title='bbox 2624 3256 2742 3325; x_wconf 80' lang='lat' dir='ltr'><strong>ejus</strong></span> <span class='ocrx_word' id='word_1_649' title='bbox 2779 3256 2868 3327; x_wconf 90' lang='lat' dir='ltr'><strong>qui</strong></span> <span class='ocrx_word' id='word_1_650' title='bbox 2910 3256 3150 3328; x_wconf 88' lang='lat' dir='ltr'><strong>quolibet</strong></span> <span class='ocrx_word' id='word_1_651' title='bbox 3191 3259 3349 3315; x_wconf 93' lang='lat' dir='ltr'><strong>modo</strong></span> <span class='ocrx_word' id='word_1_652' title='bbox 3378 3260 3531 3316; x_wconf 89' lang='lat' dir='ltr'><strong>Chri-</strong></span> 
     </span>
    </p>
   </div>
   <div class='ocr_carea' id='block_1_93' title="bbox 1958 3346 3531 3418">
    <p class='ocr_par' dir='ltr' id='par_1_93' title="bbox 1958 3346 3531 3418">
     <span class='ocr_line' id='line_1_93' title="bbox 1958 3346 3531 3418; baseline 0.004 -19"><span class='ocrx_word' id='word_1_653' title='bbox 1958 3354 2122 3411; x_wconf 88' lang='lat' dir='ltr'><strong>stum,</strong></span> <span class='ocrx_word' id='word_1_654' title='bbox 2150 3360 2305 3415; x_wconf 90' lang='lat' dir='ltr'><strong>quem</strong></span> <span class='ocrx_word' id='word_1_655' title='bbox 2335 3346 2503 3401; x_wconf 89' lang='lat' dir='ltr'><strong>semel</strong></span> <span class='ocrx_word' id='word_1_656' title='bbox 2535 3347 2835 3415; x_wconf 88' lang='lat' dir='ltr'><strong>confessus,</strong></span> <span class='ocrx_word' id='word_1_657' title='bbox 2864 3346 3153 3418; x_wconf 87' lang='lat' dir='ltr'><strong>abjurarit;</strong></span> <span class='ocrx_word' id='word_1_658' title='bbox 3184 3349 3350 3404; x_wconf 79' lang='lat' dir='ltr'><strong>tribus</strong></span> <span class='ocrx_word' id='word_1_659' title='bbox 3379 3348 3531 3413; x_wconf 77' lang='lat' dir='ltr'><strong>annis</strong></span> 
     </span>
    </p>
   </div>
   <div class='ocr_carea' id='block_1_94' title="bbox 1959 3435 3522 3507">
    <p class='ocr_par' dir='ltr' id='par_1_94' title="bbox 1959 3435 3522 3507">
     <span class='ocr_line' id='line_1_94' title="bbox 1959 3435 3522 3507; baseline 0.001 -17"><span class='ocrx_word' id='word_1_660' title='bbox 1959 3436 2099 3492; x_wconf 90' lang='lat' dir='ltr'><strong>inter</strong></span> <span class='ocrx_word' id='word_1_661' title='bbox 2126 3435 2401 3491; x_wconf 87' lang='lat' dir='ltr'><strong>audientes</strong></span> <span class='ocrx_word' id='word_1_662' title='bbox 2430 3436 2554 3501; x_wconf 85' lang='lat' dir='ltr'><strong>sint,</strong></span> <span class='ocrx_word' id='word_1_663' title='bbox 2590 3446 2641 3490; x_wconf 90' lang='lat' dir='ltr'><strong>et</strong></span> <span class='ocrx_word' id='word_1_664' title='bbox 2672 3445 2855 3507; x_wconf 91' lang='lat' dir='ltr'><strong>postea</strong></span> <span class='ocrx_word' id='word_1_665' title='bbox 2890 3452 3009 3491; x_wconf 92' lang='lat' dir='ltr'><strong>cum</strong></span> <span class='ocrx_word' id='word_1_666' title='bbox 3048 3437 3448 3494; x_wconf 86' lang='lat' dir='ltr'><strong>catechumenis</strong></span> <span class='ocrx_word' id='word_1_667' title='bbox 3481 3439 3522 3469; x_wconf 84' lang='grc'>¹¹</span> 
     </span>
    </p>
   </div>
   <div class='ocr_carea' id='block_1_95' title="bbox 1960 3528 3529 3599">
    <p class='ocr_par' dir='ltr' id='par_1_95' title="bbox 1960 3528 3529 3599">
     <span class='ocr_line' id='line_1_95' title="bbox 1960 3528 3529 3599; baseline 0 -16"><span class='ocrx_word' id='word_1_668' title='bbox 1960 3545 2054 3599; x_wconf 87' lang='lat' dir='ltr'><strong>per</strong></span> <span class='ocrx_word' id='word_1_669' title='bbox 2107 3543 2295 3582; x_wconf 90' lang='lat' dir='ltr'><strong>manus</strong></span> <span class='ocrx_word' id='word_1_670' title='bbox 2364 3528 2757 3596; x_wconf 88' lang='lat' dir='ltr'><strong>impositioncm</strong></span> <span class='ocrx_word' id='word_1_671' title='bbox 2808 3528 3199 3583; x_wconf 89' lang='lat' dir='ltr'><strong>communionis</strong></span> <span class='ocrx_word' id='word_1_672' title='bbox 3253 3528 3529 3583; x_wconf 80' lang='lat' dir='ltr'><strong>catholicae</strong></span> 
     </span>
    </p>
   </div>
   <div class='ocr_carea' id='block_1_96' title="bbox 1957 3619 3532 3690">
    <p class='ocr_par' dir='ltr' id='par_1_96' title="bbox 1957 3619 3532 3690">
     <span class='ocr_line' id='line_1_96' title="bbox 1957 3619 3532 3690; baseline 0 -17"><span class='ocrx_word' id='word_1_673' title='bbox 1957 3620 2180 3690; x_wconf 84' lang='lat' dir='ltr'><strong>gratiam</strong></span> <span class='ocrx_word' id='word_1_674' title='bbox 2215 3621 2540 3688; x_wconf 90' lang='lat' dir='ltr'><strong>percepturi,</strong></span> <span class='ocrx_word' id='word_1_675' title='bbox 2590 3619 2831 3687; x_wconf 81' lang='lat' dir='ltr'><strong>exceptis</strong></span> <span class='ocrx_word' id='word_1_676' title='bbox 2867 3633 2997 3674; x_wconf 89' lang='lat' dir='ltr'><strong>sane</strong></span> <span class='ocrx_word' id='word_1_677' title='bbox 3027 3620 3393 3675; x_wconf 86' lang='lat' dir='ltr'><strong>tantummodo</strong></span> <span class='ocrx_word' id='word_1_678' title='bbox 3418 3620 3532 3688; x_wconf 84' lang='lat' dir='ltr'><strong>epi-</strong></span> 
     </span>
    </p>
   </div>
   <div class='ocr_carea' id='block_1_97' title="bbox 1959 3709 3531 3781">
    <p class='ocr_par' dir='ltr' id='par_1_97' title="bbox 1959 3709 3531 3781">
     <span class='ocr_line' id='line_1_97' title="bbox 1959 3709 3531 3781; baseline -0.001 -16"><span class='ocrx_word' id='word_1_679' title='bbox 1959 3710 2152 3780; x_wconf 87' lang='lat' dir='ltr'><strong>scopis,</strong></span> <span class='ocrx_word' id='word_1_680' title='bbox 2181 3711 2508 3781; x_wconf 85' lang='lat' dir='ltr'><strong>presbyteris</strong></span> <span class='ocrx_word' id='word_1_681' title='bbox 2546 3719 2599 3765; x_wconf 88' lang='lat' dir='ltr'><strong>et</strong></span> <span class='ocrx_word' id='word_1_682' title='bbox 2640 3709 2975 3781; x_wconf 87' lang='lat' dir='ltr'><strong>diaconibus,</strong></span> <span class='ocrx_word' id='word_1_683' title='bbox 3007 3726 3139 3781; x_wconf 86' lang='lat' dir='ltr'><strong>quos</strong></span> <span class='ocrx_word' id='word_1_684' title='bbox 3183 3712 3299 3765; x_wconf 91' lang='lat' dir='ltr'><strong>solo</strong></span> <span class='ocrx_word' id='word_1_685' title='bbox 3347 3711 3531 3766; x_wconf 88' lang='lat' dir='ltr'><strong>mortis</strong></span> 
     </span>
    </p>
   </div>
   <div class='ocr_carea' id='block_1_98' title="bbox 1954 3800 3530 3871">
    <p class='ocr_par' dir='ltr' id='par_1_98' title="bbox 1954 3800 3530 3871">
     <span class='ocr_line' id='line_1_98' title="bbox 1954 3800 3530 3871; baseline -0.001 -14"><span class='ocrx_word' id='word_1_686' title='bbox 1954 3817 2063 3857; x_wconf 81' lang='lat' dir='ltr'><strong>suae</strong></span> <span class='ocrx_word' id='word_1_687' title='bbox 2096 3812 2334 3871; x_wconf 81' lang='lat' dir='ltr'><strong>tempore</strong></span> <span class='ocrx_word' id='word_1_688' title='bbox 2361 3801 2784 3856; x_wconf 89' lang='lat' dir='ltr'><strong>reconciliandos</strong></span> <span class='ocrx_word' id='word_1_689' title='bbox 2812 3817 2931 3857; x_wconf 90' lang='lat' dir='ltr'><strong>esse</strong></span> <span class='ocrx_word' id='word_1_690' title='bbox 2974 3802 3083 3869; x_wconf 87' lang='lat' dir='ltr'><strong>jam</strong></span> <span class='ocrx_word' id='word_1_691' title='bbox 3129 3802 3383 3857; x_wconf 82' lang='lat' dir='ltr'><strong>diximus.</strong></span> <span class='ocrx_word' id='word_1_692' title='bbox 3417 3800 3530 3856; x_wconf 72' lang='lat' dir='ltr'><strong>Ca3-</strong></span> 
     </span>
    </p>
   </div>
   <div class='ocr_carea' id='block_1_99' title="bbox 1957 3897 3529 3971">
    <p class='ocr_par' dir='ltr' id='par_1_99' title="bbox 1957 3897 3529 3971">
     <span class='ocr_line' id='line_1_99' title="bbox 1957 3897 3529 3971; baseline 0 -20"><span class='ocrx_word' id='word_1_693' title='bbox 1957 3908 2121 3963; x_wconf 89' lang='lat' dir='ltr'><strong>teros,</strong></span> <span class='ocrx_word' id='word_1_694' title='bbox 2146 3900 2195 3953; x_wconf 89' lang='lat' dir='ltr'><strong>id</strong></span> <span class='ocrx_word' id='word_1_695' title='bbox 2226 3908 2327 3963; x_wconf 90' lang='lat' dir='ltr'><strong>est,</strong></span> <span class='ocrx_word' id='word_1_696' title='bbox 2354 3914 2445 3955; x_wconf 92' lang='lat' dir='ltr'><strong>seu</strong></span> <span class='ocrx_word' id='word_1_697' title='bbox 2471 3898 2725 3963; x_wconf 91' lang='lat' dir='ltr'><strong>clericos,</strong></span> <span class='ocrx_word' id='word_1_698' title='bbox 2751 3898 2866 3954; x_wconf 88' lang='lat' dir='ltr'><strong>sive</strong></span> <span class='ocrx_word' id='word_1_699' title='bbox 2890 3898 3201 3963; x_wconf 87' lang='lat' dir='ltr'><strong>monachos,</strong></span> <span class='ocrx_word' id='word_1_700' title='bbox 3232 3913 3327 3954; x_wconf 90' lang='lat' dir='ltr'><strong>seu</strong></span> <span class='ocrx_word' id='word_1_701' title='bbox 3345 3897 3529 3971; x_wconf 80' lang='lat' dir='ltr'><strong>laicos,</strong></span> 
     </span>
    </p>
   </div>
   <div class='ocr_carea' id='block_1_100' title="bbox 1958 3990 3531 4061">
    <p class='ocr_par' dir='ltr' id='par_1_100' title="bbox 1958 3990 3531 4061">
     <span class='ocr_line' id='line_1_100' title="bbox 1958 3990 3531 4061; baseline 0.001 -16"><span class='ocrx_word' id='word_1_702' title='bbox 1958 3991 2234 4061; x_wconf 81' lang='lat' dir='ltr'><strong>utriusque</strong></span> <span class='ocrx_word' id='word_1_703' title='bbox 2259 4004 2418 4047; x_wconf 79' lang='lat' dir='ltr'><strong>sexus</strong></span> <span class='ocrx_word' id='word_1_704' title='bbox 2441 4004 2718 4059; x_wconf 86' lang='lat' dir='ltr'><strong>personas,</strong></span> <span class='ocrx_word' id='word_1_705' title='bbox 2742 4004 2877 4061; x_wconf 82' lang='lat' dir='ltr'><strong>quos</strong></span> <span class='ocrx_word' id='word_1_706' title='bbox 2899 3991 2940 4021; x_wconf 84' lang='grc'>¹²</span> <span class='ocrx_word' id='word_1_707' title='bbox 2972 3990 3239 4045; x_wconf 58' lang='lat' dir='ltr'><strong>violentia</strong></span> <span class='ocrx_word' id='word_1_708' title='bbox 3278 3992 3531 4060; x_wconf 91' lang='lat' dir='ltr'><strong>periculis</strong></span> 
     </span>
    </p>
   </div>
   <div class='ocr_carea' id='block_1_101' title="bbox 1957 4082 3526 4154">
    <p class='ocr_par' dir='ltr' id='par_1_101' title="bbox 1957 4082 3526 4154">
     <span class='ocr_line' id='line_1_101' title="bbox 1957 4082 3526 4154; baseline 0 -15"><span class='ocrx_word' id='word_1_709' title='bbox 1957 4094 2171 4139; x_wconf 88' lang='lat' dir='ltr'><strong>coactos</strong></span> <span class='ocrx_word' id='word_1_710' title='bbox 2207 4086 2543 4140; x_wconf 87' lang='lat' dir='ltr'><strong>iterationem</strong></span> <span class='ocrx_word' id='word_1_711' title='bbox 2582 4085 2918 4154; x_wconf 89' lang='lat' dir='ltr'><strong>baptismatis</strong></span> <span class='ocrx_word' id='word_1_712' title='bbox 2949 4082 3178 4140; x_wconf 89' lang='lat' dir='ltr'><strong>subiisse</strong></span> <span class='ocrx_word' id='word_1_713' title='bbox 3204 4086 3526 4153; x_wconf 88' lang='lat' dir='ltr'><strong>constiterit,</strong></span> 
     </span>
    </p>
   </div>
   <div class='ocr_carea' id='block_1_102' title="bbox 1957 4174 3530 4246">
    <p class='ocr_par' dir='ltr' id='par_1_102' title="bbox 1957 4174 3530 4246">
     <span class='ocr_line' id='line_1_102' title="bbox 1957 4174 3530 4246; baseline 0 -15"><span class='ocrx_word' id='word_1_714' title='bbox 1957 4177 2037 4231; x_wconf 91' lang='lat' dir='ltr'><strong>vel</strong></span> <span class='ocrx_word' id='word_1_715' title='bbox 2079 4176 2166 4245; x_wconf 90' lang='lat' dir='ltr'><strong>qui</strong></span> <span class='ocrx_word' id='word_1_716' title='bbox 2214 4176 2389 4246; x_wconf 89' lang='lat' dir='ltr'><strong>aliquo</strong></span> <span class='ocrx_word' id='word_1_717' title='bbox 2428 4184 2751 4240; x_wconf 87' lang='lat' dir='ltr'><strong>commento,</strong></span> <span class='ocrx_word' id='word_1_718' title='bbox 2784 4174 2824 4207; x_wconf 78' lang='grc'><strong>¹³</strong></span> <span class='ocrx_word' id='word_1_719' title='bbox 2858 4174 3010 4244; x_wconf 87' lang='lat' dir='ltr'><strong>cujus</strong></span> <span class='ocrx_word' id='word_1_720' title='bbox 3038 4190 3097 4231; x_wconf 79' lang='lat' dir='ltr'><strong>se</strong></span> <span class='ocrx_word' id='word_1_721' title='bbox 3136 4174 3386 4230; x_wconf 83' lang='lat' dir='ltr'><strong>facinoris</strong></span> <span class='ocrx_word' id='word_1_722' title='bbox 3416 4176 3530 4244; x_wconf 87' lang='lat' dir='ltr'><strong>pia-</strong></span> 
     </span>
    </p>
   </div>
   <div class='ocr_carea' id='block_1_103' title="bbox 1953 4262 3528 4338">
    <p class='ocr_par' dir='ltr' id='par_1_103' title="bbox 1953 4262 3528 4338">
     <span class='ocr_line' id='line_1_103' title="bbox 1953 4262 3528 4338; baseline -0.001 -12"><span class='ocrx_word' id='word_1_723' title='bbox 1953 4272 2075 4327; x_wconf 89' lang='lat' dir='ltr'><strong>culo</strong></span> <span class='ocrx_word' id='word_1_724' title='bbox 2102 4271 2331 4327; x_wconf 86' lang='lat' dir='ltr'><strong>dixerint</strong></span> <span class='ocrx_word' id='word_1_725' title='bbox 2362 4284 2466 4326; x_wconf 90' lang='lat' dir='ltr'><strong>non</strong></span> <span class='ocrx_word' id='word_1_726' title='bbox 2498 4269 2690 4335; x_wconf 88' lang='lat' dir='ltr'><strong>teneri,</strong></span> <span class='ocrx_word' id='word_1_727' title='bbox 2722 4270 2807 4324; x_wconf 89' lang='lat' dir='ltr'><strong>his</strong></span> <span class='ocrx_word' id='word_1_728' title='bbox 2845 4267 3212 4338; x_wconf 86' lang='lat' dir='ltr'><strong>poenitentiam</strong></span> <span class='ocrx_word' id='word_1_729' title='bbox 3245 4283 3340 4338; x_wconf 89' lang='lat' dir='ltr'><strong>per</strong></span> <span class='ocrx_word' id='word_1_730' title='bbox 3369 4262 3528 4325; x_wconf 84' lang='lat' dir='ltr'><strong>trien-</strong></span> 
     </span>
    </p>
   </div>
   <div class='ocr_carea' id='block_1_104' title="bbox 1956 4360 3530 4431">
    <p class='ocr_par' dir='ltr' id='par_1_104' title="bbox 1956 4360 3530 4431">
     <span class='ocr_line' id='line_1_104' title="bbox 1956 4360 3530 4431; baseline -0.001 -14"><span class='ocrx_word' id='word_1_731' title='bbox 1956 4362 2099 4417; x_wconf 93' lang='lat' dir='ltr'><strong>nium</strong></span> <span class='ocrx_word' id='word_1_732' title='bbox 2121 4363 2314 4417; x_wconf 90' lang='lat' dir='ltr'><strong>durare</strong></span> <span class='ocrx_word' id='word_1_733' title='bbox 2336 4363 2696 4429; x_wconf 64' lang='lat' dir='ltr'><strong>decrevimus,</strong></span> <span class='ocrx_word' id='word_1_734' title='bbox 2728 4371 2781 4417; x_wconf 92' lang='lat' dir='ltr'><strong>et</strong></span> <span class='ocrx_word' id='word_1_735' title='bbox 2811 4376 2905 4431; x_wconf 91' lang='lat' dir='ltr'><strong>per</strong></span> <span class='ocrx_word' id='word_1_736' title='bbox 2925 4375 3113 4417; x_wconf 90' lang='lat' dir='ltr'><strong>manus</strong></span> <span class='ocrx_word' id='word_1_737' title='bbox 3140 4360 3530 4430; x_wconf 90' lang='lat' dir='ltr'><strong>impositioncm</strong></span> 
     </span>
    </p>
   </div>
   <div class='ocr_carea' id='block_1_105' title="bbox 1952 4456 3029 4526">
    <p class='ocr_par' dir='ltr' id='par_1_105' title="bbox 1952 4456 3029 4526">
     <span class='ocr_line' id='line_1_105' title="bbox 1952 4456 3029 4526; baseline -0.002 -16"><span class='ocrx_word' id='word_1_738' title='bbox 1952 4457 2017 4510; x_wconf 91' lang='lat' dir='ltr'><strong>ad</strong></span> <span class='ocrx_word' id='word_1_739' title='bbox 2047 4457 2353 4511; x_wconf 86' lang='lat' dir='ltr'><strong>societatem</strong></span> <span class='ocrx_word' id='word_1_740' title='bbox 2384 4456 2547 4526; x_wconf 89' lang='lat' dir='ltr'><strong>recipi</strong></span> <span class='ocrx_word' id='word_1_741' title='bbox 2577 4469 2671 4511; x_wconf 92' lang='lat' dir='ltr'><strong>eos</strong></span> <span class='ocrx_word' id='word_1_742' title='bbox 2692 4456 3029 4510; x_wconf 88' lang='lat' dir='ltr'><strong>sacramenti.</strong></span> 
     </span>
    </p>
   </div>
   <div class='ocr_carea' id='block_1_106' title="bbox 2031 4543 3529 4618">
    <p class='ocr_par' dir='ltr' id='par_1_106' title="bbox 2031 4543 3529 4618">
     <span class='ocr_line' id='line_1_106' title="bbox 2031 4543 3529 4618; baseline -0.004 -15"><span class='ocrx_word' id='word_1_743' title='bbox 2031 4549 2123 4605; x_wconf 89' lang='lat' dir='ltr'><strong>illo</strong></span> <span class='ocrx_word' id='word_1_744' title='bbox 2151 4564 2246 4618; x_wconf 87' lang='lat' dir='ltr'><strong>per</strong></span> <span class='ocrx_word' id='word_1_745' title='bbox 2273 4550 2451 4605; x_wconf 84' lang='lat' dir='ltr'><strong>omnia</strong></span> <span class='ocrx_word' id='word_1_746' title='bbox 2480 4549 2769 4613; x_wconf 80' lang='lat' dir='ltr'><strong>custodito,</strong></span> <span class='ocrx_word' id='word_1_747' title='bbox 2794 4562 2862 4601; x_wconf 91' lang='lat' dir='ltr'><strong>ne</strong></span> <span class='ocrx_word' id='word_1_748' title='bbox 2897 4561 2965 4602; x_wconf 79' lang='lat' dir='ltr'><strong>ex</strong></span> <span class='ocrx_word' id='word_1_749' title='bbox 2997 4547 3076 4600; x_wconf 91' lang='lat' dir='ltr'><strong>eis</strong></span> <span class='ocrx_word' id='word_1_750' title='bbox 3105 4558 3333 4613; x_wconf 88' lang='lat' dir='ltr'><strong>unquam</strong></span> <span class='ocrx_word' id='word_1_751' title='bbox 3359 4543 3448 4613; x_wconf 90' lang='lat' dir='ltr'><strong>qui</strong></span> <span class='ocrx_word' id='word_1_752' title='bbox 3480 4545 3529 4597; x_wconf 92' lang='lat' dir='ltr'><strong>in</strong></span> 
     </span>
    </p>
   </div>
   <div class='ocr_carea' id='block_1_107' title="bbox 1957 4636 3529 4711">
    <p class='ocr_par' dir='ltr' id='par_1_107' title="bbox 1957 4636 3529 4711">
     <span class='ocr_line' id='line_1_107' title="bbox 1957 4636 3529 4711; baseline -0.004 -15"><span class='ocrx_word' id='word_1_753' title='bbox 1957 4643 2195 4711; x_wconf 89' lang='lat' dir='ltr'><strong>qualibet</strong></span> <span class='ocrx_word' id='word_1_754' title='bbox 2228 4650 2385 4695; x_wconf 68' lang='lat' dir='ltr'><strong>aetate</strong></span> <span class='ocrx_word' id='word_1_755' title='bbox 2426 4640 2551 4693; x_wconf 85' lang='lat' dir='ltr'><strong>alibi</strong></span> <span class='ocrx_word' id='word_1_756' title='bbox 2581 4654 2739 4709; x_wconf 90' lang='lat' dir='ltr'><strong>quam</strong></span> <span class='ocrx_word' id='word_1_757' title='bbox 2781 4639 2833 4691; x_wconf 91' lang='lat' dir='ltr'><strong>in</strong></span> <span class='ocrx_word' id='word_1_758' title='bbox 2865 4637 3102 4692; x_wconf 81' lang='lat' dir='ltr'><strong>Ecclesia</strong></span> <span class='ocrx_word' id='word_1_759' title='bbox 3139 4636 3399 4690; x_wconf 90' lang='lat' dir='ltr'><strong>catholica</strong></span> <span class='ocrx_word' id='word_1_760' title='bbox 3443 4644 3529 4690; x_wconf 89' lang='lat' dir='ltr'><strong>aut</strong></span> 
     </span>
    </p>
   </div>
   <div class='ocr_carea' id='block_1_108' title="bbox 1955 4725 3529 4801">
    <p class='ocr_par' dir='ltr' id='par_1_108' title="bbox 1955 4725 3529 4801">
     <span class='ocr_line' id='line_1_108' title="bbox 1955 4725 3529 4801; baseline -0.003 -16"><span class='ocrx_word' id='word_1_761' title='bbox 1955 4732 2231 4801; x_wconf 85' lang='lat' dir='ltr'><strong>baptizati,</strong></span> <span class='ocrx_word' id='word_1_762' title='bbox 2256 4738 2344 4785; x_wconf 90' lang='lat' dir='ltr'><strong>aut</strong></span> <span class='ocrx_word' id='word_1_763' title='bbox 2376 4729 2684 4786; x_wconf 82' lang='lat' dir='ltr'><strong>rcbaotizati</strong></span> <span class='ocrx_word' id='word_1_764' title='bbox 2713 4737 2857 4794; x_wconf 90' lang='lat' dir='ltr'><strong>sunt,</strong></span> <span class='ocrx_word' id='word_1_765' title='bbox 2890 4728 2955 4783; x_wconf 89' lang='lat' dir='ltr'><strong>ad</strong></span> <span class='ocrx_word' id='word_1_766' title='bbox 2984 4725 3396 4782; x_wconf 85' lang='lat' dir='ltr'><strong>ecclesiasticam</strong></span> <span class='ocrx_word' id='word_1_767' title='bbox 3429 4727 3529 4780; x_wconf 91' lang='lat' dir='ltr'><strong>mi-</strong></span> 
     </span>
    </p>
   </div>
   <div class='ocr_carea' id='block_1_109' title="bbox 1955 4816 3529 4891">
    <p class='ocr_par' dir='ltr' id='par_1_109' title="bbox 1955 4816 3529 4891">
     <span class='ocr_line' id='line_1_109' title="bbox 1955 4816 3529 4891; baseline -0.001 -17"><span class='ocrx_word' id='word_1_768' title='bbox 1955 4819 2119 4875; x_wconf 90' lang='lat' dir='ltr'><strong>litiant</strong></span> <span class='ocrx_word' id='word_1_769' title='bbox 2154 4834 2375 4891; x_wconf 89' lang='lat' dir='ltr'><strong>prorsus</strong></span> <span class='ocrx_word' id='word_1_770' title='bbox 2418 4834 2523 4874; x_wconf 91' lang='lat' dir='ltr'><strong>non</strong></span> <span class='ocrx_word' id='word_1_771' title='bbox 2568 4820 2943 4888; x_wconf 88' lang='lat' dir='ltr'><strong>permittantur</strong></span> <span class='ocrx_word' id='word_1_772' title='bbox 2994 4817 3274 4873; x_wconf 82' lang='lat' dir='ltr'><strong>accedere.</strong></span> <span class='ocrx_word' id='word_1_773' title='bbox 3326 4816 3529 4884; x_wconf 74' lang='lat' dir='ltr'><strong>Quibus</strong></span> 
     </span>
    </p>
   </div>
   <div class='ocr_carea' id='block_1_110' title="bbox 1954 4908 3521 4983">
    <p class='ocr_par' dir='ltr' id='par_1_110' title="bbox 1954 4908 3521 4983">
     <span class='ocr_line' id='line_1_110' title="bbox 1954 4908 3521 4983; baseline -0.003 -18"><span class='ocrx_word' id='word_1_774' title='bbox 1954 4912 2084 4965; x_wconf 89' lang='lat' dir='ltr'><strong>satis</strong></span> <span class='ocrx_word' id='word_1_775' title='bbox 2113 4925 2236 4967; x_wconf 88' lang='lat' dir='ltr'><strong>esse</strong></span> <span class='ocrx_word' id='word_1_776' title='bbox 2261 4910 2456 4965; x_wconf 88' lang='lat' dir='ltr'><strong>debeat</strong></span> <span class='ocrx_word' id='word_1_777' title='bbox 2483 4910 2623 4979; x_wconf 88' lang='lat' dir='ltr'><strong>quod</strong></span> <span class='ocrx_word' id='word_1_778' title='bbox 2645 4910 2696 4964; x_wconf 89' lang='lat' dir='ltr'><strong>in</strong></span> <span class='ocrx_word' id='word_1_779' title='bbox 2718 4908 3102 4983; x_wconf 81' lang='lat' dir='ltr'><strong>catholicorum</strong></span> <span class='ocrx_word' id='word_1_780' title='bbox 3140 4920 3365 4962; x_wconf 89' lang='lat' dir='ltr'><strong>numero</strong></span> <span class='ocrx_word' id='word_1_781' title='bbox 3395 4914 3521 4961; x_wconf 91' lang='lat' dir='ltr'><strong>sunt</strong></span> 
     </span>
    </p>
   </div>
   <div class='ocr_carea' id='block_1_111' title="bbox 1956 4998 3524 5072">
    <p class='ocr_par' dir='ltr' id='par_1_111' title="bbox 1956 4998 3524 5072">
     <span class='ocr_line' id='line_1_111' title="bbox 1956 4998 3524 5072; baseline -0.003 -15"><span class='ocrx_word' id='word_1_782' title='bbox 1956 5002 2156 5072; x_wconf 88' lang='lat' dir='ltr'><strong>recepti</strong></span> <span class='ocrx_word' id='word_1_783' title='bbox 2190 5001 2476 5072; x_wconf 87' lang='lat' dir='ltr'><strong>:quoniam</strong></span> <span class='ocrx_word' id='word_1_784' title='bbox 2505 5000 2571 5057; x_wconf 92' lang='lat' dir='ltr'><strong>de</strong></span> <span class='ocrx_word' id='word_1_785' title='bbox 2599 5015 2697 5058; x_wconf 90' lang='lat' dir='ltr'><strong>suo</strong></span> <span class='ocrx_word' id='word_1_786' title='bbox 2727 5000 2913 5057; x_wconf 90' lang='lat' dir='ltr'><strong>ordine</strong></span> <span class='ocrx_word' id='word_1_787' title='bbox 2941 5009 2993 5058; x_wconf 92' lang='lat' dir='ltr'><strong>et</strong></span> <span class='ocrx_word' id='word_1_788' title='bbox 3038 4998 3411 5055; x_wconf 86' lang='lat' dir='ltr'><strong>communione</strong></span> <span class='ocrx_word' id='word_1_789' title='bbox 3440 4998 3524 5053; x_wconf 85' lang='lat' dir='ltr'><strong>vi-</strong></span> 
     </span>
    </p>
   </div>
   <div class='ocr_carea' id='block_1_112' title="bbox 2018 5246 2685 5311">
    <p class='ocr_par' dir='ltr' id='par_1_112' title="bbox 2018 5246 2685 5311">
     <span class='ocr_line' id='line_1_112' title="bbox 2018 5246 2685 5311; baseline 0.004 -10"><span class='ocrx_word' id='word_1_790' title='bbox 2018 5246 2039 5278; x_wconf 80' lang='grc'><strong>⁸</strong></span> <span class='ocrx_word' id='word_1_791' title='bbox 2078 5246 2220 5302; x_wconf 88' lang='lat' dir='ltr'><strong>fdem</strong></span> <span class='ocrx_word' id='word_1_792' title='bbox 2249 5247 2389 5311; x_wconf 90' lang='lat' dir='ltr'><strong>cod.,</strong></span> <span class='ocrx_word' id='word_1_793' title='bbox 2423 5248 2685 5304; x_wconf 80' lang='lat' dir='ltr'><strong>imberbes.</strong></span> 
     </span>
    </p>
   </div>
   <div class='ocr_carea' id='block_1_113' title="bbox 2018 5316 2735 5386">
    <p class='ocr_par' dir='ltr' id='par_1_113' title="bbox 2018 5316 2735 5386">
     <span class='ocr_line' id='line_1_113' title="bbox 2018 5316 2735 5386; baseline 0.001 -16"><span class='ocrx_word' id='word_1_794' title='bbox 2018 5319 2038 5349; x_wconf 70' lang='grc'><strong>³</strong></span> <span class='ocrx_word' id='word_1_795' title='bbox 2078 5316 2224 5372; x_wconf 85' lang='lat' dir='ltr'><strong>Idem</strong></span> <span class='ocrx_word' id='word_1_796' title='bbox 2254 5318 2375 5373; x_wconf 89' lang='lat' dir='ltr'><strong>cod.</strong></span> <span class='ocrx_word' id='word_1_797' title='bbox 2408 5320 2553 5373; x_wconf 88' lang='lat' dir='ltr'><strong>addit</strong></span> <span class='ocrx_word' id='word_1_798' title='bbox 2583 5323 2735 5386; x_wconf 78' lang='lat' dir='ltr'><strong>forte.</strong></span> 
     </span>
    </p>
   </div>
   <div class='ocr_carea' id='block_1_114' title="bbox 2023 5386 2732 5456">
    <p class='ocr_par' dir='ltr' id='par_1_114' title="bbox 2023 5386 2732 5456">
     <span class='ocr_line' id='line_1_114' title="bbox 2023 5386 2732 5456; baseline 0.003 -16"><span class='ocrx_word' id='word_1_799' title='bbox 2023 5386 2064 5416; x_wconf 88' lang='grc'><strong>¹⁰</strong></span> <span class='ocrx_word' id='word_1_800' title='bbox 2103 5386 2246 5441; x_wconf 82' lang='lat' dir='ltr'><strong>Idem</strong></span> <span class='ocrx_word' id='word_1_801' title='bbox 2274 5389 2418 5452; x_wconf 89' lang='lat' dir='ltr'><strong>cod.,</strong></span> <span class='ocrx_word' id='word_1_802' title='bbox 2444 5391 2732 5456; x_wconf 75' lang='lat' dir='ltr'><strong>despectus.</strong></span> 
     </span>
    </p>
   </div>
   <div class='ocr_carea' id='block_1_115' title="bbox 2022 5454 3525 5526">
    <p class='ocr_par' dir='ltr' id='par_1_115' title="bbox 2022 5454 3525 5526">
     <span class='ocr_line' id='line_1_115' title="bbox 2022 5454 3525 5526; baseline -0.001 -15"><span class='ocrx_word' id='word_1_803' title='bbox 2022 5458 2059 5487; x_wconf 83' lang='lat'>“</span> <span class='ocrx_word' id='word_1_804' title='bbox 2102 5456 2227 5511; x_wconf 88' lang='lat' dir='ltr'><strong>Post</strong></span> <span class='ocrx_word' id='word_1_805' title='bbox 2258 5454 2623 5512; x_wconf 72' lang='lat' dir='ltr'><strong>catecltumenis</strong></span> <span class='ocrx_word' id='word_1_806' title='bbox 2653 5460 2731 5513; x_wconf 87' lang='lat' dir='ltr'><strong>sic</strong></span> <span class='ocrx_word' id='word_1_807' title='bbox 2763 5457 2889 5526; x_wconf 87' lang='lat' dir='ltr'><strong>legit</strong></span> <span class='ocrx_word' id='word_1_808' title='bbox 2909 5458 3030 5513; x_wconf 84' lang='lat' dir='ltr'><strong>cod.</strong></span> <span class='ocrx_word' id='word_1_809' title='bbox 3066 5454 3322 5513; x_wconf 82' lang='lat' dir='ltr'><strong>lucensis</strong></span> <span class='ocrx_word' id='word_1_810' title='bbox 3355 5474 3366 5509; x_wconf 90' lang='lat'><strong>:</strong></span> <span class='ocrx_word' id='word_1_811' title='bbox 3410 5473 3525 5526; x_wconf 81' lang='lat' dir='ltr'><strong>per-</strong></span> 
     </span>
    </p>
   </div>
   <div class='ocr_carea' id='block_1_116' title="bbox 1948 5528 3524 5598">
    <p class='ocr_par' dir='ltr' id='par_1_116' title="bbox 1948 5528 3524 5598">
     <span class='ocr_line' id='line_1_116' title="bbox 1948 5528 3524 5598; baseline 0.001 -19"><span class='ocrx_word' id='word_1_812' title='bbox 1948 5528 2214 5581; x_wconf 77' lang='lat' dir='ltr'><strong>mittuntur</strong></span> <span class='ocrx_word' id='word_1_813' title='bbox 2244 5545 2391 5581; x_wconf 86' lang='lat' dir='ltr'><strong>orare</strong></span> <span class='ocrx_word' id='word_1_814' title='bbox 2420 5545 2507 5596; x_wconf 86' lang='lat' dir='ltr'><strong>per</strong></span> <span class='ocrx_word' id='word_1_815' title='bbox 2536 5544 2716 5581; x_wconf 80' lang='lat' dir='ltr'><strong>manus</strong></span> <span class='ocrx_word' id='word_1_816' title='bbox 2741 5528 3115 5598; x_wconf 74' lang='lat' dir='ltr'><strong>impositioncm</strong></span> <span class='ocrx_word' id='word_1_817' title='bbox 3152 5529 3524 5588; x_wconf 71' lang='lat' dir='ltr'><strong>communionis</strong></span> 
     </span>
    </p>
   </div>
   <div class='ocr_carea' id='block_1_117' title="bbox 1951 5599 2491 5668">
    <p class='ocr_par' dir='ltr' id='par_1_117' title="bbox 1951 5599 2491 5668">
     <span class='ocr_line' id='line_1_117' title="bbox 1951 5599 2491 5668; baseline 0.009 -21"><span class='ocrx_word' id='word_1_818' title='bbox 1951 5599 2165 5668; x_wconf 79' lang='lat' dir='ltr'><strong>gratiam</strong></span> <span class='ocrx_word' id='word_1_819' title='bbox 2186 5600 2491 5668; x_wconf 78' lang='lat' dir='ltr'><strong>percepturi.</strong></span> 
     </span>
    </p>
   </div>
   <div class='ocr_carea' id='block_1_118' title="bbox 2024 5667 3041 5740">
    <p class='ocr_par' dir='ltr' id='par_1_118' title="bbox 2024 5667 3041 5740">
     <span class='ocr_line' id='line_1_118' title="bbox 2024 5667 3041 5740; baseline 0.014 -27"><span class='ocrx_word' id='word_1_820' title='bbox 2024 5668 2063 5740; x_wconf 56' lang='lat' dir='ltr'><strong>ff</strong></span> <span class='ocrx_word' id='word_1_821' title='bbox 2101 5667 2231 5740; x_wconf 65' lang='lat' dir='ltr'><strong>god.</strong></span> <span class='ocrx_word' id='word_1_822' title='bbox 2263 5667 2415 5740; x_wconf 66' lang='grc' dir='ltr'><strong>ως..</strong></span> <span class='ocrx_word' id='word_1_823' title='bbox 2448 5670 2683 5723; x_wconf 81' lang='lat' dir='ltr'><strong>violentia</strong></span> <span class='ocrx_word' id='word_1_824' title='bbox 2709 5678 2757 5725; x_wconf 85' lang='lat' dir='ltr'><strong>et</strong></span> <span class='ocrx_word' id='word_1_825' title='bbox 2784 5669 3041 5740; x_wconf 76' lang='lat' dir='ltr'><strong>periculis.</strong></span> 
     </span>
    </p>
   </div>
   <div class='ocr_carea' id='block_1_119' title="bbox 2024 5735 2617 5811">
    <p class='ocr_par' dir='ltr' id='par_1_119' title="bbox 2024 5735 2617 5811">
     <span class='ocr_line' id='line_1_119' title="bbox 2024 5735 2617 5811; baseline -0.002 -13"><span class='ocrx_word' id='word_1_826' title='bbox 2024 5737 2066 5775; x_wconf 73' lang='lat'>”</span> <span class='ocrx_word' id='word_1_827' title='bbox 2107 5735 2250 5807; x_wconf 78' lang='lat' dir='ltr'><strong>idem</strong></span> <span class='ocrx_word' id='word_1_828' title='bbox 2275 5739 2416 5811; x_wconf 81' lang='lat' dir='ltr'><strong>cod.,</strong></span> <span class='ocrx_word' id='word_1_829' title='bbox 2448 5741 2617 5811; x_wconf 78' lang='lat' dir='ltr'><strong>hujus.</strong></span> 
     </span>
    </p>
   </div>
  </div>
