4090 6330
592 359 694 416 927

1965 353 2222 411 FELICIS
2266 356 2466 414 PAPIE
2510 359 2573 416 III

2766 286 2785 317 Il

3056 314 3067 321 ¹
3080 317 3102 323 ⁷⁴
3112 319 3202 337 πον...
3333 322 3365 329 ...ι

3747 367 3861 425 928

593 473 805 531 debitur
831 471 974 527 ferre
996 468 1252 541 judicium
1283 472 1523 541 quisquis
1565 472 1668 528 hoc
1707 472 1983 528 violaverit
2024 474 2038 503 ¹
2081 472 2166 527 in-
2193 476 2251 536 Α
2275 481 2358 531 tor
2384 475 2644 532 Ecclesiae
2670 478 2972 548 praecipuus
2999 492 3310 549 appareres.
3344 479 3714 552 Quapropter;
3747 484 3864 539 fra-

591 569 847 632 stitutum,
871 564 954 621 vel
982 565 1072 635 qui
1103 579 1208 621 non
1234 566 1521 621 removerit
1559 581 1681 621 eum
1712 581 1869 637 quem
1898 582 1964 622 ex
1989 566 2068 621 eis
2095 566 2163 621 ad

590 658 947 715 ministerium
969 654 1219 713 clericale
1240 655 1547 726 Obrepsisse
1567 658 1899 727 cognoverit.

658 744 964 805 Curandum
995 761 1124 803 vero
1150 748 1405 815 maxime,
1438 757 1493 802 et
1518 749 1661 803 omni
1684 748 1890 803 cautela
1936 757 2019 804 est
2048 762 2169 817 pro-

590 840 894 907 videndum,
917 856 987 898 ne
1009 844 1128 912 quis
1153 840 1373 897 fratrum
1391 841 1935 912 coepiscoporumque
1959 850 2170 896 nostro-

589 948 732 999 rum,
766 940 859 988 aut
905 933 1067 988 etiam
1107 934 1574 1005 presbyterorum,
1620 935 1672 988 in
1713 934 1931 989 alterius
1956 933 2170 989 civitate

590 1024 678 1081 vel
700 1024 919 1081 dioecesi
949 1026 1316 1096 poenitentem,
1359 1026 1443 1081 vel
1476 1026 1576 1080 sub
1620 1041 1780 1081 manu
1817 1026 2046 1095 positum
2088 1040 2172 1082 sa-

590 1116 843 1181 cerdotis,
868 1125 961 1172 aut
990 1133 1112 1172 eum
1139 1117 1229 1186 qui
1258 1116 1660 1173 reconciliatum
1703 1134 1762 1173 se
1789 1134 1912 1175 esse
1951 1120 2169 1183 dixerit,

591 1209 710 1265 sine
736 1209 976 1280 episcopi
1004 1210 1088 1264 vel
1120 1210 1420 1281 presbyteri
1461 1211 1764 1266 testimonio
1806 1221 1857 1266 et
1898 1211 2109 1278 litteris,
2145 1215 2167 1244 ³

592 1303 658 1359 ad
684 1304 837 1373 cujus
864 1302 1096 1372 pertinet
1123 1302 1450 1371 parochiam,
1480 1304 1758 1375 presbyter
1778 1312 1868 1359 aut
1893 1304 2173 1373 episcopus

592 1391 727 1465 [lege
750 1403 803 1449 et
824 1394 1039 1461 litteris,
1070 1404 1160 1448 aut
1186 1395 1236 1449 in
1270 1395 1523 1462 parochia
1551 1396 1829 1467 presbyter
1856 1405 1945 1450 aut
1969 1398 2173 1465 episco-

593 1484 714 1555 pus]
744 1486 795 1539 in
817 1485 1031 1541 civitate
1054 1485 1329 1555 suspiciat.
1363 1486 1385 1516 ³
1414 1485 1564 1553 Quod
1587 1487 1631 1541 si
1667 1487 1842 1557 aliqua
1875 1487 2176 1542 dissimula-

596 1578 742 1632 tione
772 1578 1076 1648 negligitur,
1104 1579 1253 1647 culpa
1279 1577 1449 1647 tangit
1472 1580 1631 1633 etiam
1659 1579 1867 1635 clerum
1900 1578 2030 1651 [lege
2066 1580 2174 1634 cle-

595 1664 789 1737 ricum]
848 1667 935 1736 qui
978 1667 1033 1722 in
1079 1668 1210 1722 locis
1247 1668 1301 1722 in
1342 1668 1535 1738 quibus
1580 1669 1682 1724 hoc
1720 1668 1893 1723 minus
1931 1679 2174 1724 curatum

596 1759 758 1814 fuerit
780 1769 1159 1817 commoratur.
1192 1760 1283 1816 llis
1322 1765 1501 1831 itaque
1536 1763 1638 1817 rite
1686 1763 1975 1832 diSpositis,
2022 1775 2077 1819 et
2106 1763 2173 1818 ad

2274 580 2355 629 ter
2382 574 2687 642 carissime,
2736 589 2858 630 cum
2900 575 2967 630 ad
3015 577 3340 646 provinciam
3371 592 3724 646 commearet,
3772 598 3864 640 se-

2272 667 2502 738 duloque
2558 668 2876 739 deposceret
2929 678 3141 726 nostras
3185 670 3252 726 ad
3316 672 3662 730 dilectionem
3710 682 3863 732 tuam

2271 761 2476 817 litteras
2506 761 2785 828 destinari,
2812 771 3087 831 gratanter
3102 764 3409 831 annuimus,
3439 766 3529 835 qui
3557 768 3864 837 etaignum

2276 852 2385 908 Deo
2427 867 2678 908 sermone
2725 853 3008 923 complecti
3063 869 3383 923 cuperemus
3434 859 3762 919 antistitem.
3811 866 3868 915 et

2274 960 2368 1013 per
2393 962 2514 1002 eum
2540 945 2772 1002 maxime
2798 946 3067 1002 vellemus
3091 946 3141 1002 id
3165 946 3301 1014 ﬁeri,
3333 948 3489 1017 cujus
3512 948 3672 1003 nobis
3688 949 3868 1006 fuerat

2274 1038 2521 1094 laudibus
2547 1039 2839 1095 intimatus.
2865 1039 3118 1106 Quamvis
3143 1054 3273 1111 ergo
3300 1040 3501 1096 sanctis
3517 1041 3782 1111 operibus
3801 1059 3867 1100 ex

2275 1132 2420 1187 omni
2453 1140 2602 1201 parte
2638 1131 2948 1200 pradictam
2981 1131 3371 1187 fraternitatem
3415 1139 3564 1187 tuam
3602 1132 3693 1190 vir
3729 1149 3869 1206 pra-

2276 1222 2414 1279 fatus
2444 1224 2757 1290 astruxerit,
2803 1224 3136 1296 multumque
3177 1224 3387 1280 fiducia:
3405 1224 3475 1282 de
3505 1234 3595 1281 tua
3626 1226 3870 1281 benevo-

2276 1315 2439 1371 lentia
2463 1315 2571 1384 jam
2598 1324 2826 1383 teneret,
2849 1325 3024 1372 tamen
3052 1333 3263 1387 aequum
3284 1325 3369 1373 est
3392 1326 3450 1373 ut
3472 1318 3619 1389 quod
3645 1318 3871 1375 deside-

2278 1408 2428 1463 rabat
2479 1422 2805 1477 magnopere
2846 1417 3234 1479 consequatur;
3285 1407 3551 1477 quatenus
3608 1410 3704 1481 qui
3756 1411 3867 1466 tuis

2278 1500 2407 1557 olim
2434 1510 2619 1572 gratus
2650 1510 2733 1556 est
2760 1500 2953 1557 animis
2974 1542 2989 1565 ,
3028 1500 3491 1571 contemplatione
3528 1501 3704 1558 nostri
3751 1502 3869 1559 red-

2278 1591 2433 1646 datur
2474 1592 2769 1660 aceeptior,
2823 1591 3091 1661 simulque
3146 1603 3385 1647 materna
3430 1600 3487 1647 et
3540 1593 3871 1650 sacerdotali

2278 1682 2645 1736 consolatione
2670 1680 2939 1745 foveatur,
2969 1681 3526 1750 peregrinationisque
3552 1682 3868 1750 praesidium

2281 1774 2534 1844 pastorali
2564 1773 2761 1842 pietate
2781 1772 3039 1843 reperiat,
3068 1781 3125 1828 ut
3153 1781 3347 1829 vestrae
3370 1770 3651 1844 dignitatis
3675 1773 3873 1835 affecw

596 1851 956 1907 Ecclesiarum
984 1865 1283 1908 vestrarum
1314 1854 1559 1907 notitiam
1586 1864 1765 1907 nostra
1790 1853 2176 1910 deliberatione
2205 1870 2254 1930 Β
2280 1872 2537 1935 appareat
2562 1865 2702 1933 apud
2744 1865 3109 1922 sinceritatem
3145 1875 3317 1934 tuam,
3362 1876 3606 1923 nostrum
3657 1884 3873 1939 quoque

594 1944 855 2016 perlatis,
872 1959 1061 2015 parere
1080 1962 1177 2002 vos
1204 1946 1454 2002 convenit
1479 1947 1608 2019 [lege
1635 1946 1984 2019 convenerat]
2010 1966 2021 1999 :
2059 1947 2178 2018 qui-

595 2036 717 2105 bus,
760 2036 885 2093 licet
924 2038 990 2093 ad
1032 2039 1333 2093 animarum
1378 2038 1768 2109 reparationem
1814 2038 1949 2093 nihil
1988 2038 2177 2093 deesse

596 2128 865 2197 videatur,
897 2138 1071 2185 tamen
1100 2131 1249 2185 sicui
1288 2130 1411 2185 novi
1447 2130 1671 2200 aliquid,
1699 2138 1752 2184 et
1781 2129 1921 2199 quod
1954 2138 2175 2200 praeter-

591 2217 676 2274 ire
705 2234 805 2273 nos
834 2219 1038 2287 potuit,
1070 2218 1231 2274 fuerit
1259 2220 1554 2274 revelatum
1573 2262 1586 2285 ,
1639 2221 1943 2275 secundum.
1964 2220 2176 2276 beatum

597 2310 903 2377 apostolum
950 2310 1205 2376 Paulum,
1260 2321 1451 2365 tacente
1501 2312 1700 2381 priore,
1757 2310 1987 2367 ﬁdeliter
2034 2310 2177 2383 [lege

597 2402 859 2475 fidenter]
906 2404 1176 2458 insinuet:
1213 2404 1335 2474 quia
1378 2404 1605 2475 Spiritus
1646 2413 1883 2471 sanctus,
1933 2406 2019 2459 ubi
2048 2406 2176 2471 vult,

598 2494 780 2565 spirat,
842 2495 1080 2551 maxime
1114 2511 1235 2551 cum
1274 2510 1367 2550 sua
1406 2511 1567 2551 causa
1602 2504 1896 2562 tractatur;
1949 2512 2049 2552 nec
2079 2511 2179 2551 nos

598 2585 797 2657 pigebit
821 2586 1027 2653 audire,
1060 2595 1114 2641 et
1139 2588 1183 2642 si
1214 2602 1333 2657 quae
1362 2596 1487 2642 sunt
1514 2588 1733 2654 omissa,
1778 2603 1884 2643 non
1922 2602 2181 2658 arrogan-

598 2683 682 2730 ter
705 2676 961 2742 abnuere,
991 2677 1084 2732 sed
1116 2677 1507 2733 rationabiliter
1529 2679 1800 2735 ordinare.
1834 2676 1974 2735 Deus
1995 2690 2177 2735 custo-

597 2765 709 2822 diat
734 2756 853 2836 vos‘,
882 2768 1218 2826 dilectissimi
1246 2770 1456 2827 fratres.
1493 2771 1621 2825 Data
1654 2772 1827 2827 idibus
1859 2754 2034 2827 Martii
2066 2773 2177 2843 (an.

596 2855 799 2914 Christi
826 2859 976 2930 488),
1018 2860 1281 2931 Dynamio
1309 2870 1364 2916 et
1390 2860 1412 2893 δ
1440 2860 1684 2932 Sipbidio
1712 2862 1848 2948 viris.
1868 2861 2182 2919 clarissimis

600 2953 934 3011 consulibus.

1135 3089 1467 3147 EPISTULA
1507 3088 1645 3146 VIII.

953 3199 1032 3241 so
1069 3199 1366 3239 zsnonsu
1397 3185 1419 3216 ⁸
1456 3196 1829 3238 sriscoruu

1038 3277 1399 3333 Terentianum
1417 3276 1765 3332 commendat.

673 3391 1027 3452 Dilectissimo
1057 3393 1205 3447 fratri
1234 3392 1458 3457 Zenoni,
1490 3391 1639 3446 Felix
1661 3391 1966 3459 episcopus.

674 3484 841 3540 Filius
862 3498 1013 3540 meus
1038 3484 1117 3537 vir
1147 3483 1477 3539 clarissimus
1498 3484 1852 3539 Terentianus
1882 3483 1947 3537 ad
1976 3482 2180 3537 Italiam

598 3576 805 3635 dudum
848 3577 1091 3643 veniens,
1142 3576 1457 3631 dilectionis
1492 3587 1597 3632 tuae
1640 3575 1930 3646 singularis
1980 3575 2182 3630 exstitit

599 3671 941 3742 praedicator,
975 3674 1241 3743 talemque
1269 3682 1320 3729 te
1348 3687 1469 3730 esse
1493 3673 1748 3744 vulgavit,
1781 3674 1870 3744 qui
1892 3674 1963 3727 ita
1983 3673 2181 3728 Christi

598 3764 767 3834 gratia
797 3764 1146 3833 redundares,
1182 3773 1240 3821 ut
1261 3765 1402 3823 inter
1427 3766 1612 3822 mundi
1642 3766 1884 3822 turbines
1913 3766 2182 3839 guberna-

672 3945 691 4006 ε
726 3941 857 3999 Cod.
884 3945 1035 4011 Luc.,
1059 3946 1364 4001 antistitum.
2152 3986 2153 3989 η

673 4016 694 4046 ³
736 4014 879 4097 Idem
907 4016 1174 4100 aut
1198 4019 1253 4100 in
1293 4017 1590 4100 parochiam
1623 4014 1902 4087 presbyter,
1947 4023 2038 4069 aut
2074 4015 2181 4085 epi-

599 4100 785 4158 scopus
814 4096 868 4138 tn
894 4096 1097 4158 civitate
1122 4096 1382 4158 suscipiat.

669 4152 697 4238 ξ
732 4152 877 4238 Idem
905 4152 1430 4238 cod.,__quod.aliqua
1462 4156 1873 4211 dissimulatione
1897 4156 2182 4229 neglectum

599 4222 803 4290 culpam
828 4225 987 4293 tangit
1016 4222 1170 4277 etiam
1196 4222 1516 4281 clericorum.
1962 4222 1981 4229 ⁷

669 4291 693 4394 ξ
722 4292 1571 4394 Baraxﬁfiffaz125929;:-
1598 4295 1729 4352 οοά·
1754 4295 1907 4363 ιυοη
1936 4295 2175 4352 δίηιίάίοο

671 4362 692 4394 ⁵
729 4362 873 4417 Cod.
891 4362 1029 4419 Just.
1057 4364 1204 4419 addit
1235 4367 1559 4435 Spalertsem.
1896 4362 1899 4363 ⁷

671 4432 692 4463 ⁸
730 4432 966 4503 Epistola
994 4434 1239 4504 quaedam
1274 4436 1466 4491 Felicis
1486 4438 1553 4492 ad
1580 4438 1870 4493 Caesarium
1896 4436 2177 4494 Arelaten-

596 4516 710 4576 sem
724 4511 913 4576 _exstat
934 4506 1081 4576 apud
1114 4506 1308 4562 Baron.
1350 4522 1492 4562 anno
1525 4508 1732 4562 Domini
1781 4509 1909 4571 488.
1950 4525 2096 4563 num.
2121 4512 2174 4576 7,

595 4572 899 4648 subAFelice
930 4572 1014 4631 IIl.
1050 4576 1198 4648 Hanc
1224 4593 1254 4632 a
1280 4578 1458 4634 Felice
1483 4579 1550 4633 IV
1583 4579 1839 4648 scriptam
1878 4579 2041 4635 fuisse
2081 4572 2177 4633 Bai

597 4644 784 4719 ronius
805 4645 859 4701 in
885 4646 1178 4719 appendice
1206 4656 1338 4703 tom.
1367 4649 1415 4704 X
1445 4644 1776 4719 recognovit,
1805 4663 1871 4703 eo
1898 4650 2019 4719 ipso
2036 4650 2176 4719 quod

2282 1976 2386 2014 non
2412 1958 2688 2014 minimum
2720 1959 2999 2015 salutantis
3038 1959 3275 2015 valuisse
3315 1959 3668 2031 colloquium.
3726 1961 3872 2019 Deus

2282 2059 2333 2107 te
2355 2052 2674 2107 incolumem
2702 2051 2992 2117 custodiat,
3025 2049 3191 2107 frater
3206 2050 3504 2108 carissime.

3034 2167 3118 2237 (‘l

2605 2276 2921 2334 MONI'I‘UM
2958 2277 3249 2333 PHILIPPI
3286 2276 3537 2333 LABBEI

2676 2409 2728 2446 ΙΝ
2768 2408 3079 2456 SEQUENTE!
3117 2407 3472 2447 BREVICULUII.

2355 2515 2509 2595 anno
2545 2512 2702 2595 1651,
2735 2526 2895 2580 Opera
2916 2519 2989 2595 et
3007 2510 3182 2595 studio
3210 2510 3274 2564 Il.
3298 2510 3357 2565 P.
3382 2505 3873 2595 JacobiSirmondi

2284 2592 2375 2640 τοῦ
2404 2586 2547 2658 ἁγίας
2578 2588 2771 2655 μνήμης
2801 2580 2995 2651 prodiit
3038 2581 3093 2636 in
3135 2580 3310 2655 lucem
3358 2581 3631 2649 appendix
3669 2581 3870 2636 codicis

2285 2655 2640 2710 Theodosiani
2670 2654 2823 2707 novis
2853 2652 3321 2706 constitutionibus
3352 2651 3697 2714 cumulatior,
3745 2666 3869 2706 cum

2284 2728 2523 2794 epistolis
2547 2726 2749 2793 aliquot
2777 2733 3022 2794 veterum
3061 2723 3434 2787 conciliorum,
3476 2737 3611 2792 quas
3650 2733 3791 2777 torno
3822 2720 3871 2777 Il

2285 2793 2459 2866 apag.
2493 2795 2631 2850 1194
2658 2795 2722 2849 ad
2756 2794 2894 2850 1186
2908 2793 3281 2866 exhibuimus,
3310 2808 3520 2866 necnon
3547 2795 3703 2866 trium
3727 2808 3867 2866 pori-

2289 2863 2485 2922 tilicum
2515 2866 2876 2919 Romanorum
2906 2864 3101 2919 Felicis
3130 2863 3198 2918 111
3253 2863 3274 2933 (
3292 2864 3374 2918 cui
3399 2864 3665 2932 praemisit
3690 2863 3872 2919 brevi-

2290 2940 2466 2993 culum
2494 2936 3012 3008 Eutychianistarum
3044 2936 3158 3008 sive
3183 2945 3336 3004 gesta
3361 2935 3432 2991 de
3462 2933 3873 3008 nomineAcacii

2286 3025 2406 3064 cum
2434 3005 2611 3063 edicto
2632 3008 2911 3063 sementim
2953 3005 3191 3074 ejusdem
3223 3008 3417 3073 papze),
3467 3006 3664 3061 Gel‘asii
3705 3014 3867 3070 atque

2289 3080 2485 3150 Vigilii.
2530 3079 2638 3133 Nos
2678 3093 2744 3133 ne
2787 3076 2914 3150 quid
2958 3076 3099 3131 desit
3138 3076 3487 3150 amplissimas
3529 3075 3657 3131 huic
3684 3075 3875 3150 Δςιιιιιεξ·

2288 3146 2450 3204 ctioni
2500 3160 2717 3213 nostrae,
2767 3146 2955 3201 eadem
3004 3148 3181 3201 omnia
3240 3148 3295 3201 in
3347 3146 3588 3216 Luparea
3631 3146 3875 3202 editione

2210 3252 2257 3314 Ο
2289 3221 2669 3304 praetermissa,
2723 3218 2966 3314 felicibt'is
3012 3218 3284 3314 auspiciis,
3327 3218 3437 3273 suis
3473 3232 3699 3287 quasque
3738 3217 3877 3273 locis

2291 3288 2513 3357 inserta,
2543 3307 2640 3361 pro
2664 3303 2813 3344 more
2840 3288 3246 3344 collocabimus.

2324 3426 2344 3456 "
2377 3420 2803 3480 BREVICULUS
2833 3421 2853 3453 '
2883 3420 3057 3477 HIST.
3094 3417 3811 3478 EUTYCHIANISTARUII.

3012 3534 3156 3603 Siue,

2704 3663 2866 3705 GESTA
2906 3663 2972 3702 DE
3013 3662 3210 3702 NOMINB
3251 3662 3442 3702 ACACII.

2363 3779 2418 3819 ιιι
2445 3777 2602 3819 causa
2634 3762 2755 3835 fidei
2778 3762 3116 3827 Christianas,
3148 3760 3233 3816 cui
3263 3760 3331 3815 ab
3368 3758 3590 3815 exordio
3618 3757 3703 3813 sui
3732 3772 3875 3814 nun-

2284 3947 2490 4017 raiione
2511 3957 2613 4017 qua
2649 3942 2856 4017 Avitus,
2898 3943 3204 4017 Pomertus,
3246 3952 3300 3997 et
3338 3943 3643 4017 Honoratus
3682 3942 3876 3998 Massi-

2284 4013 2471 4081 lerisis,
2504 4014 2676 4067 eidem
2710 4016 2859 4082 operi
2891 4013 3258 4069 fraudulenter
3278 4016 3363 4068 vel
3394 4015 3585 4068 saltem
3616 4014 3875 4081 ignoran-

2285 4094 2368 4155 ter
2395 4085 2577 4139 inserti
2610 4084 2773 4155 fuisse
2796 4084 3101 4155 scribuntur
3134 4085 3201 4138 ab
3229 4083 3493 4148 Honorio,
3534 4087 3586 4138 in
3629 4085 3875 4155 catalogo

2284 4154 2351 4209 de
2380 4156 2506 4208 viris
2548 4154 2862 4208 illustribus.
2914 4154 3047 4209 Vide
3097 4155 3447 4210 Possevinum
3499 4156 3556 4209 in
3599 4154 3875 4224 Apparatu

2286 4240 2456 4285 sacro,
2493 4226 2657 4280 verbo
2691 4224 3006 4279 Gennadius.
3048 4226 3174 4281 Sav.
3208 4225 3405 4280 BtNIUS.

2364 4297 2383 4326 ⁷
2428 4295 2755 4349 Narrationis
2776 4295 2933 4364 hujus
2960 4304 3069 4349 tres
3093 4306 3215 4349 sunt
3242 4295 3528 4362 editiones,
3562 4310 3625 4350 ac
3646 4294 3878 4359 singular

2285 4380 2409 4420 suos
2460 4365 2671 4421 codices
2734 4380 2865 4421 mss.
2918 4366 3208 4421 vindicant.
3278 4366 3658 4420 Brevissimam
3720 4365 3877 4420 dedit

2283 4436 2599 4503 Quesnellus
2622 4438 2673 4490 in
2703 4434 2837 4491 Cod.
2876 4450 3142 4490 canonum
3182 4436 3441 4505 Ecclesiae
3490 4435 3770 4497 Romana,
3815 4445 3880 4490 et

2280 4506 2465 4577 incipit
2492 4508 2558 4559 ab
2594 4508 2701 4561 illis
2729 4506 2905 4560 verbis
2943 4507 3154 4577 quidam
3198 4504 3523 4571 Timotheus,
3568 4522 3633 4561 ac
3670 4504 3880 4562 desinit

2281 4575 2403 4632 fere
2420 4592 2539 4631 cum
2569 4578 2675 4631 illis
2700 4595 2713 4631 :
2748 4577 2937 4630 miserit
2956 4575 3207 4631 Ecclesiae
3226 4577 3520 4645 prmidere.
3547 4577 3875 4645 Quanquam

2283 4649 2424 4702 enim
2458 4656 2577 4715 post
2606 4648 2721 4702 hac
2748 4647 2957 4715 longius
2996 4648 3268 4716 aliquanto
3296 4648 3554 4711 excurrit,
3606 4647 3736 4701 nihil
3788 4655 3879 4701 ta-

595 4713 979 4790 A_rausica_nu'm
1013 4732 1050 4790 tt
1073 4718 1283 4784 aliaque
1305 4721 1455 4788 plura
1487 4713 1735 4785 concilia,
1765 4713 1965 4790 quibus
1996 4713 2174 4775 Gaesa-
2202 4728 2257 4788 ι)
2285 4734 2406 4772 men
2432 4713 2743 4790 historicum
2777 4713 2944 4790 addit.
2971 4713 3207 4790 Alteram
3241 4719 3293 4773 in
3318 4718 3421 4790 line
3446 4718 3574 4790 etin
3602 4717 3881 4790 principio

594 4785 708 4840 rius
735 4785 1061 4860 Arelatensis
1078 4785 1327 4860 praesedit
1347 4791 1431 4845 vel
1454 4792 1713 4856 interfuit,
1740 4785 1894 4859 longe
1917 4801 2037 4860 post
2061 4794 2175 4846 haec

599 4862 843 4931 t_cmpo_ra
872 4857 1051 4912 habita
1082 4857 1256 4931 fuisse
1290 4862 1700 4931 recognoverit;
1742 4857 1988 4931 quodque
2029 4862 2171 4916 idem

595 4923 861 4999 Cmagius
884 4943 1081 4999 annum
1106 4930 1312 4984 Domini
1336 4923 1444 4985 5547
1469 4923 1705 4999 attigerit
1728 4923 1946 4998 {queri},
1974 4934 2018 4986 si
2043 4944 2178 4987 tem-

594 5008 729 5064 pore
748 4996 939 5072 Felicis
954 4996 1019 5052 III
1036 5000 1366 5072 grelatensis
1383 4996 1667 5069 episcopus
1680 4996 1887 5063 fuisset,
1912 5004 2178 5072 attingere

595 5068 1003 5139 non_potuisset.
1034 5068 1224 5123 Obstat
1247 5070 1371 5124 huic
1393 5068 1672 5126 sententize
1703 5073 1845 5139 quod
1868 5068 2178 5128 Gennadius

595 5134 665 5212 de
693 5134 1054 5212 Scriptoribus
1076 5140 1457 5212 ecclesiasticis
1487 5158 1607 5210 cap.
1638 5134 1902 5212 86'bujus
1932 5145 2175 5209 (Iaesarii,

594 5210 838 5283 dataeque
859 5209 925 5283 ad
953 5224 1075 5283 eum
1104 5210 1347 5283 epistola:
1391 5212 1583 5283 librum
1615 5214 1731 5282 ejus
1774 5209 1840 5269 de
1869 5215 2037 5283 gratia
2078 5230 2174 5279 ap-

594 5276 1223 5359 p‘roba'ntisineminerit.
1244 5282 1410 5359 Quod
1450 5282 1566 5338 ﬁeri
1588 5276 1713 5359 non
1746 5276 2005 5352 potuisset
2034 5285 2076 5340 si
2108 5276 2175 5359 ad

594 5346 790 5421 Felicis
817 5349 885 5403 IV
908 5357 1149 5418 tempora
1172 5346 1540 5421 episcopatum
1574 5346 1938 5411 Arelatensem
1977 5356 2176 5411 tenuis-

594 5426 695 5494 set.
730 5419 826 5494 _E_a
857 5422 997 5494 enim
1028 5436 1158 5494 qua;
1181 5419 1491 5479 Gennadius
1514 5424 1582 5480 de
1612 5426 1979 5494 Scriptoribus
2002 5427 2175 5481 eccle-

595 5488 825 5545 siasticis
854 5488 1090 5563 scripsit,
1122 5492 1318 5563 Gelasii
1350 5495 1620 5563 pontificis
1650 5488 1895 5551 censurae
1922 5496 2172 5563 subjecit,

596 5567 653 5640 tit
676 5570 886 5640 consist
905 5577 971 5616 ex
1000 5561 1242 5631 ejusdem
1278 5561 1398 5619 libri
1428 5580 1547 5640 cap.
1583 5565 1653 5640 99_
1679 5574 1733 5621 et
1766 5567 1888 5640 110,
1931 5561 2173 5640 adeoque

596 5626 787 5709 Felicis
810 5626 1147 5709 iVﬂessenon
1175 5643 1352 5709 potest
1377 5651 1436 5689 ea
1465 5626 2169 5709 epistola,cujuspracdicto

597 5696 739 5750 libro
767 5700 833 5753 ad
864 5696 1131 5757 Gelasium
1161 5696 1326 5759 misso
1354 5696 1677 5761 mentionem
1700 5696 1851 5763 facit.
1872 5696 2052 5761 Nodus
2071 5709 2171 5763 iste

596 5765 828 5845 difficilis
849 5780 951 5845 est,
975 5771 1077 5827 nisi
1102 5773 1361 5845 dicamus,
1385 5779 1527 5845 quod
1567 5778 1641 5831 ait
1685 5777 1969 5832 Suffridius
1998 5777 2167 5842 Petri,
2194 5775 2201 5779 ’

598 5836 892 5897 Caesarium
912 5838 1260 5899 Gennadiano
1283 5836 1451 5901 codici
1492 5848 1751 5905 insertum
1791 5849 1955 5906 fuisse
1979 5836 2167 5905 eadem

2282 4792 2575 4843 auctiorem
2610 4788 2693 4843 hic
2720 4788 2991 4843 cernimus
3016 4804 3080 4843 ex
3102 4788 3392 4844 Sirmondo
3428 4788 3630 4843 datam.
3685 4786 3877 4840 Tertia

2282 4858 2443 4913 habet
2466 4860 2517 4913 in
2547 4860 2648 4913 ﬁne
2670 4859 3088 4914 additamentum
3121 4874 3279 4929 supra
3326 4859 3639 4929 secundam.
3659 4856 3882 4929 __Porro

2280 4929 2420 4995 quod
2449 4931 2521 4983 ait
2543 4930 2733 4996 Pagius
2763 4938 3038 4984 auctorem
3067 4926 3224 4997 hujus
3244 4929 3492 4997 Opusculi
3519 4944 3585 4985 ex
3613 4926 3885 4982 Liberata

2280 5002 2552 5071 accepisse
2578 5000 2711 5054 falso
2745 5000 3025 5055 revincunt
3053 4999 3338 5071 Ballerini,
3370 5000 3463 5071 qui
3504 5000 3639 5071 hanc
3673 5012 3883 5053 narra-

2283 5070 2481 5126 tionem
2516 5080 2671 5135 prout
2710 5071 2853 5126 edita
2897 5080 2981 5125 est
3022 5085 3050 5123 a
3091 5070 3411 5135 Sirmondo,
3460 5070 3599 5125 nacti
3632 5077 3760 5123 sunt
3815 5072 3877 5123 in
3921 5072 3935 5135 ί

2280 5141 2400 5195 eod.
2428 5140 2592 5196 Vatic.
2619 5140 2835 5211 Regina:
2860 5142 3021 5206 I977,
3050 5156 3208 5211 quem
3240 5141 3491 5197 Liberato
3519 5139 3882 5197 vetustiorem

2282 5225 2401 5265 esse
2438 5211 2688 5279 probant.
2725 5211 2912 5266 Massr.

2357 5283 2377 5311 "
2405 5282 2659 5337 Ediderat
2678 5283 2994 5339 Sirmondus
3019 5297 3137 5338 cum
3161 5282 3456 5351 appendice
3476 5280 3681 5339 codicis
3693 5280 3884 5337 Theo-

2282 5352 2513 5424 dosiani.
2556 5358 2759 5408 Auctor
2801 5353 3012 5408 Valesio
3051 5354 3116 5408 ad
3158 5348 3704 5424 E‘vagriumvidetur
3745 5368 3884 5424 esse
3916 5348 3932 5417 ⁵,

2282 5422 2525 5477 Gelasius
2554 5424 2715 5493 papa;
2748 5424 2841 5479 sed
2866 5424 3243 5479 Tillemontius
3280 5422 3414 5478 tom.
3454 5422 3596 5489 XVI,
3636 5439 3693 5493 p.
3739 5422 3883 5490 659,
3930 5426 3939 5459 ί

2282 5494 2532 5548 observat
2553 5495 2939 5549 accuratiorem
2955 5511 3073 5550 esse
3093 5496 3144 5548 in
3173 5494 3396 5550 historia
3418 5492 3687 5549 narranda
3709 5510 3885 5563 quam

2282 5564 2525 5636 Gelasius
2573 5580 2692 5621 esse
2746 5567 2920 5630 solet;
2969 5576 3022 5620 ct
3070 5565 3262 5636 Pagius
3299 5565 3364 5619 ad
3413 5581 3503 5636 an.
3541 5564 3673 5632 496,
3712 5566 3885 5636 ηυξ,

2278 5635 2435 5691 docet
2482 5638 2711 5703 priorem
2755 5637 2909 5701 huius
2957 5636 3128 5700 libelli
3156 5635 3380 5705 partem
3412 5635 3638 5691 totidem
3691 5635 3886 5691 verbis

2279 5721 2401 5762 esse
2422 5715 2737 5775 excerptam
2762 5723 2792 5763 e
2825 5708 3098 5768 Liberata.
3145 5707 3235 5777 qui
3265 5707 3365 5763 sub
3392 5705 3697 5777 Justiniano
3730 5708 3886 5760 scri-

2278 5778 2402 5847 psit,
2439 5777 2788 5848 posteriorem
2820 5793 2948 5836 vero
2976 5794 3042 5835 ex
3063 5776 3262 5836 Gelasii
3278 5778 3557 5838 collectam
3584 5776 3885 5847 Epistolis.
