4090 6330
296 392 398 450 929

1497 391 1854 456 EPISTULA)
1894 398 1984 456 ET
2025 399 2368 457 DECRETA.

3454 396 3566 465 930

242 543 251 598 l
293 525 451 582 quam
475 505 711 566 defuisse
732 521 1023 582 probantur
1047 512 1280 580 inimici,
1313 522 1496 570 nostro
1524 515 1739 585 quidem
1767 529 1869 572 εξε-
1893 517 1947 576 A
1973 529 2094 572 esse
2120 530 2302 570 veram
2334 514 2512 583 fidem,
2548 515 2685 573 hanc
2719 513 3098 572 orthodoxam.
3136 515 3396 586 Dejicitur
3435 531 3566 574 eon-

243 599 250 608 ’
291 602 432 668 culo,
453 602 547 657 sed
575 602 864 659 intervallo
886 615 1208 675 temporum,
1227 606 1503 662 Nestorius
1526 619 1580 662 et
1598 606 1875 678 Eutyches

291 709 396 750 non
437 710 576 750 nova
625 696 870 767 dogmata
919 713 1030 754 suae
1077 701 1476 769 perversitatis,
1517 700 1612 755 sed
1659 702 1874 755 nomina

291 789 670 858 prodiderunt.
718 790 848 845 Nam
890 791 1172 848 Nestorius
1211 803 1334 848 ante
1391 794 1772 863 quinquaginta
1823 803 1876 848 et

287 893 409 937 oeto
438 883 551 936 fere
580 897 770 949 annos,
801 882 1012 939 Photini
1040 894 1092 940 et
1114 885 1259 939 Pauli
1292 885 1628 940 Samosatcni
1659 893 1872 939 secutus

287 988 557 1040 errorem,
577 973 832 1030 Oasitano
861 984 887 1013 α
918 977 1108 1034 exsilio
1132 982 1326 1033 meruit
1346 979 1596 1049 relegari,
1617 978 1867 1047 dicendo,

287 1066 426 1118 sicut
453 1067 520 1121 ab
543 1066 851 1120 auctoribus
875 1068 984 1121 suis
1015 1069 1218 1132 didicit,
1266 1068 1537 1123 Christum
1585 1069 1867 1122 Dominum

287 1165 531 1212 nostrum
589 1157 858 1212 hominem
898 1160 1263 1214 tantummodo
1309 1160 1376 1214 de
1428 1160 1645 1230 Virgine
1706 1159 1869 1213 Maria

284 1260 407 1302 esse
438 1248 797 1317 progenitum.
827 1249 1028 1304 Contra
1048 1266 1204 1319 quem
1241 1252 1528 1322 Eutychos,
1562 1263 1680 1321 post
1701 1265 1871 1306 annos

283 1353 392 1394 non
423 1340 704 1410 plurimos,
739 1340 1011 1397 aestimans
1039 1344 1657 1411 disputandnm,rectum
1688 1344 1870 1398 trami-

285 1438 396 1486 ttam
429 1439 610 1486 tenere
643 1433 910 1499 nesciens,
945 1433 1196 1501 offendit;
1234 1445 1286 1489 et
1328 1435 1376 1488 in
1424 1435 1746 1504 Apollinaris
1788 1447 1870 1490 est

284 1532 476 1590 raptus
502 1524 785 1590 insaniam,
814 1527 863 1579 in
894 1526 1009 1579 haec
1057 1526 1215 1580 verba
1254 1542 1640 1596 prorumpens,
1679 1528 1869 1597 quibus

283 1625 558 1670 assereret
593 1615 863 1671 Christum
891 1631 1075 1672 verum
1107 1618 1375 1672 hominem
1401 1635 1505 1672 non
1535 1619 1725 1685 fuisse,
1773 1636 1870 1675 nec

279 1708 337 1762 in
367 1723 434 1762 eo
466 1709 598 1763 duas
625 1719 841 1764 naturas
871 1725 991 1765 csse
1039 1711 1334 1764 crcdendas
1356 1752 1370 1775 ,
1405 1711 1497 1765 sed
1544 1727 1700 1764 unam
1755 1721 1871 1767 tan-

279 1799 561 1854 tummodo
592 1799 687 1854 Dei
722 1800 902 1866 Verbi,
933 1811 1301 1856 verumtamen
1326 1803 1677 1857 incarnatam.
1697 1804 1866 1869 Quam

1982 608 2368 663 tradicentibus
2399 607 2611 664 vicariis
2633 611 2887 665 Romanis
2905 609 3212 677 Flavianus,
3246 619 3270 646 ο
3299 618 3351 665 ct
3373 610 3566 680 recipi-

1981 708 2067 754 tur
2098 699 2384 770 Eutyches.
2439 699 2728 756 Damnatur
2770 703 2930 756 etiam
2981 702 3243 758 Eusebius
3282 703 3564 773 episcOpus

1981 803 2265 846 accusator
2294 791 2535 862 ejusdem
2570 795 2885 866 presbyteri,
2921 803 3169 866 tanquam
3192 796 3559 864 Nestorianus,

1977 885 2068 952 qui
2098 894 2244 949 ante,
2273 885 2401 939 dum
2431 885 2605 940 adhuc
2631 894 2775 941 esset
2803 888 2992 953 laicus,
3033 887 3262 944 Nestorii
3287 889 3453 944 fuerat
3473 903 3564 943 ac-

1977 985 2215 1029 cusator.
2250 977 2323 1030 Ita
2351 977 2494 1030 enim
2522 975 2652 1031 nihil
2693 976 2875 1031 volunt
2918 978 3001 1031 isti
3037 977 3453 1048 Eutychianista:
3482 979 3561 1034 in-

1978 1073 2058 1120 ter
2079 1081 2137 1120 se
2160 1081 2280 1121 esse
2307 1077 2466 1136 atque
2492 1065 2820 1134 Nestorium,
2867 1076 2926 1121 ut
2968 1069 3268 1139 quicunque
3297 1070 3435 1138 apud
3465 1082 3559 1123 eos

1975 1156 2378 1226 Eutychianista
2408 1173 2512 1212 non
2540 1158 2726 1225 fuerit,
2757 1157 3104 1214 Nestorianus
3123 1174 3344 1229 prorsus
3365 1159 3561 1215 habea-

1975 1256 2061 1301 tur
2095 1264 2251 1303 :cum
2287 1250 2526 1305 doctrina
2568 1250 2828 1306 catholica
2870 1251 3017 1306 uniat
3059 1254 3191 1307 duas
3229 1261 3446 1308 naturas
3499 1253 3551 1308 in

1973 1340 2204 1410 Christo,
2226 1358 2330 1398 non
2353 1343 2556 1398 dividat
2581 1345 2721 1399 sicut
2750 1344 3025 1402 Nestorius
3048 1344 3196 1401 fecit.
3228 1345 3296 1400 Et
3325 1345 3413 1401 isti
3443 1346 3560 1416 qui-

1973 1431 2095 1488 dem
2124 1436 2461 1505 reperiuntur
2489 1434 2757 1491 deteriora
2784 1437 3009 1506 garrire.
3041 1435 3171 1490 Nam
3213 1434 3560 1490 fidentissime

1977 1523 2162 1578 dicunt
2188 1541 2298 1580 rem
2332 1527 2590 1596 ineptam,
2647 1542 2760 1581 rem
2805 1527 2966 1582 etiam
3017 1526 3227 1583 stolidis
3269 1540 3562 1582 exsecran-

1975 1614 2120 1681 dam,
2149 1627 2274 1672 ante
2298 1618 2614 1685 unitionem,
2644 1617 2696 1672 id
2728 1627 2811 1674 est
2832 1619 3276 1687 incarnationem,
3300 1617 3436 1673 duas
3457 1616 3560 1672 dici

1975 1705 2173 1762 debere
2201 1718 2452 1774 naturas;
2487 1719 2607 1779 post
2634 1725 2764 1765 vero
2806 1726 2965 1765 unam
3016 1709 3110 1766 Dei
3150 1710 3311 1766 Verbi
3357 1718 3559 1765 tantum

1977 1798 2306 1853 incarnatam
2342 1818 2353 1851 :
2390 1809 2447 1855 ut
2473 1800 2516 1854 si
2547 1801 2790 1856 dicamus
2819 1802 3018 1872 aliquid
3042 1809 3333 1867 cereatum,
3354 1809 3446 1855 aut
3476 1803 3558 1870 pi-

279 1894 502 1964 quidem
531 1910 634 1948 non
663 1910 783 1950 esse
813 1895 1047 1950 hominis
1080 1896 1369 1965 perhibuit,
1413 1896 1506 1950 sed
1545 1897 1827 1951 humanam
1848 1937 1862 1960 ,
1901 1894 1949 1954 B
1975 1900 2174 1956 calum,
2211 1900 2303 1945 aut
2333 1901 2634 1961 stagnatum
2660 1892 2789 1964 [lege
2812 1891 3143 1962 stannatum]
3166 1933 3182 1959 ,
3205 1902 3298 1947 aut
3323 1892 3562 1961 quolibet

277 1999 340 2042 ut
361 1987 657 2043 similitudo
685 1989 852 2058 magis
887 1989 1101 2041 humani
1135 1990 1373 2057 corporis
1422 2005 1577 2055 quam
1610 1989 1718 2058 ipsa
1768 2006 1863 2043 ve-

277 2080 414 2134 ritas
436 2079 771 2135 suaderetur.
801 2080 933 2133 Cum
976 2080 1234 2134 catholica
1285 2080 1415 2134 fides
1458 2096 1640 2133 verum
1697 2081 1863 2135 Deum

276 2184 580 2241 verumque
611 2172 882 2227 hominem
913 2171 1184 2228 Christum
1221 2173 1311 2226 Dei
1342 2173 1530 2226 Filium
1555 2189 1674 2227 esse
1703 2175 1867 2228 fatea-

275 2273 392 2330 tur,
421 2280 528 2319 non
562 2265 717 2320 unius
745 2273 974 2334 naturae,
996 2265 1090 2320 sed
1115 2265 1269 2318 unius
1291 2266 1538 2319 essentiae
1561 2275 1718 2339 atque
1747 2282 1869 2335 per-

274 2369 451 2411 sonae.
483 2356 617 2411 Cum
649 2372 776 2426 ergo
819 2356 1113 2427 Eutychem
1160 2356 1348 2420 istum,
1392 2358 1765 2425 presbyterum
1815 2368 1868 2412 et

274 2449 533 2504 abbatem
563 2448 1170 2519 Constantinopolitanae
1198 2451 1450 2514 civitatis,
1484 2452 1746 2505 Eusebius
1762 2451 1867 2505 Do-

275 2541 542 2610 rylitanus
564 2542 846 2611 episcopus
873 2543 1100 2597 suadere
1127 2543 1252 2597 talia
1284 2543 1576 2612 reperisset
1599 2583 1614 2608 ,
1646 2546 1760 2598 zelo
1807 2546 1869 2597 ft-

274 2633 392 2703 dei,
435 2649 592 2703 quam
639 2635 797 2690 etiam
839 2651 958 2690 cum
1001 2651 1163 2706 agens
1197 2638 1247 2690 in
1279 2635 1440 2691 rebus
1461 2646 1606 2691 esset
1632 2638 1870 2693 ostendit

269 2726 424 2795 (ipse
446 2727 587 2781 enim
616 2727 922 2783 Nestorium
953 2743 1163 2798 quoque
1195 2728 1246 2782 in
1287 2737 1530 2798 tempore
1577 2729 1869 2797 reprehen-

274 2818 361 2874 dit
401 2818 455 2872 in
488 2820 712 2876 ecclesia
743 2835 828 2876 res
867 2822 1154 2890 sacrilegas
1191 2822 1644 2890 praedicantem),
1680 2822 1868 2875 detulit

275 2909 351 2964 ad
380 2909 690 2966 Flavianum
719 2911 1055 2980 episcopum,
1087 2920 1140 2966 et
1167 2913 1230 2965 ad
1253 2912 1509 2980 judicium
1539 2914 1865 2979 provocavit.

278 3001 436 3056 Dicta
471 3017 631 3057 causa
667 3012 768 3056 est.
811 3002 944 3055 Cum
980 3012 1158 3070 partes
1190 3016 1314 3055 suas
1364 3002 1634 3072 Eutyches
1664 3002 1869 3056 videret

280 3094 484 3161 urgeri,
515 3109 610 3163 per
629 3093 1020 3164 Chrysaphium
1045 3096 1335 3162 spatarium
1366 3092 1653 3148 Theodosii
1684 3096 1868 3163 praesi-

278 3182 432 3238 dium
455 3184 713 3253 principis
738 3183 1010 3254 expetivit.
1060 3183 1223 3253 Cujus
1262 3194 1529 3254 praecepto
1563 3184 1868 3239 Florentius

1973 1984 2078 2036 alio
2108 1998 2305 2053 genere
2332 1986 2650 2039 coloratum.
2689 1986 2806 2041 Jam
2841 2001 2971 2040 vero
3009 1994 3130 2054 post
3154 1985 3296 2041 diem
3342 1986 3560 2040 tertium

1972 2076 2158 2143 synodi
2192 2093 2292 2145 qua
2332 2077 2572 2146 dejectus
2601 2086 2683 2131 est
2716 2087 2917 2133 sancta:
2939 2077 3213 2132 memoriae
3240 2077 3550 2143 Flavianus,

1973 2165 2223 2234 dcjicitur
2269 2171 2428 2223 etiam
2464 2183 2516 2225 et
2559 2171 2788 2225 domnus
2831 2171 3218 2226 Antiochenus.
3268 2171 3560 2226 Dioscorus

1973 2268 2196 2326 repente
2219 2260 2484 2325 discessit,
2518 2263 2835 2332 solutusque
2871 2273 3168 2317 conventus
3199 2273 3302 2318 est.
3340 2264 3561 2318 Ducitur

1972 2350 2026 2403 in
2055 2352 2300 2405 exsilium
2334 2351 2351 2390 ί
2388 2353 2671 2408 Flavianus
2696 2355 2835 2423 apud
2867 2355 3091 2424 Epipam
3117 2395 3132 2421 ,
3173 2371 3292 2424 quas
3319 2367 3402 2412 est
3429 2357 3560 2412 civi-

1975 2451 2056 2495 tas
2085 2443 2283 2512 Lydiae,
2318 2460 2413 2499 seu
2435 2448 2874 2516 superveniente,
2904 2463 2998 2502 seu
3024 2449 3226 2517 ingesta
3258 2456 3430 2504 morte
3468 2451 3560 2505 de-

1975 2531 2188 2587 functus
2222 2545 2245 2581 κ
2279 2546 2380 2590 est.
2413 2536 2562 2591 Tunc
2594 2538 2847 2606 temporis
2875 2539 3154 2593 Anatolius
3196 2539 3409 2609 quidam
3440 2555 3561 2609 pre-

1973 2624 2158 2695 sbyter
2178 2627 2575 2683 Alexandrinus
2619 2629 2758 2698 apud
2811 2629 3334 2701 Constantinopolim
3383 2647 3560 2686 mora-

1974 2717 2150 2774 batur.
2180 2720 2304 2774 llaec
2334 2722 2474 2775 enim
2504 2724 2834 2776 consuetudo
2877 2724 3148 2791 praedictis
3175 2733 3258 2778 est
3285 2733 3342 2777 ut
3367 2724 3433 2778 ad
3463 2740 3559 2778 co.

1976 2811 2218 2866 mitatum
2254 2814 2457 2866 vicibus
2487 2815 2664 2868 clerici
2693 2814 3008 2882 dirigantur,
3035 2831 3101 2868 nc
3122 2815 3248 2884 quid
3283 2816 3416 2869 forte
3437 2830 3559 2870 cau-

1973 2917 2048 2956 sa:
2076 2907 2158 2958 vel
2189 2906 2525 2959 necessitatis
2569 2916 2823 2975 emergat.
2857 2905 2942 2958 Fit
2984 2921 3128 2975 ergo,
3154 2906 3254 2962 iste
3280 2906 3559 2963 Anatolius

1975 2996 2446 3068 ConstantinOpoli
2478 3001 2782 3068 episc0pus,
2822 3000 2982 3054 homo
3020 3000 3247 3070 partium
3295 3000 3559 3057 Dioscori.

1976 3089 2238 3158 Exemplo
2256 3106 2396 3145 anno
2419 3092 2643 3145 moritur
2664 3090 2994 3145 Theodosius
3012 3088 3036 3126 ¹¹
3052 3092 3363 3161 imperator,
3385 3089 3559 3162 Chry-

1972 3181 2189 3250 saphius
2221 3183 2436 3250 punitur
2472 3181 2512 3247 ί,
2548 3182 2842 3237 Marcianus
2875 3182 3045 3236 factus
3088 3191 3170 3236 est
3212 3183 3460 3251 princeps
3494 3181 3540 3234 i.

283 3276 367 3331 vir
397 3276 642 3343 illustris,
669 3278 981 3346 exconsule,
1018 3277 1340 3334 discussioni
1385 3277 1642 3348 Eutychis
1678 3279 1868 3334 abesse
1895 3269 1943 3332 C
1978 3271 2179 3326 Lat-sam
2209 3272 2368 3327 ﬁdem
2410 3282 2644 3342 graviter
2682 3272 2861 3326 ferens
2897 3272 3080 3326 indicit
3125 3271 3389 3342 synodum
3410 3272 3560 3343 apud

279 3385 389 3425 non
417 3371 607 3440 potuit,
631 3380 682 3426 et
718 3371 828 3439 jam
867 3371 920 3426 in
969 3371 1258 3439 praesentia
1309 3370 1476 3438 ipsius
1534 3371 1869 3426 convincitur

279 3459 557 3529 Eutyches
585 3470 744 3528 atque
773 3462 1076 3516 damnatur.
1120 3461 1420 3516 Offenditnr
1452 3463 1767 3532 imperator,
1816 3472 1871 3518 et

282 3548 338 3604 in
386 3548 657 3618 Ephesina
689 3550 907 3605 civitate
953 3551 1173 3605 mandat
1224 3551 1487 3622 synodum
1537 3555 1868 3622 congregari.

288 3642 502 3696 Adsunt
529 3642 642 3698 fere
665 3657 828 3697 cccu
861 3640 1006 3714 [cn]
1049 3644 1312 3713 episcopi,
1374 3644 1699 3714 principibus
1750 3645 1872 3698 Dio-

282 3747 442 3790 scoro
467 3735 833 3792 Alexandrino
859 3737 1134 3807 episcopo,
1159 3736 1402 3791 Juvenali
1426 3737 1869 3809 Hierosolymita-

281 3842 379 3893 no,
410 3827 689 3882 Thalassio
713 3827 1057 3893 Caesariensi,
1092 3828 1370 3883 Eustathio
1403 3829 1680 3900 Berytensi
1707 3873 1720 3896 ,
1766 3830 1872 3884 Eu-

279 3918 435 3974 sebio
456 3919 805 3989 Aneyritano,
836 3920 1032 3975 Basilio
1063 3919 1683 3976 IsauriaeJnte'rfuerunt
1712 3919 1870 3976 etiam

279 4012 465 4068 vicarii
492 4013 559 4067 ab
589 4014 884 4084 apostolica
906 4013 1033 4069 sede
1062 4013 1275 4078 directi,
1324 4014 1498 4069 Julius
1544 4013 1873 4070 Puteolanus

279 4105 600 4176 episcopus,
662 4107 872 4162 Hilarus
929 4106 1370 4173 archidiaconus,
1422 4107 1545 4177 quia
1594 4109 1872 4177 presbyter

279 4195 313 4237 δ
347 4197 578 4252 Renatus
600 4200 652 4251 in
686 4183 815 4254 Delo
846 4200 1013 4253 insula
1041 4207 1213 4253 morte
1240 4211 1544 4268 praeventus
1565 4210 1666 4254 est.
1691 4201 1873 4254 Adfuit

279 4291 445 4346 etiam
480 4291 736 4346 Dulcitius
763 4293 1023 4347 notarius.
1053 4293 1110 4346 ln
1141 4308 1246 4362 quo
1276 4303 1544 4348 conventu
1563 4303 1583 4330 ο
1616 4293 1868 4364 repudia-

280 4395 340 4440 ta
362 4394 443 4440 est
463 4385 687 4454 epistola
719 4400 871 4455 papa:
902 4385 1095 4464 Leonis
1149 4385 1446 4456 dogmatica
1496 4385 1561 4439 ad
1607 4387 1870 4456 synodum

278 4477 709 4548 Flavianumque
727 4478 952 4543 directa,
987 4487 1042 4533 et
1067 4479 1278 4547 penitus
1304 4471 1410 4536 non
1439 4479 1765 4548 permittitur
1787 4496 1871 4535 re-

279 4572 517 4627 censeri.
539 4571 673 4626 Tota
699 4571 808 4635 die,
843 4571 894 4626 id
925 4580 1005 4627 est
1031 4588 1081 4626 vr
1115 4573 1233 4626 idus
1264 4572 1509 4641 Augusti,
1558 4573 1685 4626 nihil
1727 4573 1869 4627 aliud

1977 3363 2231 3427 Nicaeam,
2267 3362 2319 3416 in
2363 3377 2467 3432 qua
2497 3372 2553 3417 et
2579 3361 2693 3432 ipse
2728 3371 2784 3418 et
2822 3361 3100 3417 Pulcheria
3144 3361 3167 3398 ιι
3217 3363 3450 3428 resedit,
3503 3372 3559 3417 et

1976 3452 2153 3507 omnis
2182 3468 2304 3506 cum
2329 3468 2394 3508 eo
2424 3463 2643 3508 senatus
2669 3462 2720 3508 et
2752 3462 3064 3522 potestates.
3099 3454 3266 3521 Quam
3296 3454 3557 3525 synodum

1978 3553 2162 3612 postea
2189 3544 2462 3597 transtulit
2482 3543 2817 3598 Chalcedona
2841 3553 3060 3614 propter
3090 3545 3269 3614 palatii
3303 3544 3561 3599 vicinita-

1980 3644 2115 3691 tem.
2140 3636 2768 3705 Conveniuntquingenti
2801 3637 2945 3708 [630]
2965 3647 3020 3691 et
3048 3637 3186 3691 ultra
3212 3638 3448 3706 episcopi
3481 3646 3559 3692 to-

1979 3728 2081 3781 lius
2111 3725 2345 3781 Orientis
2373 3738 2427 3782 et
2449 3727 2699 3797 Egypti;
2732 3727 3020 3782 Dioscorus
3049 3727 3329 3783 exhibetur
3360 3728 3557 3784 utfacti

1978 3819 2059 3872 sui
2088 3834 2247 3874 causa
2276 3819 2330 3873 in
2355 3819 2586 3874 concilio
2615 3820 2787 3889 Possit
2813 3834 3073 3874 asserere.
3110 3818 3353 3875 Interfuit
3390 3821 3552 3875 etiam

1981 3913 2271 3981 imperator
2313 3913 2427 3981 ipse
2469 3913 2788 3977 conventui;
2829 3911 3070 3967 interfuit
3119 3923 3173 3967 et
3223 3924 3476 3982 senatus,
3508 3921 3561 3970 et

1979 4018 2169 4059 omnes
2194 4004 2425 4073 judices,
2454 4015 2507 4060 et
2529 4019 2715 4060 omnes
2737 4005 2923 4060 aulicae
2954 4014 3266 4075 potestates.
3299 4005 3560 4062 Eusebius

1980 4097 2068 4151 ille
2095 4097 2435 4168 Dorylitanus
2459 4097 2742 4167 episcopus
2767 4098 2861 4168 qui
2887 4107 3011 4153 ante
3044 4113 3244 4153 annum
3274 4097 3342 4153 de
3371 4098 3560 4153 exsilio

1977 4187 2183 4258 fugiens
2212 4190 2437 4244 Romam
2466 4199 2708 4254 venerat,
2750 4191 2914 4244 etiam
2941 4199 2996 4245 et
3018 4190 3442 4246 Chalcedonensi
3463 4206 3557 4261 sy-

1977 4281 2120 4335 nodo
2151 4282 2408 4337 interesse
2431 4282 2756 4350 properavit.
2789 4284 3022 4337 Accusat
3053 4282 3166 4351 ipse
3199 4283 3512 4337 Dioscorum
3537 4323 3552 4348 ,

1976 4382 2030 4427 et
2059 4373 2148 4426 alii
2177 4372 2544 4429 Alexandrini.
2579 4372 2716 4439 Quid
2746 4374 2953 4428 multa?
3005 4373 3295 4429 Damnatur
3338 4375 3557 4430 Diosco—

1977 4480 2088 4531 rus,
2120 4477 2319 4521 sanctae
2345 4466 2619 4520 memoriae
2646 4466 2882 4519 Flaviani
2912 4463 2928 4502 ι
2951 4481 3147 4534 corpus
3170 4467 3558 4522 officiosissime

1977 4558 2502 4626 Constantinopolim
2529 4567 2853 4624 reportatur,
2869 4556 3007 4625 apud
3030 4557 3408 4611 Alexandriam
3429 4556 3557 4610 Pro-

280 4663 392 4720 ηίεί
421 4665 686 4734 quondam
714 4663 942 4724 Νεειοι-ίί
972 4665 1244 4731 damnati,
1278 4666 1326 4719 id
1358 4675 1438 4720 es;
1465 4667 1658 4734 prioris
1686 4667 1864 4734 Ephe-
1895 4648 1951 4708 D
1977 4651 2140 4704 terius
2188 4648 2480 4702 catholicus
2530 4648 2587 4698 lit
2638 4645 2909 4699 sacerdos.
2965 4645 3191 4710 Quidam
3243 4645 3557 4701 Timotheus

280 4757 421 4812 sine:
450 4757 638 4828 synodi
665 4767 810 4826 geSta
833 4757 1161 4827 releguntur.
1187 4756 1357 4811 Simul
1382 4756 1540 4810 etiam
1563 4757 1864 4824 discutitur,

281 4848 444 4903 lectis
471 4848 719 4903 omnibus
742 4847 968 4914 chartis,
997 4847 1254 4918 judicium
1293 4847 1360 4902 de
1400 4847 1640 4916 Eutyche
1673 4857 1871 4902 sanctae

282 4939 564 4994 memoria:
592 4937 847 4994 Flaviani.
879 4938 1084 4994 Interea
1113 4954 1232 4993 cum
1267 4937 1526 5008 Eutychis
1557 4935 1583 4974 ἀ
1617 4939 1866 5008 ωδεριιθι

282 5029 413 5088 mia:
440 5030 827 5102 relegerentur,
856 5030 924 5087 ab
950 5030 1197 5086 omnibus
1226 5029 1575 5084 acclamatum
1603 5039 1686 5086 est
1733 5029 1871 5087 hanc

364 5235 602 5292 'Petrus
629 5235 682 5292 in
721 5235 974 5292 Oasitana
1031 5233 1318 5292 solitudine
1370 5233 1684 5304 deportatus
1727 5249 1869 5291 anno

285 5308 495 5434 ιδεᾏά
526 5394 650 5435 eum
674 5378 853 5448 itaque
879 5391 984 5448 non
1013 5376 1158 5432 dedit
1190 5377 1468 5447 epistolam
1495 5374 1867 5433 Theodoretus

271 5459 414 5521 -post
434 5451 694 5520 synodum
715 5447 818 5521 sed
840 5449 906 5501 ad
930 5447 1187 5521 Hilarum.

367 5533 389 5560 ε
421 5516 675 5586 suscepta
697 5519 911 5589 quidem
943 5534 971 5573 a
1004 5518 1278 5582 Dioscoro,
1311 5516 1403 5572 sed
1427 5532 1530 5572 non
1561 5518 1717 5573 lecta.

361 5591 388 5628 ά
423 5592 653 5652 Subdola
681 5590 824 5646 enim
854 5590 1081 5659 fuitejus
1114 5589 1374 5660 professio
1396 5599 1449 5644 et
1474 5590 1722 5644 haeresim
1753 5599 1838 5643 ta-

292 5664 463 5720 cendo
483 5665 712 5731 tegebat.

367 5745 388 5773 ε
422 5736 576 5789 Anno
605 5733 729 5801 M9,
755 5733 839 5788 die
859 5733 895 5786 2
922 5734 1167 5802 Augusti.

369 5805 386 5844 ί
420 5805 550 5858 Vide
568 5805 765 5858 Chron.
798 5803 1086 5863 Marcellini
1118 5802 1350 5862 comitis.

365 5885 389 5928 ι
416 5877 482 5937 l8
509 5875 669 5944 Febr,
698 5875 828 5937 tto.
886 5952 891 5957 ι

787 6067 816 6086 σ

1979 4753 2015 4778 ηι
2039 4742 2125 4796 cui
2156 4755 2452 4809 cognomen
2483 4747 2597 4791 erat
2631 4736 2882 4799 Elurus,
2925 4737 3232 4806 presbyter;
3274 4745 3330 4791 et
3366 4737 3556 4793 Petrus

1977 4843 2002 4869 ιι
2034 4834 2311 4894 diaconus,
2344 4829 2431 4897 qui
2471 4828 2836 4897 episcOpatum
2879 4841 3019 4880 nunc
3056 4826 3431 4882 Alexandrinae
3460 4843 3554 4882 occ

1976 4925 2189 4997 cupavit
2213 4920 2491 4987 Ecclesiae,
2523 4920 2757 4976 Dioscori
2792 4928 3104 4988 sectatores,
3129 4935 3188 4975 se
3227 4921 3294 4976 ab
3320 4919 3553 4975 Ecclesia

1977 5017 2338 5078 Alexandrina
2363 5023 2699 5083 separarunt.
2723 5011 2868 5079 Quos
2895 5026 3015 5067 cum
3045 5011 3319 5069 Proterius
3347 5013 3554 5084 episco-

2048 5226 2075 5266 δ
2098 5229 2220 5284 Julii
2241 5227 2312 5282 28
2340 5239 2429 5280 an.
2452 5223 2580 5280 450.

2057 5300 2070 5336 ί
2103 5301 2182 5354 Ad
2217 5309 2420 5367 pnrtam
2448 5292 2841 5367 Melanthiadis.

2051 5371 2063 5420 i
2100 5371 2192 5424 Die
2218 5360 2289 5424 ‘24
2319 5369 2559 5436 Augusti,
2585 5374 2709 5420 ante
2740 5365 2805 5418 M
2843 5360 2983 5417 diem
3031 5361 3271 5432 ejusdem
3321 5360 3542 5417 mensis.

2047 5441 2068 5477 ¹ί
2097 5441 2310 5495 Falsum
2343 5449 2398 5492 ut
2419 5455 2481 5491 ex
2511 5440 2643 5492 actis
2670 5437 2857 5505 liquet.

2049 5511 2067 5551 ι
2097 5515 2333 5582 Augusto
2360 5524 2543 5562 mense
2571 5509 2696 5562 anni
2718 5503 2979 5584 £50,ant_e
3008 5503 3402 5584 damnationem
3428 5503 3550 5584 Dio-

1976 5585 2134 5648 scori,
2165 5575 2282 5652 quae
2317 5589 2516 5636 tantum
2542 5593 2683 5634 anno
2713 5575 2959 5645 sequenti
2991 5590 3111 5632 cum
3143 5575 3371 5632 Proterii
3397 5575 3546 5630 ordi-

1977 5656 2211 5712 naﬁonc.

2045 5727 2083 5747 "
2115 5726 2236 5778 llaec
2259 5724 2558 5786 Liberatus,
2585 5738 2706 5792 cap.
2741 5722 2832 5778 l5.

2048 5807 2074 5835 ιι
2107 5798 2323 5867 Mongus
2348 5810 2440 5850 seu
2471 5795 2709 5866 Moggus,
2741 5796 2792 5851 id
2821 5803 2904 5851 est
2929 5793 3144 5855 blaesus.
