4090 6330
485 216 585 276 951

1832 210 2089 277 EELICIS
2128 210 2333 268 PAPIE
2373 211 2436 266 ΙΙΙ

3653 200 3767 267 932

484 345 585 405 pus
614 333 726 388 suis
756 330 971 386 monitis
998 328 1065 385 ad
1096 328 1392 383 ministeria
1407 340 1502 383 sua
1528 339 1781 384 revocare
1805 342 1910 382 non
1936 343 2059 399 pos-
2088 328 2142 393 Α
2165 344 2260 386 seu
2282 324 2560 383 saecularis
2580 327 2700 383 vitae
2726 324 2996 389 homines,
3020 322 3088 379 ad
3109 322 3543 379 communionem
3568 325 3762 381 catho-

483 436 586 492 set,
620 434 905 494 utrumque
932 422 1221 479 damnavit.
1254 420 1460 479 Mortuo
1486 420 1731 491 principe
1762 420 2063 490 Marciano,

484 528 512 559 ι
533 516 774 576 collectis
804 514 972 577 turbis
996 514 1369 573 haereticorum
1391 551 1407 580 ,
1448 511 1761 569 Timotheus
1791 523 1846 570 et
1872 513 2067 570 Petrus

483 612 703 669 veniunt
732 608 1134 674 Alexandriam,
1158 618 1212 664 et
1235 608 1508 665 ordinatur
1537 608 1607 675 ab
1624 608 1891 665 hmreticis
1919 607 1946 647 δ
1981 608 2070 664 Ti-

481 707 731 764 motheus
777 706 1085 776 episcOpus.
1140 704 1254 760 Duo
1309 704 1468 775 igitur
1517 701 1659 771 apud
1685 701 2067 758 Alexandriam

481 788 721 871 episcopi
748 812 867 854 esse
886 805 1183 867 cmperunt.
1216 796 1355 851 Ante
1386 794 1619 850 triduum
1668 793 1909 862 Pascbae,
1958 808 2066 863 quo

482 900 637 946 eterna
668 887 878 945 Domini
908 888 1234 952 celebratur,
1263 886 1489 941 collecta
1518 884 1858 941 multitudine
1884 884 2068 955 perdi-

485 992 661 1039 torum
686 991 980 1050 occupatur
1008 978 1254 1045 ecclesia,
1275 978 1342 1034 ad
1364 994 1523 1049 quam
1548 992 1605 1033 se
1634 986 1830 1033 sancta:
1862 992 2067 1033 memo-

482 1076 576 1132 riae
606 1075 881 1132 Proterius
899 1073 968 1131 de
998 1087 1149 1131 more
1179 1071 1497 1129 contulerat.
1529 1071 1607 1127 lbi
1638 1070 1952 1140 supradicto
1981 1069 2069 1127 die

487 1179 510 1207 ο
543 1169 597 1225 in
618 1168 937 1239 baptisterio
967 1167 1249 1232 occiditur,
1285 1165 1533 1232 laniatur,
1564 1165 1804 1234 ejicitur,
1825 1174 1876 1221 et
1910 1164 2068 1220 funus

484 1260 598 1340 ejus
629 1260 956 1324 incenditur,
986 1259 1301 1327 cineresque
1329 1257 1499 1326 ipsius
1524 1265 1847 1326 sparguntur
1872 1257 1924 1310 in
1941 1270 2067 1312 ven-

482 1363 591 1411 tos.
641 1354 751 1411 Leo
778 1352 942 1408 sumit
972 1349 999 1390 ά
1032 1351 1337 1423 imperium,
1368 1349 1434 1405 ad
1463 1364 1620 1419 quem
1653 1348 1785 1405 tanti
1817 1348 2067 1405 facinoris

483 1445 868 1502 catholicorum
892 1444 1110 1515 querela
1145 1441 1403 1512 pervenit.
1441 1439 1638 1497 Contra
1668 1455 1805 1512 quos
1833 1439 2070 1497 haeretici

484 1537 885 1608 supplicarunt,
945 1544 1187 1605 petentes
1234 1542 1292 1589 ut
1331 1532 1785 1589 Chalcedonensis
1838 1530 2070 1603 synodus

483 1631 823 1696 aboleretur;
857 1630 935 1685 illi
965 1637 1142 1685 autem
1162 1627 1451 1684 vindictam
1468 1628 1602 1683 tanti
1623 1627 1847 1683 sceleris
1870 1632 2072 1696 specta-

2169 421 2257 478 liei
2283 422 2517 492 episcopi
2547 420 2814 476 Timothei
2842 416 3044 475 nollent
3074 420 3289 489 penitus
3315 417 3610 475 convenire
3630 462 3647 488 ,
3675 418 3760 475 di-

2170 512 2340 571 versis
2370 514 2539 568 sacris
2566 511 2758 568 terruit
2790 512 3071 567 universos
3096 508 3552 565 clementissimus
3586 509 3762 579 impe-

2124 642 2131 645 τ
2169 614 2335 661 rator.
2367 604 2672 675 Scripsitad
2697 617 2887 675 papam
2920 602 3252 673 Simplicium
3296 602 3618 659 Timotheus
3643 601 3761 671 (di-

2169 710 2298 752 cens
2321 696 2540 751 Petrum
2570 696 2699 751 olim
2733 696 2785 750 in
2816 695 3064 750 diaconio
3089 710 3210 751 esse
3240 694 3586 759 damnatum,
3617 708 3759 751 nunc

2169 790 2329 845 etiam
2359 788 2660 845 Christiana
2700 788 2960 844 societate
2997 798 3264 846 semotum
3300 805 3313 842 :
3359 788 3626 863 mandans
3664 803 3762 859 per

2171 881 2387 937 Esaiam
2420 882 2730 952 episcopum
2764 877 2835 950 ι),
2860 894 3061 951 rogans
3094 892 3151 934 ut
3172 880 3503 937 scriberetur
3531 882 3763 949 impera-

2173 975 2270 1029 tori
2295 973 2362 1029 de
2384 974 2563 1043 Petro,
2594 975 2681 1044 qui
2707 973 2904 1029 latebat
2934 974 2988 1027 in
3020 974 3386 1029 Alexandrina
3429 974 3648 1030 civitate
3667 1014 3683 1041 ,
3708 984 3761 1030 et

2170 1063 2522 1121 insidiabatur
2543 1064 2821 1134 Ecclesiae,
2846 1075 2919 1130 ut,
2958 1065 3416 1137 ad'longinquum
3445 1066 3763 1136 deportare-

2173 1144 2259 1215 tur
2281 1160 2546 1216 exsilium.
2579 1160 2684 1217 Per
2711 1159 2881 1215 ferme
2910 1161 3195 1216 triennium
3244 1173 3446 1219 sancta:
3480 1165 3761 1219 memoria:

2173 1270 2307 1325 papa
2356 1256 2667 1326 Simplicius
2698 1272 2804 1311 non
2845 1255 3002 1311 desiit
3054 1256 3340 1313 scribendo
3378 1258 3445 1313 ad
3499 1257 3759 1315 Acacium

2172 1350 2509 1419 episcopum,
2542 1358 2598 1405 ut
2626 1360 2953 1420 ageretcuin
2978 1350 3305 1419 imperatore
3329 1391 3343 1417 ,
3394 1360 3448 1407 et
3492 1350 3652 1408 fieret
3692 1351 3762 1409 de

2175 1442 2333 1499 Petro
2354 1442 2493 1515 quod
2517 1441 2830 1498 Timotheus
2843 1443 3128 1513 episcopus
3140 1443 3467 1512 postulabat.
3486 1445 3761 1514 Scriptum

2174 1544 2256 1590 est
2285 1536 2445 1590 etiam
2493 1535 2742 1604 principi,
2788 1535 2884 1591 sed
2937 1551 3208 1606 nunquam
3261 1536 3387 1593 inde
3440 1539 3762 1608 rescriptum

2176 1636 2275 1682 est.
2309 1627 2435 1682 Post
2459 1626 2932 1692 omnia,Joannem
2958 1635 2999 1663 ω
3021 1628 3395 1698 presbyterum
3416 1644 3763 1685 oeconomum

482 1722 1008 1779 bant.Considerans
1033 1723 1326 1792 imperator
1354 1722 1513 1777 nimis
1535 1736 1656 1777 esse
1684 1735 1845 1790 grave
1885 1718 2067 1775 vexari
2097 1714 2146 1776 Β
2174 1732 2330 1774 suum
2353 1719 2671 1775 Timotheus
2709 1719 2777 1774 ad
2832 1720 3129 1789 principem
3159 1722 3343 1788 misit,
3390 1737 3591 1793 rogans
3630 1734 3690 1777 ut
3718 1724 3764 1778 si

482 1826 658 1872 tantos
681 1817 873 1872 iterum
902 1815 1233 1884 sacerdotes,
1262 1831 1489 1887 quorum
1514 1815 1778 1886 plurimos
1801 1824 1893 1868 aut
1914 1822 2064 1877 tetas,

481 1921 573 1968 aut
600 1911 919 1981 inlirmitas,
961 1921 1054 1969 aut
1106 1912 1269 1969 etiam
1311 1920 1598 1983 paupertas
1652 1911 1793 1965 hunc
1832 1910 2070 1965 laborem

481 2009 664 2064 subire
701 2006 1040 2077 prohibebat,
1097 2006 1281 2077 dirigit
1336 2005 1713 2083 magistriauos
1764 2019 1861 2075 per
1904 2011 2071 2057 totum

483 2099 751 2156 Orientem
787 2086 1014 2169 :‘dirigit
1046 2099 1206 2154 etiam
1264 2098 1545 2154 Anatolius
1592 2099 1875 2168 episcopus
1924 2095 2069 2151 Con-

484 2192 996 2263 Stantinopolitanus
1024 2190 1397 2260 Aselepiadem
1437 2190 1720 2245 diaconum
1749 2203 1928 2245 suum.
1970 2187 2075 2241 Per

485 2296 620 2352 quos
647 2290 703 2337 et
728 2296 918 2337 omnes
950 2281 1024 2336 illi
1061 2282 1300 2350 episcopi
1340 2281 1432 2349 qui
1477 2278 1813 2335 Chalcedona
1860 2278 2077 2333 fuerant

486 2376 815 2444 congregati,
833 2371 959 2443 quid
972 2372 1312 2427 Alexandria:
1324 2370 1524 2427 factum
1543 2371 1729 2427 fuisset
1749 2378 2071 2440 agnoscunt;

490 2467 913 2538 interrogatique
934 2482 1055 2522 cum
1087 2468 1200 2522 suis
1236 2468 1652 2537 provincialibus
1687 2467 1953 2538 episcopis
1999 2480 2076 2522 re-

490 2558 1264 2626 scribunt,Chalcedonensem
1292 2559 1557 2630 synodum
1582 2574 1751 2630 usque
1770 2559 1834 2614 ad
1862 2558 2074 2629 sangui-

486 2665 609 2706 nem
631 2666 753 2707 esse
781 2650 1194 2719 defendendam,
1228 2652 1351 2723 quia
1380 2667 1489 2708 non
1509 2654 1731 2731 alteram
1765 2654 1925 2709 fidetn
1964 2662 2075 2707 sta-

486 2743 584 2797 tuit
610 2758 769 2812 quam
797 2745 1036 2815 synodus
1066 2745 1301 2801 Nicaena.
1352 2745 1694 2802 Timotheum
1744 2761 1849 2801 non
1899 2746 2074 2801 solum

485 2837 795 2907 episcopum
827 2854 936 2893 non
954 2838 1171 2905 haberi,
1200 2840 1293 2894 sed
1325 2840 1487 2895 etiam
1518 2839 1812 2895 Christiani
1836 2840 2075 2909 appella.

486 2928 630 2985 tione
660 2928 876 2997 privari.
926 2940 947 2981 ei
991 2930 1108 2998 Quo
1151 2930 1415 2999 deposito,
1470 2931 1526 2985 fit
1577 2932 1712 2986 alter
1762 2930 2074 2985 Timotheus

488 3016 513 3059 ί
545 3019 845 3075 catholicus
894 3022 1577 3090 episerpus'Alexandrim.
1627 3024 1731 3087 Vix
1763 3023 2073 3077 Timotheus

2171 1810 2297 1880 quid
2328 1810 2637 1866 humanitus
2665 1811 2766 1866 sibi
2793 1811 2932 1867 forte
2960 1811 3319 1881 contingeret,
3345 1812 3566 1883 juberet
3592 1813 3763 1882 pietas

2172 1902 2291 1972 ejus
2315 1902 2640 1959 catholicum
2664 1919 2693 1957 a
2723 1902 3002 1959 catholicis
3031 1902 3387 1959 ordinari.Ad
3412 1904 3569 1974 cujus
3596 1906 3762 1974 petita

2173 2011 2491 2066 responsum
2524 2006 2627 2063 est,
2655 2006 2709 2053 et
2738 2007 2843 2053 tam
2872 1997 2972 2067 ipsi
3000 2013 3160 2068 quam
3185 1997 3401 2054 clericis
3444 1999 3705 2068 scriptum
3743 2016 3756 2051 :

2174 2098 2334 2158 atque
2387 2089 2439 2144 in
2486 2089 2675 2145 iisdem
2724 2092 2891 2146 sacris
2937 2092 3172 2148 Joannes
3222 2106 3537 2148 teconomus
3582 2092 3763 2147 multis

2176 2180 2424 2235 laudibus
2457 2181 2800 2249 praedicatur,
2835 2193 2891 2238 ut
2913 2183 3022 2252 jam
3063 2199 3201 2253 pene
3232 2183 3483 2241 omnibus
3520 2183 3764 2240 Alexan—

2176 2275 2363 2332 drinus
2400 2276 2720 2345 episcOpalis
2759 2284 3040 2347 putaretur
3084 2277 3247 2351 officii
3284 2277 3625 2334 candidatus.
3670 2278 3764 2333 De-

2177 2367 2360 2423 functo
2385 2366 2490 2424 isto
2516 2368 2798 2425 Timotheo
2828 2370 3084 2439 episcopo
3112 2380 3138 2407 ιι
3168 2370 3407 2427 Joannes
3444 2385 3763 2427 meonomus

2175 2460 2471 2518 catholicus
2493 2476 2523 2516 a
2553 2462 2833 2518 catholicis
2860 2464 3138 2519 ordinatur
3167 2464 3475 2534 episcopus.
3506 2464 3611 2532 Qui
3644 2479 3762 2519 cum

2177 2551 2244 2608 de
2272 2553 2657 2610 consuetudine
2680 2556 2941 2623 majorum
2971 2555 3039 2611 ad
3069 2557 3418 2626 apostolicam
3450 2556 3637 2612 sedem
3675 2572 3762 2627 sy-

2186 2645 2374 2702 nodica
2407 2646 2528 2717 (per
2550 2646 2812 2703 lsidorum
2843 2648 3213 2719 presbyterum
3258 2659 3305 2704 et
3335 2649 3558 2704 Petrum
3598 2649 3758 2703 diaco-

2182 2739 2333 2809 num)
2356 2742 2555 2810 scripta
2593 2741 2848 2807 misisset,
2881 2743 3299 2812 snperveniente
3330 2742 3534 2798 Uranie
3574 2742 3757 2798 sulnd-

2174 2832 2319 2900 juva,
2346 2842 2394 2886 et
2422 2841 2611 2887 contra
2633 2818 2893 2889 Joannem
2921 2834 3031 2903 jam
3055 2838 3367 2904 episcopum
3418 2850 3581 2890 sacra
3624 2837 3761 2902 priu-

2178 2921 2314 2990 cipis
2340 2921 2637 2990 deferente,
2669 2924 2735 2977 ab
2765 2923 3109 2994 episcopatus
3160 2924 3324 2979 illius.
3351 2926 3764 2981 confirmatione

2181 3030 2314 3083 papa
2341 3031 2634 3087 suspensus
2655 3026 2758 3073 est.
2796 3017 2860 3071 Et
2889 3018 3009 3087 quia
3044 3017 3095 3075 in
3124 3018 3312 3074 iisdem
3351 3020 3523 3073 sacris
3566 3018 3635 3074 de
3678 3032 3763 3074 re-

488 3119 514 3159 8
540 3110 823 3167 haereticus
847 3087 1155 3181 depellitur,
1188 3112 1319 3183 ftigit
1342 3114 1556 3179 Petrus,
1592 3114 1822 3168 mittitur
1850 3114 1902 3168 in
1933 3113 2075 3168 essi-
2099 3087 2146 3150 c
2179 3108 2449 3164 stituendo
2474 3109 2654 3179 Petro,
2685 3124 2839 3180 queui
2876 3109 2990 3179 ipse
3016 3109 3320 3175 damnavit,
3367 3110 3566 3166 fecerat
3613 3124 3764 3166 men-

486 3202 616 3259 Iium
646 3204 957 3259 Timotheus
986 3203 1294 3273 Chersona,
1345 3207 1437 3275 qui
1492 3207 1640 3262 locus
1691 3217 1770 3260 est
1818 3206 1870 3259 in
1904 3206 2073 3261 Ponto

487 3293 723 3348 abditus.
748 3296 992 3360 Quandiu
1023 3296 1158 3349 vixit
1189 3296 1483 3365 imperator
1514 3295 1541 3334 ⁸³
1578 3297 1708 3363 Leo,
1732 3299 1865 3353 vixit
1889 3298 2072 3357 Timo-

486 3386 642 3441 theus
665 3387 949 3455 episcopus
991 3388 1330 3444 Alexandria:
1376 3404 1496 3444 cum
1546 3392 1747 3461 quiete.
1798 3392 1903 3447 Sed
1950 3408 2070 3446 cum

489 3476 777 3532 Basiliscus
838 3489 1155 3548 occupasset
1208 3480 1516 3551 imperium,
1556 3480 1859 3553 ldamnare
1910 3486 2071 3551 coepit

482 3568 978 3626 Chalcedonensem
1020 3571 1305 3643 synodum,
1347 3583 1400 3628 et
1444 3574 1741 3629 catholicos
1800 3576 2067 3646 persequi.

483 3663 633 3719 Tunc
655 3654 891 3733 denique
918 3664 1231 3721 Timotheus
1277 3665 1367 3721 ille
1399 3658 1681 3721 damnatus
1736 3679 1951 3740 accepta
2004 3668 2072 3721 li-

482 3754 688 3813 bertate
719 3756 866 3812 venit
890 3756 1440 3828 Constantinopolim,
1468 3768 1522 3813 et
1553 3759 1833 3815 damnatos
1861 3761 2073 3815 haereti-

483 3862 576 3902 cos
601 3848 736 3903 locis
756 3847 866 3903 suis
896 3848 1150 3904 reddidit.
1177 3848 1337 3904 Vadit
1359 3850 1761 3916 Alexandriam,
1791 3851 1953 3922 fugiti
1980 3851 2072 3907 Ti-

482 3938 731 3993 motheus
759 3940 1089 4005 catholicus,
1116 3948 1172 3994 et
1212 3940 1265 3994 in
1295 3942 1622 3996 monasterio
1673 3941 1820 3996 latet.
1872 3942 2066 3996 Petrus

482 4028 572 4087 ille
600 4032 792 4087 iterum
819 4049 878 4086 se
901 4034 1074 4098 junxit
1094 4033 1385 4087 Timotheo
1411 4074 1424 4096 ,
1453 4049 1575 4088 cum
1612 4049 1719 4102 quo
1748 4034 1923 4089 fuerat
1947 4045 2072 4090 ante

483 4122 786 4177 damnatus.
821 4122 979 4176 Redit
1003 4122 1151 4177 Zeno
1178 4124 1471 4191 imperator
1516 4126 1582 4179 ad
1624 4141 1846 4193 regnum
1869 4166 1884 4190 ,
1920 4126 2068 4181 Itasi-

493 4209 657 4265 liscus
709 4211 1048 4281 opprimitur.
1102 4212 1329 4268 Mittitur
1380 4215 1780 4284 Alexandriam,
1832 4226 1889 4271 ut
1919 4217 2071 4285 pulso

420 4354 425 4355 ,
485 4315 773 4372 pervasore
785 4301 1101 4357 Timotheus
1128 4305 1426 4360 catholicus
1452 4306 1768 4361 redderetur
1795 4308 2066 4364 Ecclesiae.

485 4392 592 4450 Sed
642 4391 929 4471 Timetheo
979 4393 1235 4449 damnato
1288 4406 1463 4451 morte
1517 4408 1827 4467 praevento,
1880 4398 2068 4455 Petrus

2180 3200 2401 3267 tionem,
2434 3199 2548 3256 haec
2579 3216 2703 3271 pars
2728 3202 2951 3256 omnino
2981 3210 3063 3257 est
3094 3203 3374 3273 abnegata.
3414 3202 3562 3259 Unde
3604 3202 3756 3256 vide-

2180 3300 2266 3347 tur
2309 3294 2761 3351 clementissimus
2802 3294 3094 3365 imperator
3150 3296 3401 3353 oﬂ'ensus.
3454 3296 3586 3351 Cum
3623 3312 3750 3367 ergo

2178 3395 2379 3439 sancta:
2409 3387 2685 3441 memoriae
2709 3403 2861 3458 papa».
2882 3389 3139 3459 Simplicii
3168 3390 3299 3445 nihil
3334 3389 3490 3445 toties
3516 3389 3582 3444 ad
3624 3389 3758 3444 Aca-

2176 3479 2317 3532 cium
2350 3479 2575 3546 directa,
2609 3492 2827 3550 propter
2874 3483 3249 3538 Alexandrinas
3304 3483 3564 3539 Ecclesiae
3615 3485 3763 3554 quie-

2177 3578 2307 3635 tem,
2339 3578 2393 3627 et
2415 3572 2697 3627 catholicae
2726 3573 2847 3629 fidei
2879 3574 3266 3645 integritatem,
3298 3578 3502 3646 scripta
3540 3577 3763 3645 profice~

2177 3673 2319 3727 rent,
2350 3667 2659 3734 supervenit
2703 3666 2844 3722 idem
2893 3677 3113 3722 sanctus
3160 3667 3398 3724 Joannes
3430 3668 3721 3738 episcomts
3747 3709 3759 3732 ,

2174 3757 2263 3825 qui
2291 3757 2429 3812 sicut
2454 3757 2695 3824 decebat,
2727 3760 2795 3813 ab
2834 3760 3126 3828 apostolica
3168 3760 3297 3814 sede
3346 3769 3637 3830 susceptus
3662 3772 3761 3816 est.

2174 3847 2305 3903 Nam
2326 3859 2381 3905 et
2409 3851 2618 3921 priores
2646 3851 2765 3921 ejus
2788 3853 3036 3907 similiter
3059 3853 3316 3908 Romana:
3345 3854 3609 3909 Ecclesiae
3632 3860 3787 3908 tetih?

2176 3955 2304 4010 pore
2335 3943 2723 4011 persecutionis
2751 3943 3035 4015 suﬂ'ugium
3065 3956 3447 4017 poposcerunt.
3479 3946 3652 4013 llujus
3670 3946 3758 3999 ad-

2178 4048 2370 4092 ventus
2416 4038 2628 4108 plenius
2678 4039 2921 4094 universa
2969 4040 3241 4110 patefecit.
3280 4039 3549 4117 Cui'dum
3583 4041 3758 4094 Acacii

2173 4130 2368 4198 scripta
2403 4130 2702 4197 legeremus
2723 4147 2841 4200 quae
2870 4133 2938 4186 de
2969 4134 3126 4187 Petro
3158 4142 3181 4169 ο
3218 4146 3271 4189 et
3297 4135 3508 4189 Joanne
3532 4145 3559 4184 P
3579 4133 3756 4187 Antio-

2173 4220 2359 4275 chenis
2390 4220 2637 4287 miserat,
2669 4238 2920 4279 excessus
2949 4227 3131 4280 Aeacii
3168 4228 3327 4280 etiam
3371 4226 3425 4280 in
3473 4226 3575 4280 hac
3603 4238 3755 4279 causa

2175 4312 2530 4382 gravissimos
2550 4315 2927 4386 deprehendit.
2967 4318 3247 4396 l»llo_enim
3277 4330 3526 4389 tempore
3545 4334 3655 4389 quo
3693 4318 3756 4371 de
3782 4327 3786 4330 ‘

2174 4405 2334 4460 Petro
2357 4398 2719 4464 Alexandrino
2738 4409 2990 4465 damnato
3014 4411 3292 4479 retulerat,
3317 4426 3423 4466 non
3456 4412 3619 4482 longe
3642 4419 3755 4480 post

486 4482 511 4520 ¹ί
536 4468 767 4553 consors
798 4483 968 4553 ipsius
995 4486 1063 4540 ab
1093 4500 1201 4542 uno
1243 4486 1500 4545 haeretica
1537 4488 1916 4547 Alexandrinis
1954 4480 2065 4561 epi-
2093 4462 2149 4525 D
2174 4498 2334 4552 etiam
2358 4498 2424 4553 de
2448 4500 2607 4556 Petro
2642 4511 2691 4555 et
2732 4500 2940 4556 Joanne
2988 4462 3306 4572 scripserat.
3355 4462 3582 4557 Petrum,

483 4592 679 4647 scopus
727 4576 1031 4634 ordinatur.
1088 4579 1256 4646 Quem
1316 4580 1661 4638 nihilominus
1708 4583 1864 4655 dejici
1905 4585 2064 4654 jussit

482 4670 973 4728 Christianissitnus
1018 4671 1328 4744 imperator,
1382 4684 1437 4730 et
1484 4677 1667 4731 reduci
1721 4677 2060 4735 Timotheum

478 4762 824 4830 catholicum,
851 4765 992 4819 sicut
1025 4764 1201 4820 Acacii
1242 4765 1823 4839 Constantinopolitani
1864 4771 2059 4827 litteris

478 4855 806 4911 continetur.
838 4857 972 4913 Cum
1006 4857 1242 4927 plurimi,
1271 4875 1367 4915 seu
1398 4861 1613 4927 clerici,
1641 4877 1737 4919 seu
1769 4867 2053 4934 monachi,

544 5063 569 5129 ξ
596 5054 665 5129 26
694 5054 932 5129 Januarii
961 5073 1049 5113 an.
1079 5058 1205 5115 457,

544 5125 569 5162 b
595 5125 1039 5207 l_)_uob_usAtantum
1060 5132 1352 5207 episcopis,
1380 5133 1573 5206 Evagr.
1605 5153 1679 5207 xi,
1707 5138 1762 5196 8.

546 5207 567 5232 ι·
606 5196 775 5251 Martii
806 5198 876 5254 28
901 5201 1022 5255 anni
1048 5196 1171 5257 457.

543 5264 568 5302 ἀ
604 5267 698 5342 pic
723 5270 754 5325 7
778 5269 1057 5342 Februarii
1087 5272 1329 5342 ejusdem
1358 5276 1508 5333 anni.

545 5346 567 5373 ε
602 5337 867 5395 Hactenus
897 5337 1194 5398 Liberatus.

546 5406 573 5525 ἱ
598 5407 1202 5539 [ἒξζῖεαέᾱιονιιπίοιυε
1232 5418 1345 5474 sive
1366 5417 1553 5488 Albus,
1586 5436 1726 5478 anno
1747 5422 1859 5509 458

543 5546 572 5636 lt
765 5568 949 5608 mense
978 5550 1232 5636 Januario
1261 5560 1384 5616 anni
1415 5560 1538 5631 474,
1568 5565 1703 5620 ﬁlius
1724 5574 1904 5620 autent
1940 5566 2058 5636 ejus

472 5615 581 5688 Leo
605 5616 785 5688 junior
806 5638 988 5681 mense
1015 5627 1335 5687 Novembre.

548 5684 571 5729 ί
601 5684 759 5747 Anno
782 5690 907 5747 £76.
942 5766 943 5771 γ

2170 4592 2691 4663 Constantinopolim
2731 4596 3118 4651 monasterium
3165 4607 3193 4646 ιι
3240 4596 3611 4667 gubernasse;
3664 4593 3757 4648 sed

2170 4684 2273 4741 hoc
2322 4692 2544 4753 propter
2578 4684 2801 4740 crimina
2844 4684 3126 4755 derelicto,
3157 4686 3503 4743 Antiochiam
3540 4686 3752 4756 fugisse.

2169 4775 2244 4830 lbi
2272 4777 2425 4845 pulso
2459 4777 2759 4848 (Martyrio)
2785 4780 3054 4837 catholico
3076 4782 3366 4852 episcOpo,
3404 4795 3505 4853 pa
3543 4780 3751 4836 lucreti-

2167 4882 2262 4925 cos
2284 4869 2464 4926 sedem
2488 4871 2658 4941 ipsius
2683 4886 3006 4945 occupasse;
3033 4875 3399 4948 continuoque
3436 4873 3745 4933 damnatum

2246 5074 2259 5145 _i
2294 5072 2591 5145 Liberatus,
2614 5089 2736 5145 cap.
2762 5076 2850 5132 16.

2242 5141 2266 5217 ξε
2292 5143 2515 5217 yongus
2543 5146 2608 5200 de
2635 5141 2742 5215 quo
2770 5162 2957 5217 supra.

2246 5210 2261 5249 ¹
2291 5210 2451 5289 Forte
2476 5210 3084 5289 Naucratenae'civitatis
3106 5218 3173 5275 de
3201 5233 3306 5288 quo
3327 5233 3446 5289 cap.
3493 5217 3761 5275 Sileni:

2168 5284 2336 5353 partis
2365 5287 2577 5343 concilii
2605 5285 3082 5347 Chalcedonensis.

2240 5365 2277 5390 ηι
2305 5354 2791 5433 Tabbennesiotam
2821 5376 2976 5433 cogn.
3002 5360 3261 5433 Talajam.

2237 5435 2261 5461 ιι
2291 5425 2448 5481 Anno
2479 5429 2603 5485 J82.

2240 5506 2263 5532 0
2291 5494 2543 5571 Cnapheo
2567 5515 2664 5557 seu
2695 5501 2922 5561 Fullone

2165 5570 2443 5707 magna”
2474 5573 2768 5643 Aflamenis
2799 5590 2905 5631 non
2934 5585 3171 5647 recepto,
3206 5576 3274 5633 de
3298 5591 3405 5647 quo
3434 5575 3596 5647 paulo
3619 5572 3781 5647 ’μα’

2237 5718 2265 5760 ει
2291 5710 2595 5785 Liberatus,
2622 5726 2748 5785 cap.
2777 5714 2868 5772 18.
