4090 6330
235 320 339 379 953

1433 317 1791 391 Eptsrom;
1830 317 1919 375 ET
1958 318 2301 376 DECRETA.
3384 321 3485 382 934

232 427 463 485 a'Leone
486 433 614 483 tunc
643 428 883 499 principe
912 429 978 485 ad
1024 429 1333 487 Oasitanum
1382 432 1629 486 exsilium
1685 444 1805 486 esse
1834 417 1882 493 λ
1909 424 2094 485 clesia.
2123 432 2196 483 Ita
2227 430 2376 485 Felix
2405 445 2535 502 popa
2561 434 2824 505 episcopis
2860 449 2955 521 per
2990 434 3311 507 lEgypmm,
3344 439 3486 497 The-

231 524 511 581 directum.
545 522 622 578 De
649 536 757 595 quo
784 524 993 594 lapsum
1022 523 1541 594 Constantinopolim
1564 525 1807 590 rediisse,

210 626 294 670 'ae
312 613 525 669 dedisse
554 612 734 681 ﬁdem,
764 615 905 684 quod
933 616 1108 672 nullas
1146 616 1371 673 ulterius
1410 616 1591 673 turbas
1635 615 1811 670 facere

230 717 450 777 prorsus
478 702 717 757 auderet.
746 702 853 759 Sed
874 704 1011 760 sicut
1039 706 1285 776 superius
1312 706 1510 761 dictum
1542 714 1624 761 est
1643 748 1659 773 ,
1705 706 1809 760 Ba-

232 795 393 851 silisci
428 793 755 863 temporibus
795 809 824 848 a
865 795 1146 853 Timotheo
1186 805 1211 834 ι
1256 796 1347 851 illo
1393 796 1674 863 damnato,
1720 795 1809 864 qui

230 887 745 955 Constantinopolim
774 896 1014 953 venerat,
1051 888 1118 943 ad
1144 886 1482 944 Antiochiam
1524 874 1808 943 remissum

227 976 415 1044 fuisse,
446 988 505 1041 ut
526 978 719 1035 iterum
746 976 852 1034 illic
878 980 1241 1050 episcopatum
1261 980 1616 1057 teneret.Quo
1648 978 1806 1045 tacto,

226 1072 367 1127 idem
393 1072 584 1126 Petrus
612 1070 870 1127 Joannem
893 1071 1176 1142 quemdam
1200 1069 1591 1142 presbyterum,
1610 1069 1677 1126 de
1702 1085 1808 1139 quo

226 1162 481 1218 Acacium
503 1162 736 1217 diximus
770 1162 1034 1228 retulisse,
1059 1162 1273 1218 ordinat
1290 1161 1581 1233 Apamenis
1608 1161 1808 1231 cpisco-

226 1267 392 1324 pum;
418 1252 664 1325 aquibus
690 1267 797 1309 non
837 1262 1084 1323 receptus
1137 1254 1283 1309 venit
1322 1251 1663 1317 Antiochiam
1688 1291 1703 1318 ,
1753 1260 1807 1307 et

224 1340 443 1399 Petrum
474 1344 810 1413 episcopatus
831 1344 912 1401 sui
936 1343 1083 1414 pellit
1100 1353 1376 1405 auctorem
1398 1353 1451 1409 et
1475 1343 1678 1399 invadit
1693 1341 1808 1413 ejus

225 1436 545 1507 Ecclesium.
574 1436 719 1511 Quos
744 1437 935 1501 iterum
964 1436 1246 1497 damnatos
1273 1436 1404 1493 dicit
1432 1435 1682 1501 Aeacius,
1709 1449 1805 1505 pe-

227 1539 350 1599 tens
379 1530 448 1597 ah
474 1530 767 1615 apostolica
793 1529 943 1598 sede,
969 1536 1030 1586 ut
1057 1531 1101 1593 si
1131 1529 1273 1586 forte
1297 1530 1362 1585 ad
1389 1544 1508 1586 eam
1550 1526 1807 1600 confuge.

223 1631 367 1691 rent,
391 1636 490 1691 nec
518 1623 636 1687 visu
662 1621 855 1693 dignos
878 1622 1131 1687 haberet;
1161 1631 1217 1678 et
1243 1623 1287 1678 si
1319 1623 1428 1692 jam
1457 1622 1689 1692 aliquam
1717 1620 1804 1677 in-

222 1712 548 1789 dulgentiam
598 1712 821 1769 forsitan
865 1713 1261 1785 impetrassent,
1316 1712 1518 1769 irritam
1546 1727 1667 1770 esse
1710 1713 1802 1769 de-

1914 518 2146 585 baidcm,
2177 518 2398 589 Libyam
2437 531 2492 577 et
2526 523 2852 596 Pentapolim
2880 518 3179 584 constitutis
3203 539 3321 601 post
3347 531 3483 599 alia;

1914 608 2107 665 Petrus
2136 624 2288 675 vero,
2319 612 2407 681 qui
2444 627 2503 668 se
2528 617 2595 670 ab
2642 617 2898 675 Ecclesia:
2938 622 3142 678 unitate
3181 608 3281 678 sub
3314 623 3486 680 beata:

1911 700 2299 755 recordationis
2327 700 2569 761 Proterio
2593 709 2948 777 separavit,et
2975 711 3026 765 in
3062 702 3287 768 mertem
3312 713 3481 787 ipsius

1911 790 2193 859 parricida:
2211 790 2492 848 Timotheo
2517 792 2582 848 ad
2609 799 3005 870 persequendos
3026 816 3084 857 se
3102 802 3280 871 junxit
3303 805 3486 860 ortho-

1911 881 2106 948 doxos,
2132 883 2278 938 nulla
2306 886 2434 939 tanti
2460 886 2710 954 nominis,
2736 899 2826 943 aut
2867 891 3086 947 honoris
3126 894 3485 963 permittimus

1911 975 2170 1031 societate
2196 977 2392 1045 laetari,
2416 986 2616 1049 quanto
2645 979 2695 1033 in
2733 982 3063 1039 creatoribtts
3109 986 3339 1057 propriis
3378 1003 3484 1044 non

1912 1064 2261 1123 dissimilibus
2295 1068 2411 1138 ipso
2437 1069 2517 1123 sui
2545 1069 2768 1126 exordio
2788 1072 3066 1140 caducum,
3088 1076 3228 1147 quod
3258 1093 3318 1135 se
3344 1078 3487 1135 msti-

1910 1165 2020 1212 mat
2040 1158 2328 1228 reperitur.
2364 1161 2457 1217 Est
2486 1175 2613 1232 ergo
2646 1162 2895 1232 prmlatus
2921 1166 3125 1221 cunctis
3155 1169 3439 1227 anathema
3465 1210 3483 1238 ,

1909 1264 2006 1304 nec
2034 1249 2103 1303 ab
2130 1250 2371 1305 Ecclesia
2403 1252 2665 1309 catholica
2705 1256 2955 1311 credatur
3001 1273 3231 1329 unquam
3281 1262 3480 1332 recipi,

1908 1340 1994 1410 qui
2020 1348 2141 1410 post
2161 1341 2586 1405 cohortationem
2614 1346 2961 1415 saepissimam
3002 1356 3055 1404 et
3088 1365 3183 1421 per
3206 1359 3284 1407 tot
3313 1368 3481 1410 anno-

1907 1446 2025 1486 rum
2056 1434 2224 1501 spatia
2264 1434 2316 1489 in
2348 1438 2701 1503 perversitate
2744 1440 2955 1508 propria
2994 1455 3379 1513 perseverans,
3407 1444 3486 1501 lo-

1906 1536 2027 1578 cum
2054 1522 2434 1581 satlsfactionis
2465 1528 2663 1582 amisit.

1953 1648 2181 1690 EDICTUM
2221 1651 2523 1693 SENTENTHS
2562 1656 2764 1697 FELICIS
2804 1660 2945 1698 ΡΔΡᾹΞ
2986 1658 3222 1702 PROPTER
3260 1665 3434 1705 ACACII

2297 1723 2527 1765 EPISCOPI
2567 1727 2649 1766 (ΖΡ.
2692 1729 3060 1771 DAMSATIONEM
3070 1757 3082 1771 .

221 1803 381 1870 bere,
432 1818 533 1869 nec
588 1818 774 1859 eorum
831 1805 1201 1875 ptenitentiam
1249 1802 1608 1877 recipiendam
1663 1805 1882 1867 esse.'B
1983 1798 2226 1870 Aeacius,
2271 1806 2359 1874 qui
2400 1807 2637 1862 secundo
2670 1823 2698 1862 a
2736 1810 2890 1864 nobis
2929 1812 3233 1867 admonitus
3263 1822 3486 1870 statuto-

221 1900 376 1970 Quod
403 1915 523 1957 cum
552 1899 803 1971 praelatus
827 1898 1060 1957 Joannes
1090 1898 1484 1955 Alexandrinus
1520 1898 1806 1968 episcopus

221 1995 523 2066 relegisset,
557 2002 736 2051 tacere
764 2009 871 2049 non
902 1993 1096 2064 potuit,
1134 1991 1276 2063 quod
1315 1991 1469 2048 illum
1504 1991 1805 2057 Joannem,

221 2105 383 2163 quem
410 2090 638 2147 Aeacius
667 2091 1016 2146 damnaverat
1036 2104 1159 2146 cum
1190 2089 1373 2153 Petro,
1405 2098 1459 2144 et
1483 2090 1602 2145 sine
1632 2102 1806 2143 reme-

223 2184 318 2241 dio
356 2183 685 2255 paenitentia:
727 2182 850 2239 iecit
901 2182 971 2243 ab
1025 2182 1318 2252 apostolica
1368 2180 1497 2236 sede
1541 2180 1804 2247 damnari,

224 2287 351 2350 post
368 2286 448 2341 tot
467 2276 838 2339 damnationes
855 2275 1139 2346 Tyriorum
1162 2273 1368 2330 miserit
1392 2273 1644 2329 Ecclesiae
1667 2285 1808 2341 prae-

220 2370 427 2433 sidere.
460 2369 747 2439 Postquam
778 2382 905 2438 ergo
951 2383 1060 2424 non
1108 2367 1285 2423 solum
1332 2364 1466 2422 nihil
1520 2364 1809 2434 profecisse

221 2460 434 2529 litteras
462 2458 763 2525 decessoris
790 2458 875 2513 sui
909 2468 1127 2514 sanctus
1170 2457 1320 2514 Felix
1360 2471 1495 2527 papa
1528 2457 1804 2527 cognovit,

221 2560 277 2609 et
298 2548 532 2608 ludibria
559 2549 804 2620 quaedam
833 2548 1029 2615 Acacio
1053 2549 1167 2605 tleri
1194 2547 1247 2605 in
1282 2549 1616 2605 eversionem
1646 2548 1810 2607 totius

223 2640 609 2709 ecclesiasticae
664 2638 1005 2710 disciplinm,
1066 2641 1251 2699 electis
1323 2638 1491 2696 Vitale
1554 2640 1810 2709 episcopo

224 2732 576 2792 Troentinate
602 2744 669 2785 ex
694 2729 885 2786 Picena
929 2730 1178 2801 regione,
1217 2741 1272 2786 et
1309 2730 1515 2787 Miseno
1556 2730 1810 2789 Cumanae

224 2825 490 2895 Ecclesia
516 2823 773 2895 episcopo
793 2837 857 2878 ex
881 2824 1101 2892 regione
1120 2820 1447 2892 Campaniae,
1475 2822 1574 2877 sub
1597 2820 1699 2877 bac
1729 2823 1810 2877 in-

225 2917 531 2985 structione
558 2912 774 2982 direxit,
807 2924 863 2971 ut
885 2913 1079 2970 Petrus
1107 2913 1174 2969 de
1194 2912 1563 2970 Alexandrina
1584 2914 1811 2983 pellere-

226 3020 320 3071 tur
348 3015 587 3077 Ecclesia
610 3054 626 3083 ,
657 3022 714 3071 et
749 3022 805 3069 ut
858 3012 1043 3069 libello
1089 3009 1261 3067 sancti
1307 3009 1531 3065 Joannis
1572 3007 1808 3077 episcopi

226 3104 586 3173 Alexandrini
612 3105 963 3177 responderet
988 3102 1233 3169 Aeacius,
1264 3108 1424 3170 atque
1458 3100 1559 3171 ipsi
1599 3099 1808 3156 denun~

1908 1908 2026 1951 rum
2056 1891 2349 1951 salubrium
2389 1912 2494 1952 non
2527 1899 2731 1953 destitit
2766 1916 2885 1957 esse
2907 1912 3263 1974 contemptor,
3295 1918 3487 1975 meque

1909 1983 1961 2038 in
1987 1986 2121 2040 meis
2152 1986 2379 2042 credidit
2409 1990 2864 2057 earcerizandum,
2899 1993 3039 2049 hunc
3067 1995 3227 2063 Deus,
3275 1997 3488 2052 cmlitus

1909 2076 2112 2144 prolata
2139 2080 2423 2146 sententia,
2457 2080 2524 2135 de
2552 2084 2853 2138 sacerdmio
2885 2086 3006 2157 fecit
3026 2096 3316 2143 extorrem.
3345 2089 3487 2161 Ergo

1907 2167 1954 2221 si
1998 2168 2118 2237 quis
2148 2169 2451 2241 episcopus,
2493 2173 2741 2241 clericus,
2783 2178 3103 2247 monachus,
3142 2180 3331 2248 laicus,
3371 2193 3488 2253 post

1909 2260 2047 2316 hanc
2088 2262 2545 2322 denuntiationem
2591 2268 2764 2323 eidem
2808 2273 3281 2330 communicaverit
3308 2316 3323 2343 ,
3362 2290 3487 2332 aua-

1909 2351 2088 2408 thema
2112 2354 2201 2420 sit,
2232 2363 2421 2411 sancto
2454 2357 2655 2426 Spiritu
2685 2368 3035 2427 exsequente.

2470 2470 2799 2528 EPISTOLA
2832 2472 2922 2529 IX.

2051 2572 2252 2616 ηιιαιδ
2293 2576 2347 2616 ill
2380 2578 2524 2617 PAPE
2563 2580 2629 2618 AD
2666 2580 2908 2620 ZENONEN
2950 2581 3343 2624 IIJPERATOREM.

1910 2646 2248 2732 Conqueritur
2295 2651 2357 2732 tte
2399 2654 2598 2732 violatis
2628 2655 2700 2732 gb
2746 2658 3070 2732 conlegatis,
3113 2663 3389 2732 suadetque
3434 2674 3488 2718 ut

1958 2722 2245 2787 «quiescat
2273 2722 2592 2778 damnationi
2619 2724 2763 2780 Petri
2790 2722 3129 2783 Aleiandrint'
3157 2741 3205 2786 et
3230 2722 3427 2789 Achcii.

1980 2810 2127 2867 Felix
2158 2811 2361 2868 Zenoni
2387 2816 2643 2885 Augusto.

1981 2907 2243 2976 Quoniam
2271 2908 2442 2979 pietas
2464 2920 2574 2981 tua,
2594 2914 2716 2970 licet
2736 2916 3035 2986 profusiore
3055 2919 3242 2990 pagina
3278 2921 3344 2975 ad
3369 2934 3485 2974 mea

1908 3001 2108 3070 scripta
2136 3004 2496 3071 responderit,
2528 3006 2638 3062 suis
2680 3008 2901 3064 auribus
2934 3010 3246 3081 diligentius
3278 3012 3490 3068 intima-

1910 3100 2018 3147 tam
2060 3092 2274 3150 fastidio
2318 3095 2533 3166 dignam
2562 3099 2794 3155 credidit
2822 3103 3101 3159 veritatem
3140 3122 3152 3158 :
3196 3106 3489 3162 curandum

227 3164 453 3265 tiaretnr
474 3164 765 3266 hcacio,
784 3194 1068 3255 anathema
1096 3164 1297 3249 diceret
1318 3164 1810 3261 Petro.Quiquam-
1841 3164 1888 3229 (ἶ
1918 3186 2047 3243 mihi
2078 3187 2192 3252 fuit,
2224 3197 2281 3244 ut
2305 3164 2541 3247 breviter
2563 3207 2682 3262 qua:
2710 3176 2815 3248 non
2847 3195 3008 3250 vultis
3041 3195 3201 3251 latius
3232 3197 3491 3266 publicari

228 3290 313 3347 vis
344 3289 523 3346 hostili
549 3304 701 3347 more
724 3289 928 3347 detrusi
952 3290 1004 3343 in
1032 3286 1326 3345 custodiam
1357 3286 1573 3342 chartas
1618 3286 1813 3343 amise-

1920 3278 2138 3336 dciinita
2179 3281 2577 3338 concludﬁem.
2620 3283 2802 3354 Itaque
2840 3285 3179 3343 oiliciositate
3212 3288 3491 3358 praemissa

228 3383 365 3452 rint,
399 3392 579 3443 tamen
609 3382 825 3455 perﬁdis
850 3382 1117 3439 haereticis
1129 3390 1288 3452 atque
1311 3380 1579 3436 damnatis
1601 3393 1815 3435 accom-
1918 3373 2109 3429 timere
2147 3387 2233 3429 me
2268 3373 2440 3430 lateor
2465 3389 2631 3445 regno
2661 3389 2843 3432 vestro
2874 3378 3074 3447 pariter
3112 3389 3165 3434 et
3191 3379 3369 3434 saluti.
3401 3379 3493 3435 Si-

231 3475 462 3541 modare
482 3490 589 3537 non
617 3464 935 3541 debuerant,
962 3489 1084 3544 qua:
1110 3474 1222 3530 sola
1261 3473 1447 3543 negari
1486 3472 1682 3542 potuit,
1723 3487 1815 3528 vo-
1917 3463 2130 3533 quidem
2170 3473 2355 3519 contra
2396 3465 2629 3522 divinam
2673 3471 3032 3524 reverentiam
3076 3470 3409 3539 probabitur,
3439 3482 3495 3526 ut

229 3566 519 3622 luntatem.
559 3565 674 3620 Non
717 3566 888 3629 solum
923 3579 1051 3637 ergo
1088 3579 1194 3621 non
1248 3573 1471 3634 egerunt
1517 3579 1635 3634 quae
1669 3565 1815 3632 jussa
1918 3553 2058 3609 beati
2089 3556 2318 3624 apostoli
2340 3556 2482 3619 Petri
2504 3557 2707 3615 directa
2735 3560 2949 3629 legatio,
2976 3562 3117 3617 sicut
3142 3563 3257 3631 ejus
3279 3563 3494 3617 confes-

230 3662 389 3720 sunt,
420 3663 647 3723 antqua:
673 3654 928 3722 expedire
952 3662 1228 3723 poterant;
1259 3654 1355 3710 sed
1392 3654 1554 3709 etiam
1604 3654 1819 3709 haereti-
1918 3645 2002 3701 sio
2034 3646 2304 3714 patefecit,
2340 3656 2590 3717 tanquam
2639 3653 2690 3704 in
2736 3651 3047 3719 captivitate
3088 3652 3300 3709 redacta
3326 3662 3497 3713 teneo

228 3746 319 3811 cis
348 3745 899 3814 communicaverunt,
931 3745 1390 3802 conﬁrmationem
1432 3745 1575 3802 Petri
1613 3745 1818 3815 episco.
1920 3746 2089 3803 retur,
2121 3746 2174 3792 et
2199 3738 2400 3794 chartis
2429 3754 2562 3808 quas
2589 3740 2860 3809 bajulabat
2888 3742 3157 3799 violenter
3184 3744 3396 3814 ablatis,
3428 3746 3497 3800 ad

229 3846 417 3910 patus,
447 3838 515 3903 ad
543 3853 703 3909 quem
733 3838 1037 3909 pellendum
1064 3839 1211 3893 missi
1235 3838 1466 3907 fuerant,
1490 3838 1816 3904 deterentes,

229 3936 400 4000 atque
419 3928 776 3985 contumelias
802 3928 856 3984 in
882 3930 1194 3999 episcopum
1225 3928 1487 3986 Joannem
1518 3928 1712 3985 Acacio
1739 3929 1820 3985 di-

231 4019 448 4091 rigente
478 4029 771 4091 portantes.
806 4021 1009 4090 Quibus
1038 4021 1197 4076 rebus
1229 4020 1407 4077 habita
1436 4021 1651 4092 synodo
1667 4034 1819 4077 com-

234 4122 424 4177 motus
449 4111 787 4175 beatissimus
818 4127 973 4183 papa,
1006 4111 1231 4168 Vitaletn
1264 4121 1319 4166 et
1346 4112 1605 4168 Misenum
1636 4110 1719 4191 ab
1748 4109 1822 4165 of-

233 4203 365 4269 ﬁcio
384 4214 439 4260 et
466 4205 843 4267 communione
871 4204 1150 4275 suspendit
1191 4203 1242 4273 δ,
1283 4205 1641 4275 Acaciumque
1673 4203 1822 4265 dam-

234 4293 406 4367 navit.
447 4292 609 4364 Cujus
632 4293 856 4359 audacia
906 4295 1176 4351 deteriora
1225 4294 1602 4361 committens,
1659 4292 1834 4352 etiam.

234 4382 457 4443 Petrum
484 4394 505 4423 ε
547 4384 965 4450 Antiochenam,
991 4384 1163 4456 ejeeto
1189 4384 1457 4443 catholico
1486 4382 1512 4423 ά
1539 4384 1822 4449 Calendio-

1919 3832 2422 3887 communicandum
2480 3833 2786 3900 haereticis,
2841 3835 2942 3891 hoc
2999 3846 3082 3891 est
3134 3837 3497 3906 apocrisiariis

1922 3925 2273 4001 Alexandrini
2298 3926 2465 3991 Petri,
2493 3927 2776 3984 adversum
2805 3943 2962 3999 quem
2991 3930 3145 3995 ierat,
3170 3929 3238 3985 de
3258 3930 3498 3986 custodia

1922 4017 1993 4071 sit
2018 4016 2294 4084 producta.
2325 4016 2661 4087 Quapropter
2701 4018 2975 4091 (Nicotaus
3009 4020 3033 4074 ι
3068 4037 3201 4091 papa
3220 4061 3235 4087 ,
3264 4023 3413 4091 epist.
3444 4021 3500 4091 9)

1925 4106 2150 4165 \litalem
2177 4107 2390 4178 quidem
2418 4118 2473 4165 et
2491 4109 2776 4177 Misenum,
2809 4125 2907 4166 cur
2935 4112 3018 4166 vel
3049 4112 3260 4181 impulsi
3290 4112 3355 4166 ad
3399 4112 3502 4167 ista

1923 4201 2316 4268 consenserint,
2350 4202 2555 4257 honore
2598 4203 2759 4258 simul
2800 4213 2854 4259 et
2880 4206 3263 4260 communione
3292 4214 3502 4274 aposto-

1923 4293 2026 4353 lica
2046 4308 2271 4350 censura
2298 4294 2543 4363 privavit.
2573 4295 2678 4351 Sed
2708 4295 2758 4366 (1
2770 4295 2901 4367 bid.)
2929 4311 3051 4351 cum
3081 4298 3219 4367 apud
3248 4296 3503 4352 barbaras

1924 4387 2086 4443 etiam
2111 4388 2375 4455 nationes,
2402 4399 2562 4458 atque
2592 4389 2761 4458 ipsius
2788 4390 3012 4451 Deitatis
3040 4390 3269 4461 ignaras,
3295 4404 3393 4460 pro
3411 4404 3504 4446 ex-

232 4488 333 4543 ne,
365 4488 525 4545 quem
551 4474 667 4546 ipse
698 4471 1072 4543 ordinaverat,
1127 4476 1194 4533 ad
1245 4478 1637 4541 Antiochenam
1676 4478 1821 4535 misit
1850 4528 1904 4551 ﬁ
1927 4480 2216 4551 sequendis
2245 4481 2473 4549 negotiis
2501 4480 2585 4536 vel
2625 4481 2889 4547 humanis,
2939 4482 3061 4550 jure
3095 4482 3334 4550 gentium
3363 4483 3505 4549 lega-

235 4563 558 4622 Ecclesiam.

256 4746 261 4751 .
315 4699 733 4753 Αυυιῖηεκτωι
772 4712 840 4753 ΒΧ
878 4712 1075 4754 TERTIA
1115 4712 1360 4754 EDITIONB
1398 4713 1732 4756 DBSUIP’I‘UI.

313 4830 606 4902 Postquam
622 4830 858 4899 Joannes
884 4831 1196 4902 supervenit
1216 4831 1517 4902 episcopus,
1540 4848 1698 4903 quem
1717 4832 1823 4893 Ro-

240 4936 406 4979 mana
436 4914 670 4994 susCepit
698 4920 960 4991 Ecclesia,
986 4930 1203 4983 sanctus
1225 4938 1358 4997 papa
1408 4924 1558 4991 Felix
1599 4925 1823 4996 legatio-

238 5030 372 5072 nem
404 5013 495 5088 (ut
523 5014 724 5091 dictum
756 5015 876 5086 est)
914 5014 1052 5071 sicut
1096 5015 1331 5089 oportuit
1369 5016 1667 5085 ordinavit,
1708 5033 1827 5088 qua;

239 5104 387 5178 apud
418 5105 703 5181 praedictos
744 5121 933 5163 omnes
970 5105 1225 5183 quidquid
1266 5114 1348 5163 est
1395 5104 1701 5165 hostilitatis
1737 5122 1828 5173 ex—

239 5192 400 5274 perta
430 5182 534 5254 est.
562 5192 692 5277 Nam
723 5188 937 5257 detrusa
969 5186 1022 5257 in
1048 5201 1345 5258 custodiant
1376 5201 1645 5271 praedictis
1674 5203 1830 5267 char-

243 5292 339 5369 tis,
369 5304 490 5355 cum
512 5290 696 5360 grandi
722 5292 806 5346 vix
835 5294 1091 5357 remeavit
1117 5294 1430 5364 cpprobrio,
1459 5294 1825 5367 episCOpatum

244 5377 419 5451 Petri,
447 5380 511 5447 ad
534 5396 689 5452 quem
729 5382 1102 5454 expellendum
1128 5383 1289 5445 missa
1333 5386 1503 5447 luerat
1546 5389 1833 5447 conﬁrma-

246 5468 365 5525 tum
397 5456 693 5553 reportans,
726 5470 885 5545 quem
913 5472 1153 5542 Romana
1199 5477 1676 5539 auathematizarat
1724 5483 1832 5541 Ec-

323 5605 1016 5740 ίίῗῖξῗιῗῖῑῗὲξῖέδξὶα.

330 5754 358 5785 ⁸
384 5745 717 5812 Cnapbeutn.

1848 4528 1907 4591 Β

1931 4571 2090 4626 tinnis
2106 4570 2391 4638 cujuslibet
2412 4570 2674 4625 habeatur
2690 4579 3032 4625 sacrosancta
3056 4570 3305 4635 libertas;
3322 4580 3505 4625 notum

1931 4669 2015 4725 est
2033 4659 2304 4723 omnibus,
2335 4668 2533 4728 quanto
2557 4658 2726 4728 magis
2746 4660 2815 4713 ab
2842 4659 3166 4727 imperatore
3190 4659 3433 4714 Romano
3454 4667 3509 4716 et

1932 4753 2240 4813 Christiano
2292 4752 2564 4821 principe,
2617 4752 2672 4807 in
2716 4752 2880 4808 rebus
2928 4755 3226 4823 pratsertim
3276 4753 3507 4821 divinis,

1934 4843 2231 4913 oportuerit
2286 4844 2655 4901 intemeratam
2709 4844 2936 4899 servari.
2992 4844 3193 4900 Deinde
3246 4844 3511 4914 legatione

1934 4936 2198 5000 submota,
2243 4948 2364 5004 quae
2412 4932 2553 5004 apud
2584 4949 2705 5002 vos,
2756 4945 2811 4991 ut
2853 4934 3056 4991 dictum
3078 4946 3194 5015 est,
3229 4951 3330 4993 nec
3370 4937 3510 4994 beati

1937 5026 2080 5085 Petri
2106 5026 2329 5096 apostoli
2364 5025 2618 5083 inviolata
2648 5041 2771 5083 esse
2793 5028 2903 5097 jam
2936 5028 3126 5097 potuit,
3152 5028 3515 5099 tranquillitas

1940 5126 2027 5175 tua
2057 5119 2361 5177 litterarum
2389 5120 2567 5178 saltim
2598 5130 2784 5178 tenore
2823 5130 3129 5191 cognoscat,
3162 5124 3347 5179 sedem
3374 5122 3513 5178 beati

1937 5210 2167 5281 apostoli
2226 5212 2368 5267 Petri
2421 5212 2783 5273 Alexandrino
2828 5214 3028 5279 Petro,
3079 5214 3207 5270 olim
3267 5215 3517 5284 justeque

1938 5306 2213 5375 damnato,
2246 5322 2309 5365 ac
2337 5308 2683 5376 nihilominus
2711 5325 2806 5380 per
2841 5312 3165 5368 sententiam
3205 5310 3514 5383 synodalent

1941 5414 2109 5470 nuper
2146 5400 2299 5467 eliso,
2346 5402 2739 5459 communionis
2765 5417 3035 5472 nunquam
3065 5405 3150 5459 vel
3197 5403 3512 5472 pmbuisse,

1942 5493 2029 5550 vel
2079 5494 2418 5563 praebituram
2461 5509 2584 5552 esse
2629 5509 2970 5552 consonam.
3021 5496 3175 5565 Quia,
3226 5503 3284 5552 ut
3322 5503 3514 5552 emtera

1937 5623 2162 5755 ἥξειθυί
2183 5644 2303 5686 cum
2343 5630 2435 5687 m0
2473 5628 2703 5687 Patricio
2736 5628 2961 5703 “usque
2998 5634 3139 5689 anno
3170 5622 3277 5686 J83
3303 5628 3517 5702 conspi-

4079 4910 4081 5001 φ

4079 5004 4081 5129 l

4079 5152 4081 5247 ί

4079 5296 4081 5437 l
