4090 6330
324 348 427 413 σω

1525 361 1881 420 ΕΡΙΞΤΟΙδιΕ
1922 363 2013 422 ΒΤ
2053 366 2372 425 DECRETA

3491 376 3599 437 9H
3623 406 3632 423 -

321 484 443 561 [ιδῃ
454 474 833 561 querimoniis,
862 475 1029 559 multo
1060 489 1239 561 _magts
1260 477 1618 561 conveniunt.
1647 478 1902 561 Quteau-
1935 488 1988 544 Α
2013 492 2322 561 nontamen
2349 492 2633 555 antequam
2661 502 2861 561 meum
2882 488 3131 561 codicem
3146 487 3406 561 insertum
3427 504 3590 561 esset,

321 551 479 611 getur
505 545 756 614 suspicio,
785 561 905 601 cum
927 546 1165 616 ejusdem
1188 547 1430 615 epistolae
1451 549 1629 616 plures
1657 545 1756 603 loci
1782 551 1919 604 huic

324 623 546 685 nostra,
573 630 693 681 qua
735 631 802 671 ex
838 626 950 671 toto
976 626 1231 673 contextu
1271 617 1432 673 Felici
1473 621 1755 685 asseritur,
1798 633 1902 674 tam

323 683 528 757 similes
552 686 657 740 sint
680 702 837 755 quam
857 688 945 757 qui
976 691 1224 743 maxime.

400 755 592 827 Verum
626 760 827 825 majora
846 755 1236 824 consectemur,
1257 767 1413 827 atque
1435 758 1497 812 ad
1527 768 1812 815 tractatuum
1841 762 1908 814 de

324 826 682 881 Anathemate
709 844 805 882 nos
834 832 1196 885 conferamus.
1228 826 1567 884 Conveniunt
1593 831 1644 884 in
1670 832 1770 886 hoc
1794 843 1905 885 tum

324 898 588 952 editiones
618 914 826 959 omnes,
856 912 966 954 tum
990 915 1089 954 ms.
1124 909 1332 963 noster;
1363 901 1539 955 varias
1554 902 1696 955 enim
1721 903 1902 958 lectio-

325 980 442 1031 nes,
475 983 609 1035 quas
633 970 697 1023 ad
743 972 1033 1039 marginem
1084 971 1351 1027 recensuit
1386 972 1732 1039 Quosnellus,
1764 984 1819 1028 ct
1858 974 1906 1027 in

322 1038 516 1122 niuibus
543 1040 714 1122 codex
744 1040 809 1122 ad
856 1041 1167 1122 Labbeanas
1193 1042 1360 1122 magis
1390 1042 1618 1122 accedit,
1638 1038 1764 1122 _n0n
1804 1060 1911 1098 ma-

322 1109 575 1177 gnifacio,
625 1111 714 1164 ubi
774 1121 920 1166 tanto
960 1114 1163 1181 potiora
1208 1109 1686 1168 animadvertenda
1730 1125 1906 1174 erant.

320 1181 541 1234 Scilicet
562 1182 817 1249 scriptum
850 1185 1011 1248 istud,
1041 1193 1248 1249 autego
1279 1183 1457 1247 fallor.
1481 1194 1573 1237 aut
1594 1185 1912 1240 nihilferme

321 1259 408 1304 est
427 1251 592 1315 aliud,
621 1267 781 1321 quam
804 1268 963 1308 cento
983 1269 1047 1307 ex
1073 1253 1301 1308 diversis
1329 1254 1644 1323 fragmentis
1674 1255 1913 1309 librario-

321 1337 440 1393 rum
470 1322 600 1375 vitio
624 1330 926 1379 contextus.
950 1324 1343 1378 Prmmittantus
1364 1322 1600 1393 eodirigi
1626 1334 1909 1380 tractatum

323 1391 477 1465 hunc
492 1402 562 1465 ut
596 1394 684 1446 illa
715 1395 878 1448 verba
914 1395 1317 1463 explicarentur
1346 1409 1410 1450 ac
1452 1391 1812 1465 purgarentur
1856 1399 1910 1451 in

321 1463 501 1534 Acacii
529 1463 873 1520 damnatione
912 1465 1141 1534 prolata,
1174 1463 1533 1534 nunquamque
1574 1466 1913 1522 anathemati:

322 1532 540 1589 uiuentis
565 1536 844 1606 mandas.
869 1532 937 1590 At
965 1539 1067 1589 hoc
1090 1545 1347 1604 praistare
1369 1532 1526 1606 longe
1555 1538 1723 1606 magis
1747 1537 1909 1592 Felici

321 1605 670 1673 congruebat,
712 1606 868 1674 cujus
912 1622 974 1661 ea
1013 1608 1175 1661 verba
1223 1605 1661 1676 fuel-annonam
1698 1609 1912 1663 Gelasio

324 1684 403 1747 tot
431 1676 587 1747 annis
614 1679 723 1741 jam
755 1677 955 1747 elapsis
980 1694 993 1728 :
1027 1679 1154 1747 quin
1180 1678 1444 1745 superflua
1470 1678 1660 1732 fuisset
1688 1680 1911 1733 omnino

266 1792 276 1801 .
320 1743 439 1819 haec
467 1743 1144 1817 Gelasiicura,'postqtiam
1174 1743 1321 1802 Felix
1352 1752 1463 1817 ipse
1488 1748 1700 1804 abunde
1721 1751 1775 1804 in
1792 1752 1907 1819 epi-

321 1816 458 1911 stola
490 1832 647 1911 quam
670 1834 811 1911 nunc
838 1816 1048 1911 edimus
1077 1820 1129 1873 id
1148 1820 1275 1911 ja’m'
1292 1816 1783 1911 praestiterat.JQuis
1813 1816 1910 1875 an-
1941 1850 1988 1911 Β

323 1896 432 1942 tem
466 1888 651 1941 credat
697 1890 966 1944 Gelasium
998 1890 1137 1943 hanc
1180 1888 1546 1944 defensionem
1594 1890 1908 1958 adornasse,

321 1972 390 2030 eo
422 1958 750 2030 validissimo
769 1970 1085 2030 argumento
1119 1976 1389 2029 nunquam
1415 1961 1672 2026 adducto;
1707 1962 1914 2018 scilicet

323 2027 381 2084 in
409 2028 627 2085 dubium
666 2027 903 2085 revocari
929 2046 1033 2084 non
1064 2045 1223 2100 posse
1250 2027 1377 2099 quin
1409 2046 1595 2086 eorum
1628 2032 1910 2088 verborum

304 2100 374 2154 ‘is
393 2115 520 2155 vere
545 2115 736 2171 sensus
759 2101 967 2167 fuisset,
1002 2116 1123 2155 cum
1154 2100 1300 2156 Felix
1327 2103 1458 2171 ipse,
1485 2103 1574 2171 qui
1600 2105 1913 2171 pronuntia-

324 2176 497 2239 verat,
541 2169 613 2225 ita
660 2170 948 2227 docuisset.
992 2172 1122 2239 Quis
1150 2169 1399 2226 credat’a
1452 2169 1664 2227 Gelasio
1691 2174 1910 2229 eosdem

323 2255 493 2313 sacrm
526 2240 819 2313 Scriptura:
859 2243 1007 2298 locos
1046 2243 1098 2295 iu
1130 2243 1378 2297 eumdem
1427 2243 1589 2297 finem
1618 2244 1908 2313 adhibitos,

326 2310 473 2365 nulla
502 2310 734 2381 unquam
768 2312 959 2369 Felicis
989 2313 1262 2369 mentione
1298 2313 1470 2368 facta?
1494 2315 1686 2381 quibus
1715 2316 1759 2370 si
1778 2310 1910 2373 eas-'-

325 2381 449 2454 de_m
484 2383 669 2448 ferme,
694 2384 783 2439 ubi
806 2384 980 2454 agitur
998 2383 1065 2440 de
1085 2385 1347 2443 sententia
1374 2386 1775 2452 resipiscentem
1803 2402 1911 2440 non

325 2452 616 2526 efﬁciente,
657 2452 879 2524 adjicias
936 2455 1188 2524 loquendi
1244 2454 1521 2526 formulas,
1562 2465 1913 2526 tenoremque

325 2524 585 2597 orationis
606 2539 668 2579 ac
688 2527 812 2596 styli
838 2540 1056 2595 prorsus
1084 2526 1355 2590 eumdem,
1388 2540 1419 2597 a
1442 2525 1617 2597 Felice
1645 2526 1759 2581 haec
1781 2524 1913 2597 quo-

327 2608 433 2662 que
459 2596 695 2665 profecta
715 2612 858 2661 esse,
884 2611 989 2651 non
1019 2597 1286 2651 immerito
1305 2596 1651 2665 conjectabis.
1676 2600 1745 2652 At
1770 2596 1913 2665 quod

328 2670 500 2736 magis
528 2666 923 2722 observandum
971 2678 1076 2732 est,
1119 2668 1403 2736 abruptum
1450 2666 1609 2735 hujus
1652 2676 1913 2723 tractatus

329 2735 536 2809 initium
568 2736 634 2809 ad
663 2738 779 2809 ejus
808 2746 1180 2809 argumentum
1214 2752 1318 2809 non
1345 2738 1598 2809 pertinet,
1627 2752 1750 2809 cum
1777 2740 1915 2792 frus-

331 2815 443 2861 tum
474 2807 544 2861 sit
577 2807 798 2863 alterius
823 2807 1035 2877 scripti,
1069 2807 1121 2861 in
1151 2823 1255 2876 quo
1278 2808 1345 2862 de
1365 2807 1914 2877 Constantinopolita-

332 2880 417 2932 nis
439 2877 705 2947 episcopis
737 2880 1012 2949 agebatur,
1050 2880 1309 2932 honorem
1339 2878 1592 2949 secunda:
1627 2879 1772 2933 sedis
1813 2880 1914 2934 sibi

333 2950 705 3018 arrogantibus
742 2948 806 3004 ex
855 2949 1207 3019 quorumdam
1250 2948 1764 3005 Chalcedonensiutn
1817 2950 1919 3004 Pe-

335 3028 474 3073 trum
490 3020 727 3084 decreto,
746 3022 814 3075 de
830 3035 960 3089 quo,
979 3020 1103 3075 dum
1124 3019 1237 3074 haec
1263 3020 1491 3073 meditor
1507 3029 1665 3089 atque
1686 3020 1913 3085 adorno,

336 3104 509 3161 novus
539 3091 607 3145 ad
642 3106 729 3146 me
754 3088 961 3161 Alo’ysii
992 3089 1280 3145 Andruccii
1313 3089 1542 3144 mittitur
1589 3088 1726 3145 liber
1756 3091 1916 3145 verba

335 3160 556 3216 faciens.
588 3161 736 3216 Hanc
777 3160 1053 3217 materiam
1088 3165 1256 3230 prima
1291 3162 1536 3215 columna
1578 3163 1917 3230 prosequitur

2013 555 2315 628 intelligere
2328 571 2561 628 necesse
2587 567 2687 613 est.
2721 559 2828 615 Sed
2854 559 2987 614 illud
3018 561 3237 628 insuper
3259 555 3598 623 animadver-

2010 624 2251 701 tendum,
2281 625 2443 701 _i|lam_
2472 640 2738 701 canonum
2779 624 3158 686 collectionem
3193 630 3457 701 ejusmodi
3499 648 3598 689 no-

2013 696 2157 749 mine
2188 695 2253 770 S._
2280 695 2761 770 Leoniseditorem
2779 716 2843 756 ex
2874 701 3090 770 proprio
3106 695 3311 770 judicio
3332 702 3593 768 donasse;

2014 781 2191 842 neque
2242 767 2293 819 in
2337 767 2437 842 hoc
2466 767 2743 842 doctorum
2782 767 3023 828 calculos
3070 767 3306 828 laturum
3352 767 3598 842 profecto

2011 838 2293 913 universos
2323 836 2720 913 si_colligant_ur
2746 858 2757 891 :
2790 844 2956 913 multa
2986 842 3129 897 enim
3162 854 3289 899 sunt
3316 836 3437 913 quas
3466 859 3597 901 con-

2013 907 2234 961 trarium
2258 906 2518 961 suadeant
2536 906 2607 963 ac
2633 909 2801 966 ferme
2824 912 3089 968 evinCant.

2082 977 2331 1051 Quidue
2377 976 2580 1051 Gratcis
2618 981 2788 1035 tribus
2824 982 3017 1037 Felicis
3045 983 3287 1051 epistolis
3329 984 3594 1049 dicemus,

2013 1063 2147 1123 quas
2167 1047 2417 1123 rejiciunt
2443 1050 2704 1123 valesius,
2733 1053 3010 1123 Dupinius,
3038 1047 3148 1115 alii,
3184 1056 3413 1123 probant
3433 1047 3595 1123 Cave,

2014 1119 2494 1191 Pagius._aliique?
2532 1121 2848 1177 Anastasius
2877 1124 3091 1191 quidem
3130 1119 3418 1181 secundam
3453 1119 3602 1181 vide;

2015 1198 2101 1243 tur
2132 1189 2378 1261 laudasse
2405 1190 2458 1243 in
2491 1191 2714 1258 epistola
2749 1189 2907 1261 paulo
2932 1189 3054 1247 ante
3092 1206 3382 1253 memorata
3411 1214 3424 1250 :
3465 1197 3601 1250 unde

2014 1260 2297 1313 notandum
2319 1262 2455 1332 quod
2485 1262 2737 1315 nonnulla
2754 1260 2878 1331 qua:
2896 1262 3079 1317 Latine
3100 1264 3304 1332 fuerunt
3325 1268 3480 1331 edita,
3505 1265 3600 1320 La-

2015 1331 2187 1402 tinitas
2216 1331 2451 1399 funditus
2479 1334 2613 1385 mole
2640 1333 2907 1386 oblivionis
2929 1334 3107 1387 obruta
3137 1335 3471 1402 deplorasset,
3502 1338 3601 1390 nisi

2014 1417 2079 1455 ea:
2100 1399 2397 1453 Griecorunt
2421 1411 2533 1469 post
2556 1406 2694 1469 fatue
2714 1405 2957 1457 librorum
2983 1403 3090 1458 lucc
3132 1399 3314 1457 hausta
3342 1399 3601 1459 sitib'tiudo

2017 1482 2217 1543 pectore
2239 1473 2591 1535 resumpsisset
2614 1489 2634 1537 ;
2662 1474 2793 1526 sicut
2826 1474 3091 1541 epistolam
3118 1472 3182 1529 Β.
3229 1491 3377 1543 papa:
3413 1474 3604 1529 Felicis

2014 1545 2067 1596 in
2095 1542 2303 1597 Petrum
2337 1543 2637 1595 sententiam
2667 1550 3005 1611 proferentem
3043 1542 3415 1598 Antiochenam
3456 1547 3599 1599 dam‘

2014 1613 2255 1667 nationis.
2283 1615 2349 1665 At
2371 1612 2716 1679 interpolatas
2749 1614 2939 1668 saltem
2961 1614 3079 1681 quis
3108 1630 3212 1668 non
3235 1616 3449 1669 videat?
3473 1616 3603 1671 Ter-

2016 1684 2144 1738 tiam
2180 1683 2468 1749 prtccipue,
2492 1698 2615 1751 quae
2639 1683 2738 1738 sibi
2764 1700 2868 1737 non
2885 1683 3140 1749 cohaeret,
3157 1700 3332 1753 neque
3349 1688 3505 1741 titulo
3519 1702 3604 1741 re-

2014 1754 2265 1825 Spondet,
2279 1767 2451 1825 neque
2465 1753 2744 1822 principio.
2764 1754 2818 1808 In
2834 1754 3017 1808 Latina
3037 1755 3229 1825 prioris
3248 1758 3492 1811 versione
3503 1758 3606 1825 syl-

2019 1825 2137 1878 laba
2162 1823 2361 1878 omissa
2399 1824 2651 1877 haeresim
2684 1834 2864 1879 creat:
2898 1825 3160 1878 dividuum
3190 1823 3606 1889 Trinitateme

2016 1894 2257 1959 memini,
2282 1908 2523 1949 errorem
2546 1894 2708 1949 alium
2725 1894 2969 1949 haeresim
2983 1896 3178 1964 pariter
3193 1897 3335 1951 circa
3365 1896 3603 1951 Trinita-

2017 1975 2124 2020 tem
2147 1964 2345 2029 facere,
2364 1965 2453 2019 ubi
2472 1965 2667 2089 ΙἝὶιυιν
2680 1965 2748 2020 de
2763 1965 2918 2031 Filio,
2943 1982 3034 2018 nec
3046 1966 3249 2036 genitus
3262 1978 3355 2032 est,
3373 1968 3460 2020 sed
3477 1983 3605 2036 pro-

2017 2038 2230 2089 cedens:
2257 2038 2498 2089 iusuecto
2575 2050 2715 2089 neco
2739 2044 2895 2089 textu
2911 2040 3089 2089 ulures
3117 2036 3365 2089 facillime
3390 2052 3605 2089 errores

2014 2038 2230 2090 cedens:
2257 2038 2498 2101 inspecto
2524 2036 2715 2089 Graeco
2739 2044 2895 2091 testu
2911 2036 3365 2104 pluresfacillimc
3390 2052 3607 2095 errores

2014 2107 2247 2171 abstergi
2273 2116 2514 2173 possunt,
2541 2120 2676 2174 quos
2692 2119 2755 2160 ea
2778 2106 2845 2161 de
2859 2121 3017 2161 causa
3034 2121 3298 2171 memoro,
3322 2118 3380 2161 ut
3400 2110 3452 2162 in
3468 2124 3604 2163 nova

2014 2176 2375 2231 Conciliorum
2404 2177 2723 2232 collectione
2740 2178 3258 2233 animadvertuntur.
3294 2177 3444 2232 Multi
3473 2194 3606 2234 sane

2015 2247 2372 2316 cujuscunque
2385 2247 2596 2312 generis
2610 2247 2663 2300 in
2674 2249 2967 2305 anteriores
2980 2247 3239 2302 editiones
3256 2250 3602 2316 irrepserunt,

2015 2263 2372 2316 cujuscunque
2385 2263 2596 2312 generis
2610 2263 2663 2300 tn
2674 2263 2967 2305 anteriores
2980 2263 3239 2302 eutuones
3256 2263 3601 2371 irrepserunt,

2015 2332 2241 2386 quorum
2267 2317 2407 2371 baud
2436 2331 2633 2385 paucos
2652 2317 2917 2371 Araciana
2945 2326 3285 2372 monumenta
3304 2318 3355 2371 in
3380 2320 3601 2375 tcientes

2017 2388 2071 2443 in
2090 2390 2190 2442 hoc
2208 2388 2471 2457 prommio
2492 2397 2546 2441 et
2568 2388 2618 2441 in
2641 2388 3077 2441 annotationibus
3098 2388 3270 2442 obiter
3282 2388 3602 2443 emendabo.

2090 2460 2158 2513 lis
2189 2473 2316 2528 ergo
2343 2472 2486 2513 nunc
2513 2457 2865 2513 insistendum
2889 2467 2993 2523 est,
3016 2473 3135 2526 quae
3157 2457 3415 2528 Acacium
3438 2460 3605 2528 respi-

2016 2531 2181 2586 ciunt.
2206 2527 2402 2584 Gelasii
2430 2528 2496 2582 ιν
2526 2542 2618 2583 seu
2648 2529 3120 2583 commonitorium
3147 2529 3215 2581 ad
3244 2527 3605 2592 Faustum,in

2056 2617 2124 2655 uo
2148 2600 2347 2669 pariter
2364 2613 2484 2654 cutn
2506 2601 2665 2652 editis
2681 2601 2947 2653 consentit
2967 2613 3066 2653 ms.
3091 2598 3284 2664 codex,
3310 2614 3415 2669 non
3439 2600 3607 2655 multo

2056 2617 2124 2655 uo
2148 2617 2347 2669 pariter
2364 2617 2484 2654 cuin
2506 2617 2665 2652 cuius
2681 2617 2947 2653 consenui
2967 2617 3066 2653 ms.
3091 2617 3284 2664 conca,
3310 2617 3415 2652 non
3439 2617 3606 2655 multo

2017 2617 2330 2738 depuratius
2348 2679 2431 2724 est
2451 2687 2464 2721 :
2490 2671 2554 2723 ad
2577 2669 2784 2723 initiutn
2807 2670 3056 2724 secunda:
3084 2670 3291 2737 pagina:
3316 2668 3459 2722 labat
3483 2684 3606 2724 con-

2019 2742 2200 2803 nexio,
2230 2741 2299 2794 ad
2340 2742 2498 2793 linem
2542 2741 2698 2806 perit.
2734 2741 2816 2793 Ab
2842 2740 2928 2803 iis,
2966 2740 3095 2791 illud
3138 2749 3308 2792 autem
3352 2738 3505 2792 nimis
3533 2750 3605 2794 est

2018 2811 2314 2877 impudens,
2338 2823 2504 2879 usque
2525 2809 2590 2861 ad
2616 2823 2699 2875 ea,
2726 2812 2778 2862 in
2805 2825 2954 2862 suam
2978 2809 3261 2879 traduceret
3283 2808 3606 2877 pravitatem,

2020 2881 2230 2935 diversa
2258 2878 2470 2934 videtur
2511 2880 2759 2947 epistola,
2791 2890 2846 2934 et
2887 2879 3101 2948 quidem
3153 2878 3368 2944 Felicis,
3419 2896 3446 2930 a
3502 2895 3608 2949 quo

2021 2950 2427 3005 Andromacbus
2448 2951 2730 3003 instructus
2764 2950 2940 3019 fuerit,
2970 2958 3027 3002 ut
3055 2950 3297 3019 Acacium
3317 2949 3608 3004 cohortare-

2021 3030 2124 3075 tur.
2157 3023 2399 3088 Sequens
2438 3020 2691 3089 periodus
2721 3018 2857 3074 redit
2891 3021 2956 3072 ad
2996 3018 3297 3086 anteriora,
3333 3027 3388 3073 et
3423 3020 3608 3089 subsc-

2021 3106 2191 3162 quens
2215 3105 2389 3162 usque
2414 3088 2478 3143 ad
2510 3092 2693 3162 verba,
2736 3090 2855 3162 Non
2883 3100 2956 3162 est
2987 3090 3415 3162 mir_um,_ru_rs‘us
3446 3088 3610 3145 Felici

2023 3159 2322 3240 tribuenda.
2348 3161 2533 3231 Neque
2555 3160 2852 3216 doctissimi
2884 3160 3098 3240 [ιω-σιξξὶ
3124 3159 3321 3240 sufficit
3347 3159 3610 3240 interpre-

336 3246 504 3302 nsque
550 3232 617 3287 ad
653 3248 715 3287 ea
749 3250 763 3287 :
806 3232 1066 3287 Peccatori
1088 3223 1328 3296 'ltomini,
1378 3240 1510 3296 etc.,
1542 3223 1631 3285 ubi
1671 3223 1914 3299 repente,
1944 3223 1993 3290 C
2027 3235 2176 3298 tatio,
2203 3244 2258 3286 ut
2285 3223 2478 3300 nempe
2503 3247 2569 3285 ex
2602 3246 2828 3300 persona
2852 3231 3161 3299 apostolica:
3192 3229 3340 3302 sedis
3364 3223 3612 3302 Gela'sius

336 3303 579 3372 quamvis
610 3312 859 3373 tanquam
886 3306 1194 3358 continuata
1229 3303 1542 3373 affet-antur,
1581 3302 1633 3356 iu
1677 3304 1921 3371 preposi-

337 3382 450 3427 tum
479 3374 664 3439 insilit,
711 3372 916 3430 scilicet
949 3389 1056 3443 quo
1079 3383 1349 3443 perpetua:
1384 3372 1746 3429 damnationis
1795 3386 1919 3429 nota

336 3452 666 3498 removetur.
700 3445 803 3499 Per
848 3454 961 3499 tres
997 3447 1276 3499 columnas
1316 3444 1454 3498 idem
1494 3446 1685 3512 agitur,
1732 3444 1921 3498 distin-

336 3513 514 3567 ctione
534 3529 694 3582 quam
722 3516 828 3569 col.
851 3514 989 3569 £219
1011 3515 1299 3582 aspicimus
1329 3514 1703 3582 intempestive
1726 3514 1916 3581 posita.

338 3583 452 3636 Col.
488 3581 617 3636 1251
653 3599 844 3639 versus
874 3581 1378 3652 deccm’perperam
1412 3581 1804 3638 interseruntur
1832 3586 1920 3638 in-

339 3653 624 3720 cipientes,
672 3654 821 3720 Quod
856 3656 999 3708 sedes
1039 3656 1351 3721 apostolica;
1391 3663 1634 3719 spectant
1668 3654 1811 3708 enim
1854 3655 1920 3709 ad

340 3722 599 3794 scriptum
640 3724 717 3787 id.
754 3725 906 3794 cujus
934 3735 987 3778 et
1026 3723 1233 3777 initium
1258 3735 1359 3779 est.
1394 3724 1569 3778 Verbo
1615 3723 1714 3778 hoc
1755 3734 1921 3779 tamen

339 3790 1007 3864 adrargumentum'redit,
1038 3795 1314 3864 periodum
1341 3793 1564 3863 Sphingi
1596 3804 1920 3863 reservatam

338 3862 655 3935 su‘bjiciens,
686 3880 804 3935 quae
834 3878 933 3918 nec
957 3862 1437 3933 ma‘nuscriptoruin
1463 3862 1562 3935 ope
1585 3868 1718 3921 satis
1758 3862 1922 3919 resti-

338 3932 540 3987 tuitur:
574 3932 811 4003 procedit
842 3945 1018 3990 tamen
1050 3947 1215 4004 usque
1234 3932 1305 3988 ad
1335 3948 1417 4002 ca,
1446 3932 1592 3999 Quod
1616 3936 1659 3989 si
1688 3938 1794 3989 tice
1818 3946 1925 3989 ten-

338 4014 446 4057 tare
481 4004 761 4074 formidant
784 4022 802 4059 :
831 4004 919 4059 ubi
952 4020 1135 4059 rursus
1182 4008 1433 4058 aberrare
1475 4006 1737 4073 videmur,
1771 4015 1824 4061 et
1855 4023 1919 4062 ex

338 4076 568 4147 abrupto
614 4087 868 4131 tractatus
900 4076 1115 4143 alterius
1138 4075 1513 4147 fragmentum
1554 4078 1779 4146 ingredi,
1814 4092 1919 4147 quo

336 4145 407 4200 ab
452 4147 774 4216 imperatore
819 4148 1033 4202 Petrum
1088 4146 1505 4200 Alexandrinum
1546 4145 1750 4201 absolvi
1813 4145 1918 4203 non

338 4219 578 4283 potuisse
605 4218 1023 4273 ostendebatur:
1051 4226 1358 4286 perstatque
1384 4231 1551 4285 usque
1573 4219 1639 4270 ad
1668 4220 1851 4287 linem,
1874 4220 1921 4274 si

338 4299 637 4355 postremas
669 4288 918 4357 periodos
961 4288 1218 4355 excipias,
1250 4302 1370 4357 qua:
1415 4301 1602 4342 rursus
1638 4290 1744 4343 alio
1782 4291 1921 4345 refe-

339 4366 552 4424 runtur,
585 4359 724 4413 inter
755 4374 813 4413 se
836 4359 997 4413 etiam
1021 4358 1352 4411 inconnexte.
1388 4358 1514 4413 llaec
1534 4368 1713 4415 autem
1741 4363 1918 4415 omnia

338 4441 369 4480 a
401 4437 479 4483 tot
510 4428 637 4482 viris
657 4429 1005 4493 doctissimis,
1036 4432 1123 4496 qui
1151 4430 1203 4482 in
1236 4430 1327 4481 bis
1349 4431 1713 4484 monumentis
1740 4432 1823 4484 vel
1863 4441 1922 4486 ut

336 4496 581 4567 ederent,
607 4499 691 4553 vel
721 4510 781 4553 ut
800 4500 1189 4567 expenderent,
1219 4498 1303 4552 vel
1333 4508 1392 4553 ut
1419 4499 1767 4565 adducerent,
1803 4517 1923 4555 vcr-

336 4571 437 4640 sati
471 4580 615 4634 sunt,
648 4570 1018 4640 animadversa
1053 4584 1157 4640 non
1197 4567 1383 4640 fuisse,
1415 4570 1767 4640 vehementer
1799 4587 1924 4640 pro-

337 4638 480 4693 iecto
509 4639 693 4694 mirari
723 4638 885 4693 subit.
906 4638 963 4693 S.
992 4639 1186 4693 Leonis
1207 4639 1383 4693 editor
1408 4650 1461 4693 et
1483 4639 1640 4707 hujus
1668 4638 1924 4696 tractatus

337 4718 497 4776 caput
527 4708 818 4788 invenisse,
847 4718 904 4764 et
922 4710 1076 4788 novis
1096 4709 1412 4777 quibusdam
1446 4710 1793 4788 lectionibus,
1826 4727 1924 4765 no-

338 4793 514 4847 vaque
542 4780 828 4848 partitione
857 4781 1270 4832 reconcinnasse
1308 4793 1369 4833 se
1391 4780 1716 4833 existimavit
1753 4796 1815 4834 ac
1838 4796 1925 4836 re-

337 4847 608 4915 stituisse;
645 4848 927 4918 abruptum
960 4857 1156 4918 tamen
1205 4847 1379 4901 adhuc
1421 4849 1631 4903 initium
1666 4859 1769 4913 est,
1804 4852 1925 4906 ﬁnis

337 4920 582 4983 mutilus,
617 4917 834 4975 confusa
865 4917 1033 4972 series
1056 4927 1218 4989 atque
1246 4919 1549 4972 intermixta
1576 4920 1755 4988 :quod
1779 4930 1923 4989 pate-

338 4990 440 5053 bit,
477 5002 533 5045 ut
554 4999 704 5060 puto,
741 4990 922 5043 statim
951 5001 1015 5042 ac
1045 4987 1340 5060 fragmenta
1373 4988 1440 5042 ad
1472 4987 1927 5060 disparatas‘cau-

338 5073 430 5131 sas
469 5063 766 5131 spectantia
798 5061 852 5114 in
882 5073 949 5114 eo
985 5059 1249 5113 contineri
1290 5067 1520 5131 constet.
1570 5059 1921 5117 Luxationem

338 5129 647 5200 hujusmodi
671 5131 826 5186 valde
869 5130 938 5184 ab
964 5131 1186 5200 antiquo
1212 5129 1497 5196 accidisse,
1531 5139 1640 5186 tum
1671 5145 1706 5185 e
1737 5132 1924 5188 codice

340 5216 500 5273 quem
533 5216 644 5271 pra:
681 5202 927 5256 manibus
967 5201 1246 5273 habemus,
1290 5209 1399 5255 tum
1419 5216 1487 5256 ex
1528 5203 1814 5273 Anastasio
1837 5202 1923 5257 Bi-

340 5271 693 5327 bliothecario
722 5273 932 5326 discere
968 5271 1020 5326 in
1065 5279 1311 5341 promptu
1337 5281 1441 5341 est,
1474 5273 1565 5341 qui
1602 5273 1655 5325 in
1696 5271 1925 5342 epiStola

342 5343 410 5396 ad
427 5342 683 5397 Joannem
708 5344 987 5397 diaconum
1012 5342 1343 5396 Cottectaneis
1365 5345 1582 5412 prmﬂxa
1606 5346 1924 5399 sententiam

342 5413 596 5481 alfereus,
626 5429 747 5484 qua:
789 5418 841 5468 in
885 5413 1046 5481 priori
1080 5413 1197 5479 ejus
1236 5414 1446 5482 pagina,
1495 5414 1604 5469 alio
1630 5423 1688 5468 ut
1716 5414 1927 5469 videtur

342 5486 679 5606 pertinente,
721 5484 931 5564 visitur,
966 5484 1335 5564 depromptam
1379 5485 1506 5539 dicit
1555 5501 1618 5539 ea;
1652 5494 1791 5538 tomo
1828 5486 1926 5566 Ge-

366 5572 464 5606 asu
486 5558 547 5606 de
567 5556 900 5606 anathemata
928 5551 1157 5606 Vincula.
1179 5553 1293 5606 Non
1314 5554 1543 5606 deerunt
1565 5556 1790 5606 fortasse
1809 5572 1924 5606 out-

366 5557 464 5609 asii
486 5558 547 5609 de
567 5556 900 5609 anathematia
928 5551 1157 5606 Vincula.
1179 5553 1293 5607 Non
1314 5554 1543 5609 deerunt
1565 5556 1790 5610 fortasse
1809 5557 1924 5624 qui-

344 5626 448 5680 bus
476 5628 642 5681 durus
673 5627 912 5679 videatur
935 5624 1021 5678 hic
1062 5638 1258 5689 sermo,
1299 5636 1353 5679 ut
1402 5626 1454 5679 in
1482 5626 1797 5680 canonicum
1835 5627 1928 5680 Ec-

346 5698 526 5747 clesiae
569 5700 820 5751 ltomanzn
850 5695 1087 5748 codicem
1117 5707 1292 5757 centu,
1326 5706 1386 5750 nt
1427 5700 1495 5749 ita
1544 5698 1739 5762 dicam,
1775 5712 1927 5751 rece-

352 5772 473 5831 ptus
507 5766 681 5817 fuerit.
713 5770 774 5818 At
802 5768 1040 5836 quamvis
1074 5777 1472 5821 monumentum
1519 5768 1654 5820 istud
1697 5769 1927 5836 antiqui-

353 5846 435 5887 tus
475 5837 731 5899 luxntutn,
761 5846 815 5888 ct
855 5854 881 5889 a
926 5835 1154 5891 librariis
1202 5838 1340 5891 male
1387 5837 1626 5894 habitum
1673 5835 1922 5905 dixerint,

2023 3304 2311 3374 loquatur:
2356 3304 2445 3374 illa
2475 3301 2616 3356 enim
2643 3317 2655 3354 :
2686 3304 2824 3370 quod
2861 3304 2953 3367 ait,
2982 3303 3028 3374 si
3072 3316 3275 3356 necesse
3312 3300 3489 3370 fuerit,
3526 3316 3611 3356 ve-

2022 3369 2162 3429 niam
2206 3369 2506 3443 postulare;
2541 3369 2841 3427 existimans
2880 3373 3123 3425 nimirum
3163 3382 3286 3424 tunc
3326 3388 3380 3424 se
3416 3374 3613 3438 peccati

2021 3442 2217 3501 veniant
2248 3446 2530 3498 necessario
2558 3445 2837 3513 postulare,
2864 3445 2907 3496 si
2938 3444 2984 3496 ei
3006 3442 3371 3510 concedamus,
3402 3457 3466 3495 ne
3490 3458 3611 3511 pec-

2021 3532 2138 3569 care
2159 3515 2407 3568 desistat:
2429 3517 2681 3568 Acacium
2709 3514 2886 3568 adhuc
2909 3514 3008 3566 hac
3028 3527 3154 3566 aura
3174 3521 3477 3567 vescentem
3502 3527 3612 3564 nta-

2021 3586 2219 3640 nifesto
2239 3585 2548 3638 ostendunt.
2587 3581 2719 3637 Cum
2749 3582 2949 3637 Graecis
2981 3581 3195 3647 deinde,
3223 3581 3326 3636 etsi
3365 3582 3609 3647 confuse,

2022 3656 2217 3709 iterum
2246 3670 2333 3708 res
2360 3662 2473 3717 est;
2508 3663 2561 3705 at
2602 3668 2663 3706 ea
2699 3655 2751 3706 in
2787 3653 2914 3717 line,
2959 3667 3118 3719 neque
3157 3652 3311 3718 plane
3350 3667 3465 3704 cum
3501 3652 3613 3705 istis

2023 3719 2129 3780 non
2161 3725 2531 3796 corrigentibus
2550 3724 2776 3796 ineunda
2805 3723 3116 3796 cangressio,
3149 3722 3215 3774 ad
3242 3735 3403 3789 supra
3436 3720 3614 3790 posita

2024 3792 2352 3861 referuntur,
2394 3794 2537 3848 nobis
2566 3795 2767 3846 nullum
2810 3796 2890 3859 [as
2924 3801 3000 3846 est
3039 3792 3170 3845 inire
3207 3802 3461 3861 certamen
3498 3806 3613 3845 cum

2024 3865 2316 3919 hominibus
2338 3860 2727 3917 communionis
2760 3864 2960 3917 alienis.
2995 3861 3204 3916 Nullam
3247 3864 3300 3915 in
3343 3860 3426 3916 bis
3456 3861 3614 3916 nobis

2024 3936 2199 3991 lucem
2230 3936 2469 4006 prmtulit
2492 3932 2625 3990 libel-
2646 3944 2851 4006 noster,
2880 3948 3000 3988 cum
3023 3933 3181 3987 editis
3202 3931 3348 4006 _mire
3378 3946 3612 4006 consen—

2028 4007 2185 4071 tiens,
2227 4002 2327 4061 nisi
2363 4020 2429 4061 eo
2461 4005 2602 4067 loco,
2639 4004 2728 4059 ubi
2766 4008 2817 4058 in
2854 4013 3097 4060 extremo
3131 4002 3370 4072 vulgatze
3406 4002 3612 4072 pagina:

2028 4070 2385 4133 “68’sensus
2412 4084 2495 4131 est
2523 4076 2721 4129 nullus.
2756 4075 2972 4145 Legitur
2993 4086 3171 4128 autem
3194 4070 3247 4128 in
3274 4070 3460 4128 codice
3482 4070 3497 4127 Ξ
3523 4090 3614 4128 nec

2024 4150 2182 4213 novit,
2212 4157 2302 4202 aut
2331 4163 2384 4201 se
2415 4163 2560 4201 nosse
2594 4146 2904 4212 dissimulat,
2944 4161 3031 4212 per
3058 4159 3380 4198 numerosam
3414 4153 3616 4198 senten-

2026 4220 2150 4272 tiam
2178 4220 2522 4283 sacerdotum,
2550 4227 2680 4280 etc.;
2712 4218 2795 4271 cui
2822 4216 3102 4271 sententia:
3144 4218 3189 4268 si
3224 4213 3445 4269 verbum
3492 4230 3614 4267 cana

2024 4298 2126 4342 stat
2151 4290 2359 4351 demas,
2392 4294 2472 4343 vel
2520 4287 2834 4356 particulam
2866 4296 2919 4340 ut
2945 4287 3131 4351 addas,
3165 4286 3342 4339 locum
3390 4283 3615 4356 habebis

2026 4360 2235 4427 integre
2264 4369 2318 4415 et
2344 4354 2638 4414 mutatione
2681 4373 2838 4427 quam
2881 4359 3100 4411 minima
3141 4358 3466 4410 restitutum.
3502 4354 3611 4411 Sed

2028 4431 2096 4485 de
2120 4431 2202 4485 his
2231 4432 2387 4486 satis.
2904 4442 2911 4455 '

2099 4501 2378 4569 Temporis
2429 4512 2642 4565 notam,
2693 4513 2802 4569 quo
2848 4497 3130 4566 epistolam
3181 4497 3319 4550 hanc
3349 4494 3515 4569 Felix
3545 4495 3615 4550 Ill

1948 4586 2004 4649 D
2033 4565 2383 4649 (quibusdam
2431 4571 2493 4634 ll,
2540 4565 2764 4649 alterum
2808 4565 3000 4649 nempe
3049 4575 3298 4649 tanquam
3347 4565 3610 4649 introsum

2027 4633 2149 4696 cum
2202 4640 2445 4695 Liberius
2494 4646 2767 4707 superstes
2804 4633 3117 4707 exsularet,
3158 4633 3613 4704 excludentibus)

2030 4710 2330 4778 scripserit,
2362 4723 2461 4763 ms.
2489 4706 2656 4763 codex
2689 4706 2908 4761 exhibet
2932 4706 3133 4778 nullam
3156 4721 3169 4769 ;
3196 4719 3379 4778 verum
3409 4720 3474 4758 ex
3498 4707 3614 4773 ipso

2028 4774 2280 4835 contextu
2302 4774 2549 4833 eruitur:
2582 4778 2787 4831 scilicet
2817 4784 2940 4845 post
2965 4774 3228 4847 synodum
3262 4774 3331 4828 de
3370 4777 3531 4847 lapsis
3566 4793 3614 4828 lli

2029 4851 2242 4917 Africa,
2286 4864 2427 4903 anno
2466 4849 2568 4903 487
2598 4848 2782 4901 Romae
2807 4855 3078 4909 coactam,
3116 4846 3266 4914 cujus
3295 4847 3497 4917 mentio
3522 4846 3613 4905 fit,

2028 4932 2085 4975 et
2113 4913 2241 4975 ante
2261 4920 2441 4975 Acacii
2468 4927 2717 4985 mortem,
2748 4933 2871 4987 qua:
2895 4913 3273 4987 contigitanno
3298 4916 3425 4978 489,
3454 4913 3615 4987 Euse-

2029 4991 2111 5045 bio
2139 4992 2381 5055 consule,
2433 4998 2490 5045 ut
2530 4985 2785 5044 discimus
2823 5002 2891 5043 ex
2923 4986 3136 5042 Victore
3184 4986 3514 5039 Tunonensi.
3564 4985 3615 5037 lu

2030 5061 2313 5115 Labbeana
2346 5059 2708 5116 Conciliorum
2741 5059 2975 5115 editione
3015 5066 3140 5112 ante
3186 5055 3378 5111 Felicis
3418 5057 3618 5122 epistu-

2031 5135 2135 5186 lam
2167 5131 2233 5204 12
2252 5132 2707 5204 collocandabtec
2732 5138 2924 5204 esset,
2958 5128 3198 5204 primam
3226 5140 3465 5204 nempe,
3498 5142 3618 5192 qua:

2030 5212 2153 5273 post
2175 5202 2378 5257 obitum
2410 5202 2589 5258 Acacii
2614 5202 2683 5256 sit
2715 5200 2857 5276 data.
2889 5198 2972 5276 Ad
3007 5209 3184 5254 certos
3225 5197 3471 5276 homines
3492 5212 3616 5276 ⁸ηοω

2031 5265 2114 5328 est
2141 5275 2326 5341 missa,
2359 5288 2627 5344 anonymo
2648 5271 2790 5344 enim
2823 5270 3022 5344 scripto
3048 5267 3356 5344 respondet,
3396 5267 3448 5320 in
3476 5265 3616 5344 Aca:

2032 5345 2132 5408 cii,
2165 5334 2418 5412 Petrique
2448 5334 2792 5397 Alexandrini
2818 5334 3181 5412 defensionem
3212 5338 3445 5406 vulgato,
3474 5334 3618 5412 quod

2034 5415 2194 5469 etiam
2224 5430 2292 5468 an
2333 5408 2401 5469 ab
2422 5428 2547 5469 .uno
2584 5421 2921 5483 compactum
2969 5410 3190 5483 fuisset,
3221 5422 3289 5462 an
3316 5422 3348 5460 a
3381 5408 3619 5483 pluribus

2032 5487 2188 5555 plane
2234 5486 2511 5555 ignorasse
2560 5477 2769 5537 videtur
2811 5482 2996 5555 Felix._
3024 5481 3107 5555 ΔΕις
3134 5479 3251 5555 bac
3299 5491 3428 5555 vero
3474 5477 3618 5531 illius

2031 5548 2216 5624 scripti
2246 5548 2634 5629 confutatione,
2664 5567 2785 5608 cum
2813 5567 2953 5606 nova
2983 5550 3107 5629 binc
3132 5549 3256 5604 inde
3283 5548 3614 5629 allataargu-

2034 5622 2235 5689 menta,
2271 5637 2381 5680 tum
2413 5624 2722 5697 ulteriorem
2758 5622 3308 5697 quarumdamrerum
3336 5622 3578 5697 notitiam
3599 5654 3614 5679 .

2036 5688 2292 5766 pluraque
2323 5699 2540 5768 insuper
2567 5688 2831 5768 colligere
2849 5703 2931 5746 est
2952 5732 2965 5755 ,
2988 5690 3236 5768 quibus,
3270 5691 3349 5742 vel
3378 5688 3518 5768 quod
3563 5688 3618 5739 in

2036 5757 2249 5834 ancipiti
2286 5774 2422 5833 erat,
2446 5757 2719 5836 'lirmetur',
2753 5764 2835 5817 vel
2861 5763 3001 5831 quod
3030 5757 3079 5813 in
3104 5763 3351 5836 obscuro,
3380 5757 3618 5836 illustre-

2038 5848 2119 5892 tur
2151 5826 2453 5907 plurimum.
2483 5834 2728 5891 Nondum
2760 5826 2937 5890 tamen
2960 5871 2974 5899 ,
3004 5847 3123 5887 meo
3154 5830 3367 5900 quidem
3393 5826 3621 5899 judicio-
