4090 6330
404 375 610 442 ’945

1850 361 2113 421 FELICIS
2151 358 2358 418 PAPIE
2397 359 2463 417 111

3689 359 3792 416 9M

497 497 739 567 singula,
782 506 901 563 qutc
935 489 1006 546 ob
1032 500 1150 545 eam
1179 481 1599 567 coptroversiam
1626 487 1743 533 acta
1773 487 1894 561 sunt
1913 519 1929 542 ,
1960 490 2085 567 apis
2112 480 2169 540 Α
2194 483 2405 567 {Miloni
2451 485 2797 567 coniequitur.
2825 476 2962 567 Quin
3017 483 3301 567 ettamLea
3348 490 3419 567 ne
3472 490 3570 544 pro
3616 474 3785 567 nihilo

497 548 873 633 disiingtii,'ac
901 562 1114 633 in_tuto_
1134 556 1289 627 poni,
1336 567 1509 633 neque
1550 566 1613 605 ea
1644 550 1839 633 omnia
1871 565 1990 618 quae
2016 548 2087 633 de

499 621 622 695 hac,
650 621 810 692 causa
838 631 977 701 apud
1007 621 1597 703 antiqttos_'scriptores
1636 621 1904 703 iegimtts,
1954 621 2087 673 satis

498 706 777 765 conciliari
809 695 1030 770 possunt
1076 718 1090 755 :
1133 695 1274 770 quod
1301 695 1573 761 corruptis
1601 695 1717 762 ejus
1756 695 1855 747 aevi
1895 706 2087 745 monu-

493 780 693 837 mentis
715 768 980 847 prtecipue
1001 768 1370 847 imputandum
1403 775 1554 835 puto.

567 838 949 905 Verumtamen
995 838 1137 913 quod
1172 842 1225 895 in
1268 838 1368 894 bac
1397 853 1457 913 re
1491 845 1652 905 caput
1681 843 1794 913 est,
1825 841 2083 913 quantum

493 921 723 978 Aeacius
752 904 1067 986 deliquerit,
1120 923 1174 967 et
1219 924 1380 986 quam
1420 904 1569 986 jusie
1614 906 1809 986 exinde
1839 904 2085 986 Gelasitts

493 976 584 1048 vel
633 992 687 1044 in
723 989 840 1056 ejus
874 976 1186 1056 memoriam
1219 976 1459 1056 invectus
1487 978 1558 1056 sit
1573 976 1830 1056 .“abunde
1860 976 2087 1056 hicnelue

492 1071 603 1115 cet.
636 1048 854 1115 Minime
895 1054 1136 1126 profecto
1168 1052 1407 1126 intelligo
1451 1048 1540 1126 qui
1584 1048 1697 1126 ileri
1744 1048 1980 1126 potuerit
2028 1055 2085 1100 ut

494 1130 727 1201 Dupinio
772 1118 1060 1201 aliqtiando
1102 1118 1398 1201 exciderit,
1437 1119 1595 1201 videri
1640 1118 1814 1201 Acac‘ii
1861 1132 2089 1201 errarent

492 1188 696 1255 omnem
724 1215 785 1253 eo
810 1188 1093 1258 contineri,
1127 1204 1181 1247 ut
1212 1192 1449 1246 Romano
1485 1190 1721 1260 episcopo
1745 1188 2085 1260 displicuerit,

492 1272 817 1339 principique
844 1285 939 1323 suo
965 1266 1182 1339 nimium
1212 1258 1519 1318 adhazseril.
1550 1259 1705 1339 Quod
1748 1261 1889 1313 enim
1939 1258 2086 1314 Felix

493 1330 545 1398 ct
576 1330 823 1398 Gelasius
875 1340 930 1393 in
976 1336 1225 1392 Acacium
1276 1339 1609 1395 statuerunt,
1653 1330 1705 1385 id
1747 1344 2087 1385 successores

494 1401 802 1468 habuerunt
828 1419 1025 1472 ratum,
1051 1423 1113 1462 ea
1133 1404 1349 1477 quidem
1369 1401 1694 1477 constantia,
1730 1409 1804 1477 ui
1818 1409 1934 1477 post
1956 1415 2089 1455 con-

495 1486 766 1539 tentiones
794 1470 1114 1544 acerrimas,
1145 1470 1283 1531 inter
1311 1472 1641 1544 Orientalem
1673 1480 1727 1544 et
1767 1470 2087 1544 Occidenta-

493 1556 603 1609 lem
648 1553 944 1608 Ecclesiam
993 1540 1110 1619 pax'
1136 1556 1297 1615 atque
1338 1542 1624 1619 concordia
1668 1540 2082 1619 obsig_na_ta_non

493 1626 659 1681 fuerit
686 1638 751 1678 ac
779 1613 1052 1684 restituta,
1088 1619 1186 1672 nisi
1210 1613 1335 1670 cum
1365 1630 1507 1667 anno
1548 1614 1762 1684 demum
1792 1613 1919 1684 519,
1953 1613 2088 1667 Hor-

494 1695 669 1751 misda
694 1693 935 1756 sedente,
965 1682 1147 1743 nomen
1172 1686 1346 1756 Acacii
1365 1686 1429 1739 de
1455 1683 1713 1756 dypticltis
1742 1692 1813 1737 est
1837 1682 2084 1756 deletum,

492 1776 558 1821 ut
596 1766 648 1819 in
696 1753 1049 1833 Suggestione
1081 1755 1321 1833 Dioscori
1349 1753 1559 1833 diaconi
1592 1753 1807 1833 legitur.
1830 1753 2085 1833 Equita-

493 1847 605 1893 tem
633 1825 1093 1888 anteuTRomana:
1126 1827 1499 1897 postulationis
1520 1825 1692 1897 Graeci
1720 1828 1933 1897 tandem
1956 1840 2082 1882 con-

492 1907 623 1963 fessi
651 1915 797 1969 sunt,
825 1903 1031 1958 Joanne
1056 1896 1312 1967 episcono
1339 1896 1939 1969 Constantinopolitano
1962 1904 2083 1965 post

493 1966 804 2033 haereticum
829 1966 1201 2043 Eutychetem,
1224 1969 1563 2043 Dioscorum,
1588 1966 1928 2043 Timoiheum
1963 1981 2083 2036 par-

491 2048 753 2112 ricidam,
786 2054 838 2100 et
870 2038 1084 2099 Petrum
1119 2039 1576 2112 Alexandrinum,
1607 2038 1849 2112 Acacium
1886 2055 2083 2112 quoque

493 2109 1077 2187 Constantinopolitanae
1095 2111 1353 2187 quondam
1382 2109 1523 2187 urbis
1551 2111 1844 2187 episcopum
1870 2110 2083 2187 compli-

492 2207 601 2243 cem
656 2179 844 2244 eorum'
882 2194 930 2241 et
976 2179 1242 2253 sequacem
1285 2181 1533 2235 similiter
1573 2179 2083 2253 anathematizante.

493 2260 812 2330 lnspiciatur
852 2250 1163 2330 Graecorum
1217 2253 1514 2330 antistitum
1568 2250 1823 2330 episiola,
1863 2266 2079 2330 .quae‘a

493 2320 816 2385 Bessarione
846 2326 1129 2389 recitatur,
1163 2322 1556 2380 Κινδννιύοντας
1585 2335 1644 2374 se
1691 2320 1970 2374 fatentium
1998 2320 2083 2377 διὰ

491 2406 585 2460 τήν
611 2400 933 2475 παρέκϐασιγ
958 2401 1047 2451 τοῦ
1070 2394 1419 2475 παῖρὸςσήμῶν
1436 2390 1693 2475 ³Δζωςίου,
1721 2400 1931 2475 propter
1954 2394 2083 2474 Aea-

495 2471 562 2523 cii
585 2460 745 2540 patr'ix
773 2467 933 2540 nostri
963 2460 1449 2540 pra'vari'catioitem.
1490 2460 1628 2540 Quin
1663 2460 1824 2540 etiam
1855 2462 2082 2540 Aeacius

493 2541 550 2593 in
585 2532 818 2594 'decreto
851 2536 918 2590 de
955 2532 1277 2604 apocryphis
1304 2532 1594 2604 Scripturis
1636 2538 1755 2600 post
1804 2532 2083 2588 haereticos

493 2550 550 2593 in
602 2550 818 2594 decreto
851 2550 918 2590 de
955 2554 983 2589 ιι
1060 2550 1277 2604 crypttts
1304 2550 1594 2600 acrtpturts
1637 2550 1755 2600 post
1804 2550 2083 2588 nmretlcos

492 2617 814 2666 reccnsetur
842 2623 923 2662 :‘a
970 2550 1147 2661 Fptiiice
1192 2605 1245 2655 in
1285 2604 1450 2671 ipsam
1494 2602 1743 2655 doctrinae
1788 2603 2083 2664 apostolica:

491 2684 759 2735 veritatem
800 2676 1070 2731 tetendisse
1093 2674 1286 2729 dicitur
1321 2690 1332 2724 :
1366 2674 1454 2725 ubi
1498 2672 1549 2725 iu
1598 2672 1757 2725 editis
1803 2675 2083 2741 prolitetur

492 2751 741 2807 Gelasius
760 2764 882 2804 eum
907 2764 937 2799 a
963 2746 1316 2799 communione
1336 2742 1587 2796 catholica
1610 2742 1855 2807 deviasse,
1889 2743 2082 2813 legitur

491 2821 548 2875 iit
585 2820 876 2877 Verottensi
906 2818 1089 2872 codice
1134 2833 1166 2867 (ι
1206 2813 1458 2868 catholica
1505 2815 1746 2877 veritate;
1798 2814 2080 2869 llormisda

490 2892 732 2946 Dioscort'
770 2900 818 2944 et
860 2887 1157 2959 Eutychetis
1186 2887 1422 2959 dogmate
1451 2894 1496 2959 et
1523 2885 1880 2959 communione
1910 2884 2082 2953 pollu-

490 2972 601 3016 tum
630 2970 809 3025 vocat;
839 2962 892 3013 in
922 2953 1159 3014 secunda
1204 2953 1324 3009 lidei
1353 2953 1720 3025 confessione,
1754 2970 1912 3024 quam
1949 2971 2078 3024 pon-

490 3034 621 3089 tilici
654 3024 891 3103 Agapeto
918 3029 1251 3085 Justiniattus
1276 3027 1569 3103 imperator
1589 3024 1800 3103 obtulit,
1829 3036 1948 3103 post
1979 3028 2081 3103 blu-

487 3095 1137 3175 tychetein'cacterosque,
1170 3095 1488 3175 aversantur,
1516 3095 1731 3175 linquit,
1760 3105 1807 3149 et
1837 3096 2080 3175 Acacium

489 3168 847 3227 coluereticum
872 3180 919 3224 et
949 3168 1210 3239 sequacem
1234 3184 1253 3234 ;
1284 3182 1346 3222 ac
1374 3168 1445 3239 ad,
1473 3169 1678 3239 plenum
1698 3168 1946 3221 delectum
1976 3170 2079 3223 Iuc-

2195 547 2438 603 babenda
2469 545 2622 614 sint,
2659 547 3035 615 imperatorem
3089 547 3143 601 in
3197 545 3573 600 hasreticorum
3606 558 3786 615 partes

2194 618 2539 687 perduxisse;
2588 617 2965 674 conscribendi
3019 625 3071 672 et
3116 617 3485 688 promulgandi
3538 617 3787 674 Henotici

2197 699 2467 744 auctorem
2525 689 2721 753 luisse;
2782 688 2927 742 sedis
2976 688 3284 755 apostolicae
3334 690 3539 757 legatos
3591 690 3792 745 ablatis

2197 759 2386 815 litteris
2412 775 2629 816 carcere
2650 767 2705 815 et
2730 759 2956 827 pecunia
2986 772 3348 829 expugnasse,
3377 761 3427 814 in
3454 760 3790 826 jurisdictio-

2194 846 2292 885 nes
2330 832 2535 888 alienas
2560 839 2669 885 tam
2707 840 2908 886 temere
2931 831 3183 895 irruisse,
3225 830 3592 901 catholiciqu
3618 847 3792 886 sacu-

2193 902 2396 956 dotibns
2419 918 2507 972 per
2541 901 2804 955 Orientem
2830 910 2990 956 totum
3011 900 3254 956 violenter
3276 900 3515 966 uelutis,
3546 902 3789 969 perditos

2193 988 2257 1028 ac
2277 973 2514 1029 nefarios
2543 972 2813 1037 homines,
2842 981 2897 1027 et
2922 972 2990 1025 ab
3020 974 3137 1041 ipso
3157 981 3312 1028 antea
3340 973 3626 1028 damnatos
3654 974 3788 1030 sub-

2194 1059 2447 1115 rogasse;
2474 1044 2736 1115 sedesque
2765 1042 3182 1115 Alexandrinam
3210 1042 3425 1115 quidem
3452 1042 3615 1099 Petro
3636 1045 3790 1115 Mon-

2192 1113 2559 1186 go'patricidii
2589 1115 2767 1178 socio,
2812 1114 3025 1186 Tyriam
3053 1113 3262 1186 Joanne
3283 1113 3355 1169 ab
3382 1114 3707 1186 Apamenis,
3734 1126 3792 1172 et

2193 1185 2543 1240 Antiochenis
2596 1186 2827 1254 sejecto,
2860 1184 3278 1240 Antiochenam
3346 1186 3508 1241 Petro
3560 1185 3790 1242 Fullone

2192 1257 2433 1327 synodali
2482 1256 2685 1325 judicio
2736 1264 3110 1325 exauctorato,
3162 1265 3457 1327 temerasse
3485 1272 3581 1325 per
3611 1256 3690 1311 ias
3733 1269 3789 1313 et

2193 1326 2375 1397 nefas,
2418 1335 2579 1397 atque
2625 1327 2909 1383 infecisse?
2952 1327 3090 1392 Quid
3145 1326 3332 1395 plura?
3380 1327 3570 1383 Nonne
3621 1328 3785 1383 etiam

2193 1395 2388 1452 Felicis
2419 1395 2612 1453 nomen
2643 1414 2674 1453 e
2705 1398 2873 1453 sacris
2901 1399 3095 1452 tabulis
3120 1398 3189 1452 ab
3213 1414 3280 1453 eo
3307 1408 3640 1466 expunctum
3683 1399 3785 1453 do-

2192 1478 2277 1525 cet
2300 1468 2693 1545 Theophanes?
2714 1472 2774 1525 τὸ
2799 1466 2957 1545 δερμα
2979 1471 3134 1545 aurai:
3164 1470 3332 1545 £56913
3354 1476 3456 1545 τῷν
3485 1469 3782 1545 dissimilem,

2191 1540 2335 1608 quod
2372 1540 2532 1595 etiam
2564 1540 2803 1595 referunt
2836 1540 3176 1608 Nicephorius
3205 1540 3260 1594 et
3286 1540 3583 1596 Cedrenus.
3614 1540 3786 1611 »ιδίας

2192 1610 2447 1683 quiddam
2498 1616 2613 1683 haec
2653 1612 2830 1665 omnia
2861 1612 3101 1680 proiecto
3123 1620 3317 1667 sonant
3339 1626 3501 1682 quam
3527 1610 3787 1683 episcopo

2193 1682 2436 1736 Romano
2463 1682 2816 1751 displicuisse.

2261 1754 2379 1820 Quo
2399 1754 2627 1808 consilio
2653 1769 2749 1809 seu
2788 1768 2889 1823 qua
2917 1751 3170 1809 methodo
3201 1754 3339 1808 hanc
3358 1753 3652 1810 editionem
3703 1756 3785 1811 in-

2190 1826 2511 1890 struxerim,
2564 1827 2745 1893 paucis
2791 1825 3113 1880 admonebo.
3155 1823 3382 1879 Textum
3404 1826 3621 1895 quidem
3654 1843 3784 1895 pur-

2227 1912 2320 1951 are
2343 1896 2573 1950 adnixus
2597 1911 2714 1950 sum
2736 1935 2751 1961 ,
2781 1906 3148 1951 verumtamen
3196 1896 3582 1951 transformari.-
3613 1900 3781 1952 nolui.

2227 1913 2320 1951 are
2343 1913 2573 1950 adnixus
2597 1913 2714 1950 sum
2736 1935 2751 1961 ,
2781 1913 3148 1951 verumtamen
3196 1913 3582 1951 transtnrtttarc
3613 1913 3781 1952 nttllll.

2188 1913 2323 2023 flinc
2352 1970 2450 2021 etsi
2482 1975 2659 2036 partes
2697 1966 2836 2021 male
2876 1968 3014 2022 inter
3041 1981 3101 2022 se
3128 1966 3495 2022 coliazrescere
3526 1983 3781 2023 n0nnttn—

2186 2053 2347 2108 quam
2374 2037 2720 2110 viderentur,_
2743 2039 3021 2110 arbitrium
3070 2053 3175 2091 non
3218 2036 3431 2110 adhibui
3465 2057 3483 2110 :A
3510 2054 3578 2093 eo
3616 2040 3784 2110 siqui-

2187 2107 2309 2164 dem
2355 2109 2427 2163 uti
2476 2108 2817 2164 temerarium
2861 2107 3077 2173 luisset,
3122 2107 3391 2177 praseipue
3435 2108 3522 2163 tibi
3566 2107 3784 2165 constat

2184 2181 2674 2261 auctoretnipsuni
2715 2180 2960 2261 prosilire
2999 2178 3418 2261 aliquando,.et
3468 2180 3534 2233 ad
3587 2182 3780 2261 eadem

2187 2253 2385 2321 saepius
2412 2250 2610 2306 redire.
2642 2251 2821 2305 Semel
2852 2259 3057 2304 tantum
3090 2250 3442 2317 transpositos
3464 2266 3660 2307 sensus
3681 2254 3781 2307 ali-

2186 2320 2319 2391 quos
2344 2337 2442 2375 suo
2459 2321 2576 2376 loco
2602 2321 2832 2393 reddidi,
2859 2335 2980 2376 cum
3011 2321 3413 2393 reconcinnatio
3438 2320 3493 2375 in
3525 2335 3780 2393 promptu

2185 2401 2353 2456 esset,
2376 2406 2438 2446 ac
2462 2392 2791 2460 perturbatio
2825 2395 2874 2445 in
2905 2403 3111 2460 aperto.
3141 2390 3403 2453 Lacunas,
3428 2393 3471 2445 si
3503 2409 3625 2461 quae
3647 2390 3776 2458 sint,

2186 2477 2479 2531 quarumve
2534 2463 2583 2516 in
2628 2462 2814 2517 codice
2862 2464 3004 2516 nulla
3044 2477 3276 2531 unquam
3308 2470 3432 2516 uota
3461 2478 3561 2518 nos
3591 2464 3779 2519 admo-

2186 2542 2306 2599 net,
2338 2548 2444 2587 non
2485 2533 2727 2602 explevi;
2762 2533 2848 2587 ubi
2876 2533 3018 2587 enim
3059 2533 3247 2588 eadem
3295 2534 3591 2601 reponendi
3639 2536 3773 2591 certi

2187 2619 2293 2658 non
2321 2604 2489 2658 simus
2508 2645 2523 2666 ,
2554 2619 2653 2657 cur
2681 2615 2862 2657 nostra
2902 2604 3212 2659 auctoribus
3249 2607 3636 2673 appingatntts,
3670 2622 3776 2660 non

2186 2675 2363 2730 viden.
2394 2674 2835 2730 Emendationum
2864 2689 3073 2744 quoque
3114 2690 3361 2741 parcum,
3393 2689 3457 2729 ac
3488 2679 3540 2729 ιιι
3569 2675 3667 2741 iis,
3717 2678 3771 2730 ni

2187 2746 2363 2806 fallor.
2414 2746 2544 2799 satis
2590 2754 2803 2800 cautum
2854 2760 2941 2799 me
2995 2744 3220 2814 praestiti
3252 2763 3265 2798 :
3293 2759 3624 2815 quapropter
3652 2763 3772 2803 sen-

2188 2817 2378 2871 tentias
2424 2816 2744 2886 quandoque
2775 2816 2952 2871 minus
2982 2818 3244 2884 integras,
3278 2816 3652 2885 dictionesque
3679 2820 3772 2872 uti-

2186 2903 2288 2942 nus
2318 2898 2591 2942 correctas
2626 2902 2731 2941 non
2775 2888 2947 2955 attigi.
2978 2887 3119 2953 Quin
3148 2887 3234 2941 ubi
3266 2888 3491 2955 insignis
3529 2888 3775 2957 quaedam

2185 2967 2276 3012 aut
2303 2959 2459 3027 paulo
2492 2958 2713 3013 liberior
2742 2958 3046 3013 emendatio
3086 2958 3400 3027 contigerit,
3450 2974 3553 3012 ms.
3590 2959 3774 3013 lectio-

2188 3044 2307 3083 nem
2340 3029 2393 3084 iu
2421 3029 2856 3083 adnotationibus
2884 3028 3135 3094 alteram,
3183 3039 3243 3082 ut
3283 3029 3527 3097 quisquis
3559 3032 3775 3097 proprio

2180 3099 2383 3168 judicio
2414 3101 2489 3154 uti
2521 3101 2706 3170 possit.
2742 3100 2829 3153 Illa
2863 3114 3023 3163 vero,
3048 3112 3169 3153 cum
3214 3098 3466 3170 dictionis
3497 3101 3769 3169 cujusda‘m

2189 3171 2474 3226 inﬂexione
2506 3169 2735 3235 mutata,
2783 3171 2864 3224 vel
2906 3170 3163 3237 particula
3191 3169 3371 3224 addita
3392 3212 3406 3235 ,
3434 3179 3528 3225 aut
3557 3172 3767 3240 dempta

484 3246 700 3297 relicum
725 3243 910 3297 scribit
939 3235 1246 3311 Liberatus,
1272 3254 1378 3311 quo
1405 3236 1913 3311 elqgioinonseniel
1952 3254 2073 3296 cum
2106 3235 2153 3299 C
2185 3242 2386 3311 syllaba
2409 3243 2728 3297 sententiain
2756 3235 3106 3303 restituimus,
3136 3240 3263 3310 quid
3290 3255 3425 3309 opus
3448 3252 3562 3296 erat
3585 3235 3767 3296 admo-

484 3315 615 3368 item
645 3322 841 3367 mactat
864 3311 1109 3384 Nicolaus
1138 3310 1178 3363 l.
1202 3310 1339 3375 Quin
1385 3315 1440 3362 et
1469 3304 1701 3384 Basilius
1719 3304 1856 3362 Cilix
1884 3311 2073 3384 «ipen-

486 3392 577 3439 κοῦ
604 3381 1144 3459 doEav_1fatpa'ttro)_)oi_c
1183 3388 1488 3459 repqrtasse
1531 3377 1782 3459 Acacium
1822 3377 2069 3459 trad'idii,

482 3465 544 3508 ut
576 3458 714 3523 apud
747 3449 939 3507 Phu'tiu
964 3472 991 3523 ii
1024 3452 1269 3523 legimus.
1299 3449 1407 3523 Nec
1451 3458 1728 3523 propterea
1781 3464 1889 3523 rem
1943 3453 2072 3508 mihi

482 3518 625 3580 esse'
647 3525 766 3579 volo
795 3539 915 3579 cum
945 3518 1095 3575 viris'
1114 3520 1286 3574 doctis
1320 3519 1385 3572 iis
1406 3558 1421 3584 ,
1476 3518 1565 3587 qui
1608 3518 2073 3579 dissertationibus

480 3596 643 3651 etiam
675 3596 728 3649 in
753 3598 853 3649 hoc
884 3591 1173 3655 adhibitis,
1219 3590 1528 3659 episcopum
1564 3589 1711 3661 illum
1736 3632 1749 3655 ,
1781 3592 1883 3645 etsi
1926 3593 2071 3661 jnste

478 3666 812 3732 damnatum,
843 3664 1200 3719 orthodoxnm
1229 3669 1428 3725 tamen,
1460 3660 1600 3730 quod
1629 3659 1786 3715 [idem
1838 3659 2066 3731 spectat,

476 3738 809 3793 contendunt
862 3737 1046 3790 fuisse.
1105 3732 1301 3787 Indicia
1351 3732 1566 3801 quidem
1617 3732 1755 3784 haud
1811 3735 2067 3801 praeclara

475 3817 603 3863 sunt
630 3810 859 3878 (printer
883 3803 1424 3860 communicationem
1465 3802 1671 3878 de_qua
1702 3804 1873 3857 aiebat
1908 3805 2068 3876 Sym.

475 3874 699 3933 machus
724 3880 776 3931 in
809 3878 1175 3946 Apologetica,
1210 3890 1275 3946 an
1304 3874 1679 3946 communicare
1705 3890 1806 3946 non
1834 3885 1904 3928 est
1944 3874 2067 3932 con-

474 3950 662 4003 sentire
685 3965 797 4000 cum
828 3944 1082 4017 talibus?)
1113 3945 1253 4017 quod
1287 3944 1617 4017 orthodoxos
1646 3945 1926 4017 episcopos
1955 3949 2066 4015 eje-

472 4020 631 4080 cerit.
663 4020 793 4074 etin
823 4033 1008 4072 eorum
1041 4015 1198 4071 sedes
1228 4015 1513 4070 limreticos
1561 4016 1861 4077 intruserit;
1896 4021 2066 4086 quod-

470 4105 575 4158 que
587 4104 707 4143 eum
723 4088 1147 4160 itnpittsMongtts
1160 4087 2063 4160 a{pennasque-maduitvaaduodes.

471 4160 759 4213 concilium
801 4158 1240 4211 Chalcedonense
1278 4158 1618 4209 anathemate
1656 4159 1893 4221 notavit,
1926 4162 2065 4214 Aca-

472 4230 616 4283 cium
658 4228 1034 4300 συμζτρακτὸρα
1063 4226 1361 4300 habuerit,
1412 4235 1468 4277 ιιι
1515 4225 1725 4300 libellus
1778 4229 2066 4300 synodicus

470 4300 729 4367 loquitur.
777 4294 976 4350 Verutn'
1008 4299 1073 4349 ad
1119 4294 1467 4367 apostolicam
1512 4295 1690 4347 sedent
1734 4294 2064 4364 purgandam

473 4369 527 4422 id
550 4364 687 4421 satis
716 4381 979 4439 superque
1010 4374 1120 4429 est,
1165 4365 1307 4433 quod
1346 4364 1578 4439 Joannes
1618 4366 2063 4439 Constantinopo-

469 4440 669 4493 litanus
698 4438 1049 4507 proﬁtebatur
1085 4452 1099 4488 :
1130 4450 1348 4502 quorum
1369 4436 1479 4507 quis
1506 4437 1910 4507 communionem
1930 4436 2070 4495 c6m-

465 4506 730 4581 plectitur,
749 4525 922 4563 eorum
954 4516 1001 4562 et
1024 4507 1243 4561 similem
1272 4506 1707 4575 adjudicationem
1739 4508 1792 4560 in
1828 4511 2070 4567 eandem-

2181 3315 2343 3368 nere?
2391 3325 2482 3368 aut
2530 3312 2655 3381 quid
2706 3313 2907 3366 minuta
2953 3311 3145 3366 menda
3191 3326 3493 3367 memorare
3520 3321 3623 3365 tam
3652 3313 3755 3365 ire-

2182 3392 2408 3451 qnenter
2458 3382 2635 3447 obvia,
2665 3398 2732 3436 ex
2761 3382 2955 3453 quibus
2995 3383 3126 3436 nihil
3171 3393 3395 3438 eruatur
3433 3382 3598 3451 frugi?
3627 3382 3755 3453 Ani-

2183 3455 2584 3510 tnadversiones
2631 3454 2696 3508 ad
2750 3452 2996 3523 pompam
3029 3468 3362 3524 nequaquam
3404 3452 3757 3524 concinnavi:

2180 3525 2562 3589 congestiones
2599 3525 2813 3594 quidem
2855 3534 3068 3594 arrepta
3101 3523 3467 3592 cujuscunque
3508 3523 3654 3579 verbi
3677 3538 3767 3577 oc-

2178 3596 2392 3651 casione
2418 3597 2735 3661 cumulatas,
2766 3607 2822 3649 et
2848 3596 2979 3649 nihil
3012 3594 3116 3650 nisi
3145 3596 3288 3663 quod
3315 3596 3514 3651 millies
3540 3594 3766 3649 audivi-

2179 3682 2296 3738 mus
2322 3666 2608 3721 aﬂ‘erentes
2659 3668 2889 3738 probare
2933 3680 3265 3738 nequaquam
3299 3667 3468 3738 soleo.
3495 3665 3768 3738 Jamvero

2176 3736 2305 3791 illud
2338 3738 2603 3808 reliquum
2632 3736 2750 3803 est,
2784 3747 2842 3791 ut
2871 3737 3061 3791 erratis
3102 3736 3255 3808 haud
3277 3737 3480 3808 codicis
3515 3736 3762 3807 quidem,

2175 3809 2270 3863 sed
2311 3806 2710 3879 meis‘mihique
2743 3818 2949 3863 tantum
2985 3806 3315 3878 imputandis
3348 3806 3617 3863 humanus
3643 3821 3765 3862 eru~

2173 3880 2423 3949 ditusque
2446 3878 2614 3935 lector
2628 3878 2901 3948 ignoscat.

2478 3986 2813 4052 EPISTOLA
2850 3993 3006 4052 sm:
3041 3953 3458 4052 ‘rnacrsrus

2705 4108 2911 4164 ritilius
2950 4110 3009 4163 tt't
3048 4116 3217 4163 ripis.

2170 4227 2299 4293 Quae
2326 4244 2420 4294 pro
2453 4226 2636 4295 Acacio
2666 4225 3015 4292 offerebantur
3054 4226 3273 4295 refellit,
3303 4240 3524 4295 eumque
3553 4234 3609 4277 ut
3627 4228 3769 4295 juste

2239 4316 2300 4352 ac
2326 4290 2425 4352 rite
2453 4290 2788 4363 damnatum,
2824 4294 2893 4349 ita
2924 4311 3026 4350 non
3062 4290 3161 4350 nisi
3199 4290 3447 4350 canonice
3495 4290 3769 4350 restituen-

2242 4370 2367 4423 dunt
2396 4368 2639 4423 ostendit.

2173 4484 2200 4552 ἷι
2231 4478 2349 4582 post
2370 4474 2712 4580 'quingeutos
2749 4476 2922 4564 annos
2939 4476 3258 4565 .constituta.
3277 4477 3480 4565 Christi
3502 4476 3602 4565 eds
3626 4477 3771 4565 velle

544 4653 571 4682 ι
605 4644 715 4698 Duo
746 4642 951 4721 priores
990 4655 1176 4697 versus
1204 4640 1366 4721 iidem
1395 4649 1522 4721 cuni
1548 4641 1743 4721 quibus
1771 4642 2059 4704 Gratianus
2086 4655 2142 4717 D
2165 4646 2478 4721 gnatoribus
2504 4648 2868 4721 respondebat
2890 4648 2992 4703 h'oc
3020 4648 3143 4703 loco
3166 4648 3337 4715 Felix,
3366 4650 3508 4704 male
3533 4652 3603 4703 ab
3632 4651 3767 4718 ipsis

464 4715 742 4769 decretum
781 4713 1014 4782 primum
1048 4713 1300 4781 protulit.
1335 4720 1456 4780 post
1484 4712 1683 4767 Gelasii
1716 4723 1972 4773 tractatus
2003 4721 2056 4773 in

464 4781 797 4841 collectione
816 4781 1177 4838 Conciliorutn
1214 4783 1470 4848 allatum;
1504 4782 1646 4851 quod
1675 4784 1921 4841 invenire
1951 4805 2057 4843 non

465 4865 582 4909 erat
613 4854 754 4908 unde
770 4863 993 4908 erutum
1024 4862 1189 4919 esset,
1218 4868 1343 4907 cum
1376 4867 1475 4907 nec
1516 4855 1568 4907 iu
1603 4854 1811 4908 laudata
1859 4857 2057 4915 ibidem

464 4925 713 4994 epistola,
743 4939 812 4979 ex
834 4939 945 4995 qua
975 4926 1269 4995 secundum
1299 4923 1575 4977 decretum
1603 4935 1917 4995 excerptum
1950 4941 2054 4993 est.

465 4993 568 5051 nec
599 4998 650 5049 in
677 4996 797 5048 aliis
818 4993 1016 5049 Gelasii
1044 5009 1107 5047 ea
1137 4993 1298 5048 verba
1328 4993 1786 5061 conspicerentur.
1830 4996 2058 5053 Verum-
2089 4996 2093 5003 ’

466 5076 648 5119 tamen
678 5065 921 5119 eamdem
950 5064 1327 5119 auctoritatem
1357 5065 1621 5133 prolixius
1667 5068 1835 5121 multo
1877 5069 2057 5124 attulit

464 5136 714 5192 Nicotaus
740 5135 783 5202 l,
814 5145 873 5189 ut
899 5136 1227 5197 monuimus.
1253 5149 1445 5206 nempe
1471 5150 1639 5206 usque
1662 5136 1729 5189 ad
1752 5152 1814 5192 ea
1838 5138 2056 5194 damna-

468 5217 550 5260 tus
579 5207 643 5261 sit
668 5222 685 5259 :
712 5206 867 5275 cujus
901 5206 1181 5276 epistolam
1205 5203 1275 5259 ad
1302 5203 1568 5260 universos
1586 5207 1848 5276 episcopos
1868 5207 2057 5265 Gallia:

462 5291 590 5332 cum
613 5275 1331 5333 recenserentConciliorum
1355 5275 1843 5344 editores,’priores
1868 5295 2058 5336 versus

467 5348 862 5412 tantummodo,
892 5361 1026 5415 quos
1054 5346 1194 5414 apud
1217 5346 1532 5400 Gratianum
1564 5347 1827 5413 viderant,
1864 5350 2057 5407 litteris

466 5426 720 5473 notarunt
740 5418 962 5489 Italicis;
989 5432 1112 5489 cum
1134 5432 1227 5473 sex
1250 5417 1381 5489 item
1402 5418 1792 5487 subseqttentes
1812 5420 2053 5489 ejusdem

467 5496 647 5559 textus
678 5488 836 5559 verba
864 5488 1164 5553 continere,
1193 5497 1248 5542 et
1283 5487 1474 5543 eodem
1503 5489 1664 5543 modo
1694 5491 1746 5544 in
1778 5487 2052 5559 po'Sterum

464 5558 779 5615 scribendos
799 5572 941 5623 e-se,
965 5574 1029 5613 ex
1059 5558 1159 5613 hoc
1182 5569 1530 5614 monumento
1549 5558 1837 5614 discamus.
1864 5560 2052 5617 Mirum

468 5629 724 5699 estquod
754 5631 883 5682 item
909 5630 1187 5695 discimus,
1221 5643 1390 5699 usque
1420 5632 1487 5684 ab
1517 5645 1632 5684 aevo
1663 5629 1863 5685 Nieolai
1897 5633 1911 5684 Ι
1944 5648 2048 5688 non

470 5695 571 5774 t_iisi
585 5694 900 5774 abruptam.
916 5708 977 5774 et
997 5694 1179 5769 capite
1192 5694 1463 5774 carentem
1488 5701 1539 5774 in
1560 5702 1811 5755 Romana:
1837 5716 2050 5774 quoque

470 5765 727 5840 Ecclesiae
767 5765 997 5840 scriniis,
1031 5765 1088 5840 ut
1125 5771 1284 5824 modo
1323 5780 1375 5825 et
1414 5772 1463 5825 iu
1500 5771 1820 5827 Veronensis
1851 5765 2047 5840 depre-

2167 4718 2499 4790 apostolicte
2526 4720 2673 4773 sedis
2718 4734 2922 4774 morem
2969 4730 3398 4790 potestatemque
3434 4723 3759 4790 oppugnari,

2167 4787 2292 4861 quae
2317 4804 2439 4845 cum
2461 4787 2765 4861 Christiana
2791 4787 3030 4845 Ecclesia
3053 4787 3403 4861 adolevisset,
3434 4799 3489 4843 et
3510 4787 3762 4859 quinque

2162 4858 2274 4929 jam
2311 4862 2479 4916 lerme
2508 4860 2704 4914 saecula
2736 4861 3012 4927 viguisset.
3053 4858 3123 4912 Ut
3153 4860 3322 4927 printa
3353 4858 3611 4929 periodus
3639 4876 3762 4915 ace-

2166 4931 2349 5000 phala,
2383 4932 2453 4984 ita
2479 4930 2714 4984 secunda
2746 4930 3009 4996 exemplis
3037 4944 3152 4984 rem
3183 4933 3547 4999 comprobatus
3576 4932 3758 4984 mutila

2165 5002 2379 5058 videtur
2409 5001 2461 5071 in
2493 5016 2618 5064 ms.;
2652 5000 2948 5071 illustratur
2982 5008 3161 5055 autem
3191 5001 3392 5069 optime
3434 5003 3504 5055 ab
3533 5002 3762 5071 epistula

2166 5087 2286 5141 qua:
2312 5072 2379 5127 13
2403 5070 2604 5127 Gelasii
2629 5070 2825 5126 dicitur
2850 5087 2861 5122 :
2892 5071 2998 5125 Sed
3021 5086 3114 5125 nec
3138 5071 3231 5125 illa
3252 5070 3595 5138 praeterimus,
3619 5073 3760 5135 quod

2164 5142 2450 5211 apostolica
2480 5142 2623 5196 sedes
2644 5142 2955 5210 frequenter,
2986 5151 3040 5195 ut
3071 5141 3268 5195 dictum
3298 5151 3393 5207 est,
3424 5158 3565 5196 more
3591 5144 3762 5211 majo-

2163 5230 2298 5281 rum,
2332 5214 2486 5268 etiant
2521 5214 2628 5265 sine
2660 5213 2768 5265 ulla
2794 5213 2991 5282 synodo
3021 5213 3356 5282 praecedente,
3390 5224 3436 5267 et
3465 5213 3767 5267 absolvendi

2163 5300 2290 5354 quos
2330 5283 2558 5353 synodus
2603 5285 2775 5352 inique
2811 5284 3167 5354 damnaverat,
3205 5293 3255 5337 et
3291 5282 3575 5337 damnandi
3614 5285 3766 5336 nulla

2165 5353 2408 5408 existente
2449 5355 2645 5423 synodo
2687 5370 2816 5423 quos
2859 5354 3105 5422 aportuit,
3148 5353 3385 5408 Itaﬁuerit
3424 5354 3766 5423 facultatem:

2166 5433 2358 5495 sancta:
2378 5426 2635 5478 memoria:
2654 5426 2842 5494 quippe
2861 5424 3202 5478 Athanasium
3227 5426 3452 5495 synodus
3479 5425 3764 5486 Orientalis

2164 5494 2456 5561 addixerat,
2482 5510 2633 5566 quem
2658 5505 2827 5549 tamen
2855 5506 3121 5566 exceptum
3146 5494 3290 5550 sedes
3314 5496 3623 5566 apostolica,
3643 5496 3765 5565 quia

2164 5567 2483 5619 damnationi
2506 5564 2801 5619 ercorum
2838 5582 2939 5619 non
2967 5564 3249 5629 consensit,
3282 5564 3534 5631 absolvit;
3565 5576 3764 5621 sancte

2162 5638 2417 5689 memoria:
2436 5635 2689 5688 Joannem
2712 5634 3331 5707 Constantinopolitanum
3356 5639 3586 5707 synodus
3607 5638 3764 5690 etiam

2159 5707 2527 5778 catholicorum
2568 5708 2845 5778 prwsulum
2889 5717 3020 5760 certe
3052 5706 3360 5765 damnarat.
3390 5706 3553 5778 quem
3595 5706 3760 5778 simili

2156 5777 2308 5829 modo
2342 5777 2483 5831 sedes
2519 5777 2799 5845 apostolica
2828 5780 2981 5833 etiam
3010 5779 3141 5841 sola,
3177 5780 3296 5845 quia
3332 5775 3431 5830 non
3478 5775 3757 5838 consensit,

468 5834 775 5901 benduuus,
810 5828 945 5893 hanc
972 5828 1251 5903 epistolam
1283 5843 1448 5931 visam
1478 5855 1615 5898 esse.
1645 5844 1823 5901 Acacii
1852 5828 2046 5913 maps.
2153 5828 2401 5913 absolvi—ti,-
2432 5828 2649 5916 denique
2674 5828 3162 5907 timiiiniah'ui.
3181 5828 3755 5920 ipoiitiﬁcum’congrc-i

1454 5946 1505 5955 -.κ
