4090 6330
308 375 414 431 945

1502 375 1853 465 ιςριδτυιηιε
1898 374 1983 465 ET
2024 373 2369 430 occasu.

3474 378 3577 433 946

309 490 620 542 subvertere
641 528 656 551 ,
688 502 809 543 eum
838 488 1050 559 triginta
1076 502 1337 574 annorum
1361 501 1453 541 'tex
1484 487 1759 540 honnnum
1788 500 1893 539 non

2014 501 2278 570 majoribus
2327 500 2588 571 suppliciis
2636 501 2954 556 subderetur.
3004 514 3024 541 ε
3060 503 3239 574 Itaque
3269 517 3374 557 non
3422 514 3480 559 ut
3524 506 3577 558 in

308 580 483 648 possit
504 582 770 652 abrumpi.
803 582 1056 639 Sanctum
1079 562 1424 639 Athanasium
1453 581 1572 636 ideo
1594 595 1699 635 non
1725 578 1889 634 fuisse

307 669 621 726 damnatum
648 684 677 726 a
712 672 918 744 synodo
948 673 1216 741 Orientis,
1262 673 1383 745 quia
1432 672 1587 729 sedes
1636 672 1735 727 ista
1780 685 1887 726 non

310 764 645 820 consenserit
694 782 709 820 :
760 776 1000 823 sanctum
1047 767 1305 824 Joannem
1349 765 1890 836 Constantinopolita-

310 869 473 920 num,
521 864 765 913 sanctum
814 859 1240 917 Flavianum.....
1271 860 1328 915 Si
1364 873 1493 928 ergo
1530 874 1592 914 ea
1623 875 1729 913 non
1757 874 1887 914 con-

309 947 580 1003 sentiente
619 949 764 1017 sola,
816 951 906 1018 qui
948 951 1180 1007 damnati
1210 959 1334 1007 sunt
1362 966 1391 1006 a
1421 950 1631 1021 synodo
1655 949 1888 1006 Orientis

308 1054 416 1096 non
450 1048 740 1111 potuerunt
764 1056 883 1098 esse
911 1042 1171 1111 damnati,
1201 1056 1537 1113 consequens
1564 1051 1642 1099 est
1670 1050 1695 1079 ι
1727 1044 1887 1098 etiam

226 1199 241 1215 ι
309 1131 429 1187 sine
484 1131 692 1203 synodo
736 1133 826 1202 qui
877 1134 1063 1190 eadem
1109 1133 1224 1189 sola
1267 1133 1557 1189 damnante
1609 1133 1891 1189 damnatus

307 1220 500 1287 fuerit,
546 1221 830 1279 damnatus
874 1225 960 1281 sit.
1000 1223 1029 1262 ι)
1072 1223 1349 1279 Postremo
1386 1224 1431 1280 si
1468 1224 1612 1279 nulla
1654 1233 1737 1280 est
1773 1224 1890 1294 ejus

305 1314 475 1371 solius
504 1316 788 1383 sententia,
814 1317 939 1387 quid
968 1324 1246 1389 tantopere
1272 1316 1522 1388 cupiunt,
1555 1317 1691 1372 hanc
1717 1318 1888 1373 resol-

307 1407 475 1463 vi.....
507 1408 812 1463 testimonio
838 1408 1018 1465 Acacii
1056 1409 1145 1464 ubi
1186 1409 1496 1474 conﬁrmat,
1548 1408 1887 1464 Timotheum

307 1500 632 1555 catholicum
657 1500 724 1556 de
743 1500 1087 1556 damnatione
1129 1500 1271 1556 Petri
1316 1500 1563 1557 retulisse
1592 1500 1657 1555 ad
1691 1509 1892 1556 utram-

308 1605 414 1661 que
443 1589 704 1655 Romam;
736 1592 851 1659 ubi,
882 1593 949 1647 ab
972 1593 1223 1648 heretico
1246 1593 1408 1648 fuisse
1435 1592 1761 1661 ordinatum,
1792 1593 1894 1676 hoc

308 1692 390 1738 est
415 1684 735 1754 complicem
764 1683 984 1739 insaniae
1010 1698 1120 1739 suae
1138 1728 1152 1751 ,
1188 1683 1275 1739 ubi
1303 1684 1453 1752 dicit,
1480 1693 1535 1737 ut
1566 1694 1771 1752 propter
1802 1687 1896 1740 hoc

1993 591 2290 662 sequestris
2331 599 2507 658 esset,
2553 594 2692 663 quod
2744 608 2883 650 nunc
2925 595 3305 663 praetenditur,
3355 605 3577 660 sancto,

1993 708 2117 750 cum
2147 693 2388 763 obiisset,
2421 694 2701 751 Timotheo
2725 696 3126 766 subrogandus;
3157 698 3247 768 qui
3279 713 3381 768 pro
3406 699 3582 755 scele-

1995 789 2144 844 ribus
2182 787 2321 852 suis,
2353 803 2473 858 qua:
2512 789 2696 843 retulit
2720 790 2978 857 Aeacius,
3009 788 3289 860 suppliciis
3331 789 3581 845 subditus

1996 897 2081 945 est
2111 906 2125 941 :
2153 902 2309 943 nemo
2354 896 2530 943 autem
2580 888 2647 942 ad
2693 888 2948 944 honorem
2999 900 3326 945 reservatum
3359 889 3580 959 dignum

1991 986 2186 1042 asserit
2220 1001 2341 1042 esse
2383 987 2677 1057 suppliciis.
2718 988 3009 1057 Imperator
3033 989 3299 1045 Timothei
3329 991 3585 1046 catholici

1992 1088 2242 1145 electioni
2281 1096 2471 1144 cuncta
2518 1087 2785 1157 permisit;
2836 1102 3055 1144 necesse
3085 1098 3170 1145 est
3196 1090 3356 1160 igitur
3397 1101 3454 1146 ut
3492 1106 3582 1146 se-

1994 1198 2185 1260 quatur
2241 1189 2383 1259 quod
2426 1188 2516 1243 ille
2558 1188 2837 1243 constituit
2884 1196 2939 1243 et
2988 1188 3120 1243 dixit
3177 1189 3501 1246 catholicum
3551 1204 3582 1243 a

1993 1287 2277 1343 catholicis
2323 1286 2663 1351 ordinatum;
2711 1285 2904 1341 falsum
2941 1294 3026 1342 est
3064 1302 3192 1356 ergo
3229 1288 3370 1359 quod
3415 1291 3469 1343 in
3498 1303 3585 1345 se-

1999 1390 2201 1461 questri
2249 1389 2443 1444 dicitur
2486 1389 2837 1454 constitutus,
2869 1397 2929 1442 ut
2955 1387 3131 1443 eidem
3178 1389 3581 1460 subrogaretut‘,

2000 1490 2085 1545 cui
2112 1504 2384 1560 nunquam
2426 1488 2873 1554 communicavit;
2901 1496 2958 1544 et
2982 1504 3012 1544 a
3042 1505 3149 1558 quo
3174 1490 3475 1559 postulatus
3501 1496 3585 1547 est

2004 1590 2212 1661 longius
2240 1591 2440 1647 debere
2466 1590 2710 1661 relegari.

2077 1690 2105 1729 ἀ
2134 1692 2188 1747 Si
2207 1691 2482 1759 iuraverat
2500 1692 2738 1747 Joannes
2764 1704 2871 1746 non
2901 1704 2961 1746 se
2988 1689 3223 1745 futurum
3254 1690 3587 1761 episcopum.

309 1815 530 1894 gatioue__
554 1814 875 1877 damnatum,
923 1815 1037 1894 pari
1067 1824 1275 1894 tenore,
1299 1816 1559 1894 quoniam
1594 1817 1717 1894 sola
1741 1817 1896 1894 sedes
1924 1822 1975 1884 Β
2001 1822 2087 1877 vix
2121 1824 2479 1894 assequimur.
2515 1820 2698 1879 Aeacii
2722 1822 2788 1878 ad
2820 1822 3153 1894 Simplicium
3184 1822 3449 1878 indicatur
3476 1825 3590 1891 epi-

308 1884 591 1954 apostolica
611 1884 1008 1956 nonconsensit,
1030 1884 1262 1941 absolvit.
1292 1884 1493 1956 Opinor
1519 1896 1571 1941 et
1594 1887 1645 1941 in
1672 1887 1895 1955 epistola

311 1965 517 2028 nostra,
549 1965 601 2008 et
642 1956 692 2009 in
722 1954 926 2028 Nicolai
953 1956 1063 2028 illa,
1096 1965 1270 2028 textus
1300 1954 1738 2025 consequentiam
1768 1973 1893 2028 par-

310 2026 485 2098 ticula,
502 2034 705 2098 tantum
731 2025 907 2098 addita
930 2027 1112 2098 aliquo
1140 2027 1299 2082 modo
1324 2029 1403 2083 sic
1428 2029 1679 2083 resarciri
1710 2025 1889 2098 posse:

312 2096 378 2152 S.
401 2095 737 2168 Athanasium
777 2096 890 2149 ideo
931 2095 1033 2150 non
1070 2097 1230 2167 fuisse
1269 2101 1566 2152 damnatum
1619 2116 1649 2152 a
1698 2095 1897 2168 s'ynodo

314 2166 537 2219 Orientis
558 2210 570 2228 ,
602 2168 723 2236 quin
752 2168 895 2220 sedes
923 2170 1020 2222 ista
1049 2185 1150 2221 non
1178 2171 1519 2236 consenserit,
1558 2170 1636 2223 vel
1664 2166 1897 2225 Silanu-

309 2254 428 2361 K'em
466 2235 1107 2309 Constantinopolitanunt,
1153 2238 1231 2293 vel
1272 2238 1333 2293 S.
1368 2235 1696 2295 Flavianum.
1749 2242 1892 2296 Scw.

368 2323 608 2361 aremus.

368 2323 608 2362 AFFEIUS.

386 2386 414 2415 κ
444 2378 520 2433 lie
549 2377 837 2452 universali
865 2377 1073 2450 synodo
1100 2379 1382 2452 intelligas.
1429 2380 1495 2437 Ut
1528 2381 1596 2435 ita
1626 2380 1895 2452 intelliga-

311 2464 456 2513 mus,
482 2458 535 2522 et
562 2447 813 2503 Acacium
852 2447 957 2504 non
996 2451 1113 2522 sine
1143 2447 1443 2506 Italicorum
1479 2452 1762 2517 praesulutn
1805 2447 1915 2522 sy-'

311 2522 457 2574 nodo
479 2520 778 2573 discussum
809 2529 967 2588 atque
988 2519 1296 2576 damnatum
1327 2522 1630 2588 credamus,
1664 2519 1895 2588 plurium

312 2599 783 2663 monumentorum
826 2591 1081 2663 collatio,
1112 2593 1257 2648 sedis
1296 2591 1606 2663 apostolica:
1645 2592 1738 2647 illo
1783 2608 1897 2647 aevo

315 2676 456 2725 mos,
489 2671 543 2715 et
570 2660 767 2734 invicta
792 2662 1177 2734 propemodum
1207 2660 1522 2729 argumenta
1554 2678 1653 2734 nos
1680 2663 1900 2733 adigunt

315 2748 379 2785 ac
415 2729 761 2799 compellunt.
794 2729 968 2785 Verba
1009 2734 1336 2802 ceteroquin
1375 2735 1420 2788 si
1462 2729 1815 2797 attendimus,
1845 2744 1902 2788 et

313 2804 498 2872 plures
529 2802 695 2869 locos,
739 2802 949 2873 nullam
968 2803 1188 2857 omnino
1232 2804 1573 2871 praecessisse
1614 2804 1897 2873 synodum,

315 2870 373 2927 et
394 2888 457 2927 ex
483 2881 669 2927 tenore
688 2872 900 2926 concilii
918 2870 1367 2928 Chalcedonensis
1388 2890 1414 2925 a
1442 2870 1657 2927 summo
1693 2882 1899 2927 tantum

315 2944 569 3014 pontiﬁce
597 2952 719 2998 eum
760 2943 974 3011 privato
1002 2958 1100 2998 suo
1130 2946 1571 3014 presbyterorum
1602 2954 1747 3014 etetu
1779 2959 1904 2998 sen-

319 3000 540 3070 ientiam
587 3000 886 3086 prolatam,
936 3000 1177 3086 quamvis
1230 3000 1426 3086 deinde
1480 3013 1704 3086 synodo,
1741 3017 1901 3086 etiam

317 3087 669 3156 propositam,
694 3085 952 3154 suspicari
968 3086 1096 3156 quis
1119 3100 1225 3140 non
1252 3085 1444 3154 injuria
1470 3084 1655 3155 possit.
1682 3084 1904 3156 Acerbis

317 3155 464 3211 enim
493 3156 799 3211 Graecorum
828 3155 1195 3223 querimoniis,
1224 3156 1341 3210 sine
1368 3157 1469 3210 ulla
1493 3156 1721 3226 synodo,
1757 3166 1812 3209 et
1835 3155 1905 3209 ab

318 3243 434 3309 uno.
468 3230 585 3282 solo
627 3228 1024 3309 damnationem
1056 3236 1328 3309 peractam
1345 3268 1368 3309 ,.
1393 3241 1663 3309 nunquam
1695 3226 1908 3309 reponit

318 3296 496 3362 Felix,
528 3312 797 3367 nunquam
827 3296 1091 3363 Gelasius,
1133 3296 1187 3352 in
1217 3296 1535 3368 provinciali
1577 3297 1810 3353 concilio
1840 3296 1908 3352 de

320 3369 519 3439 Acacio
560 3378 818 3439 statutum
868 3384 1007 3436 esse,
1060 3377 1116 3422 ut
1161 3371 1317 3437 paulo
1359 3379 1478 3439 post
1527 3369 1596 3425 de
1644 3368 1806 3435 lapsis
1854 3369 1907 3422 in

321 3437 525 3494 Africa.
577 3437 631 3493 In
671 3439 896 3508 epistola
939 3454 1097 3509 quam
1140 3437 1371 3507 edimus,
1418 3440 1565 3495 illum
1604 3439 1754 3495 Felix
1800 3453 1907 3493 non

322 3510 492 3563 semel
522 3511 695 3564 locum
726 3519 922 3581 urget:
956 3524 1079 3581 mete
1108 3510 1326 3564 levitatis
1351 3510 1682 3581 opprobrium
1702 3510 1909 3581 agitur:

325 3596 415 3633 cur
434 3595 548 3631 eum
568 3580 641 3632 sic
662 3580 823 3632 velitis
844 3579 1059 3643 absolvi,
1083 3589 1139 3632 ut
1159 3580 1212 3632 iit
1232 3579 1463 3633 omnibus
1486 3590 1531 3633 et
1553 3579 1913 3634 conscientiam

326 3656 576 3719 nostram,
615 3657 660 3701 et
699 3653 893 3719 [amans
931 3649 1134 3719 faciatis
1179 3651 1399 3719 exponi?
1438 3651 1830 3714 conscientiam,
1870 3649 1915 3702 si

327 3716 609 3783 absolvam,
632 3716 779 3788 quem
807 3718 961 3771 totius
989 3716 1291 3787 proditionis
1316 3734 1573 3772 auctorem
1593 3735 1646 3773 se
1669 3722 1777 3789 ipse
1795 3735 1915 3788 pro-

329 3791 493 3859 fessus
521 3799 629 3852 est;
655 3790 863 3856 famam,
893 3790 1048 3841 totius
1073 3798 1282 3841 mutata:
1305 3790 1564 3843 sententia:
1589 3805 1608 3842 :
1633 3790 1911 3856 legendum

329 3858 505 3929 forte,
534 3862 726 3929 famam
755 3858 816 3911 ob
847 3860 1095 3929 leuitatem
1134 3860 1321 3924 totius,
1354 3870 1480 3925 etc.,
1522 3861 1603 3913 vel
1643 3860 1915 3928 quippiam

329 3928 528 3986 simile.
576 3929 643 3986 Ut
685 3929 815 3983 illud
859 3928 1018 3990 idem.
1053 3929 1194 3997 quod
1226 3929 1467 3985 Pontiﬁci
1502 3930 1741 3985 Romano
1782 3930 1918 3998 obji-

329 3999 610 4064 ciebatur,
658 4001 926 4069 peregisse
978 4001 1228 4054 Acacium
1279 3999 1526 4056 Gelasius
1576 3999 1914 4069 ostenderet,

331 4086 486 4142 num,
530 4071 725 4142 inquit.
756 4070 1305 4142 Joanneni‘exclusit,
1338 4070 1662 4140 Petrumque
1691 4072 1916 4138 recepit,

329 4141 510 4213 aliqua
538 4139 736 4212 synodo
776 4143 956 4196 saltem
1000 4139 1113 4213 illic
1137 4141 1352 4196 habita?
1392 4139 1640 4197 Exinde:
1676 4157 1770 4194 cur
1796 4153 1918 4197 tunc
1964 4170 1973 4179 -

333 4212 437 4266 non
478 4216 609 4268 venit
651 4214 701 4265 in
738 4223 972 4276 mentem,
1006 4222 1060 4265 ut
1100 4212 1153 4265 in
1190 4213 1377 4267 talibus
1415 4214 1584 4266 causis
1614 4221 1865 4278 peteretur
1887 4230 1921 4267 a

331 4285 563 4356 principe
590 4281 768 4356 saltem
799 4282 1179 4356 qualiscumque
1199 4286 1425 4354 synodus
1457 4283 1762 4356 celebranda
1779 4282 1920 4356 {ubi

334 4353 539 4408 nullam
587 4353 806 4407 omnino
849 4354 1148 4422 synodum,
1198 4353 1318 4409 cum
1369 4356 1615 4423 primitus
1667 4353 1918 4411 Acacium

328 4425 613 4479 damnaret
638 4440 667 4477 a
691 4424 870 4479 Felice
892 4433 1152 4490 coactam,
1169 4426 1379 4479 videtur
1400 4425 1717 4482 concedere.
1747 4425 1787 4477 Τ
1794 4426 1921 4480 beo-

335 4496 572 4563 phanes,
624 4495 711 4547 ubi
758 4497 934 4549 Acacii
999 4494 1395 4551 damnationem
1450 4496 1641 4562 refert,
1689 4493 1918 4550 Felicem

2001 1894 2135 1965 stola
2170 1893 2273 1965 qua
2307 1895 2543 1951 haeretici
2573 1894 2839 1949 Timothei
2871 1893 3046 1949 Eluri
3090 1904 3316 1949 mortem
3352 1900 3589 1965 nuntiat,

2001 1964 2250 2034 Petriqne
2274 1965 2447 2035 Mongi
2477 1966 2685 2033 fugam;
2716 1965 2866 2034 cujus
2894 1965 3134 2032 epistola:
3160 1980 3223 2019 ea
3252 1964 3411 2019 verba
3440 1975 3584 2035 sunt;

2002 2043 2057 2087 ut
2075 2044 2279 2107 propter
2297 2038 2390 2089 hoc
2413 2036 2692 2105 majoribus
2713 2035 2981 2106 suppliciis
2997 2035 3320 2099 subderetur.
3339 2035 3594 2107 Obscura:

2000 2105 2179 2160 tamen
2203 2106 2452 2161 dictionis
2480 2115 2572 2160 aut
2595 2105 3050 2169 emendationem,
3074 2114 3165 2159 aut
3188 2119 3404 2160 sensum
3423 2105 3591 2159 etiam

1999 2190 2064 2230 ex
2097 2176 2343 2230 deductis
2385 2177 2490 2230 illis
2518 2191 2579 2230 ac
2598 2179 2703 2239 ,vix
2733 2177 3158 2246 signiﬁcantibus
3190 2175 3366 2246 verbis
3395 2190 3589 2230 eruere

2001 2256 2085 2301 est
2118 2264 2129 2298 :
2175 2247 2365 2315 legitur
2406 2247 2668 2316 siquidem
2713 2247 2765 2301 in
2790 2244 3100 2316 'memorata
3138 2246 3204 2299 ad
3246 2244 3583 2316 Simplicium

1999 2314 2246 2384 epistola,
2270 2316 2332 2369 ab
2352 2314 2699 2388 Alexandrino
2716 2315 3181 2388 episcopotﬂomam
3200 2314 3592 2388 adulter-utrum

2001 2396 2121 2440 sunt
2162 2387 2325 2441 relata
2366 2403 2385 2441 :
2435 2386 2521 2440 ubi
2565 2387 2646 2441 vel
2697 2384 3085 2455 reponendum,
3133 2396 3189 2438 ut
3235 2384 3320 2455 hic
3374 2385 3590 2455 legitur,

2003 2457 2219 2528 Romam
2242 2457 2311 2509 ad
2334 2466 2619 2528 utramque,
2643 2453 2835 2528 novam
2857 2466 2912 2511 et
2938 2465 3210 2528 veterem;
3238 2454 3319 2508 vel
3347 2453 3593 2528 alteruter

2002 2527 2327 2595 accipiamus
2357 2542 2455 2596 pro
2484 2524 2709 2596 uterque,
2744 2526 2881 2581 sicut
2908 2525 2999 2581 ubi
3036 2526 3091 2580 in
3119 2524 3418 2579 Columella
3449 2524 3593 2595 (Lib.

2003 2612 2103 2659 xu,
2129 2614 2244 2664 cap.
2269 2597 2323 2664 l)
2353 2597 2546 2665 legitur
2572 2613 2587 2654 :
2618 2598 2956 2651 necessarium
2984 2596 3079 2666 fuit
3108 2596 3429 2666 alterutrum,
3463 2596 3593 2666 foris

2003 2683 2109 2727 esse
2134 2668 2243 2737 qui,
2262 2677 2388 2727 etc.,
2410 2664 2547 2721 intus
2571 2669 2681 2736 qui,
2710 2677 2815 2721 etc.
2845 2667 2901 2720 in
2923 2664 3141 2736 vulgata
3167 2664 3377 2788 ἵλασοὺῦ
3404 2665 3590 2730 tv,H;

2003 2753 2057 2788 ν.
2091 2740 2180 2788 16)
2208 2737 2511 2788 alterutrum
2556 2747 2639 2788 est
2682 2750 2783 2788 oro
2827 2737 3065 2788 ἀλλήλων.
3111 2735 3168 2788 In
3192 2735 3339 2788 crius
3379 2749 3590 2788 quoque

2003 2753 2058 2808 v,
2091 2735 2180 2808 16)
2202 2737 2511 2808 alterutrum
2556 2735 2639 2808 est
2682 2750 2783 2803 pro
2827 2735 3065 2808 emistus.
3111 2735 3339 2808 Inferius
3379 2749 3593 2808 quoque

2006 2805 2309 2862 illum'dicit
2339 2806 2483 2862 Felix
2507 2847 2523 2870 ,
2557 2806 2653 2860 huc
2690 2808 2880 2872 pariter
2908 2817 2954 2860 et
2984 2805 3481 2875 Constantinopolim
3512 2820 3595 2858 re-

2006 2877 2189 2930 latum.
2217 2876 2360 2931 Sctr.
2395 2876 2685 2932 MAFl-‘EIUS.
3490 2936 3493 2939 _

2081 2958 2103 2986 ο
2137 2946 2282 3001 Inter
2317 2947 2438 3012 illa,
2469 2961 2589 3015 quae
2627 2948 2724 3017 pr’o
2763 2946 2933 3017 Petro
2953 2943 3319 3013 Alexandrino
3366 2943 3596 3017 adducta

2006 3026 2153 3081 sunt,
2185 3018 2239 3072 id
2273 3017 2510 3071 auditum
2556 3016 2662 3071 non
2706 3026 2843 3080 erat,
2876 3016 3161 3071 Timotheo
3200 3016 3471 3070 catholico
3510 3030 3599 3071 se-

2009 3088 2170 3143 dente
2216 3086 2642 3156 exspcctativam
2674 3087 2945 3143 habuisse.
2999 3086 3300 3142 lnauditum
3347 3086 3508 3141 etiam
3541 3088 3595 3140 ni

2013 3159 2171 3213 fallor
2194 3160 2244 3213 in
2275 3159 2377 3213 hac
2402 3159 2625 3212 materia
2654 3158 2969 3213 vocabulum
2995 3157 3049 3210 in
3074 3157 3375 3227 sequestris,
3406 3156 3518 3212 sive
3543 3159 3600 3212 in

2013 3229 2280 3300 sequestri,
2313 3228 2454 3297 quod
2481 3228 2568 3300 hic
2594 3239 2785 3298 quater
2809 3238 3095 3300 usurpatur
3120 3225 3187 3282 ad
3214 3225 3444 3282 futuram
3474 3238 3598 3300 sue-

2014 3298 2318 3355 cessionem
2353 3299 2779 3368 signiﬁcandam.
2812 3298 3152 3368 Translatum
3186 3304 3271 3353 est
3310 3313 3339 3351 a
3372 3299 3598 3367 legibus,

2013 3372 2066 3425 in
2093 3372 2287 3442 quibus
2316 3367 2571 3442 sequester
2600 3379 2683 3425 est
2728 3367 2869 3442 quod
2898 3368 3333 3442 custodientium,
3366 3369 3601 3442 reilden‘

2013 3439 2249 3512 dumque
2278 3440 2508 3511 depositi
2539 3441 2660 3495 loco
2688 3439 2998 3512 tradebatur
3027 3459 3038 3494 :
3071 3441 3193 3495 vide
3218 3439 3513 3512 L._proprie
3542 3439 3599 3493 tl.

2013 3509 2246 3579 deposit.
2279 3509 2824 3566 Animadvertendum
2855 3521 3057 3577 autem,
3085 3509 3330 3579 quamvis
3361 3509 3477 3563 haec
3505 3523 3603 3577 pro

2016 3583 2175 3638 Petro
2204 3580 2567 3636 Alexandrino
2608 3581 2742 3635 falso
2770 3580 3100 3645 dicerentur,
3129 3595 3193 3633 ea
3220 3589 3395 3632 tamen
3426 3594 3493 3631 ex
3523 3581 3600 3631 rei

2016 3652 2253 3721 novitate
2290 3661 2452 3721 atque
2491 3651 2775 3721 insolentia
2799 3664 3153 3721 nequaquam
3185 3649 3333 3721 rejici
3364 3664 3391 3700 a
3426 3646 3606 3721 Felice

2016 3722 2100 3776 vel
2140 3720 2271 3775 dilui
2302 3737 2315 3774 :
2345 3717 2474 3791 quin
2504 3719 2737 3775 subdere
2762 3717 2995 3791 videtur,
3018 3717 3309 3791 ’Timotbeo
3336 3717 3606 3791 catholico

2016 3787 2379 3846 successionis
2395 3791 2713 3845 electionem
2738 3789 3051 3859 permissam
3071 3787 3236 3859 fuisse
3253 3787 3419 3859 (quod
3441 3788 3602 3843 etiam

2018 3863 2086 3917 ab
2128 3864 2228 3916 hac
2264 3860 2493 3931 epistola
2534 3856 2776 3915 historiae
2814 3858 3065 3931 accedit),
3110 3856 3271 3931 idque
3294 3857 3454 3931 paulo
3479 3869 3609 3931 post

2018 3926 2361 3997 conﬁrmare,
2394 3926 2487 3986 ubi
2519 3930 2897 4001 imperatorem
2931 3926 3261 4001 dicitgeidem
3293 3927 3603 4001 Timotheo,

2018 4002 2427 4072 qutestatuisset
2458 3998 2704 4055 mansura
2742 4012 2872 4065 esse;
2914 3999 3245 4072 promisisse.
3290 4002 3359 4053 At
3397 4000 3449 4052 iii
3478 3998 3608 4072 Ale-

2021 4069 2281 4127 xandrina
2300 4073 2525 4127 ecclesia
2547 4084 2887 4127 successores
2908 4072 2976 4125 ab
2996 4069 3283 4139 episcopis,
3308 4069 3606 4139 pratsertim

2021 4154 2266 4199 extremo
2290 4142 2480 4199 morbo
2518 4141 2982 4211 decumbentibus,
3016 4154 3124 4196 non
3153 4137 3322 4195 semel
3352 4137 3609 4211 suffragio

2021 4229 2120 4269 suo
2144 4214 2472 4283 designatos,
2497 4214 2765 4268 novimus.
2790 4210 3094 4283 Alexander
3117 4211 3319 4283 nullum
3343 4210 3608 4283 post‘ejus

2023 4286 2227 4340 obitum
2255 4279 2355 4339 sibi
2382 4279 2495 4340 dari
2526 4297 2893 4339 successorem
2918 4282 3076 4351 jussit
3105 4281 3206 4336 nisi
3233 4279 3605 4351 Athanasium,

2026 4365 2086 4410 ut
2114 4356 2172 4411 S.
2200 4355 2527 4427 Epiphanius
2554 4353 2726 4427 (Hier.
2758 4354 2850 4423 58)
2879 4348 3104 4407 testatur
3136 4370 3147 4405 :
3178 4351 3511 4427 _'A_1sE,a'zviipou
3554 4348 3610 4405 δὲ

2032 4422 2376 4500 έντςιλαελέῦρυ
2398 4422 2591 4500 μ.ηᾷἡρ
2613 4422 2987 4500 κατᾳᾳςτάθῆναι
3012 4428 3057 4500 ti
3080 4429 3152 4494 μή
3178 4422 3483 4500 ’Δβανᾴςσιὸη
3502 4431 3609 4500 etc.

2027 4498 2163 4564 Quin
2186 4491 2248 4552 ea
2267 4491 2500 4551 Liberali
2528 4494 2787 4565 (Comiti)
2804 4495 2962 4549 verba
2984 4491 3264 4565 observavi
3283 4491 3568 4565 aliquando
3593 4508 3609 4541 :

335 4562 729 4637 tantummodo,
780 4567 868 4634 qui
910 4565 1226 4619 sententiam
1277 4567 1570 4633 scripserit,
1621 4575 1918 4620 memorat:
1947 4571 2002 4633 D
2029 4562 2353 4620 Consuetudo
2379 4562 2587 4637 quidem
2615 4575 2689 4618 est
2713 4564 3059 4637 Alexandriae,
3088 4563 3233 4616 illum
3256 4563 3346 4632 qui
3369 4562 3613 4630 defuncto

508 4634 560 4690 δέ
591 4639 796 4714 καθῆρᾼτν
819 4639 997 4696 αὐτοῦς
1032 4637 1257 4704 (legatos
1288 4638 1438 4714 suos)
1467 4636 1923 4714 7péxbac_‘Auoi‘/.iqs

336 4707 647 4781 καθᾳίρεσιν.
680 4707 839 4781 idem
892 4719 1173 4781 proinerea
1213 4707 1732 4781 pontifex,"sy_nodo
1778 4707 1922 4775 post-

337 4776 557 4830 tnodtim
583 4776 856 4846 probatam
885 4777 1205 4831 sententiam
1234 4779 1311 4831 sic
1331 4779 1501 4832 ittnuit
1527 4776 1923 4833 :‘Plurimorum

335 4849 393 4901 in
422 4845 970 4900 Italia'catltolicorum
1000 4848 1323 4916 congregatio
1352 4848 1673 4904 sacerdotum
1695 4848 1926 4901 rationa-

336 4919 511 4972 biliter
534 4920 584 4971 in
596 4919 844 4989 Acacium
874 4918 1170 4989 sententiam
1202 4920 1433 4989 cognovit
1461 4919 1618 4987 fuisse
1644 4918 1922 4989 prolatam.

338 4987 610 5059 Quidquid
647 4998 822 5041 autem
861 4989 950 5049 sit,
986 4988 1035 5041 id
1076 4988 1232 5059 plane
1264 4987 1503 5051 'constat',
1537 4989 1605 5043 ob
1633 4987 1926 5043 documen-

342 5058 521 5113 torum
563 5059 915 5129 quorumdam
956 5058 1425 5128 iulerpolationem
1467 5059 1923 5129 luxationemque,

342 5130 529 5184 multis
565 5128 939 5183 circumfusam
980 5143 1099 5183 esse
1130 5128 1363 5184 tenebris
1393 5131 1719 5198 synodorum
1754 5128 1925 5185 hieto-

341 5200 610 5255 riamxsub
641 5199 849 5263 Felice;
882 5202 951 5253 ita
986 5209 1041 5254 ut
1072 5198 1203 5253 nihil
1236 5202 1403 5256 mirer
1431 5201 1598 5270 magis
1626 5215 1782 5269 quam
1816 5202 1931 5254 sitt-

342 5272 502 5341 gulos
543 5273 781 5325 eruditus
823 5273 966 5325 viros
1011 5271 1099 5339 qui
1148 5272 1200 5323 in
1234 5270 1315 5325 bis
1361 5273 1555 5326 versati
1599 5281 1742 5334 sunt,
1776 5271 1927 5338 quasi

345 5356 466 5395 eam
512 5345 732 5395 omnino
774 5343 1126 5395 extricassent
1164 5342 1267 5396 sibi
1314 5343 1597 5411 plausisse,
1645 5342 1930 5396 anteriori-

346 5412 962 5481 busque;scriptoribus
1021 5412 1232 5480 rejectis
1293 5428 1388 5467 sua
1436 5414 1581 5467 velut
1631 5412 1930 5466 indubitata

346 5485 613 5538 attulisse.
643 5486 892 5554 Acacium
923 5497 1050 5537 sane
1080 5500 1107 5535 a
1135 5482 1341 5554 duabus
1372 5484 1592 5554 synodis
1617 5483 1930 5554 damnatum

348 5569 457 5609 non
497 5555 679 5623 fuisse,
714 5564 770 5609 ut
796 5553 1041 5607 Valesius
1083 5553 1149 5607 ad
1176 5553 1458 5623 Evagrium
1508 5563 1725 5623 pugnat,
1759 5560 1813 5608 et
1844 5553 1936 5606 Pa-

348 5628 467 5748 ἕξεις
507 5639 602 5694 pro
644 5634 792 5681 certo
825 5624 1004 5689 habet,
1055 5624 1335 5694 perspicue
1366 5625 1567 5695 patebit
1596 5624 1754 5679 infra.
1788 5623 1933 5679 SCIP.

409 5711 646 5748 aremus.

409 5711 646 5751 AFFEIUS.

423 5763 452 5801 δ
481 5764 639 5820 Multa
671 5766 1011 5835 praecessisse
1046 5766 1192 5835 argui
1238 5773 1437 5835 potest.
1488 5766 1544 5821 In
1587 5765 1654 5821 iis
1680 5768 1812 5836 qua:
1848 5780 1937 5821 se-

354 5844 609 5903 quuntur,
628 5837 829 5894 hiatum
851 5835 1209 5904 agnoscimus,
1226 5836 1602 5904 integrumque
1622 5844 1939 5895 contextum

2027 4638 2270 4701 succedit,
2319 4635 2556 4690 excubias
2602 4651 2755 4701 super
2799 4635 3024 4703 defuncti
3070 4647 3257 4701 corpus
3305 4646 3474 4702 agere,
3503 4645 3614 4703 nta-

2027 4723 2251 4777 numque
2280 4706 2543 4760 dexteram
2572 4706 2683 4775 ejus
2710 4701 2872 4777 capiti
2895 4718 2988 4755 suo
3016 4704 3291 4777 imponere,
3322 4701 3369 4777 et
3413 4701 3612 4777 sepulto

2028 4770 2262 4831 manibus
2301 4779 2408 4830 suis
2448 4770 2679 4844 accipere
2712 4773 2846 4828 collo
2881 4788 2974 4826 suo
3010 4772 3142 4844 beati
3173 4770 3341 4844 Marci
3370 4770 3607 4842 pallium,

2031 4858 2078 4901 et
2117 4858 2240 4902 tunc
2282 4848 2503 4917 legitime
2546 4842 2920 4917 sedere._Cum
2961 4842 3101 4897 enim
3150 4842 3410 4917 excubias
3453 4854 3617 4909 super

2030 4918 2267 4993 defuncti
2289 4911 2484 4993 corpus
2504 4930 2663 4985 agere
2682 4915 2900 4993 deberet
2924 4927 3247 4993 successor;
3248 4911 3413 4993 videri
3437 4918 3615 4993 potest

2031 4998 2157 5044 ante
2185 4981 2423 5056 episcopi
2463 4981 2690 5042 mortem
2721 4986 2922 5041 electus
2967 4983 3157 5056 fuisse.
3209 4981 3615 5056 Quod_qnidem

2030 5051 2627 5127 Antiochena'syuodus
2651 5057 3017 5127 improbatam
3041 5054 3093 5107 in
3119 5052 3352 5127 concilio
3371 5051 3614 5127 Romano

2030 5129 2132 5184 sub
2157 5129 2335 5184 iiilaro
2363 5121 2494 5199 pa'pa
2520 5121 2777 5182 statutum
2798 5125 2911 5195 jam
2939 5124 3114 5199 fuerat
3135 5139 3263 5199 can1
3285 5123 3339 5187 5,
3363 5132 3420 5176 ut
3440 5121 3617 5199 nullus

2031 5201 2300 5273 episcopus
2321 5192 2416 5254 sibi
2432 5192 2590 5273 eligat
2612 5192 2971 5273 successorem.
3001 5193 3150 5273 Felix
3180 5192 3316 5247 infra
3338 5208 3399 5246 es
3424 5192 3616 5273 eodem
3682 5242 3687 5247 ,

2032 5263 2319 5328 Timotheo
2342 5289 2355 5324 :
2380 5286 2470 5325 nec
2491 5263 2587 5326 s'ibi
2609 5268 2869 5339 superstiti
2889 5263 3201 5339 sacerdotem
3220 5264 3620 5329 superordinare

2035 5342 2232 5407 potuit;
2260 5357 2445 5397 rursus
2476 5360 2489 5394 :
2523 5358 2613 5395 nec
2638 5334 2692 5395 se
2722 5346 2951 5393 exstante
2979 5334 3501 5407 ponti/icempoterat
3530 5349 3618 5385 or-

2036 5405 2246 5486 dinare»;
2269 5414 2525 5486 quamvis
2546 5410 2706 5486 aliud
2745 5410 2816 5464 sit
2855 5407 3099 5486 ordinare
3111 5446 3142 5486 _,_
3160 5405 3313 5486 aliud
3328 5405 3616 5486 designare.

2037 5484 2190 5548 Quod
2220 5475 2433 5537 ad'rem
2465 5483 2682 5546 attinet,
2717 5481 2951 5535 ostendit
2982 5479 3067 5532 hic
3094 5477 3166 5548 AS.
3194 5475 3429 5544 pontifex
3460 5488 3620 5541 quam

2040 5546 2347 5609 incredibile
2373 5552 2439 5627 sit
2468 5552 2615 5627 illum
2642 5566 2669 5604 a
2691 5549 2972 5604 Timotheo
2992 5546 3349 5627 designatum,
3372 5560 3492 5598 cum
3515 5561 3622 5613 quo

2043 5639 2142 5678 nec
2168 5621 2620 5685 communicabat,
2656 5635 2921 5687 quemque
2941 5659 2954 5681 ,
2988 5628 3045 5673 ut
3074 5616 3371 5671 videbimus
3393 5655 3407 5679 ,
3439 5629 3622 5683 postu-

2045 5695 2170 5763 Iavit
2194 5692 2397 5763 longius
2420 5692 2597 5745 debere
2628 5691 2869 5763 relegari.
2896 5689 3041 5763 Scip.
3075 5688 3373 5763 Mteretus.

2114 5761 2139 5799 ἀ
2169 5750 2441 5816 Instabam
2472 5765 2705 5816 lautores
2731 5750 2874 5814 i’etri
2906 5757 3277 5820 Alexandrini,
3308 5763 3364 5808 ut
3387 5750 3624 5807 Joannes

2052 5833 2226 5888 l‘alaia
2243 5832 2305 5887 ab
2328 5833 2677 5890 Alexandrina
2692 5833 2831 5895 sede,
2854 5831 2999 5895 quasi
3018 5845 3131 5883 eam
3153 5837 3329 5883 contra
3350 5828 3622 5891 διαμηρισ-
