4090 6330
466 269 572 326 947

1807 259 2069 317 FELICIS
2107 258 2310 317 PAPE
2351 258 2417 315 Ill

3638 251 3752 319 948

470 354 736 452 quomodo
762 392 815 434 tu
839 376 1097 434 mandasti
1127 375 1341 445 dignum
1375 388 1491 428 esse
1522 374 1606 428 cui
1655 374 1860 442 majora
1909 389 2056 427 com-
2085 379 2141 437 Α
2166 375 2320 427 venia
2352 374 2541 443 dignus
2572 372 2763 437 fuerat,
2798 386 2901 427 non
2935 370 3169 436 honore;
3204 378 3258 424 ct
3286 370 3519 425 maxime
3542 370 3611 425 ab
3640 371 3752 428 hae-

469 473 805 527 mltterentur
832 484 951 539 qua:
977 468 1041 521 ad
1062 466 1499 537 gubernationem
1533 465 1791 521 Ecclesiae
1820 464 2061 534 pertine-

471 563 627 619 rent?
654 546 826 631 Supra
858 559 1232 633 presbyterum
1254 558 1381 629 quid
1411 566 1495 613 est
1518 557 1688 627 majus
1710 557 1777 612 ad
1804 556 2060 611 Ecclesia:

467 652 913 722 gubernationem
942 652 1043 707 nisi
1071 650 1447 720 episcopatus?
1486 649 1542 705 Si
1580 649 1897 717 juraverat,-
1930 660 2061 715 quo-

470 744 632 799 modo
662 742 765 799 hoc
809 743 1066 799 mandas?
1091 750 1144 797 et
1168 743 1215 798 si
1240 744 1546 812 juraverat,
1580 757 1675 797 cur
1721 740 1868 794 illum
1899 753 2064 808 expo-

470 836 627 903 suisti
653 843 713 891 ut
741 833 900 890 ﬁeret
936 843 1120 891 contra
1150 833 1291 903 quod
1314 833 1624 903 juraverat?
1653 836 1761 886 Aut
1790 830 1832 884 si
1861 829 2061 884 factum

470 939 555 984 est
594 930 739 998 quod
784 928 1080 996 mandasti,
1110 927 1238 998 quid
1269 927 1555 992 irasceris,
1601 924 1726 992 quid
1767 923 1916 978 illum
1965 922 2060 976 tibi

467 1021 603 1074 dicis
632 1004 938 1089 pejerasse,
976 1034 1097 1074 cum
1129 1020 1327 1074 factum
1363 1019 1432 1073 sit
1460 1016 1601 1086 quod
1631 1030 1689 1069 se
1719 1031 1823 1068 non
1846 1015 2061 1082 jureve-

470 1123 550 1165 rat
590 1126 712 1167 esse
760 1112 1061 1167 facturum?
1110 1126 1232 1167 cum
1284 1122 1341 1166 tu
1389 1127 1510 1165 eum
1561 1110 1663 1163 hoc
1701 1108 1815 1163 fieri
1865 1106 2063 1161 debere

475 1206 761 1275 mandasti,
798 1217 823 1245 α
854 1190 1231 1275 Apocrisarius
1261 1214 1402 1270 erat;
1431 1204 1607 1259 omnia
1632 1201 1698 1255 ad
1734 1202 1906 1270 ipsum
1941 1215 2063 1269 per-

471 1298 744 1368 tinebant;
796 1297 974 1353 omnia
1008 1296 1263 1352 Ecclesia:
1306 1296 1419 1365 ipse
1462 1293 1697 1357 curavit;
1751 1292 1926 1362 potior
1971 1291 2062 1345 illo

471 1395 610 1447 inter
638 1392 864 1447 clericos
896 1388 1289 1447 Alexandrinos
1322 1389 1500 1443 nullus
1533 1386 1861 1441 habebatur:
1896 1384 2062 1438 hono-

468 1500 531 1538 re
561 1483 839 1554 presbyter
870 1491 1016 1547 erat;
1048 1494 1207 1550 supra
1230 1478 1357 1550 quid
1380 1470 1428 1534 ei
1456 1476 1743 1532 adderetur
1776 1475 1841 1529 ad
1872 1476 2062 1545 guber-

472 1578 746 1631 nationem
780 1573 1033 1629 Ecclesia:
1048 1574 1071 1625 ’ἰ
1102 1572 1231 1642 quid
1265 1572 1313 1626 ei
1344 1570 1572 1640 amplius
1602 1568 1925 1637 adjiceretur
1960 1566 2063 1620 nisi

372 1720 377 1723 _
472 1668 846 1738 episcopatus?
876 1667 956 1721 Tu
985 1667 1146 1736 igitur
1170 1678 1291 1720 eum
1315 1664 1622 1734 episcopum
1648 1676 1770 1717 esse
1812 1661 2025 1716 voluiSIi
2047 1699 2063 1723 ,

2168 466 2346 521 reticis
2368 466 2644 521 ordinatus
2672 464 2870 519 nullam
2897 463 3217 533 episcopalis
3235 461 3510 533 dignitatis
3531 475 3753 532 prorsus

2168 561 2365 617 habere
2391 561 2766 617 substantiam.
2792 560 2944 629 Quod
2988 562 3034 615 si
3077 570 3321 631 negatur,
3351 570 3404 614 et
3448 560 3755 617 testimonio

2167 653 2451 708 vincuntur
2493 655 2709 722 Acacii,
2744 662 2797 708 ct
2841 668 3020 708 rerum
3053 654 3261 707 ratione
3306 652 3692 707 monstrabitur
3737 670 3750 705 :

2166 746 2288 815 quia
2319 762 2438 801 cum
2471 745 2788 801 Timotheus
2815 744 3098 800 haireticus
3120 760 3240 800 cum
3271 746 3379 799 suis
3403 743 3757 813 complicibus

2167 837 2529 904 damnaretur,
2560 838 2649 892 hic
2686 852 2869 892 eomes
2904 836 3020 907 ejus
3050 836 3178 901 fuit,
3211 847 3262 892 et
3292 851 3413 891 cum
3450 835 3641 892 eodem
3672 849 3758 891 us-

2167 944 2271 998 que
2296 930 2345 982 in
2370 930 2487 997 ejus
2521 929 2678 985 finem
2712 928 3042 998 perdurans,
3078 944 3115 1006 τε
3139 928 3408 983 Timothei
3454 926 3526 983 Sit
3569 943 3760 999 sequa‘

2167 1020 2319 1075 cibus
2365 1022 2657 1089 institutus.
2713 1020 3073 1089 Quaerendum
3123 1021 3352 1092 denique
3396 1023 3441 1076 si
3488 1036 3659 1091 usque
3696 1020 3765 1077 ad

2168 1110 2311 1168 diem
2370 1112 2547 1168 obitus
2595 1114 2675 1167 sui
2731 1124 2917 1167 saneto
2980 1112 3265 1167 Timotheo
3316 1113 3764 1177 communicavit;

2169 1206 2310 1275 quod
2344 1206 2389 1260 si
2416 1207 2618 1261 factum
2661 1222 2766 1261 non
2811 1215 2925 1272 est,
2974 1206 3113 1261 inter
3156 1221 3252 1261 eos
3291 1208 3395 1259 erit
3443 1206 3563 1261 sine
3601 1204 3765 1261 dubio

2167 1314 2300 1367 quos
2329 1299 2624 1366 imperator
2650 1296 2785 1351 dixit
2823 1313 2852 1351 a
2890 1298 3272 1352 communione
3302 1296 3555 1351 catholici
3586 1296 3767 1351 Timo-

2172 1389 2278 1443 thei
2310 1390 2683 1458 discrepantes
2708 1430 2721 1454 ,
2756 1388 2856 1444 nisi
2898 1387 2965 1445 ad
3010 1389 3126 1458 ejus
3156 1389 3594 1443 communionem
3627 1388 3767 1444 intra

2170 1483 2305 1537 duos
2344 1499 2557 1538 menses
2584 1483 2920 1553 gratiamque
2962 1490 3320 1546 remeassent,
3364 1481 3415 1535 in
3448 1489 3768 1551 perpetuum

2171 1589 2291 1629 esse
2344 1574 2649 1629 damnatos.
2703 1572 3004 1628 Ridendum
3037 1583 3215 1628 autem
3252 1572 3392 1643 quod
3435 1572 3657 1643 quidam
3696 1572 3768 1626 ab

2172 1667 2363 1723 eodem
2406 1666 2691 1723 Timotheo
2722 1666 2988 1721 catholico
3024 1665 3241 1721 Petrum
3275 1675 3525 1720 asserunt
3550 1665 3769 1720 ordina-

470 1762 560 1833 qui
592 1777 712 1823 eum
759 1775 919 1833 supra
952 1774 1108 1830 quam
1147 1767 1262 1814 erat
1298 1759 1431 1832 (nee
1464 1755 1609 1812 aliud
1652 1759 1924 1822 restabat,
1958 1754 2061 1809 nisi
2092 1759 2145 1822 Β
2169 1768 2278 1812 tum
2307 1775 2321 1811 :
2352 1774 2475 1813 nam
2509 1759 2661 1812 vivus
2702 1758 2855 1813 illum
2884 1771 2943 1813 se
2968 1758 3256 1827 superstite
3287 1757 3592 1813 nullatenus
3622 1757 3773 1813 ordi-

472 1866 529 1921 nt
557 1864 700 1909 esset
727 1854 1050 1923 episcopus)
1097 1865 1216 1908 esse
1257 1852 1456 1907 debere
1493 1849 1782 1904 mandasti.
1827 1848 1855 1887 δ
1904 1848 2068 1901 Miror

468 1955 646 2000 autem
670 1988 684 2011 ,
715 1946 762 2002 si
801 1945 1178 2001 necessitatem
1223 1945 1424 2015 patitur
1453 1943 1867 2013 in.perator,_ne
1900 1941 2065 2011 pellat

469 2030 685 2115 Petrum
707 2080 722 2104 ,
751 2044 805 2092 et
826 2052 991 2092 unum
1014 2035 1287 2092 hominem
1314 2035 1693 2090 necessitatem
1725 2032 1930 2101 perpeti
1961 2046 2067 2085 non

476 2114 716 2197 potuisse
737 2128 1059 2194 contendat,
1106 2138 1165 2184 ut
1214 2128 1367 2183 fieret
1401 2126 1543 2195 quod
1585 2125 2064 2181 nolebatinvitus:

470 2235 593 2273 nam
618 2229 671 2274 et
702 2221 818 2289 ipse
848 2221 1161 2295 imperator,
1194 2233 1317 2273 cum
1350 2221 1725 2272 necessitatem
1761 2214 2066 2287 pra-tendit,

473 2306 671 2365 malum
700 2325 821 2366 esse
852 2310 1057 2376 definit,
1083 2311 1226 2381 quod
1255 2310 1580 2367 necessitate
1612 2311 1758 2376 facit,
1790 2310 1990 2364 docens
2010 2326 2070 2364 se

473 2408 574 2456 hoc
623 2403 764 2457 nolle
808 2404 985 2459 facere
1029 2404 1339 2469 voluntate,
1371 2413 1428 2460 et
1456 2402 1564 2473 pati
1592 2413 1822 2458 testatur
1854 2404 2065 2456 invitus.

474 2496 532 2549 Si
578 2509 859 2563 personam
907 2496 1059 2552 Petri"
1099 2496 1459 2552 excusandam
1507 2496 1732 2566 putatis,
1782 2496 2069 2565 probamus

428 2614 435 2621 -
472 2587 706 2650 noxiam,
734 2587 1229 2659 hmreticamatque
1260 2589 1601 2655 damnatam;
1632 2590 1677 2645 si
1708 2590 1759 2644 in
1802 2591 2069 2659 sequestri

470 2675 638 2732 fuisse
678 2679 1012 2748 praetenditis
1047 2690 1069 2718 ο
1118 2689 1339 2751 propter
1384 2682 1693 2736 scandalum
1720 2723 1734 2745 ,
1787 2665 2070 2738 Timotheo

470 2769 739 2823 catholico
783 2770 1215 2841 subrogandnm;
1261 2788 1361 2829 nec
1401 2774 1583 2829 Acacii
1625 2775 1725 2828 hoc
1766 2775 1960 2843 scripta
1993 2781 2071 2829 te-

471 2873 703 2928 stantur,
732 2864 825 2934 qui
856 2865 987 2920 dicit
1014 2867 1316 2936 evidenter,
1347 2884 1444 2924 cur
1474 2867 1633 2924 fuerit
1663 2869 1937 2932 exclusus;
1973 2884 2069 2923 nec

472 2946 842 3024 imperatoris,
867 2957 958 3027 qui
980 2969 1033 3015 et
1056 2958 1344 3015 Timotheo
1371 2962 1666 3027 catholico,
1696 2978 1817 3028 qua:
1846 2962 2067 3018 statuis-

468 3058 569 3111 set,
601 3065 852 3107 mansura
884 3068 1007 3108 esse
1029 3055 1311 3123 promisit,
1343 3071 1373 3109 a
1395 3057 1547 3125 cujus
1580 3058 1677 3125 fuit
1703 3057 1891 3111 Petrus
1920 3070 2067 3112 com-

2173 1853 2347 1915 navit,
2397 1851 2461 1907 ad
2519 1852 2677 1920 cujus
2724 1864 2997 1923 nunquam
3059 1851 3493 1906 communionem
3548 1865 3772 1918 prorsus

2172 1941 2435 1997 accessit:
2463 1958 2622 2012 quem
2646 1942 2912 2013 poposcit,
2938 1949 2995 1996 ut
3028 1942 3228 1995 dictum
3257 1952 3337 1997 est
3363 1943 3526 1996 etiam
3562 1940 3773 2011 longius

2173 2036 2580 2106 relegam/nec
2615 2037 2716 2090 sibi
2765 2035 3036 2105 superstiti
3087 2035 3420 2091 sacerdotem
3461 2034 3774 2104 superordi-

2174 2143 2306 2182 nare
2340 2126 2576 2196 potuerit
2610 2126 2749 2196 :ipsi
2778 2126 3037 2194 viderint,
3068 2126 3112 2181 si
3156 2127 3301 2182 illum
3343 2137 3589 2182 mortuus
3631 2126 3774 2181 ordi-

2175 2219 2340 2274 navit.
2372 2219 2637 2288 Tempore
2660 2227 2835 2273 autem
2858 2233 2963 2288 quo
2997 2217 3184 2272 Petrus
3218 2218 3413 2272 invasit
3446 2216 3770 2282 Ecclesiam,

2175 2321 2391 2366 sanctus
2437 2310 2756 2365 Timotheus
2796 2311 2848 2364 in
2886 2309 3212 2364 Alexandria
3253 2325 3358 2363 non
3404 2319 3553 2373 erat,
3587 2324 3687 2363 nec
3714 2324 3773 2364 se

2175 2411 2418 2458 exstante
2440 2405 2742 2471 pontificem
2769 2448 2783 2470 ,
2822 2402 2960 2457 sicut
2999 2402 3200 2458 dictum
3230 2411 3313 2457 est
3334 2444 3349 2468 ,
3385 2410 3599 2472 poterat
3626 2402 3772 2456 ordi-

2177 2510 2343 2558 nare;
2375 2495 2469 2550 sed
2493 2496 2673 2565 potius
2698 2492 2894 2557 Petrus
2919 2492 3149 2549 nefande
3168 2494 3346 2549 omnia
3374 2508 3563 2564 agens.
3593 2509 3773 2564 super-

2174 2590 2303 2643 stite
2344 2588 2630 2643 Timotheo
2663 2587 2905 2657 legitimo
2930 2587 3249 2650 sacerdote,
3297 2588 3644 2655 episwpatus
3671 2585 3772 2640 sibi

2174 2696 2339 2737 ausus
2366 2691 2450 2737 est
2477 2697 2675 2736 nomen
2706 2681 3006 2749 imponere.
3033 2678 3142 2735 Nec
3178 2678 3279 2734 hoc
3318 2678 3547 2750 quilibet
3593 2677 3769 2733 catho-

2175 2776 2260 2830 lici
2291 2785 2416 2831 tunc
2444 2775 2712 2838 fecerunt,
2761 2774 2849 2845 qui
2894 2774 3075 2843 utique
3115 2788 3299 2829 omnes
3330 2787 3454 2827 cum
3485 2772 3768 2827 Timotheo

2174 2866 2500 2933 sentiebant,
2534 2866 2696 2936 eique
2716 2864 3215 2929 communicabant,
3248 2864 3341 2919 sed
3367 2878 3505 2918 unus
3526 2864 3771 2932 cornplex

2180 2960 2402 3015 insaniae
2430 2958 2597 3023 Petri,
2626 2958 2764 3011 sicut
2786 2956 2897 3026 jam
2924 2967 2946 2994 θ
2975 2966 3200 3011 testatur
3223 2957 3472 3011 Aeacius.
3499 2955 3607 3010 Nec
3630 2956 3770 3010 enim

2179 3060 2425 3120 poterant
2455 3048 2725 3117 catholici,
2771 3051 2862 3119 qui
2891 3048 3171 3103 Timotheo
3204 3048 3459 3103 haeretica
3486 3064 3594 3103 non
3623 3062 3769 3102 eom-

469 3140 724 3195 munione
770 3141 1074 3207 discretus,
1123 3155 1175 3200 et
1207 3158 1234 3198 a
1279 3161 1387 3215 quo
1420 3147 1719 3214 postulatus
1750 3157 1833 3202 est
1863 3148 2070 3217 longius
2096 3142 2143 3204 C
2178 3144 2584 3199 munieaverant
2609 3185 2625 3209 ,
2666 3141 2756 3213 qui
2796 3140 3080 3196 Timotheo
3109 3141 3381 3196 catholico
3406 3140 3770 3195 communica-

470 3228 666 3284 debere
698 3232 964 3301 relegari,
995 3245 1155 3303 atque
1184 3234 1289 3291 huc
1324 3239 1551 3307 pariter,
1598 3249 1653 3292 et
1694 3240 2071 3295 Constantino-

471 3315 637 3391 polim
670 3324 873 3378 relatus
911 3344 921 3377 :
963 3326 1104 3380 sicut
1129 3328 1294 3382 etiam
1336 3338 1565 3384 testatur
1594 3330 1852 3394 Aeacius,
1884 3345 1913 3383 a
1945 3345 2069 3384 san-

468 3425 557 3467 eto
603 3414 848 3469 Protcrio
875 3416 927 3470 in
961 3418 1211 3473 diaeonio
1244 3419 1406 3475 fuisse
1436 3418 1777 3487 damnatum,
1812 3436 1918 3477 non
1964 3423 2068 3478 Pe-

468 3514 640 3570 trum,
668 3506 757 3591 qui
781 3518 897 3563 erat
929 3509 1249 3579 haereticus,
1280 3523 1533 3582 tanquam
1563 3515 1614 3568 in
1636 3515 1899 3579 sequestri
1925 3517 2067 3585 posi-

469 3609 579 3653 tum
611 3600 1042 3671 subrogandum;
1093 3620 1125 3658 a
1170 3620 1277 3674 quo
1323 3606 1555 3660 ordinati
1587 3606 1689 3660 nisi
1716 3608 1781 3659 ad
1824 3622 2067 3661 commu-

468 3692 684 3747 nionem
717 3697 892 3750 sancti
917 3697 1189 3769 Timothei
1216 3700 1586 3766 revertiésent,
1614 3700 1750 3771 jussi
1783 3713 1909 3756 Sunt
1949 3703 2065 3758 sine

468 3783 729 3860 dilatione
761 3787 1025 3844 damnari.
1059 3789 1160 3857 Qui
1208 3792 1255 3845 si
1293 3792 1491 3847 dicitur
1521 3802 1705 3862 postea
1753 3794 1918 3850 fuisse
1947 3810 2065 3849 eor-

466 3868 672 3955 rectus,
711 3878 926 3934 interim
968 3880 1070 3936 hoc
1100 3883 1217 3951 ipso
1248 3884 1302 3937 in
1329 3899 1517 3939 errore
1548 3885 1806 3939 hactenus
1832 3886 2067 3953 jacuisse

467 3977 834 4034 monstratur;
892 3986 991 4026 nec
1036 3973 1292 4029 debuisSe
1340 3976 1623 4031 catholicis
1685 3977 1883 4046 praefici
1947 3988 2067 4047 post

468 4068 705 4151 errorem
730 4100 743 4124 ,
774 4075 804 4113 a
836 4063 1030 4131 quibus
1060 4074 1142 4119 est
1170 4065 1237 4119 de
1278 4080 1466 4122 errore
1496 4080 1795 4124 correctus.
1829 4066 1854 4104 ἀ
1884 4064 2067 4142 Itaque

470 4238 747 4316 iurandum
782 4242 916 4316 otior!
946 4240 1001 4316 in
1032 4243 1176 4316 regia
1204 4243 1409 4296 ciuitate
1444 4244 1586 4316 dedit
1620 4247 1939 4316 arripuisset,
1974 4266 2061 4302 ex-

469 4307 759 4433 pelleretur.
808 4307 861 4361 Id
891 4310 1050 4391 etiam
1084 4307 1341 4393 Evagrius
1372 4314 1557 4379 refert,
1590 4319 1682 4369 sed
1710 4307 1774 4371 ex
1804 4307 2060 4372 Zacharia

493 4378 726 4433 thetore.
782 4380 1027 4433 Ostendit
1076 4382 1222 4433 Felix
1274 4399 1433 4433 imam
1494 4388 1909 4433 incnnnmenmr
1958 4390 2059 4433 hnn

493 4378 726 4460 ibetore.
755 4380 1027 4460 Ostendit
1076 4378 1222 4460 F_eiiit
1253 4399 1433 4460 _quam
1494 4378 1909 4460 incongruenter
1957 4390 2060 4443 hoc

469 4449 767 4523 objicerent
800 4468 811 4502 :
843 4451 888 4505 si
927 4450 1070 4506 enim
1105 4454 1206 4509 hoc
1244 4455 1552 4523 juramento
1596 4449 2065 4516 se'obstrinxisset

469 4519 738 4597 Joannes,
785 4519 1324 4597 nunquamrAcacius
1381 4529 1453 4581 ita
1507 4530 1850 4597 postmodum
1889 4531 1955 4584 de
1994 4547 2060 4587 eo

467 4594 792 4666 scripsisset,
825 4602 884 4649 ut
913 4594 985 4647 ad
1007 4596 1377 4666 episcopatum
1410 4594 1837 4665 proinovendum
1873 4603 2061 4656 innue-

2178 3236 2328 3301 bant,
2353 3235 2663 3305 superstite,
2698 3245 2750 3289 et
2777 3249 2844 3289 eo
2871 3233 3161 3297 catholico,
3195 3248 3354 3304 quem
3388 3242 3603 3287 nossent
3630 3232 3765 3300 legi-

2180 3330 2363 3384 timum
2388 3327 2748 3391 sacerdotem,
2778 3326 2862 3380 vel
2885 3326 3244 3395 superducere
3272 3325 3453 3387 alium,
3482 3325 3558 3377 vel
3590 3323 3760 3378 haere-

2178 3421 2340 3478 ticum
2384 3433 2702 3476 consecrare
2739 3434 2749 3471 :
2784 3417 2927 3474 unde
2955 3428 3173 3488 apparet
3214 3432 3337 3472 eum
3389 3422 3455 3472 ab
3496 3415 3766 3471 haaretieis

2174 3514 2501 3579 ordinatum,
2533 3521 2586 3566 ct
2611 3512 2733 3566 ideo
2754 3511 3032 3566 catholictr
3056 3510 3318 3565 Ecclesia:
3343 3510 3635 3579 prasidere
3661 3524 3763 3562 non

2179 3620 2369 3676 posse;
2400 3607 2521 3676 quia
2549 3621 2765 3675 prorsus
2791 3605 2892 3658 hac
2922 3605 3336 3660 abominandum
3373 3604 3768 3672 nefandumque

2168 3701 2457 3771 judicetur,
2491 3711 2545 3753 ut
2579 3699 2668 3768 qui
2700 3698 2787 3753 diu
2818 3699 2867 3753 in
2902 3697 3119 3768 perﬁdia
3149 3698 3504 3762 volutaverit,
3533 3695 3765 3751 ﬁdelium

2174 3794 2475 3848 cervicibus
2507 3794 2834 3861 imponatur.
2882 3790 3035 3857 Quod
3066 3789 3112 3843 si
3149 3789 3468 3855 admittitur,
3504 3798 3681 3858 potest
3717 3797 3767 3841 et

2175 3889 2243 3942 de
2272 3887 2393 3940 aliis
2432 3884 2727 3939 Interesibus
2766 3882 2963 3951 passim
3016 3882 3269 3937 similiter
3311 3880 3582 3950 permitti,
3629 3879 3765 3950 quod

2176 3979 2319 4033 nulla
2364 3992 2595 4046 unquam
2642 3977 2919 4044 exempla,
2952 3974 3110 4029 nullae
3137 3976 3365 4046 regulzc,
3419 3975 3583 4029 nulla:
3627 3975 3767 4044 leges

2150 4071 2559 4126 ecclesiastica:
2607 4068 2878 4137 patiuntur
2910 4068 3133 4137 imponi.
3185 4068 3322 4131 Sed,
3380 4068 3588 4136 inquis,
3644 4081 3765 4122 eum

2248 4250 2275 4288 δ
2310 4249 2691 4325 Adducehatur
2720 4266 2816 4319 pro
2846 4252 3169 4325 imperatore
3209 4270 3239 4307 a
3269 4254 3467 4323 populo
3501 4256 3606 4309 vim
3647 4270 3766 4325 pas-

2169 4334 2288 4393 sum
2336 4336 2487 4393 esse;
2538 4322 2677 4391 quod
2727 4332 3000 4393 retorquet
3049 4324 3196 4379 Felix
3252 4328 3303 4379 in
3342 4322 3763 4382 excusationem

2168 4392 2427 4467 1ioannis,
2470 4397 2556 4461 qui
2603 4404 2747 4467 tanto
2785 4392 2990 4449 facilius
3036 4396 3138 4449 vim
3178 4397 3283 4465 pati
3325 4406 3561 4467 poterat.
3620 4398 3762 4454 δαν.

2169 4462 2467 4517 ΜΑιῪειυε.

2248 4544 2269 4571 ε
2306 4533 2645 4588 Εκὶιειιόιιηι.
2704 4534 2844 4589 Infra
2900 4537 2953 4590 in
3002 4537 3279 4592 diacouio:
3312 4547 3427 4594 erat
3480 4539 3534 4594 in
3584 4555 3688 4594 ms.
3734 4554 3765 4593 a

2170 4603 2489 4680 _S._Proterio
2523 4606 2769 4680 diacono.
2797 4607 3113 4680 __Entendavi
3146 4625 3210 4663 ex
3243 4609 3545 4674 Breviculo,
3577 4610 3630 4664 in
3659 4626 3764 4680 quo

466 4672 569 4716 ret.
615 4664 896 4739 Quomodo
936 4664 1211 4739 mandasti
1242 4668 1457 4739 dignum
1508 4685 1633 4735 esse,
1677 4675 2061 4734 etc.:,verbum
2089 4664 2432 4731 Dhabemus
2464 4694 2475 4727 :
2514 4675 2728 4728 Petrum
2757 4677 2879 4729 olim
2922 4679 2974 4731 in
3015 4679 3253 4734 diaconio
3292 4696 3400 4735 esse
3437 4664 3758 4735 dainnotaim.

467 4734 715 4812 mandare
761 4735 833 4789 ita
887 4737 1049 4791 hodie
1075 4736 1277 4795 Gallica
1300 4734 1505 4810 'lingua
1556 4734 1869 4812 usurpatur.
1918 4744 2060 4799 Scrr.

467 4802 763 4859 MAFFEIUS.

543 4884 567 4911 ³
602 4876 679 4929 Ex
711 4877 1019 4947 apocrisarii
1050 4880 1166 4933 sive
1194 4879 1350 5001 legati
1384 4896 1609 4937 munere
1640 4886 1821 4951 plures
1851 4884 1916 4938 ad
1949 4885 2061 4954 epi-

543 4956 745 5001 anatuin
770 4951 941 5001 evecti
970 4948 1202 5001 fuerunt.
1285 4953 1420 5001 mnia
1442 4952 1684 5001 Ecclesim
1705 4956 1818 5001 ίηςρ
1839 4958 2053 5001 curavit-

468 4956 745 5022 soopatnm
770 4951 941 5002 evecti
970 4948 1202 5003 fuerunt.
1235 4948 1420 5022 Omnia
1442 4948 1684 5008 Ecclesia:
1705 4956 1818 5021 ipse
1839 4948 2055 5022 curavit,

469 5020 583 5089 sive
614 5019 735 5089 quia
777 5033 1093 5076 meonomus
1129 5024 1292 5075 etiam
1333 5020 1462 5089 fuit,
1508 5034 1565 5077 ut
1611 5042 1675 5079 ex
1705 5019 1957 5080 Liberale
2003 5019 2059 5082 et

469 5087 785 5166 Brevienlo,
823 5089 951 5166 sive
995 5092 1136 5166 quod
1182 5087 1544 5158 apocrisarius
1592 5098 1901 5166 responsalis
1948 5107 2054 5150 erat

469 5159 788 5233 negotiorum
815 5157 1311 5233 Ecclesiasticorum,
1359 5174 1417 5217 ut
1460 5157 1693 5233 loquitur
1721 5168 1909 5221 Grmeo
1959 5182 2057 5221 no-

470 5231 615 5307 mine
659 5243 917 5307 expresso
936 5228 1573 5307 _Hiti_emams_ltemensis
1620 5238 1776 5305 epist.
1829 5240 1896 5299 5.
1955 5255 2055 5307 qua

470 5300 630 5376 etiam
686 5299 1164 5376 tradit_id_pflicii
1211 5302 1311 5355 sub
1351 5299 1705 5360 Constantino
1755 5299 2055 5376 incepisse:

472 5367 792 5445 impera-tore
837 5370 1101 5445 siquidem
1125 5372 1590 5445 Constantinopoli
1634 5367 1921 5443 residente,
1955 5380 2055 5433 Re-

472 5437 732 5508 sponsales
771 5448 876 5518 tom
907 5437 1160 5518 Romamn
1193 5444 1328 5518 sedis
1359 5437 1510 5512 quam
1547 5457 1595 5500 et
1623 5449 1845 5501 aliarum
1872 5437 2059 5518 ρι’ωεὶ-

472 5523 693 5589 puarttrn
742 5513 941 5589 sediunt
982 5513 1265 5589 in_palat_io
1313 5531 1411 5589 pro
1442 5518 1795 5572 ecclesiasticis
1844 5513 2058 5589 negotiis

472 5579 816 5659 excubabant;
845 5584 967 5651 quia
996 5579 1154 5659 etiam
1185 5584 1247 5636 de
1275 5588 1414 5659 omni
1445 5590 1788 5643 ecclesiastica
1814 5579 2057 5659 religione

472 5649 551 5719 vel
581 5650 779 5719 ordine,
820 5649 912 5703 nec
947 5669 1050 5705 non
1084 5654 1235 5707 etiam
1270 5655 1334 5707 de
1366 5662 1623 5712 canonica:
1660 5663 1735 5713 vel
1766 5649 2060 5719 manavstica:
2109 5658 2119 5672 ’

472 5716 803 5775 altercatione
830 5721 1224 5778 sollicitudinem
1252 5724 1520 5783 habebant.
1548 5729 1693 5785 SCIP.
1727 5716 2015 5788 Misenus.

2170 4748 2602 4818 Liberatus‘eap.
2639 4746 2707 4801 16
2733 4760 2747 4800 :
2777 4747 2966 4801 Scribit
3000 4749 3068 4802 od
3087 4749 3420 4817 Simplicium
3440 4749 3759 4818 Timotheus,

2169 4818 2387 4890 Petrum
2414 4815 2657 4890 Moggum
2689 4819 2741 4870 in
2772 4819 3054 4873 diaconqu
3084 4815 3539 4876 esseidamnatum.
3596 4815 3761 4890 Hujus

2164 4888 2373 5013 ﬁeriodi
2436 4889 2675 4943 membra
2726 4902 2911 4957 parum
2972 4903 3096 4960 apte
3146 4902 3561 4948 connectuntur.
3616 4888 3753 4949 seu».

2218 4974 2459 5013 AFFEIUS.

2218 4974 2459 5013 AFFEIUS.

2236 5026 2266 5067 ἀ
2296 5030 2445 5084 Felix
2497 5029 2599 5083 sibi
2631 5039 2840 5101 constat
2874 5050 2886 5083 :
2922 5031 2975 5085 in
3003 5031 3216 5100 epistol.
3252 5033 3319 5089 {2
3344 5032 3413 5089 ad
3443 5033 3719 5101 Zenonem
3750 5054 3763 5087 ε

2164 5102 2365 5174 neniam
2410 5101 2598 5174 mereri
2634 5100 2806 5174 debuit
2845 5118 2947 5174 non
2982 5101 3394 5174 honorem;rubi
3433 5100 3602 5173 legis,
3640 5122 3766 5174 quos

2168 5172 2445 5240 imperator
2492 5171 2640 5235 dixit,
2692 5171 2812 5225 vide
2839 5172 3034 5228 Felicis
3081 5176 3238 5242 epist.
3268 5173 3304 5227 2
3348 5174 3415 5230 ad
3444 5171 3718 5233 lenonem
3750 5193 3764 5229 :

2171 5244 2390 5311 denique
2416 5252 2624 5295 cunctos
2670 5243 2954 5311 episwpos,
2982 5253 3087 5299 etc.
3121 5246 3263 5300 SCIP.
3291 5244 3586 5301 MAFFEIUS.

2249 5323 2271 5349 ε
2299 5313 2519 5377 Scilicet
2561 5312 2612 5366 in
2650 5313 2874 5383 epistola
2911 5315 2975 5369 ad
3008 5315 3344 5383 Simplicium
3380 5333 3393 5369 :
3427 5333 3530 5371 uno
3577 5326 3625 5373 et
3655 5319 3766 5371 solo

2170 5393 2455 5455 praesente,
2495 5392 2540 5436 et
2580 5399 2635 5436 eo
2670 5384 2758 5451 qui
2804 5400 3010 5439 consors
3046 5384 3189 5439 illius
3225 5388 3485 5441 insistebat
3523 5388 3763 5444 insaniit.

2171 5456 2439 5520 Quantum
2484 5469 2548 5509 eo
2582 5469 2697 5508 aevo
2741 5456 2809 5509 ab
2840 5455 3204 5511 ecclesiastico
3234 5458 3337 5511 ritu
3368 5457 3673 5523 recederet,
3708 5466 3768 5512 ut

2120 5526 2239 5579 ~‘ab
2269 5536 2610 5597 unotantum
2641 5524 2850 5579 etiamsi
2880 5527 3154 5597 reatholico
3182 5527 3415 5597 episcopi
3443 5528 3766 5583 ordinaren-

2175 5607 2280 5661 tur,
2316 5596 2499 5651 videre
2529 5604 2610 5650 est
2640 5597 2690 5650 in
2719 5596 2948 5650 concilio
2974 5599 3275 5653 Arelatensi
3315 5596 3436 5653 can.
3468 5597 3561 5665 20,
3593 5600 3649 5654 in
3676 5597 3767 5653 Ni-

2173 5681 2325 5720 ezeno
2347 5682 2466 5736 can.
2486 5668 2539 5733 4,
2568 5668 2621 5720 in
2640 5666 2866 5736 Regensi
2891 5682 3009 5725 can.
3030 5668 3089 5735 2,
3113 5668 3164 5725 in
3182 5669 3515 5726 Arausicauu
3535 5683 3655 5725 ean.
3669 5668 3761 5723 3i.

2080 5815 2084 5821 ’
2173 5735 2317 5796 Satn.
2349 5734 2641 5793 MAFFEIUS.
