4090 6330
310 349 413 405 949

1504 349 1858 410 EPISTOL/E
1899 347 1988 406 ΕΤ
2032 350 2373 409 DECRETA.

3483 355 3585 412 950

306 461 470 516 fuisse
495 472 792 518 correctum
827 482 837 518 :
868 469 1086 520 Interim
1111 508 1122 530 ,
1153 478 1212 519 ut
1241 480 1400 536 supra
1423 466 1530 535 jam
1555 466 1754 520 dictum
1787 475 1891 528 εει,
1923 465 1971 525 Α
2003 466 2100 519 rim
2134 467 2278 520 illum
2304 459 2681 522 ecclesiasticis
2704 465 2900 537 regulis
2929 480 3033 520 non
3059 473 3333 535 receptum
3371 486 3379 517 :
3408 467 3475 521 ab
3498 482 3583 523 ec-

307 557 407 607 hoc
459 554 576 621 ipso
619 555 926 612 hmreticum
978 559 1141 612 fuisse
1171 557 1534 623 monstrabis;
1569 559 1654 627 qui
1687 556 1897 612 etiamsi

303 645 552 700 damnata
583 647 775 703 haeresi
816 663 875 705 se
918 651 981 704 ad
1016 651 1172 705 ﬁdem
1201 652 1523 707 catholicam
1551 652 1745 706 dicitur
1770 665 1899 704 con-

303 740 492 793 tulisse
514 783 526 804 ,
565 739 719 794 subdi
749 741 933 796 debuit
980 744 1297 808 catholicis,
1328 760 1354 798 a
1385 745 1580 814 quibus
1623 752 1898 799 correctus

301 841 413 894 cst,
470 845 573 887 non
625 849 854 902 prmesse
892 855 900 887 :
935 852 1038 891 non
1081 848 1163 892 est
1203 837 1344 892 enim
1395 837 1689 906 discipulus
1737 852 1896 905 supra

301 925 647 993 magistrum;
694 927 930 998 satisque
966 941 1078 984 erat
1108 941 1168 984 ut
1205 931 1553 985 correctionis
1580 945 1688 984 sua:
1719 931 1898 1000 subje-

295 1025 416 1068 ctus
449 1016 712 1085 prmberet
757 1019 1094 1089 exemplum,
1128 1038 1229 1075 non
1259 1033 1377 1092 post
1407 1023 1714 1076 diuturnum
1747 1039 1897 1077 erro-

298 1122 435 1172 rem,
461 1108 787 1180 longamque
825 1112 1098 1180 terﬁdiatn
1122 1158 1135 1180 ,
1167 1131 1193 1167 a
1222 1116 1415 1184 quibus
1445 1116 1755 1170 emendatus
1787 1130 1859 1168 est
1881 1159 1894 1179 ,

296 1207 685 1270 correctusque
715 1202 1002 1258 dominari.
1034 1205 1166 1258 Tum
1200 1206 1395 1260 deinde
1421 1223 1626 1275 quaaro,
1656 1209 1778 1274 quid
1809 1225 1893 1257 cr-

298 1290 437 1344 r0ris
471 1289 842 1358 damnaverit,
877 1293 1000 1363 quid
1035 1305 1194 1350 recta:
1231 1297 1588 1352 confessionis
1628 1298 1848 1362 elegerit
1879 1343 1891 1364 ,

295 1391 350 1438 ct
380 1400 540 1453 quam
579 1387 709 1454 petit
732 1401 850 1442 esse
883 1387 1104 1457 falsam,
1137 1405 1364 1460 quamve
1398 1405 1640 1445 veracem
1675 1391 1830 1444 ﬁdem
1878 1407 1890 1442 :

295 1477 388 1547 qui
421 1475 464 1532 si
493 1478 766 1534 deﬁnitam
806 1481 945 1551 apttd
976 1480 1372 1537 Chalcedonam
1405 1483 1594 1550 ﬁdem,
1629 1493 1682 1537 et
1710 1483 1893 1536 catho-

298 1568 454 1622 licam
489 1570 748 1640 sequitur,
778 1587 872 1625 cur
903 1573 980 1626 eis
1007 1575 1385 1635 communicat,
1420 1575 1508 1643 qui
1538 1575 1761 1628 duarum
1797 1590 1891 1627 na-

295 1667 537 1719 turarum
586 1662 636 1714 in
669 1661 885 1716 Christo
915 1663 1222 1718 nullatenus
1259 1664 1527 1734 recipiunt
1569 1665 1894 1719 veritatem?

290 1768 389 1807 cur
420 1752 730 1809 Dioscorum
752 1797 766 1821 ,
801 1770 896 1809 cur
935 1754 1274 1811 Timotheum
1311 1755 1622 1813 hmreticum
1671 1757 1890 1812 recitari

2005 556 2299 612 ciesiastica
2319 557 2476 627 igitur
2488 559 2668 628 regula
2692 559 2926 628 receptio
2948 558 3066 626 ejus
3087 560 3259 611 omnis
3287 559 3458 613 aliena
3480 568 3581 614 est.

1956 719 1967 734 .
2003 649 2220 717 Quod-si
2242 651 2446 705 dixeris
2475 671 2487 704 :
2523 652 2629 707 Sed
2658 654 2938 721 imperator
2962 649 3239 707 catholicus
3265 662 3358 714 est,
3393 664 3414 692 ο
3439 651 3584 706 salva

2005 755 2132 810 pace
2157 741 2321 813 ipsius
2338 741 2656 808 dixerimus,
2673 745 2811 798 ﬁlius
2831 755 2932 811 est,
2958 760 3061 799 non
3083 747 3276 815 prasul
3298 745 3579 800 Ecclesiae:

2002 833 2142 903 quod
2176 832 2238 885 ad
2282 833 2594 903 religionem
2623 837 2897 904 competit,
2929 837 3137 892 discere
3172 839 3442 903 convenit,
3475 852 3583 894 non

2003 921 2228 988 docere;
2262 923 2421 978 habet
2465 924 2735 993 privilegia
2769 930 3047 994 potestatis
3087 943 3216 994 sum,
3252 946 3371 999 quae
3409 930 3578 984 admi-

2003 1016 2291 1070 nistrandis
2326 1018 2547 1084 publicis
2579 1018 2739 1071 rebus
2767 1017 3021 1074 divinitus
3048 1031 3369 1077 consecutus
3393 1029 3502 1086 est;
3525 1027 3583 1077 et

2001 1109 2116 1173 cjns
2146 1106 2422 1161 beneﬁciis
2453 1124 2556 1161 non
2579 1107 2817 1178 ingratus
2845 1119 3032 1163 contra
3057 1112 3460 1180 dispositionem
3481 1126 3582 1168 cut-

2003 1197 2154 1252 lcstis
2184 1199 2387 1253 ordinis
2417 1199 2491 1254 nil
2523 1212 2740 1270 usurpet
2779 1220 2791 1253 :
2819 1200 2884 1256 ad
2915 1203 3226 1258 sacerdotes
3275 1206 3412 1258 cnim
3440 1206 3582 1262 Deus

2002 1293 2192 1356 vo'uit,
2239 1308 2358 1362 qua:
2401 1293 2656 1348 Ecclesia:
2700 1295 3032 1364 disponenda
3082 1308 3233 1360 sunt,
3282 1298 3582 1365 pertinere,

2003 1398 2105 1436 non
2135 1383 2200 1436 ad
2227 1384 2408 1438 smculi
2435 1393 2762 1455 potestates:
2787 1404 2904 1456 qua:
2934 1390 2975 1441 si
3011 1387 3195 1442 ﬁdeles
3226 1397 3367 1450 sunt,
3395 1389 3583 1443 Eccle-

2001 1477 2094 1532 sia:
2141 1492 2252 1531 sure
2306 1487 2359 1532 et
2389 1480 2760 1534 sacerdotibus
2787 1481 2954 1536 voluit
2985 1497 3106 1536 esse
3146 1481 3434 1550 subiectas.
3469 1481 3583 1534 Non

1999 1567 2102 1622 sibi
2137 1567 2373 1624 vindicet
2400 1570 2633 1624 alienum
2661 1570 2768 1639 jus,
2795 1582 2846 1624 et
2877 1573 3236 1626 ministerium
3261 1571 3400 1639 quod
3433 1571 3585 1625 alteri

1998 1659 2308 1730 deputatum
2339 1671 2421 1716 est
2447 1679 2460 1716 :
2489 1677 2555 1716 ne
2579 1673 2763 1717 contra
2793 1680 2914 1717 eum
2949 1663 3130 1718 tendat
3155 1663 3400 1732 abrupte,
3429 1679 3456 1715 a
3481 1679 3586 1733 quo

1999 1753 2177 1806 omnia
2210 1754 2498 1808 constituta
2533 1762 2676 1818 sunt,
2718 1764 2770 1809 et
2800 1763 2987 1810 contra
3032 1755 3175 1810 illius
3204 1756 3457 1811 beneﬁcia
3491 1773 3586 1824 pu-

294 1846 456 1900 facit?
489 1863 584 1902 cur
627 1850 930 1919 quicunque
965 1849 1086 1903 inde
1129 1849 1378 1914 veniunt,
1429 1850 1634 1920 synodo
1666 1849 1890 1907 Chalce-

2000 1859 2162 1914 gnare
2186 1845 2450 1910 videatur,
2483 1862 2510 1898 a
2539 1862 2645 1914 quo
2670 1847 2941 1916 propriam
2971 1855 3294 1901 consecutus
3326 1856 3404 1899 cst
3436 1855 3585 1915 pote-

288 1936 518 1992 donensi
544 1939 769 1994 adversa
797 1939 1126 1994 defendunt?
1151 1940 1344 2010 quibus
1369 1942 1557 1995 Petrus
1581 1940 1698 1995 Sine
1730 1942 1888 1995 dubi-

290 2029 493 2084 tatione
535 2031 914 2085 communicat.
967 2030 1021 2086 Si
1073 2040 1253 2085 autem
1301 2033 1470 2101 magis
1503 2031 1686 2086 talium
1723 2031 1885 2086 ﬁdem

293 2136 480 2174 veram
533 2136 654 2177 esse
699 2122 1046 2192 pronuntiat,
1081 2131 1302 2192 apparet
1337 2124 1466 2177 satis
1506 2139 1663 2193 quam
1694 2124 1762 2177 de
1793 2140 1890 2178 suo

289 2213 361 2267 sit
413 2199 597 2267 errore
644 2229 957 2270 conversus.
1009 2221 1035 2250 ι
1087 2214 1192 2269 Sed
1235 2228 1341 2268 non
1391 2216 1554 2269 miror
1583 2224 1887 2269 correctum

287 2305 420 2367 dici,
449 2319 571 2360 cum
598 2306 648 2360 in
683 2320 775 2359 sua
806 2306 1156 2375 perversitate
1180 2316 1516 2376 permaneat,
1546 2310 1758 2378 quando
1779 2324 1884 2363 non

285 2408 505 2452 constat
538 2405 593 2452 et
635 2413 663 2451 a
696 2413 800 2469 quo
832 2401 913 2454 vel
944 2408 1221 2454 correctus
1254 2399 1442 2463 fuerit,
1475 2401 1557 2454 vel
1593 2411 1838 2470 receptus
1870 2417 1884 2455 :

287 2490 562 2558 siquidem
599 2491 850 2545 Ecclesim
901 2494 1083 2562 regula
1125 2504 1387 2562 vetusque
1420 2493 1633 2548 traditio
1663 2504 1787 2548 nota
1818 2495 1891 2548 sit

284 2583 542 2637 omnibus
583 2599 598 2638 :
631 2584 700 2637 ab
727 2586 979 2654 episcopo
1023 2587 1166 2640 enim
1200 2586 1488 2656 provinciae
1532 2601 1640 2640 sua!
1663 2628 1676 2641 .
1711 2588 1760 2640 id
1807 2597 1887 2641 est

282 2675 544 2728 secunda:
576 2674 718 2729 sedis
749 2674 1018 2742 antistite,
1052 2691 1198 2743 eum,
1233 2677 1317 2731 vel
1365 2677 1558 2731 discuti
1593 2677 1676 2731 vel
1723 2677 1888 2745 recipi

283 2769 651 2823 convenisset.
672 2769 770 2836 Qui
791 2779 966 2823 tamen
1005 2769 1393 2824 Alexandrinus
1415 2771 1637 2824 antistes
1657 2813 1670 2835 ,
1699 2770 1886 2824 etiam-

284 2859 338 2912 si
370 2861 636 2928 pravitate
684 2860 936 2914 damnata
965 2875 1087 2914 eum
1122 2860 1487 2931 recipiendum
1525 2873 1645 2914 esse
1675 2861 1886 2929 judica-

285 2959 405 3016 ret,
435 2966 538 3004 non
573 2952 721 3020 prius
750 2953 848 3005 hoc
873 2951 1074 3006 iaceret
1109 2965 1268 3021 quam
1313 2951 1377 3005 ad
1424 2951 1606 3006 sedem
1635 2953 1892 3022 apostoli-

285 3056 408 3096 cam
439 3044 731 3097 retulisset.
766 3043 964 3098 Docent
1013 3046 1111 3099 hoc
1142 3045 1391 3098 catholici
1419 3054 1563 3115 gesta
1595 3045 1885 3108 Timothei,

288 3136 631 3206 aliorumque
654 3139 898 3206 exempla
952 3139 1267 3208 multorum,
1310 3140 1396 3209 qui
1429 3141 1662 3209 acceptis
1693 3140 1889 3196 libellis

1998 1948 2209 1992 statem.
2245 1938 2359 1992 Non
2385 1939 2592 2007 legibus
2621 1939 2870 2008 publicis,
2899 1954 3002 1992 non
3040 1954 3068 1993 a
3100 1939 3450 2006 potestatibus
3483 1953 3586 1993 sa:-

1995 2031 2125 2098 culi,
2159 2031 2251 2085 sed
2297 2047 2325 2086 a
2370 2033 2708 2101 pontiﬁcibus
2752 2041 2807 2087 et
2843 2032 3216 2087 sacerdotibus
3246 2035 3586 2098 omnipotens

1999 2123 2138 2178 Deus
2163 2123 2483 2179 Christianre
2507 2124 2780 2193 religionis
2807 2123 3054 2178 dominos
3077 2133 3131 2178 et
3152 2125 3460 2178 sacerdotes
3491 2139 3584 2176 vo-

1996 2218 2095 2271 luit
2124 2217 2383 2278 ordinari,
2409 2227 2462 2272 et
2490 2217 2706 2280 discuti,
2743 2217 3013 2286 recipique
3041 2215 3107 2270 de
3135 2230 3320 2270 errore
3343 2228 3585 2270 remean-

1997 2319 2098 2363 tes.
2138 2309 2492 2375 Imi-cratorcs
2540 2308 2832 2363 Christiani
2867 2307 3100 2361 subdere
3139 2306 3337 2360 debent
3365 2321 3585 2360 exsecu-

1996 2401 2170 2454 tiones
2199 2414 2324 2454 suas
2354 2399 2735 2454 ecclesiasticis
2781 2398 3121 2470 praesulibus,
3157 2413 3262 2452 non
3307 2398 3581 2466 prteferre.

1995 2491 2147 2545 Nulla
2182 2506 2330 2557 ergo,
2365 2507 2466 2546 nec
2498 2503 2646 2546 certa
2677 2490 2945 2545 discussio
2973 2498 3078 2557 est,
3112 2504 3212 2544 nec
3242 2503 3461 2543 manere
3492 2504 3586 2557 po-

1997 2593 2102 2639 test
2126 2586 2224 2639 ista
2259 2585 2532 2654 susceptio
2563 2585 2699 2654 ejus,
2743 2599 2899 2653 quem
2940 2584 3181 2639 Ecclesia
3213 2584 3326 2638 suis
3356 2582 3580 2654 legibus,

1997 2692 2095 2730 nec
2139 2676 2329 2730 ordine
2374 2676 2722 2744 competenti,
2770 2691 2869 2730 nec
2908 2675 3160 2729 discussit
3205 2674 3445 2739 omnino,
3488 2689 3586 2728 nec

1995 2768 2376 2821 communione
2427 2767 2708 2829 restituit;
2743 2766 2973 2834 ideoque
3023 2765 3198 2834 potius
3246 2763 3418 2819 errori
3472 2765 3588 2828 eius

1997 2857 2416 2911 communicavit
2447 2855 2692 2923 Aeacius,
2724 2855 3153 2924 catholicamquc
3189 2854 3349 2909 ﬁdem
3383 2854 3431 2908 ei
3465 2867 3587 2921 pro-

1998 2951 2190 3013 stituit,
2222 2965 2380 3018 quam
2413 2949 2558 3002 illum
2591 2947 2654 3001 ad
2678 2947 3112 3002 communionem
3143 2945 3463 3000 catholicam
3497 2959 3585 2999 re-

1996 3042 2243 3095 vocavit:
2275 3043 2430 3109 cujus
2451 3042 2593 3095 enim
2619 3056 2724 3094 non
2752 3049 2833 3094 est
2855 3040 3093 3094 ordinata
3119 3039 3377 3107 receptio,
3407 3037 3588 3106 sequi-

1999 3143 2087 3186 tur
2117 3142 2175 3186 ut
2207 3134 2256 3185 in
2290 3147 2474 3186 errore
2508 3131 2886 3201 permanserit.
2924 3132 3174 3186 Acacium
3201 3143 3416 3198 quoque
3441 3145 3471 3184 a
3493 3144 3587 3186 no-

291 3227 711 3292 lmreticorum,
757 3229 809 3283 ln
856 3229 1049 3298 quibus
1084 3241 1324 3287 veterem
1354 3246 1412 3285 se
1442 3233 1699 3287 damnare
1731 3234 1892 3302 proﬁ-
1922 3232 1969 3298 α
2000 3238 2108 3283 stra
2149 3229 2527 3284 communione
2573 3225 2964 3288 submovimus,
3015 3238 3083 3279 ne
3131 3239 3226 3292 per
3263 3239 3385 3278 eum
3426 3224 3588 3279 etiam

291 3328 477 3373 tentur
501 3333 740 3374 errorem
769 3365 782 3388 ,
828 3335 932 3376 non
966 3323 1114 3392 prius
1137 3324 1499 3393 receptionem
1531 3340 1716 3380 eorum
1747 3339 1893 3380 com-

293 3411 720 3479 munionemque
748 3412 1106 3482 conﬁrmant,
1140 3427 1298 3484 quam
1331 3415 1396 3469 ad
1427 3415 1563 3471 hanc
1591 3419 1774 3473 sedem
1802 3433 1892 3473 sa-

301 3502 686 3558 tisfacientium
714 3513 862 3572 gesta
893 3504 1208 3575 dirigerent,
1237 3518 1394 3578 atque
1425 3510 1548 3564 hinc
1589 3523 1890 3580 poscerent,

297 3595 441 3647 sicut
479 3594 672 3645 factum
703 3602 815 3656 est,
863 3594 1062 3650 debere
1110 3596 1334 3651 ﬁrmari.
1365 3599 1560 3665 Quaero
1581 3644 1595 3668 ,
1643 3601 1858 3670 inquam
1879 3643 1892 3663 ,

301 3682 427 3753 quis
457 3684 616 3737 istum
645 3683 992 3751 discusserit,
1023 3685 1209 3754 quisve
1240 3692 1570 3758 susceperit,
1618 3693 1738 3759 quis
1766 3706 1896 3747 vere

302 3773 703 3839 conciliaverit,
754 3775 874 3844 quis
912 3776 977 3830 ad
1007 3779 1437 3834 communionem
1467 3782 1784 3836 catholicam
1817 3785 1898 3838 in-

305 3877 453 3922 trare
495 3865 833 3934 permiserit;
868 3866 957 3921 ubi
989 3864 1400 3932 interim'taceo,
1432 3873 1551 3939 quia
1583 3872 1697 3927 haec
1716 3875 1896 3927 omnia

309 3957 628 4029 paenitentis
655 3967 807 4022 sunt,
856 3968 1040 4028 utpote
1069 3969 1123 4014 et
1153 3960 1389 4015 hatretici
1414 4001 1428 4026 ,
1461 3973 1514 4017 et
1538 3964 1606 4016 ab
1632 3964 1900 4018 haereticis

306 4050 540 4105 ordinati
572 4067 583 4102 :
613 4063 770 4120 quem
791 4050 912 4105 sine
937 4051 1190 4121 ambiguo
1217 4061 1272 4106 et
1291 4064 1502 4109 constat
1528 4069 1739 4110 errasse
1759 4097 1773 4120 ,
1808 4061 1897 4126 qui

305 4156 449 4196 nunc
471 4140 778 4210 perhibetur
797 4156 917 4197 esse
944 4149 1219 4198 correctus
1247 4162 1258 4197 :
1289 4144 1317 4182 ι)
1345 4146 1444 4200 alia
1472 4157 1557 4202 est
1577 4150 1719 4203 enim
1743 4151 1898 4205 venia

300 4237 407 4291 sub
461 4245 666 4290 terrore
713 4236 1201 4306 lapsorum,.alia
1255 4250 1566 4308 spontanee
1620 4244 1900 4311 pravitatis

298 4326 518 4382 eieetio.
564 4327 622 4382 Si
653 4328 878 4382 Aeacius
909 4311 1051 4384 hunc
1077 4331 1308 4399 recipit,
1341 4348 1449 4401 quo
1476 4332 1760 4404 jure,qua
1809 4349 1896 4388 re-

298 4418 614 4487 gulaicum
637 4431 736 4471 nec
765 4418 1031 4486 pontiﬁcis
1063 4421 1230 4487 ipsius
1259 4432 1403 4476 esset
1433 4424 1533 4478 hoc
1561 4423 1736 4479 iacere
1755 4468 1768 4491 ,
1801 4441 1899 4481 nec

298 4512 372 4565 ad
405 4527 493 4566 nte
521 4513 753 4568 voluerit
791 4515 905 4570 hac
934 4515 1138 4572 referre
1172 4535 1185 4570 :
1223 4519 1328 4573 imo
1353 4519 1469 4585 cui,
1503 4536 1570 4575 ne
1592 4521 1643 4575 id
1666 4521 1898 4588 faceret,

2001 3336 2121 3386 nos,
2160 3322 2316 3376 Petro
2344 3320 2487 3374 nulla
2522 3318 2780 3374 Ecclesizc
2812 3316 2994 3384 regula
3022 3315 3272 3370 discusso
3299 3324 3458 3385 atque
3498 3331 3588 3369 su-

2001 3423 2209 3484 scepto,
2239 3423 2294 3469 et
2322 3413 2446 3468 ideo
2475 3412 2527 3466 in
2557 3409 2782 3480 pristino
2808 3423 2995 3465 errore
3019 3407 3254 3475 duranti,
3289 3409 3588 3463 communi-

1999 3523 2153 3563 casse
2183 3507 2646 3577 dignosceremur.
2676 3502 2960 3569 Quomodo
2983 3510 3160 3556 autem
3202 3516 3308 3555 non
3345 3516 3469 3556 reus
3507 3502 3588 3554 ci-

2003 3612 2146 3653 tatur
2182 3598 2442 3663 Aeacius,’
2474 3593 2922 3649 communicando
2949 3590 3020 3655 ei,
3054 3606 3212 3660 quem
3251 3591 3436 3645 retulit
3467 3603 3590 3646 esse

2000 3691 2349 3745 damnatum?
2380 3688 2634 3755 Nunquid
2654 3702 2719 3741 ea:
2757 3692 2932 3740 eodem
2964 3684 3214 3752 foramine
3249 3695 3423 3738 manat
3454 3701 3590 3754 aqua

2003 3786 2169 3838 dulcis
2198 3794 2244 3836 et
2271 3797 2448 3836 amara
2475 3779 2681 3850 (Iacob.
2707 3794 2784 3842 ιιι,
2806 3775 2934 3847 li)?
2963 3776 3094 3830 Nam
3120 3791 3241 3830 cum
3267 3776 3411 3830 dicat
3437 3778 3585 3845 Apo-

2005 3880 2176 3934 stolus
2208 3897 2219 3930 ι
2247 3878 2308 3933 Si
2332 3893 2446 3947 quis
2475 3874 2723 3936 destrui,
2756 3872 2863 3925 hac
2887 3870 3058 3924 eadem
3082 3869 3361 3937 recedi/ica,
3389 3885 3587 3938 praeva-

2004 3977 2275 4026 ricatorem
2325 3986 2403 4023 me
2443 3970 2693 4022 constitua
2735 3963 2878 4032 (Gal.
2915 3980 2974 4031 ιι,
3017 3965 3291 4035 l8)?cum
3339 3963 3455 4019 haec
3505 3965 3587 4016 in-

2007 4080 2165 4134 quam
2203 4065 2345 4118 dicat
2385 4071 2564 4116 tantus
2617 4062 2934 4132 Apostolus,
2978 4071 3077 4116 vos
3123 4058 3364 4128 judicare
3410 4067 3590 4109 utrum

2008 4158 2388 4228 prawaricator
2418 4170 2522 4209 non
2554 4154 2622 4208 sit
2647 4155 2897 4224 Aeacius,
2927 4154 3016 4224 qui
3045 4151 3188 4223 quod
3216 4160 3342 4205 ante
3368 4149 3589 4204 damna-

2007 4250 2101 4311 vit,
2129 4263 2228 4304 suo
2258 4259 2377 4318 post
2405 4261 2498 4302 ore
2522 4245 2774 4301 laudavit.
2809 4243 2892 4298 Ex
2917 4261 3004 4298 ore
3030 4253 3141 4310 tuo,
3175 4241 3368 4313 inquit,
3390 4240 3589 4311 justi/i-

2007 4342 2223 4404 caberis,
2271 4350 2317 4392 ct
2363 4356 2425 4392 ea:
2471 4355 2557 4392 ore
2599 4350 2684 4392 tuo
2727 4336 3140 4392 condemnaberis
3168 4331 3348 4400 :Pax,
3393 4349 3514 4402 pax,
3543 4340 3592 4386 et

2010 4450 2109 4487 non
2139 4443 2212 4487 est
2241 4448 2342 4503 pax
2361 4429 2388 4469 ά
2420 4447 2434 4486 :
2465 4445 2564 4500 pax
2592 4439 2674 4487 est
2697 4431 2840 4487 enim
2883 4431 3072 4484 caritas
3102 4429 3164 4482 de
3189 4430 3341 4482 corde
3361 4442 3511 4497 puro,
3542 4434 3592 4478 et
3618 4434 3625 4445 ‘

2005 4527 2315 4581 conscientia
2346 4525 2495 4588 bona,
2529 4532 2574 4577 et
2602 4524 2702 4590 ﬁde
2738 4538 2837 4576 non
2870 4522 2988 4590 ﬁcta
3015 4519 3065 4589 (1
3091 4519 3226 4573 Tim.
3263 4536 3300 4583 ι,
3328 4517 3407 4587 5).
3449 4515 3590 4582 Quid

298 4606 603 4677 saepissime
623 4607 1016 4662 contradictum
1034 4615 1137 4677 est,
1157 4622 1206 4664 et
1225 4626 1550 4681 magnopere
1567 4615 1892 4684 delegatum,
1925 4601 1980 4667 Ι)
2006 4621 2199 4674 horum
2224 4619 2274 4672 in
2305 4615 2496 4670 Petro?
2516 4614 2644 4684 quid
2667 4615 2860 4667 horum
2883 4613 3105 4667 docetur
3129 4625 3249 4664 esse
3278 4610 3333 4663 in
3357 4607 3590 4662 Acacio?

211 4734 222 4738 -
299 4706 360 4750 ut
387 4709 510 4750 eum
541 4697 749 4767 longius
770 4699 838 4752 ab
870 4699 1196 4754 Alexandria
1228 4701 1428 4756 faceret
1457 4705 1809 4770 sacerdotali,
1839 4719 1896 4764 et

295 4789 570 4843 catholico
595 4791 718 4859 jure
745 4802 927 4846 nostra
971 4796 1313 4864 suggestione
1342 4798 1556 4866 depelli.
1606 4801 1715 4855 Cur
1763 4818 1898 4872 prae-

296 4880 670 4950 sumpsitqua:
692 4882 858 4945 vetui,
888 4892 942 4937 et
971 4897 1089 4952 quae
1125 4898 1247 4939 sunt
1278 4887 1516 4956 iniuncta
1537 4891 1802 4946 calcavit?
1825 4910 1896 4950 an

299 4973 596 5040 imperator
613 4974 762 5027 illum
779 4973 1031 5030 discussit
1053 4985 1214 5045 atque
1236 4981 1504 5048 suscepit?
1520 4979 1742 5037 Constat
1759 4985 1895 5040 inte-

301 5224 306 5228 .
372 5190 399 5216 ιι
445 5177 698 5250 Videmus
744 5191 849 5250 quo
898 5187 1090 5232 conatu
1145 5179 1320 5234 Acacii
1377 5180 1614 5236 fautores
1663 5183 1878 5239 Petrum

296 5265 514 5319 quoque
541 5249 960 5304 Alexandrinum
1009 5259 1303 5314 tuerentur,
1353 5252 1663 5306 hmreticum
1708 5259 1882 5308 homi-

300 5337 425 5375 nem
456 5335 516 5375 ac
543 5320 978 5389 perditissimum.
1017 5320 1118 5387 Qui
1150 5332 1315 5375 tamen
1335 5324 1711 5378 Alexandrinus
1734 5327 1855 5380 Anti
1865 5356 1884 5366 -

299 5402 423 5457 stes,
457 5402 562 5446 etc.
594 5391 668 5446 Ita
698 5391 897 5446 exinde
926 5389 1171 5447 Gelasius
1203 5393 1358 5458 epist.
1395 5395 1460 5447 15
1491 5396 1553 5447 ad
1586 5410 1647 5449 ea
1681 5399 1840 5452 verba
1870 5416 1880 5449 :

299 5459 432 5514 Cum
461 5464 594 5516 enim
626 5470 817 5514 constet
846 5477 1061 5528 semper.
1113 5463 1349 5532 Apparet
1381 5464 1709 5531 patriarchas
1742 5468 1888 5533 ipsos

295 5533 599 5602 Orientales
643 5543 767 5587 ante
804 5533 1106 5601 apostolico
1150 5534 1290 5587 sedis
1327 5549 1636 5602 assensum,
1670 5552 1730 5590 ac
1769 5539 1888 5592 sine

299 5601 528 5656 Romani
582 5602 848 5672 pontiﬁcis
889 5601 1140 5669 oraculo,
1201 5603 1480 5660 haereticos
1533 5601 1885 5662 recOnciliare

299 5687 410 5727 non
440 5675 804 5728 consuevisse.
847 5673 989 5728 Sorr.
1025 5672 1317 5728 Marrsws.

373 5740 400 5780 ι
424 5743 608 5816 Petrus
637 5744 897 5813 siquidem
927 5757 1032 5816 nAon
1063 5744 1132 5816 ob
1158 5753 1442 5816 terrorem,
1470 5747 1564 5802 sed
1591 5758 1886 5816 spontanea

301 5814 566 5883 pravitate
592 5811 906 5878 deliquerat.
940 5811 1208 5868 Pontiﬁcis
1229 5815 1386 5872 ipsius
1411 5811 1509 5872 hoc
1537 5811 1887 5888 est'episcopi

1923 5930 1960 5964 ᾧ

2010 4713 2098 4765 ille
2138 4725 2242 4764 non
2285 4706 2519 4777 legitima
2552 4719 2647 4760 nec
2686 4704 3050 4760 ecclesiastica
3095 4703 3275 4772 regula
3317 4700 3591 4756 discussus

2003 4816 2164 4872 atque
2191 4809 2474 4870 susceptus
2506 4798 2557 4852 in
2596 4811 2690 4852 sua
2722 4805 3000 4866 permanet
3031 4796 3319 4865 pravitate,
3349 4793 3435 4848 hic
3459 4807 3589 4862 per-

2005 4895 2242 4950 manenti
2277 4894 2331 4948 in
2374 4891 2638 4961 pravitate
2679 4888 2739 4944 ﬁt
2785 4889 3051 4957 complex,
3095 4887 3257 4942 etiam
3304 4894 3588 4955 postquam

2005 5001 2128 5041 eum
2162 4984 2434 5055 professus
2481 4991 2565 5037 est
2595 4981 2710 5052 ipse
2751 4980 3082 5036 damnatum.
3127 4978 3232 5034 Sed
3260 4977 3583 5043 necessitate,

2000 5186 2102 5239 sui.
2138 5182 2249 5236 Ima
2277 5182 2380 5247 cui,
2409 5190 2538 5243 etc.,
2573 5179 2674 5248 ipsi
2703 5176 3070 5248 Alexandrino
3086 5176 3368 5248 episcOpo.
3410 5173 3584 5248 Mirr.

2071 5264 2092 5292 ο
2119 5254 2306 5322 Aliqua
2337 5244 2399 5322 ex
2430 5251 2510 5304 his
2531 5244 2641 5322 jam
2671 5249 2971 5318 protulerat
3003 5247 3158 5322 Felis
3190 5244 3242 5299 in
3267 5246 3488 5322 epist.-9
3515 5246 3585 5298 ad

1994 5316 2263 5379 Zenonem
2288 5340 2298 5374 :
2329 5316 2865 5392 Regiatnvoluntatcm
2887 5318 3233 5372 sacerdotibus
3257 5316 3446 5370 Christi
3473 5324 3580 5369 stu-

1994 5397 2153 5450 dentis
2179 5395 2411 5454 subdere,
2445 5408 2540 5445 non
2573 5395 2836 5460 prteferre,
2866 5400 2912 5443 et
2941 5398 3262 5460 sacrosancta
3289 5403 3377 5460 per
3407 5402 3584 5439 eorum

1999 5467 2239 5536 primates
2267 5464 2461 5536 discere
2491 5457 2658 5536 potius
2684 5457 2836 5536 quam
2867 5463 3058 5536 docere.
3110 5457 3582 5536 SplP._hiar_raltts.

2068 5534 2094 5572 ἀ
2123 5534 2293 5589 Verba
2337 5534 2451 5588 htec
2489 5526 2661 5585 attulit
2697 5526 2849 5585 Felix
2887 5531 2938 5584 in
2970 5529 3195 5598 epistola
3238 5529 3321 5591 15,
3355 5526 3418 5579 ad
3462 5527 3583 5598 Fla-

1999 5607 2181 5660 vitatn.
2219 5603 2317 5659 Ubi
2343 5604 2395 5657 in
2425 5601 2707 5656 Labbeana
2735 5601 2970 5656 editione
2999 5597 3064 5652 ad
3096 5613 3244 5668 oram
3273 5597 3582 5668 prmceden-

1999 5679 2067 5730 tis
2104 5675 2345 5742 epistolae
2388 5671 2718 5748 duodecima:
2760 5671 3024 5748 adjectum
3053 5679 3157 5731 est,
3193 5667 3505 5736 Euphemius
3534 5668 3579 5748 is

1998 5749 2115 5816 fuit,
2150 5745 2510 5816 reponendum
2540 5742 2768 5804 b‘lavita,
2800 5742 2864 5797 ad
2898 5755 3055 5813 quem
3083 5749 3165 5796 est
3202 5752 3432 5809 sequens
3460 5742 3579 5806 epi-

1999 5813 2154 5876 Stola.
2191 5817 2332 5874 Scrr.
2364 5813 2652 5874 Murum.
