4090 6330
534 293 628 347 951

1840 288 2103 349 rwcus
2142 287 2343 346 mea;
2383 288 2446 347 ιιι

530 408 719 477 inquit,
772 406 1019 477 imperiali
1068 410 1462 463 communicavit
1506 408 1659 464 Petro
1708 408 1945 462 Aeacius.
1995 406 2106 461 Hoc
2134 405 2189 465 Λ
2213 419 2275 460 ea
2306 408 2416 479 ipsa
2446 418 2650 480 utique,
2679 424 2800 480 qua:
2842 412 3005 467 iidem
3034 413 3175 470 male
3204 415 3491 470 commissa
3528 427 3651 472 esse
3689 430 3802 473 non

529 499 702 567 ipsum
731 497 947 564 sufﬁcit,
980 501 1104 569 quia
1148 500 1289 570 quod
1333 501 1656 557 necessitate
1687 499 1882 555 dicitur
1912 513 2103 570 perpe-

528 593 744 654 tratum,
774 582 995 658 pravum
1035 606 1158 647 esse
1196 602 1549 649 monstratum
1579 601 1681 649 est.
1721 591 1927 647 Viderit
1969 594 2108 647 Aca-

519 687 658 758 cins,
698 685 786 757 vel
841 685 929 752 qui
974 687 1077 741 ista
1116 688 1453 757 pronuntiat,
1502 698 1680 745 utrum
1720 687 2105 757 imperatorem

524 773 846 830 cattioticum
905 778 1213 847 proﬁteatur
1262 780 1420 850 hujus
1475 782 1748 851 pravitatis
1803 791 2101 838 auctorem.

524 863 632 918 Nos
662 868 758 921 ista
803 868 871 923 de
900 870 1162 927 catholico
1208 872 1529 943 imperatore
1572 889 1677 930 non
1708 873 2002 940 credimus,
2040 881 2102 928 ut

524 967 649 1021 pote
669 959 819 1028 cujus
859 975 1011 1017 sacra
1044 965 1362 1032 retinemus,
1387 966 1439 1021 in
1467 967 1661 1038 quibus
1685 968 2004 1041 catholicam
2038 966 2103 1021 ﬁ-

523 1050 642 1104 dem
681 1062 733 1107 et
777 1052 1230 1114 Chalcedonensis
1279 1059 1470 1130 synodi
1509 1060 1873 1117 definitionem
1920 1077 1980 1117 se
2018 1070 2105 1117 te-

524 1158 654 1198 nere
684 1153 938 1210 testatur;
988 1160 1147 1220 atque
1175 1150 1297 1206 ideo
1331 1153 1491 1207 etiam
1524 1152 1591 1208 ab
1633 1153 1823 1208 eodem
1860 1154 2103 1223 postula-

523 1251 664 1301 mus,
706 1236 1222 1303 haereticosdebene
1266 1243 1499 1312 depelli;
1542 1246 1884 1314 pessimeque
1926 1246 1994 1301 de
2038 1260 2105 1302 eo

523 1316 692 1398 magis
715 1330 808 1385 ille
836 1334 1019 1397 sentit,
1046 1335 1134 1402 qui
1167 1335 1242 1389 ait
1280 1352 1425 1400 eum,
1456 1344 1548 1389 aut
1577 1337 1741 1403 nolle,
1774 1347 1864 1391 aut
1887 1354 1991 1393 non
2022 1338 2105 1393 fa—

523 1434 645 1473 cere
678 1434 831 1488 posse
876 1438 997 1491 qum
1036 1425 1198 1480 sentit
1229 1444 1241 1478 :
1270 1441 1390 1481 cum
1440 1442 1540 1483 nec
1582 1427 1852 1482 Divinitati
1896 1430 1966 1484 sit
1990 1429 2108 1497 ali-

522 1509 649 1578 quid
682 1511 1097 1582 praeferendum,
1127 1526 1182 1571 et
1204 1518 1423 1586 impium
1450 1520 1521 1572 sit
1545 1534 1665 1588 quae
1686 1520 1752 1574 ad
1783 1520 1952 1576 Deum
1985 1536 2109 1590 per-

521 1602 694 1657 tinent
741 1614 1135 1673 prompta/non
1168 1611 1391 1677 exsequi
1420 1610 1715 1667 voluntate.
1748 1611 1855 1667 Nos
1883 1612 2103 1684 inquam

520 1692 620 1747 ista
666 1692 733 1748 de
780 1695 1101 1764 imperatore
1151 1714 1258 1753 non
1308 1700 1790 1757 credimuszahsit
1842 1705 1984 1759 enim
2046 1715 2105 1759 ut

2214 504 2473 559 abnuunt.
2496 504 2601 558 Sed
2628 505 2871 575 populus,
2900 505 3092 576 inquit,
3123 500 3622 563 Alexandrinus”:
3649 524 3803 579 utag-

2212 596 2291 651 nis
2319 596 2584 668 desideriis
2620 598 2915 666 postulauit,
2966 614 3059 654 nec
3089 596 3302 654 Petrum
3340 600 3437 655 sibi
3460 600 3661 672 patitur
3692 600 3804 654 ulla

2156 698 2165 711 ‘
2212 687 2668 745 ratiommubduci.
2711 690 2847 757 Quid
2880 690 2925 746 si
2955 701 3165 761 peteret
3209 692 3440 762 populus
3472 690 3805 747 Alexandri-

2213 794 2313 835 nus
2338 780 2693 836 idololatriam
2733 782 2934 839 debere
2965 782 3179 853 parari;
3226 783 3352 853 quid
3397 784 3540 838 enim
3569 782 3804 838 interest

2213 871 2696 929 utrum‘ha-reticus
2718 888 2787 928 an
2816 872 3070 945 profanus
3094 874 3351 930 Ecclesiae
3372 874 3651 931 catholica
3678 889 3802 944 per-

2211 962 2453 1018 mittatur
2481 964 2717 1035 imponi?
2748 967 2874 1037 quid
2918 967 2962 1022 si
2993 967 3215 1023 alterius
3258 969 3479 1023 haeresis
3512 967 3802 1037 cujuslibet

2211 1052 2481 1110 hominem
2531 1057 2630 1111 sibi
2662 1058 2944 1129 praesulem
2990 1067 3175 1129 poscat
3223 1057 3501 1125 adhiberi;
3528 1059 3632 1129 qui
3652 1059 3799 1113 enim

2211 1144 2336 1201 fecit
2369 1145 2470 1202 hoc
2500 1146 2569 1202 de
2614 1148 2789 1218 aliqua
2824 1148 3038 1217 Interesi,
3088 1157 3264 1219 potest
3301 1158 3356 1204 et
3396 1148 3466 1205 de
3495 1146 3624 1213 alia,
3669 1148 3716 1202 si
3744 1147 3799 1203 id

2210 1239 2444 1296 delectat
2468 1252 2744 1312 expetere.
2797 1243 2855 1301 Si
2894 1244 3033 1298 inter
3062 1243 3337 1299 hominum
3383 1258 3569 1299 mores
3593 1242 3800 1314 aliquid

2211 1340 2509 1408 perpetrari
2544 1347 2840 1396 tentaretur
2865 1350 3055 1396 contra
3086 1340 3232 1412 leges
3264 1341 3528 1411 publicas,
3565 1342 3800 1398 nullate-

2211 1448 2311 1488 nus
2340 1432 2391 1488 id
2425 1433 2597 1488 bonus
2622 1434 2917 1505 imperator
2944 1443 3206 1490 annueret
3234 1451 3249 1489 :
3278 1443 3466 1490 contra
3499 1435 3666 1490 Deum
3702 1449 3798 1505 po-

2211 1525 2485 1580 scentibus
2524 1526 2846 1596 acquiescit?
2880 1526 2937 1581 Si
2979 1542 3139 1597 prava
3170 1526 3511 1597 cupientibus
3553 1541 3798 1584 annuen-

2210 1618 2337 1673 dum
2368 1628 2470 1686 est,
2502 1618 2590 1673 ubi
2613 1628 2697 1675 est
2731 1620 3021 1690 imperialis
3059 1620 3381 1676 auctoritas?
3422 1620 3512 1676 ubi
3545 1620 3797 1677 modera-

2212 1710 2319 1765 tio?
2369 1710 2454 1765 uhi
2501 1710 2677 1781 legum
2735 1712 3096 1781 gubernatio?
3142 1712 3199 1768 Si
3238 1722 3425 1768 contra
3472 1700 3797 1770 catholicam

518 1794 703 1840 contra
733 1786 833 1841 hoc
871 1790 1011 1857 quod
1038 1792 1213 1861 palam
1244 1794 1546 1861 proﬁtetur,
1591 1805 1778 1851 contra
1807 1798 1971 1854 decus
2003 1801 2104 1855 im-
2138 1788 2187 1850 B
2215 1790 2372 1858 ﬁdem
2403 1812 2457 1857 et
2505 1801 2935 1859 Ecclesiasticam
2965 1803 3205 1874 regulam
3242 1805 3549 1875 petentibus
3588 1821 3793 1863 conce-

515 1880 648 1946 perii
675 1882 995 1938 catholicam
1030 1885 1188 1940 ﬁdem
1218 1886 1533 1958 impugnare
1557 1890 1786 1948 dicatur.
1822 1894 2102 1964 lmpugnat

515 1979 714 2036 autem,
739 1972 883 2042 quod
913 1974 1073 2040 absit,
1102 1978 1146 2031 si
1184 1993 1503 2049 quemquam
1533 1982 1587 2036 in
1620 1982 1722 2038 hoc
1749 1985 1891 2053 quod
1918 1984 2100 2041 inimi-

515 2076 639 2117 cum
668 2074 749 2118 est
788 2064 1070 2123 catholica:
1107 2070 1383 2139 Ecclesiae,
1418 2077 1739 2134 necessitate
1764 2080 2054 2151 compellat
2083 2099 2099 2135 :

515 2154 620 2210 hoc
657 2156 775 2226 ipso
808 2167 1007 2225 autem,
1040 2162 1180 2217 sicut
1210 2164 1411 2221 dictum
1450 2180 1555 2236 est,
1588 2180 1800 2227 constat
1833 2187 1953 2229 esse
1981 2190 2102 2244 per-

515 2260 752 2313 versum,
781 2252 922 2319 quod
944 2252 1142 2309 dicitur
1168 2261 1496 2315 necessitate
1521 2265 1806 2320 committi.
1841 2266 1946 2323 Sed
1986 2269 2102 2325 haec

515 2341 582 2393 de
634 2342 959 2411 imperatore
1001 2346 1256 2413 viderint,
1306 2351 1396 2419 qui
1437 2351 1539 2408 ista
1590 2356 1965 2423 praetendunt:
2000 2374 2100 2414 nos

516 2444 695 2490 autem
728 2438 887 2492 etiam
917 2439 969 2493 in
1002 2439 1101 2495 hac
1125 2453 1278 2511 parte
1310 2452 1334 2479 ι
1359 2444 1701 2515 imperatoris
1725 2464 1895 2529 sacra.
1910 2455 2096 2509 recita-

516 2542 659 2591 nius,
695 2527 889 2598 quibus
919 2531 1098 2587 omnia
1127 2548 1187 2589 se
1228 2534 1521 2605 imperator
1549 2555 1669 2598 cum
1705 2527 1892 2600 Acacii
1921 2551 2100 2603 consl-

519 2617 592 2671 lio
607 2618 797 2674 fecisse
816 2622 1033 2688 promit,
1057 2632 1113 2678 et
1133 2624 1257 2680 item
1281 2629 1462 2683 Acacii
1481 2632 1683 2702 scripta
1707 2635 2095 2707 depromimus,

514 2723 636 2778 qua:
691 2710 909 2765 laudant
966 2712 1346 2783 imperatorem
1406 2721 1505 2777 ista
1558 2723 1865 2783 facientem.
1926 2730 2098 2786 Nemo

512 2799 653 2867 quod
681 2802 879 2870 patitur
908 2805 1252 2873 necessitate,
1298 2809 1607 2868 collaudat:
1637 2831 1796 2873 nemo
1835 2835 1935 2877 suo
1966 2837 2098 2879 con-

511 2890 638 2946 silio
670 2894 1047 2950 necessitatem
1089 2896 1190 2952 sibi
1224 2901 1395 2967 poscit
1434 2902 1640 2962 inferri.
1673 2908 1730 2964 Si
1771 2917 2103 2972 necessitate

510 2981 659 3048 fecit,
693 2985 920 3040 fateatur
958 2988 1156 3043 malum
1181 3004 1303 3047 esse
1338 2995 1480 3063 quod
1519 2995 1680 3063 fecit;
1728 3002 1916 3058 nolens
1945 3006 2093 3062 enim

508 3092 616 3130 non
648 3077 834 3134 volens
859 3080 1016 3147 facit;
1050 3100 1154 3139 non
1188 3090 1329 3151 enim
1362 3091 1636 3150 voluntate
1667 3096 1794 3153 facit
1821 3102 1966 3168 quod
1995 3118 2093 3159 ne-

2206 1894 2442 1952 dendum
2468 1906 2550 1951 est
2573 1897 2714 1966 quod
2736 1906 2969 1967 petatur,
2986 1898 3257 1975 quompdo
3285 1899 3592 1956 catholicus
3618 1902 3793 1972 impe-

2206 2002 2353 2049 rator
2383 1993 2678 2064 permittat,
2711 2009 2779 2050 ne
2800 1995 2894 2051 fiat
2911 2005 3100 2051 contra
3128 1995 3409 2052 hominum
3431 1999 3789 2069 voluntatem,

2205 2086 2299 2142 ﬁat
2327 2096 2511 2142 contra
2540 2087 2745 2143 Deum?
2790 2104 2859 2145 ne
2887 2090 3249 2160 corripiantur
3284 2092 3489 2148 utiliter
3520 2094 3791 2165 improba,

2205 2179 2314 2234 imo
2345 2177 2559 2235 lethalia
2583 2181 2949 2252 concipierites
2973 2195 3040 2238 ne
3066 2184 3426 2255 corrigantur,
3458 2188 3645 2243 insana
3678 2203 3789 2243 mo-

2207 2273 2399 2329 lientes
2432 2283 2660 2343 pereant
2706 2275 2759 2329 in
2798 2277 3100 2331 aeternum?
3143 2276 3254 2332 Nec
3293 2277 3419 2333 boni
3449 2278 3794 2350 imperatoris

2204 2374 2308 2433 est,
2340 2379 2441 2420 nec
2481 2366 2731 2421 catholici
2760 2368 3015 2438 principis
3052 2367 3268 2425 sibimet
3312 2372 3664 2440 poscentibus
3695 2371 3790 2427 ini-

2205 2459 2343 2514 mica
2392 2457 2721 2524 concedere;
2769 2458 2878 2515 imo
2924 2468 2981 2516 et
3020 2460 3119 2530 ipsi
3148 2460 3216 2517 de
3252 2461 3445 2532 quibus
3487 2462 3690 2533 agitur,
3738 2475 3790 2520 et

2204 2550 2352 2604 omni
2381 2548 2710 2619 reipublicae,
2739 2558 2795 2606 et
2836 2551 2994 2608 saluti
3022 2552 3162 2622 ejus,
3206 2562 3261 2608 et
3292 2569 3479 2625 regno,
3508 2570 3634 2625 qua:
3661 2572 3789 2613 con-

2206 2651 2286 2697 tra
2318 2641 2484 2698 Deum
2511 2648 2670 2710 'snnt,
2712 2657 2821 2698 non
2846 2644 3101 2713 cessisse,
3130 2645 3367 2703 salutare
3403 2656 3509 2703 est.
3537 2649 3648 2703 Sed
3688 2667 3787 2705 non

2202 2743 2344 2800 sunt,
2376 2734 2572 2803 inquis,
2600 2750 2689 2790 nec
2727 2734 2872 2790 bonis
2909 2736 3161 2804 moribus,
3191 2753 3285 2793 nec
3313 2738 3436 2808 ﬁdei
3475 2751 3633 2795 recte
3670 2757 3783 2796 cou-

2204 2828 2387 2884 traria.
2414 2827 2694 2897 Quomodo
2717 2843 2823 2883 non
2853 2836 2982 2884 sunt
3006 2821 3161 2885 bonis
3188 2831 3429 2887 moribus
3460 2836 3646 2900 noxia,
3669 2850 3783 2905 per-

2202 2923 2367 2978 ﬁdum
2402 2932 2425 2960 °
2464 2921 2733 2991 parricidii
2783 2922 3013 2989 socium,
3064 2922 3317 2978 comitem
3364 2925 3785 2993 hereticorum,

2203 3025 2360 3085 atque
2381 3014 2715 3087 damnatum,
2741 3029 2922 3069 rerum
2943 3013 3431 3072 administratorem
3455 3033 3688 3089 poscere
3708 3018 3786 3075 di-

2204 3108 2472 3173 vinarum,
2526 3120 2685 3178 quem
2716 3105 2918 3176 praeﬁci
2964 3105 3116 3163 nefas
3160 3118 3326 3179 esset,
3368 3111 3453 3165 vel
3487 3126 3596 3166 non
3627 3112 3783 3167 dece-

508 3168 762 3272 cessitate
809 3170 930 3226 facit
964 3192 975 3226 :
1005 3176 1199 3231 malum
1248 3191 1427 3237 autem
1474 3185 1687 3256 fatetur,
1735 3164 1877 3259 quod
1927 3198 2097 3255 nollet
2124 3164 2174 3230 ο
2205 3200 2316 3266 bat,
2358 3164 2471 3255 nec,
2501 3164 3040 3269 publice-dignitati?
3064 3164 3346 3267 Quomodo
3387 3218 3498 3258 non
3538 3202 3782 3272 religioni

509 3259 647 3324 ﬁeri,
687 3261 732 3313 si
774 3265 1096 3321 necessitate
1139 3284 1244 3324 non
1276 3287 1629 3341 premeretur.
1678 3280 1735 3336 Si
1781 3285 1981 3341 malum
2010 3300 2095 3345 est

506 3349 649 3417 quod
679 3355 997 3409 necessitate
1020 3358 1161 3425 facit,
1194 3376 1291 3416 cur
1322 3364 1372 3417 id
1401 3365 1558 3423 laude
1587 3375 1967 3445 prosequitur?
1992 3395 2091 3438 cur

504 3443 571 3497 ad
609 3444 833 3500 aliorum
862 3450 1219 3518 perditionem
1253 3458 1572 3525 prmdicator
1605 3468 1680 3520 rei
1727 3443 1845 3537 ejus
1882 3472 2086 3542 existit,

498 3548 657 3603 quam
676 3540 971 3623 committit
990 3542 1219 3600 invitus?
1244 3547 1394 3605 Unde
1433 3566 1678 3625 apparet,
1710 3574 1818 3614 non
1846 3540 2087 3622 necessi?

496 3626 644 3691 tatis,
684 3627 778 3681 sed
822 3632 1111 3689 voluntatis
1157 3652 1304 3707 esse,
1348 3645 1493 3708 quod
1533 3646 1683 3715 facit,
1727 3668 1849 3709 cum
1900 3658 2085 3730 utique

493 3717 692 3817 placet,
725 3733 844 3774 cum
875 3721 1080 3794 laudat,
1114 3743 1236 3785 cum
1261 3746 1371 3802 prie
1399 3743 1610 3796 creteris
1642 3748 1786 3800 retro
1814 3717 2085 3817 pontiﬁci-

490 3806 589 3863 bus
613 3824 734 3864 esse
760 3818 1088 3886 promulgat;
1120 3819 1144 3857 ι’
1171 3823 1368 3894 quippe
1394 3830 1483 3897 qui
1515 3830 1663 3898 dicit,
1695 3806 1831 3891 nunc
1856 3806 2081 3898 Alexan-

489 3897 691 3952 drinam
748 3902 1032 3960 Ecclesium
1078 3914 1367 3982 respirare,
1420 3930 1467 3972 et
1518 3924 2083 3991 spiritalis'alimonitz

487 3988 716 4055 ubrrlate
743 3995 961 4062 satiari;
988 3998 1056 4054 de
1091 4018 1195 4071 qua
1239 4014 1362 4061 ante
1391 4008 1622 4080 dixerat,
1659 4030 1785 4072 cum
1815 4025 2077 4092 expulsus

484 4091 649 4174 esset,
689 4083 854 4142 laetari
886 4104 1007 4145 cum
1043 4104 1211 4163 patre,
1238 4098 1288 4152 id
1320 4112 1401 4155 est
1425 4118 1545 4159 cum
1578 4108 1863 4168 Timotheo
1885 4083 2079 4174 catho-

482 4171 613 4236 lico,
665 4179 826 4232 corda
875 4182 1138 4251 ﬁdelium,
1189 4189 1238 4241 id
1284 4203 1367 4244 est
1415 4196 1583 4261 plebis
1619 4213 1754 4255 suae.
1784 4171 2073 4265 Postremo

482 4259 602 4331 ipse
630 4264 807 4320 'videat
843 4272 888 4323 si
913 4271 1295 4340 imperatorem
1330 4259 1471 4338 dicat
1509 4286 1693 4347 facere
1722 4259 2073 4368 cuncta—qua;

470 4354 620 4409 .tnala
648 4370 799 4426 sunt;
828 4367 1041 4432 quando
1083 4384 1202 4438 qua:
1233 4388 1354 4429 cum
1410 4384 1729 4441 necessitate
1749 4401 1808 4444 se
1838 4354 2070 4450 tolerare

480 4452 789 4546 praetendit,
840 4458 978 4512 mala
1027 4476 1148 4520 esse
1177 4470 1478 4540 profitetur,
1519 4486 1573 4531 et
1613 4494 1715 4535 nou
1761 4484 1938 4543 facere
1976 4506 2070 4546 vo-

479 4539 687 4599 luntate
724 4553 1051 4617 pronuntiat.
1090 4555 1145 4612 in
1189 4560 1391 4619 tantum
1424 4581 1555 4638 ergo
1584 4569 1699 4629 haec
1745 4579 1883 4633 mala
1915 4594 2063 4651 sunt,

475 4640 535 4684 ut
563 4649 668 4689 non
698 4639 860 4695 vellet
884 4642 997 4700 hinc
1028 4646 1221 4715 facere,
1252 4654 1297 4706 si
1333 4662 1627 4719 necessitas
1650 4681 1753 4721 non
1797 4686 2016 4742 urgeret

473 4726 617 4793 apud
661 4743 760 4824 nos
801 4734 942 4801 quod
984 4752 1308 4812 magnOpere
1339 4750 1619 4821 praedicat,
1674 4774 1778 4816 non

474 4824 605 4880 tate,
644 4821 738 4875 sed
769 4824 1041 4885 voluntate
1084 4832 1262 4891 facere
1295 4838 1651 4904 demonStrat.
1685 4850 1739 4906 Si
1770 4821 2055 4916 autem

459 5103 558 5192 sua
581 5109 597 5158 ;
628 5108 896 5167 nunquam
937 5118 1167 5175 aegrotus
1193 5114 1403 5172 medico
1431 5123 1755 5184 conditionis
1784 5146 1894 5190 suae
1933 5151 2033 5192 cu—

458 5182 694 5293 rationes
721 5195 973 5293 apponit;
1006 5202 1230 5267 proinde
1256 5207 1472 5266 vulnera
1508 5229 1626 5282 sua,
1652 5219 1760 5276 imo
1787 5239 1909 5293 quae
1935 5227 2044 5283 Ec-

455 5271 633 5331 clesia:
669 5282 814 5337 omni
858 5287 972 5341 suis
1010 5295 1319 5353 excessibus
1366 5301 1677 5376 intulerunt,
1733 5271 2040 5385 ut1possint

462 5376 643 5423 veram
686 5376 926 5446 recipere
969 5385 1271 5455 sanitatem,
1311 5394 1487 5452 sinant
1532 5403 1711 5458 curari
1745 5376 2043 5478 patienter,

2200 3292 2526 3347 contrarium
2568 3298 2652 3345 est
2683 3289 2994 3346 bereticum
3022 3290 3467 3363 damnatumque,
3496 3294 3563 3349 ab
3599 3293 3774 3349 bere-

2200 3383 2320 3437 ticis
2360 3382 2551 3437 falsum
2593 3392 2789 3437 nomen
2833 3382 3130 3439 sacerdotis
3173 3384 3466 3455 indeptum,
3492 3385 3770 3441 catholicae

2148 3526 2151 3529 λ
2198 3477 2321 3532 ﬁdei
2345 3477 2485 3532 velle
2508 3476 2799 3546 praesidere
2820 3478 2843 3530 ?
2865 3477 2970 3533 Sed
2990 3490 3247 3534 correctus
3268 3491 3361 3549 est,
3393 3481 3585 3552 inquis,
3610 3491 3659 3535 et
3684 3483 3775 3536 hoc

2196 3585 2371 3624 omnes
2399 3570 2686 3636 voluerunt,
2729 3587 2761 3624 α
2801 3571 2986 3638 quibus
3015 3582 3273 3627 correctus
3303 3582 3396 3639 est,
3437 3584 3485 3628 et
3526 3591 3560 3627 a
3603 3576 3779 3642 quibus

2195 3664 2516 3732 cognoscitur
2535 3666 2871 3734 approbatus.
2903 3665 3002 3731 Qui
3028 3664 3243 3719 tandem
3274 3666 3359 3720 isti
3379 3667 3510 3730 sint,
3541 3666 3778 3737 diligenti

2194 3754 2596 3810 examinatione
2620 3754 2916 3809 videamus.
2950 3754 3053 3824 Ipsi
3077 3764 3229 3812 certe
3260 3773 3396 3827 quos
3426 3759 3633 3827 pariter
3658 3774 3776 3814 cum

2194 3848 2385 3903 eodem
2418 3849 2686 3904 testamini
2718 3848 2787 3906 ab
2806 3849 2991 3905 errore
3019 3860 3312 3908 correctos.
3340 3850 3531 3907 Restat
3555 3863 3618 3909 ut
3634 3869 3774 3910 eom-

2189 3939 2358 4010 plices
2379 3938 2497 4010 ejus
2524 3955 2645 3996 esse
2672 3955 2777 3996 non
2809 3941 3029 3997 dubium
3057 3943 3129 3999 sit
3158 3944 3400 4014 :quibus
3440 3946 3654 4018 legibus
3682 3948 3770 4017 igi-

2189 4041 2276 4085 tur
2298 4034 2500 4100 georum
2543 4046 2644 4100 pro
2682 4032 2923 4101 quolibet
2976 4032 3279 4090 testiﬁcatio
3329 4034 3492 4092 debet
3539 4038 3768 4104 admitti,

2189 4137 2324 4193 quos
2355 4139 2451 4192 par
2477 4124 2683 4180 crimen
2714 4124 2979 4180 involvit?
3005 4124 3134 4192 Sed,
3164 4126 3362 4197 inquis,
3388 4128 3477 4196 qui
3506 4130 3661 4184 etiam
3684 4128 3771 4183 Ti-

2186 4216 2392 4269 motheo
2417 4216 2669 4270 catholico
2694 4217 3075 4285 communicare
3102 4216 3421 4286 videbantur,
3454 4236 3597 4274 nunc
3619 4220 3768 4275 Petro

2184 4306 2652 4372 communicantes,
2693 4306 2757 4361 de
2791 4309 2965 4363 eodem
3003 4298 3197 4364 similia
3237 4323 3599 4380 poposcerunt.
3639 4313 3765 4370 Sunt

2152 4405 2167 4408 ’
2186 4412 2315 4465 ergo
2348 4395 2435 4452 isti
2466 4399 2863 4455 communionis
2889 4398 3173 4456 catholicae
3199 4402 3651 4471 prtevaricatione
3675 4418 3764 4459 no-

2188 4491 2402 4558 tabiles,
2445 4494 2557 4563 qui,
2593 4503 2649 4548 ut
2678 4493 2895 4559 dicitur,
2940 4508 2969 4547 a
3004 4480 3256 4551 catholici
3301 4494 3575 4557 Timothei
3615 4511 3762 4554 eom-

2185 4583 2458 4649 munione,
2504 4600 2666 4655 quam
2695 4585 2761 4641 ad
2791 4585 2910 4655 ejus
2941 4600 3110 4657 usque
3145 4587 3352 4644 obitum
3391 4599 3758 4663 servaverunt,

2182 4685 2304 4748 post
2332 4678 2475 4734 illius
2505 4680 2787 4734 transitum
2812 4680 2863 4734 in
2894 4679 3224 4736 consortium
3253 4679 3408 4737 istius
3430 4670 3757 4752 reciderunt,

2181 4770 2265 4825 cui
2295 4785 2565 4840 nunquam
2613 4769 2929 4826 Timotheus
2982 4770 3283 4828 catholicus
3331 4777 3757 4833 communicasse

2178 4868 2529 4916 monstratur.
2565 4860 2747 4930 Itaque
2790 4876 2819 4914 a
2851 4861 3117 4918 Timothei
3156 4864 3427 4929 catholici,
3473 4866 3585 4925 imo
3614 4884 3646 4922 a
3672 4883 3755 4924 ca-

2176 4952 2375 5009 tholica
2424 4952 2806 5010 communione
2857 4953 3063 5023 delapsi
3107 4966 3255 5012 sunt.
3300 4956 3443 5015 Ecce
3489 4962 3753 5031 quomodo

2176 5043 2368 5099 Petrus
2396 5052 2674 5099 correctus
2695 5052 2777 5098 est
2805 5051 2860 5099 et
2888 5045 3167 5114 probatus,
3193 5046 3283 5117 qui
3314 5048 3396 5103 vel
3424 5063 3456 5103 a
3486 5052 3753 5121 complici-

2173 5134 2275 5189 hus
2313 5134 2447 5198 suis,
2489 5135 2571 5190 vel
2601 5150 2630 5190 a
2663 5134 3168 5206 praevaricatoribus
3195 5138 3476 5196 catholica
3514 5157 3748 5200 commu-

2172 5225 2352 5281 nionis
2381 5225 2577 5281 dicitur
2600 5226 2900 5296 postulatus
2928 5228 3177 5285 antistes.
3206 5229 3313 5285 Sed
3333 5229 3655 5303 Timotheus,
3674 5236 3753 5289 iu-

2172 5319 2313 5385 quis,
2339 5318 2618 5372 catholicus
2638 5316 2752 5372 ideo
2775 5316 2928 5372 Petro
2947 5334 3050 5372 non
3067 5323 3475 5390 communicauit,
3503 5326 3628 5395 quia
3648 5328 3751 5395 epi-

2168 5421 2433 5481 scapatum
2455 5409 2547 5465 illo
2576 5410 2767 5465 vivente
2786 5422 3194 5481 prwsumpserat.
3218 5412 3274 5469 Si
3302 5425 3521 5486 propter
3542 5418 3747 5488 episco-

543 5532 1332 5641 ξρξςηςβξξξςιξξηίᾞρανάιιῐιίξε
1379 5562 1661 5630 episcopos
1691 5582 1704 5621 :
1735 5568 1841 5639 ipse
1869 5572 2045 5629 Zenon
2147 5584 2234 5633 tro
2257 5572 2637 5637 Alexandrino,
2665 5584 2790 5641 qua,
2821 5579 2879 5626 ut
2898 5586 2961 5627 ex
2982 5570 3237 5628 Liberata
3261 5587 3310 5628 c.
3344 5573 3427 5639 18,
3460 5574 3603 5629 miris
3623 5593 3737 5631 eum

469 5614 1065 5715 ἷξεξζξέοῖηἷτὲῧηιὶειὲνίε
1103 5625 1367 5715 p-r-oﬁtetur
1396 5614 1595 5687 cunctor
1625 5614 2045 5699 sese
2136 5614 2713 5715 l::dib::uprosecu’tu's
2743 5614 2818 5696 cit
2851 5644 3103 5715 Aeacius,
3125 5644 3190 5697 de
3216 5660 3316 5715 quo
3357 5615 3427 5698 se,
3457 5655 3601 5699 tanta
3637 5649 3735 5700 ί·νὶ-
3762 5706 3767 5711 ,

449 5683 1418 5781 9⁸ί³¹ξὲξνξξηξξίζχδεξνίΜιξξιτειρςο
1467 5773 1499 5781 __
1605 5779 1611 5781 _
1759 5683 1817 5693 ’Ν
1850 5683 2022 5699 mm"
2133 5683 2453 5771 $33375»;
2477 5714 2773 5768 meminerat
2796 5713 3051 5777 retulisse.
3079 5683 3560 5771 Servilianum.
3698 5764 3703 5767 _

604 5744 616 5755 ,
1086 5744 1095 5745 κ
1129 5744 1232 5749 ------
1253 5744 1266 5750 -
1289 5744 1418 5755 ων...
2133 5744 2275 5771 "una
2301 5744 2453 5770 uruca
2477 5744 2772 5768 rucusuwuu
2796 5744 3051 5769 ιηιιηωτ.
3082 5744 3229 5771 συιγ.
3259 5744 3560 5770 Πιλῑῑιιιυδο
3698 5764 3703 5767 -

578 5744 746 5800 \erha
773 5763 895 5808 sunt
922 5772 983 5813 et
1018 5765 1291 5827 deperdita
1324 5773 1499 5830 Acacii
1529 5779 1751 5838 epistoli
1785 5798 1878 5841 oro
1908 5783 2012 5839 Pe-
2261 5786 2487 5842 Protei-ii
2517 5784 2753 5841 eniscooi
2782 5776 2986 5841 cedem
3017 5787 3211 5842 innuit.
3245 5784 3390 5842 Scrr.
3427 5786 3723 5845 Muretus.
