4090 6330
234 312 330 372 953

1407 307 1762 365 EPISTOLAE
1807 306 1895 363 ET
1936 307 2275 366 DECRETA.

3397 315 3508 376 9M

236 437 405 496 patum
424 420 1010 476 suﬂ‘ecerat'l‘imotheo
1033 422 1248 477 Petrum
1282 421 1445 476 fuisse
1461 424 1805 486 sultmotum;
1836 424 1890 484 Α
1918 430 2005 490 pta
2042 432 2145 487 est,
2199 438 2296 477 vos
2338 434 2680 494 suscepturos
2717 439 2839 481 esse
2882 425 3060 481 dicitis
3111 445 3125 482 :
3159 441 3277 498 quae
3325 433 3506 488 omnia

234 517 365 586 quod
398 525 574 569 autem
607 517 654 570 ei
685 531 792 570 non
821 517 1259 581 communicavit,
1308 531 1412 571 non
1455 528 1571 572 erat
1601 518 1811 586 cpisco-

237 619 382 680 patus
409 624 592 677 causa,
625 610 719 665 sed
749 611 971 666 haeresis
1003 629 1016 666 :
1049 612 1356 666 contmunio
1390 611 1532 666 enim
1562 611 1627 664 ad
1654 608 1811 664 ﬁdem

235 704 492 774 pertinet;
543 717 665 758 nam
699 705 741 758 si
773 712 997 774 propter
1039 704 1328 767 honorem.
1375 713 1522 759 certe
1550 703 1639 758 vel
1675 702 1814 757 laico

234 798 626 852 communicare
658 797 936 866 potuisset,
969 799 1014 852 si
1043 799 1096 852 in
1127 798 1219 852 illo
1255 797 1388 852 ﬁdes
1412 806 1556 852 recta
1583 795 1817 851 mansis-

236 899 330 943 set.
358 897 382 923 α
413 888 522 942 Cur
548 887 616 941 ab
642 902 708 943 eo
740 887 974 943 ordinati
1009 888 1074 943 ad
1117 889 1273 944 ﬁdem
1302 887 1625 944 catholicam
1655 902 1815 958 regu-

236 983 415 1037 lariter
440 981 575 1052 jussi
617 991 743 1036 sunt
780 984 981 1052 recipi?
1016 983 1106 1038 ubi
1140 985 1447 1040 ostenditur
1478 985 1626 1039 illum
1657 999 1810 1040 com-

236 1074 501 1128 munionis
537 1073 824 1130 catholica:
857 1089 964 1130 non
1005 1074 1191 1132 fuisse.
1230 1077 1435 1133 Deinde
1463 1079 1507 1133 si
1536 1088 1815 1134 correctus

234 1176 311 1222 cst
338 1167 548 1252 Petrus,
569 1183 666 1222 cur
691 1171 759 1226 ab
781 1183 846 1223 eo
872 1169 1148 1240 catholici,
1177 1172 1483 1242 quicunque
1504 1181 1631 1227 sunt
1654 1172 1737 1227 vel
1764 1173 1816 1226 in

234 1258 576 1322 Alexandria,
609 1259 695 1314 vel
725 1275 821 1330 per
850 1258 1171 1333 Egyptunt,
1212 1278 1526 1320 remansere
1558 1264 1818 1319 discreti?

233 1366 321 1404 cur
351 1352 400 1406 ei
443 1367 548 1407 non
589 1354 991 1409 communicant
1021 1356 1097 1410 illi
1141 1356 1414 1422 catholici,
1449 1359 1539 1428 qui
1569 1373 1733 1427 usque
1761 1358 1815 1413 in

233 1444 369 1498 diem
412 1445 534 1500 vita:
562 1460 671 1502 sum
696 1445 964 1501 catholico
994 1448 1464 1506 communicavere
1490 1449 1819 1505 Timotheo?

232 1535 461 1605 Indeque
491 1551 617 1592 vere
646 1537 898 1592 catholici
922 1548 1069 1606 sunt,
1103 1540 1224 1610 quia
1267 1540 1322 1595 in
1341 1540 1540 1614 {eadem
1571 1555 1815 1596 commu-

232 1629 393 1685 nione
438 1629 554 1685 sine
584 1630 692 1684 ulla
742 1631 859 1701 ejus
915 1633 1268 1688 temeratione
1313 1633 1625 1703 perdurant.
1675 1633 1818 1704 Ergo

227 1714 508 1778 evidenter
548 1735 773 1794 apparet
802 1724 928 1794 quia
973 1727 1020 1780 ei
1053 1727 1455 1781 communicant
1482 1727 1554 1782 illi
1585 1735 1819 1782 tantum-

1917 513 2136 567 deﬁnita
2187 529 2248 567 ex
2291 517 2528 570 omnium
2571 528 2716 572 retro
2745 516 3054 588 pontiﬁcum
3078 520 3167 588 qui
3218 519 3434 580 fuerunt
3473 537 3502 576 a

1920 614 2161 676 tempore
2191 606 2401 661 Domini
2445 609 2737 665 Salvatoris
2768 620 2880 666 toto
2901 611 3033 666 orbe
3066 621 3349 680 terrarum,
3381 613 3506 667 bea-

1917 709 1985 758 ta:
2015 700 2293 756 memoria:
2316 715 2449 770 papa
2475 701 2582 757 Leo
2604 704 2670 758 ad
2694 705 2946 774 Augustae
2968 707 3242 760 memoriae
3264 705 3500 761 Leonem

1917 799 2148 854 subditis
2176 799 2423 868 epistolae
2452 814 2560 854 sua;
2592 802 2915 872 testimoniis
2952 802 3289 872 approbavit.
3322 800 3376 857 Si
3411 802 3508 871 igi-

1919 900 2006 946 tur
2032 867 2304 962 antiquam
2337 891 2520 957 ﬁdem,
2569 902 2624 946 et
2652 867 2771 960 quae
2811 909 2841 947 a
2881 867 3262 950 SS.-I"atribus
3295 894 3361 949 ad
3407 867 3506 949 tios

1918 993 2003 1038 est
2047 985 2389 1050 transmissa,
2428 984 2755 1050 sectamini;
2798 987 2843 1040 si
2881 987 2949 1042 de
2980 986 3355 1043 lncarnatione
3397 988 3507 1043 Do-

1919 1078 2050 1132 mini
2079 1077 2378 1132 Salvatoris
2414 1077 2528 1133 haec
2557 1078 2834 1132 nobiscum
2869 1093 2988 1147 quae
3031 1078 3107 1134 illi
3135 1094 3356 1135 sensere
3383 1094 3511 1136 sen-

1922 1171 2055 1238 litis,
2079 1179 2136 1226 et
2162 1185 2192 1225 a
2222 1171 2396 1239 totius
2427 1170 2682 1226 Ecclesia:
2713 1171 2961 1226 doctrina
3000 1173 3306 1229 nullatenus
3328 1173 3512 1229 devia-

1922 1263 1990 1318 tis
2016 1264 2164 1332 (quia
2215 1279 2386 1334 neque
2428 1263 2801 1332 prudentiores
2844 1263 3136 1333 majoribus
3180 1266 3380 1321 nostris
3421 1282 3511 1321 su-

1922 1370 2065 1422 mus,
2103 1371 2275 1426 neque
2329 1355 2482 1410 nobis
2539 1357 2616 1410 las
2660 1368 2741 1411 est
2790 1356 2948 1411 aliter
2996 1357 3205 1412 noviter
3252 1375 3512 1430 usurpare

1922 1464 2082 1519 quam
2123 1449 2256 1503 illibi
2288 1458 2342 1504 et
2381 1449 2618 1504 didicere
2663 1458 2717 1504 et
2745 1449 2980 1506 docuere
3018 1451 3284 1518 majores;
3318 1451 3512 1522 ipsius-

1924 1557 2030 1611 que
2066 1551 2086 1578 ε
2113 1539 2310 1596 Νεοκηί
2341 1540 2556 1594 concilii
2586 1556 2690 1595 non
2715 1540 2883 1611 magis
2907 1557 3005 1596 nos
3036 1541 3397 1598 intellectores
3421 1559 3511 1598 ex-

1926 1633 2301 1702 positoresque
2333 1632 2655 1688 eruditiores
2676 1647 2860 1688 sumus
2885 1649 3043 1703 quam
3071 1635 3146 1688 illi
3176 1644 3252 1690 tot
3278 1637 3513 1706 tantique

1930 1728 2191 1798 praesules
2238 1726 2555 1794 venerandi,
2606 1727 2691 1782 vel
2730 1727 3373 1814 intellexere'sapiepter,
3427 1729 3512 1784 vel

228 1815 409 1880 modo,
442 1825 497 1871 et
521 1832 645 1871 eum
677 1817 780 1871 sibi
814 1817 1099 1886 prmsulem
1139 1829 1524 1889 poposcerunt,
1555 1820 1646 1891 qui
1679 1819 1821 1888 ejus,
1851 1804 1903 1866 Β
1933 1821 2300 1891 prmdicavere
2352 1820 2636 1890 ﬁdeliter),
2691 1820 2827 1876 hanc
2871 1836 3059 1876 omnes
3098 1804 3305 1876 sineéra
3335 1829 3515 1876 mente

226 1917 284 1964 ut
307 1909 510 1964 dictum
536 1918 639 1974 est,
664 1909 747 1963 vel
771 1909 1005 1979 antiquae
1036 1921 1163 1964 sunt
1188 1911 1484 1982 complices
1518 1911 1818 1981 pravitatis,

225 2002 306 2056 vel
342 2015 373 2056 a
421 2004 800 2056 communione
833 2001 1096 2057 catholica
1129 2002 1433 2068 deviantes,
1459 2004 1512 2056 in
1543 2002 1662 2072 ejus
1690 2017 1822 2058 con-

226 2095 453 2149 sortium
483 2094 846 2158 transierunt;
879 2102 1038 2164 atque
1079 2095 1200 2150 ideo
1233 2096 1624 2150 incessabiliter
1661 2096 1824 2150 etiam

224 2186 521 2242 catholicos
547 2195 959 2256 persequuntur.
987 2186 1304 2241 Audivimus
1331 2185 1570 2251 assidue,
1595 2197 1649 2241 et
1671 2195 1824 2242 certa

223 2279 489 2332 relatione
534 2279 904 2347 cognovimus,
947 2280 1038 2348 qui
1089 2278 1264 2334 eidem
1306 2281 1709 2335 communicare
1749 2280 1826 2334 di-

220 2381 442 2439 cantur,
467 2372 555 2442 qui
597 2373 664 2427 ab
702 2372 820 2442 ejus
858 2373 1237 2427 communione
1265 2372 1486 2428 discreti
1533 2383 1696 2427 sunt:
1732 2373 1823 2444 qui

220 2471 418 2518 contra
460 2461 618 2517 ﬁdem
648 2463 971 2519 catholicam
1011 2463 1269 2535 quotidie,
1314 2475 1370 2520 et
1400 2474 1588 2519 contra
1618 2464 1644 2502 ι»
1687 2480 1823 2536 apo-

218 2557 434 2613 stolica:
462 2557 606 2612 sedis
628 2557 1086 2626 praedicationem,
1121 2566 1176 2612 et
1196 2568 1384 2612 contra
1415 2558 1822 2615 Chalcedonen-

219 2650 295 2705 sis
345 2649 545 2721 synodi
576 2650 867 2704 constituta
901 2652 1086 2705 venire
1131 2652 1553 2721 perspiciuntur.
1585 2652 1739 2719 Quod
1769 2654 1821 2707 in

219 2752 433 2798 tantum
461 2758 646 2798 verum
689 2753 793 2810 est,
836 2753 893 2798 ut
933 2752 1096 2798 testes
1142 2756 1377 2814 paternae
1405 2747 1640 2800 vesaniae
1683 2745 1818 2814 ejus,

217 2849 356 2904 quos
381 2834 472 2890 hic
495 2835 771 2902 habemus,
797 2836 935 2890 ﬁlios
963 2835 1341 2902 producamus.
1371 2836 1608 2906 Denique
1632 2850 1824 2890 omnes

216 2927 466 2999 Egyptii
492 2931 581 2998 qui
615 2929 846 2984 diversis
877 2928 930 2983 in
961 2928 1061 2983 hac
1085 2929 1217 2985 urbe
1239 2930 1696 2998 negotiationibus
1722 2930 1822 2984 de-

216 3023 486 3088 tinentur,
526 3022 792 3092 Petroque
833 3023 1259 3087 communicant,
1301 3024 1570 3094 synodum
1598 3023 1823 3078 Chalce-

215 3115 521 3174 donensetn
547 3119 772 3191 ejusque
802 3119 1022 3175 deﬁnita
1055 3131 1281 3177 eatenus
1321 3121 1511 3177 audire
1544 3137 1649 3176 non
1696 3136 1823 3191 pos-

216 3220 374 3278 sunt,
404 3218 465 3264 ut
487 3187 588 3266 nos
611 3187 708 3267 cur
745 3212 845 3267 ista
879 3221 1126 3268 tenemus
1155 3214 1390 3268 audeant
1422 3187 1828 3282 incusareIAp-
1853 3187 1901 3250 (ἶ

218 3311 387 3372 paret
431 3303 595 3372 igitur
623 3319 690 3360 ex
731 3304 1011 3374 discipulis
1041 3321 1162 3376 qua:
1188 3307 1380 3362 doceat
1410 3309 1509 3362 bos
1548 3309 1824 3378 magister,

215 3403 273 3447 et
325 3410 396 3448 ex
431 3395 629 3464 genitis
667 3398 879 3464 genitor
931 3398 1197 3454 nefandus
1248 3400 1578 3470 agnoscitur.
1641 3400 1824 3454 Palam

220 3495 386 3540 certe
443 3487 619 3542 solent
659 3491 1006 3556 pronuntiare
1053 3489 1196 3560 quod
1253 3491 1298 3544 si
1351 3491 1572 3561 audiant
1610 3492 1824 3548 Petrum

214 3578 728 3634 Chalcedonensem
759 3581 1024 3651 synodum
1067 3584 1384 3651 praedicare,
1418 3586 1516 3654 ipsi
1543 3601 1666 3638 eum
1700 3601 1828 3640 ana-

217 3673 588 3728 thematizare
627 3690 734 3730 non
778 3675 1060 3741 diﬁerant;
1097 3676 1184 3731 ubi
1229 3679 1360 3731 satis
1400 3689 1623 3747 apparet
1651 3682 1830 3748 cujus-

216 3763 384 3820 modi
423 3779 546 3819 eum
587 3764 887 3821 doctrinam
934 3769 1174 3837 proferre
1209 3777 1496 3824 testantur.
1526 3772 1830 3838 Quaerimus

219 3865 391 3914 certe
419 3856 488 3912 de
520 3857 674 3912 vobis
701 3868 880 3915 utrum
917 3859 1412 3918 Chalcedonensem
1446 3865 1714 3933 synodum
1743 3881 1830 3918 se-

213 3947 502 4021 quendam
539 3951 758 4020 putetis,
789 3967 857 4005 an
899 3966 1038 4018 non;
1085 3954 1129 4007 si
1173 3969 1278 4008 non
1307 3954 1657 4024 sequendam,
1697 3972 1830 4026 quo-

215 4042 402 4100 modo
449 4043 587 4099 hanc
634 4059 729 4101 vos
779 4046 976 4100 litteris
1010 4048 1207 4102 vestris
1241 4055 1427 4104 tenere
1469 4050 1830 4119 proﬁtemini?

216 4148 462 4212 apparet
489 4155 619 4210 ergo
651 4157 756 4196 non
808 4141 982 4196 solum
1031 4143 1083 4196 itt
1113 4142 1379 4198 catholica
1427 4145 1698 4199 neminem
1731 4159 1829 4199 ve-

215 4244 409 4292 strum
456 4233 770 4292 deﬁnitione
807 4245 1079 4299 constare,
1123 4235 1217 4290 sed
1259 4252 1326 4290 ne
1377 4238 1428 4291 in
1475 4253 1568 4293 sua
1615 4237 1828 4306 quidem

213 4329 570 4398 professione
589 4330 920 4395 consistere;
946 4330 1173 4399 proinde
1197 4331 1652 4401 quemadmodum
1678 4332 1830 4387 vobis

214 4420 562 4486 credemus,
625 4420 783 4476 ﬁdem
840 4422 1162 4478 catholicam
1220 4432 1407 4478 tenere
1454 4421 1827 4491 jactantibus,

214 4515 453 4586 quando
486 4516 648 4570 etiam
679 4531 740 4570 ea
771 4531 892 4586 qua:
931 4518 1135 4586 scripto
1166 4515 1510 4584 publicamini
1543 4531 1648 4568 non
1681 4525 1830 4570 tene-

216 4610 329 4664 tis?
373 4608 530 4677 Quod
577 4610 622 4665 si
672 4619 851 4666 vestra
898 4609 1234 4680 professione
1273 4609 1571 4672 constricti,
1605 4610 1829 4664 Chalce-

216 4703 496 4759 donensis
527 4703 716 4775 synodi
763 4703 1051 4758 constituta
1088 4717 1184 4756 vos
1213 4702 1465 4756 omnibus
1495 4701 1670 4756 modis
1712 4716 1831 4758 ser-

216 4809 360 4850 vare
394 4794 620 4850 ﬁrmatis
644 4812 659 4861 ;
690 4795 848 4850 simul
876 4794 1039 4849 etiam
1063 4793 1373 4863 apostolicae
1395 4793 1543 4848 sedis
1566 4794 1827 4861 praedica-

213 4888 464 4952 tionem,
497 4903 616 4958 qua:
647 4888 698 4941 in
726 4887 812 4942 illa
851 4887 1060 4956 synodo
1090 4886 1311 4953 reiecta,
1349 4894 1596 4951 tractata,
1637 4900 1826 4942 susce'

294 5056 326 5084 ι
366 5045 512 5100 Idem
545 5043 691 5098 Felix
745 5045 795 5098 in
832 5046 989 5113 epiSt.
1019 5043 1089 5099 15
1118 5043 1455 5113 provisurum
1486 5057 1544 5096 se
1572 5041 1825 5110 spondet.
1859 5034 1874 5037 ’

214 5127 278 5171 ttl
321 5132 508 5170 eorum
547 5131 670 5184 quos
715 5116 968 5169 ordinavit
999 5122 1072 5170 vel
1102 5114 1375 5184 baptizavit
1409 5113 1643 5178 Aeacius,
1683 5116 1828 5167 salva

217 5182 567 5256 confessione
599 5185 869 5254 catholica,
919 5203 1010 5256 pro
1051 5182 1279 5239 caritatis
1319 5182 1559 5237 Ecclesia!
1584 5185 1830 5256 _redinte-

216 5254 474 5329 gratione
500 5256 628 5311 nihil
669 5269 858 5329 pereat.
895 5254 966 5312 lta
999 5271 1127 5315 vero
1157 5256 1348 5325 arguit,
1385 5263 1441 5308 ut
1472 5256 1514 5306 si
1537 5254 1615 5329 ab
1641 5271 1706 5308 eo
1736 5270 1830 5308 or-

215 5327 408 5383 ilittati
469 5329 684 5397 speciali
742 5328 945 5384 indultu
996 5338 1275 5398 eguerunt,
1333 5335 1392 5398 ut
1440 5327 1832 5398 reciperentur,

218 5401 582 5471 perspicuum
628 5402 696 5453 sit
740 5397 1078 5455 ordinantem
1122 5397 1516 5452 communionis
1546 5397 1829 5452 catholica:

216 5487 341 5527 non
378 5471 568 5525 fuisse.
609 5471 750 5524 Setp.
786 5472 1077 5525 ΜΛΝ-ειυς.

300 5543 332 5580 ὶ»
366 5542 462 5594 Sic
501 5541 733 5610 appellat
763 5541 954 5596 Leonis
987 5539 1154 5608 Magni
1206 5538 1580 5610 percelebrem
1610 5539 1674 5590 ad
1710 5539 1834 5610 lita-

220 5614 458 5668 vianum
486 5607 792 5680 epistolam,
825 5626 943 5681 quae
973 5607 1184 5681 concilii
1215 5625 1403 5662 norma
1431 5607 1674 5676 qamdam
1707 5609 1830 5674 fuit,

219 5697 430 5753 quaeve
461 5679 816 5750 in'posterum
844 5679 1041 5736 eorum
1075 5679 1164 5753 qui
1196 5681 1264 5753 de
1296 5681 1678 5753 Incarnatiouis
1707 5694 1836 5750 my-

218 5749 408 5808 sterio
447 5749 592 5808 recte
628 5753 909 5818 sentirent,
943 5749 1102 5808 veluti
1136 5751 1310 5822 lydius
1345 5752 1478 5822 lapis
1509 5749 1690 5804 habita
1720 5749 1834 5804 est.

220 5824 576 5882 Testimonia
615 5824 710 5879 SS.
733 5822 967 5890 Patrum,
1013 5839 1132 5892 quae
1158 5821 1228 5876 in
1258 5821 1617 5878 Conciliorum
1663 5822 1870 5907 collc-I
1905 5898 1919 5907 _

1931 1929 2164 1984 veroque
2214 1913 2377 1968 corde
2428 1915 2477 1967 itt
2523 1929 2810 1969 commune
2842 1923 3139 1978 teneamus,
3182 1923 3238 1967 et
3279 1928 3379 1980 pax
3409 1923 3507 1969 est.

1931 2007 2163 2077 Regulas
2190 2020 2403 2076 quoque
2430 2021 2562 2076 quas
2592 2005 2659 2058 ab
2679 2004 2880 2060 eisdem
2910 2004 3161 2060 Patribus
3185 2004 3392 2073 accepit
3415 2005 3515 2059 Ec-

1932 2100 2114 2164 clesia,
2135 2100 2478 2153 intemeratas
2497 2096 2788 2152 habeamus
2807 2106 2860 2151 et
2878 2113 2978 2164 pax
2994 2105 3096 2150 est.
3126 2096 3384 2166 Sintergo
3398 2096 3513 2151 haec

1929 2192 2072 2260 apud
2103 2205 2199 2245 vos
2223 2199 2390 2256 certa,
2417 2189 2530 2244 sint
2562 2193 2685 2254 lixa,
2719 2197 2772 2242 et
2805 2187 2948 2241 nulla
2976 2186 3242 2242 discordia
3268 2196 3518 2257 est:quar

1932 2286 1978 2339 si
2005 2286 2146 2354 apud
2178 2299 2272 2339 vos
2296 2299 2418 2339 esse
2449 2284 2802 2354 praetenditis,
2831 2282 3073 2353 patimini
3103 2282 3516 2338 sollicitudinem

1932 2386 2171 2432 nostram
2213 2377 2483 2446 paulisper
2513 2376 2610 2430 ista
2643 2375 2936 2442 discutere,
2963 2374 3087 2444 quia
3117 2383 3315 2444 quanto
3344 2375 3520 2428 verio-

1931 2485 2043 2523 rem
2078 2483 2260 2538 pacem
2292 2467 2490 2523 habere
2513 2468 2779 2531 volumus,
2813 2475 2960 2522 tanto
2989 2466 3273 2521 certiorem
3298 2479 3514 2521 causam

1929 2563 2078 2629 pacis
2107 2560 2480 2617 desideramus
2504 2575 2819 2630 agnoscere.
2853 2560 2909 2615 Si
2941 2563 3057 2616 hate
3084 2559 3225 2628 apud
3258 2574 3352 2614 vos
3383 2560 3521 2614 inte-

1932 2663 2136 2709 merata
2182 2653 2493 2723 perdurant,
2532 2652 2659 2722 quid
2707 2661 2811 2719 est,
2862 2652 3002 2720 quod
3036 2651 3250 2706 Petrum
3291 2650 3523 2705 Alexan-

1931 2750 2146 2803 drinum
2170 2748 2234 2802 ad
2267 2747 2423 2802 ﬁdem
2450 2746 2769 2801 catholicam
2795 2755 3094 2799 correctum
3123 2744 3322 2810 dicitis,
3349 2751 3406 2798 et
3433 2756 3518 2796 re-

1930 2840 2182 2908 ceptum?
2209 2838 2405 2907 abjecit
2446 2851 2573 2908 ergo
2603 2847 2818 2900 cuncta,
2859 2849 2980 2905 quae
3010 2834 3093 2890 his
3121 2833 3520 2890 deﬁnitionibus

1929 2933 2168 2998 obviant,
2198 2940 2253 2986 et
2281 2932 2332 2985 in
2369 2931 2508 2985 hanc
2540 2930 2766 2984 formam
2810 2927 3067 2982 doctrina:
3097 2927 3375 2983 catholicae
3408 2934 3520 2980 toto

1929 3026 2096 3080 corde
2125 3024 2356 3079 transiit.
2385 3021 2522 3090 Quid
2549 3021 2651 3075 sibi
2677 3021 2764 3076 isti
2799 3020 2958 3090 igitur
2986 3019 3194 3085 volunt,
3223 3032 3360 3089 quos
3379 3017 3519 3087 apud

1932 3133 2030 3174 nos
2060 3117 2301 3188 quotidie
2341 3115 2701 3171 vociferantes
2727 3114 3090 3185 agnoscimus,
3142 3122 3326 3168 contra
3357 3111 3520 3173 Chal-

1933 3211 2295 3267 cedonensem
2317 3208 2620 3281 synodum,
2647 3217 2835 3263 contra
2866 3204 3178 3277 apostolica:
3206 3204 3350 3259 sedis
3381 3219 3522 3274 prae.

1931 3307 2259 3363 dicationem
2294 3303 2588 3360 frementes
2623 3311 2785 3372 atque
2817 3299 3162 3357 frendentes?
3185 3298 3286 3366 Qui
3327 3298 3368 3353 si
3403 3312 3523 3352 cor—
3561 3310 3572 3320 ·

1934 3401 2066 3458 recti
2098 3409 2247 3465 sunt,
2281 3407 2467 3455 tenent
2501 3411 2630 3467 ergo
2675 3395 2762 3451 illa
2790 3409 2910 3466 quae
2948 3391 3196 3463 superius
3226 3399 3522 3445 memorata

1931 3507 2086 3560 sunt;
2135 3496 2178 3550 si
2215 3509 2277 3550 ea
2310 3502 2515 3561 tenent,
2563 3506 2659 3546 cur
2707 3491 3057 3546 vehementer
3087 3483 3433 3554 itupugnant?
3475 3482 3521 3534 si

1934 3590 2024 3644 illa
2061 3587 2398 3658 proﬁtentur,
2431 3601 2529 3640 cur
2564 3600 2593 3637 a
2620 3583 2897 3638 catholicis
2922 3581 3012 3650 qui
3051 3578 3237 3633 eadem
3270 3587 3521 3645 perseve-

1934 3681 2070 3736 ranti
2118 3687 2301 3735 tenent
2330 3675 2670 3747 professione
2697 3673 3035 3729 desciscunt?
3073 3679 3166 3723 aut
3195 3684 3291 3722 cur
3330 3666 3406 3720 illi
3433 3667 3522 3735 qtti

1935 3791 2116 3831 veram
2141 3774 2300 3828 ﬁdem
2324 3772 2662 3842 proﬁtentur,
2695 3768 2762 3822 ah
2784 3768 3008 3821 istorum
3033 3764 3289 3819 societate
3316 3760 3520 3814 dissen-
3579 3797 3596 3811 .

1935 3870 2108 3923 tiunt?
2140 3867 2196 3923 Si
2235 3881 2332 3922 eos
2362 3880 2522 3920 unam
2553 3862 2712 3916 Iidem
2744 3875 2927 3915 secum
2973 3858 3205 3913 retinere
3235 3862 3521 3916 noverunt,

1938 3969 2164 4031 apparet
2194 3959 2356 4028 igitur
2386 3956 2487 4010 hos
2513 3955 2600 4022 qui
2636 3953 2721 4008 illa
2747 3965 2873 4022 qute
2901 3950 2967 4005 ad
3013 3948 3171 4002 ﬁdem
3201 3945 3521 4003 catholicam

1938 4051 2210 4122 pertinent
2252 4049 2425 4117 palam
2459 4047 2775 4116 impugnare
2807 4058 2912 4098 non
2951 4039 3214 4105 dubitant,
3245 4038 3335 4108 qui
3375 4051 3406 4091 a
3437 4051 3499 4091 ca

1937 4144 2260 4199 lholicorunt
2305 4138 2641 4210 professione
2689 4135 3036 4196 dissentiunt,
3078 4130 3374 4187 catholicos
3410 4143 3526 4184 om-

1936 4239 2066 4293 nino
2114 4251 2218 4289 non
2280 4247 2436 4296 esse,
2499 4240 2659 4301 atque
2703 4229 2825 4284 ideo
2881 4228 3022 4283 nulla
3081 4225 3287 4280 ratione
3341 4236 3525 4277 corre-

1936 4341 2072 4386 ctos.
2126 4328 2308 4395 Quid?
2358 4327 2439 4380 his
2489 4339 2588 4380 cur
2637 4319 2996 4377 communicat
3052 4318 3277 4373 Petrus?
3317 4314 3372 4370 Si
3411 4315 3528 4370 istis

1936 4424 1988 4476 i.t
2038 4435 2225 4476 errore
2277 4417 2594 4473 durantibus
2654 4414 2744 4468 ille
2793 4411 2912 4467 ﬁdei
2947 4425 3088 4466 verte
3127 4407 3527 4465 examinatione

1933 4515 2195 4586 probatus
2229 4523 2311 4569 est
2349 4521 2404 4568 et
2446 4518 2714 4579 receptus,
2747 4509 2925 4575 utique
2966 4505 3010 4559 si
3061 4518 3122 4559 se
3160 4502 3424 4565 correxit,
3459 4499 3526 4552 ad

1935 4607 2024 4662 illa
2057 4605 2348 4661 translatus
2394 4610 2480 4657 est
2504 4615 2622 4669 qua:
2669 4597 2793 4652 ﬁdei
2833 4595 3114 4652 catholica:
3153 4589 3528 4654 convenirent,

1933 4716 2038 4756 non
2098 4699 2150 4753 in
2205 4696 2288 4750 bis
2345 4691 2610 4749 remansit
2663 4702 2783 4758 quae
2828 4688 2875 4742 ei
2936 4685 3234 4755 probantur
3292 4680 3528 4737 inimica.

1932 4795 2038 4849 Cur
2092 4789 2288 4846 talibus
2349 4802 2480 4856 ergo
2532 4780 2928 4838 communicat?
2991 4777 3036 4832 si
3103 4777 3192 4831 illa
3246 4773 3533 4830 manifeste

1935 4887 2233 4955 proﬁtetur,
2279 4881 2346 4938 ad
2398 4895 2518 4951 quae
2572 4891 2758 4934 errore
2804 4872 3055 4944 deposito
3099 4887 3220 4926 eum
3272 4867 3532 4924 transisse

1942 5044 2125 5098 ctione
2156 5041 2280 5097 huic
2309 5040 2467 5096 etiam
2498 5036 2736 5110 epistola:
2765 5035 3145 5110 adjllngllpllll‘:
3190 5026 3534 5110 epistola}_ad

1941 5114 2182 5168 Leonem
2233 5098 2547 5179 Augustum'
2571 5109 2797 5183 legimus
2822 5098 3006 5183 :ltic'd
3045 5098 3302 5183 _S.Let_)'n.e
3355 5099 3535 5183 addiat

1941 5199 2084 5239 esse.
2130 5172 2457 5252 Testinionia
2496 5172 2783 5235 vero‘haac
2822 5178 2978 5246 longe
3011 5173 3168 5252 plura
3206 5173 3379 5252 fuisse
3410 5172 3534 5224 licet

1943 5249 2244 5322 conjicere;
2276 5255 2319 5308 si
2349 5253 2492 5307 enim
2525 5267 2594 5322 ex,
2620 5265 2808 5304 novem
2837 5243 3206 5322 tantummodo
3237 5253 3327 5296 aut
3348 5243 3533 5296 decem

1945 5316 2774 5401 episcopisexcerptafuissent,
2809 5334 2868 5374 ea
2903 5316 3196 5401 hyperbole
3217 5329 3330 5401 non
3360 5325 3536 5401 utere:

1947 5388 2032 5452 tur
2060 5388 2231 5458 Felix,
2276 5412 2340 5449 ea:
2378 5388 2605 5447 omnium
2638 5402 2772 5446 retro
2810 5388 3107 5465 pontiﬁcum
3140 5388 3225 5455 qui
3267 5389 3536 5465 {uolunt}

1949 5480 2173 5540 tempore
2206 5455 2410 5540 Domini
2443 5465 2727 5520 Saluatoris
2759 5455 2864 5540 toto
2893 5455 3010 5540 0ρε
3040 5468 3308 5540 terrarum.
3345 5455 3502 5509 Τηύί

1947 5529 2109 5596 tionis
2136 5539 2341 5608 pondus
2367 5545 2528 5604 atque
2560 5549 2710 5610 usum
2737 5533 2908 5610 vides.
2934 5531 3073 5586 SCIP.
3093 5529 3399 5610 .MAfrEllig.

2023 5622 2044 5649 ε
2076 5598 2421 5679 Compertum
2443 5598 2536 5660 'est
2568 5603 2961 5679 Eutycltianos‘,
2995 5610 3063 5679 ut_
3093 5598 3310 5666 impiant
3339 5598 3538 5679 doctri-

1951 5695 2074 5734 nam
2125 5668 2430 5735 assercrent
2475 5692 2572 5746 qua
2604 5668 2871 5729 Christum
2921 5668 3192 5746 hominem
3241 5668 3533 5746 negabant,

1947 5751 2223 5804 Nictenum
2267 5742 2549 5809 concilium
2602 5746 2764 5801 stulte
2809 5744 3114 5815 protulisse.
3157 5742 3520 5815 quo_dattmat

1948 5824 2166 5877 fuerant
2194 5836 2282 5887 qut
2315 5817 2508 5877 Filium
2541 5810 3020 5884 negaoant'Deum.
3069 5812 3212 5867 Setr.
3241 5810 3536 5864 MAIFIIUI.
