  <div class='ocr_page' id='page_1' title='image "/cluster/home/n/w/nwhite01/storage/ocr_20150623/58/hvd.32044015706401/483.png"; bbox 0 0 4090 6330; ppageno 0'>
   <div class='ocr_carea' id='block_1_1' title="bbox 558 305 3833 376">
    <p class='ocr_par' dir='ltr' id='par_1_1' title="bbox 558 305 3833 376">
     <span class='ocr_line' id='line_1_1' title="bbox 558 305 3833 376; baseline 0 -8"><span class='ocrx_word' id='word_1_1' title='bbox 558 317 665 375; x_wconf 80' lang='lat'><strong>955</strong></span> <span class='ocrx_word' id='word_1_2' title='bbox 1890 307 2150 366; x_wconf 78' lang='lat' dir='ltr'><strong>FELICIS</strong></span> <span class='ocrx_word' id='word_1_3' title='bbox 2189 305 2391 364; x_wconf 67' lang='grc' dir='ltr'><strong>ΡᾺΗΕ</strong></span> <span class='ocrx_word' id='word_1_4' title='bbox 2431 307 2498 365; x_wconf 91' lang='lat' dir='ltr'><strong>l-ll</strong></span> <span class='ocrx_word' id='word_1_5' title='bbox 3717 309 3833 376; x_wconf 72' lang='lat'><strong>956</strong></span> 
     </span>
    </p>
   </div>
   <div class='ocr_carea' id='block_1_2' title="bbox 558 413 3837 500">
    <p class='ocr_par' dir='ltr' id='par_1_2' title="bbox 558 413 3837 500">
     <span class='ocr_line' id='line_1_2' title="bbox 558 413 3837 500; baseline -0.002 -14"><span class='ocrx_word' id='word_1_6' title='bbox 558 429 925 500; x_wconf 80' lang='lat' dir='ltr'><strong>cognoscitur,</strong></span> <span class='ocrx_word' id='word_1_7' title='bbox 972 441 1067 481; x_wconf 92' lang='lat' dir='ltr'><strong>cur</strong></span> <span class='ocrx_word' id='word_1_8' title='bbox 1093 425 1211 493; x_wconf 86' lang='lat' dir='ltr'><strong>eius</strong></span> <span class='ocrx_word' id='word_1_9' title='bbox 1240 421 1596 478; x_wconf 74' lang='lat' dir='ltr'><strong>communicat</strong></span> <span class='ocrx_word' id='word_1_10' title='bbox 1645 419 1917 475; x_wconf 77' lang='lat' dir='ltr'><strong>inimicis?</strong></span> <span class='ocrx_word' id='word_1_11' title='bbox 1961 417 2146 490; x_wconf 94' lang='lat' dir='ltr'><strong>ltaque</strong></span> <span class='ocrx_word' id='word_1_12' title='bbox 2175 413 2226 479; x_wconf 81' lang='grc' dir='ltr'><strong>Α</strong></span> <span class='ocrx_word' id='word_1_13' title='bbox 2254 421 2467 476; x_wconf 76' lang='lat' dir='ltr'><strong>interim</strong></span> <span class='ocrx_word' id='word_1_14' title='bbox 2498 438 2602 477; x_wconf 92' lang='lat' dir='ltr'><strong>non</strong></span> <span class='ocrx_word' id='word_1_15' title='bbox 2631 424 2878 494; x_wconf 84' lang='lat' dir='ltr'><strong>requiro;</strong></span> <span class='ocrx_word' id='word_1_16' title='bbox 2913 424 3058 479; x_wconf 88' lang='lat' dir='ltr'><strong>nulla</strong></span> <span class='ocrx_word' id='word_1_17' title='bbox 3087 431 3268 480; x_wconf 86' lang='lat' dir='ltr'><strong>tamen</strong></span> <span class='ocrx_word' id='word_1_18' title='bbox 3293 427 3463 494; x_wconf 80' lang='lat' dir='ltr'><strong>major</strong></span> <span class='ocrx_word' id='word_1_19' title='bbox 3488 436 3567 480; x_wconf 90' lang='lat' dir='ltr'><strong>est</strong></span> <span class='ocrx_word' id='word_1_20' title='bbox 3597 426 3837 480; x_wconf 80' lang='lat' dir='ltr'><strong>necessi-</strong></span> 
     </span>
    </p>
   </div>
   <div class='ocr_carea' id='block_1_3' title="bbox 562 513 2142 586">
    <p class='ocr_par' dir='ltr' id='par_1_3' title="bbox 562 513 2142 586">
     <span class='ocr_line' id='line_1_3' title="bbox 562 513 2142 586; baseline -0.006 -10"><span class='ocrx_word' id='word_1_21' title='bbox 562 524 679 577; x_wconf 90' lang='lat' dir='ltr'><strong>luce</strong></span> <span class='ocrx_word' id='word_1_22' title='bbox 712 519 908 574; x_wconf 88' lang='lat' dir='ltr'><strong>clarius</strong></span> <span class='ocrx_word' id='word_1_23' title='bbox 938 516 1194 586; x_wconf 84' lang='lat' dir='ltr'><strong>probatur</strong></span> <span class='ocrx_word' id='word_1_24' title='bbox 1240 529 1345 569; x_wconf 92' lang='lat' dir='ltr'><strong>non</strong></span> <span class='ocrx_word' id='word_1_25' title='bbox 1394 528 1514 569; x_wconf 89' lang='lat' dir='ltr'><strong>esse</strong></span> <span class='ocrx_word' id='word_1_26' title='bbox 1564 523 1895 577; x_wconf 90' lang='lat' dir='ltr'><strong>correctum,</strong></span> <span class='ocrx_word' id='word_1_27' title='bbox 1947 513 2039 568; x_wconf 90' lang='lat' dir='ltr'><strong>sed</strong></span> <span class='ocrx_word' id='word_1_28' title='bbox 2091 513 2142 566; x_wconf 90' lang='lat' dir='ltr'><strong>in</strong></span> 
     </span>
    </p>
   </div>
   <div class='ocr_carea' id='block_1_4' title="bbox 560 607 2146 680">
    <p class='ocr_par' dir='ltr' id='par_1_4' title="bbox 560 607 2146 680">
     <span class='ocr_line' id='line_1_4' title="bbox 560 607 2146 680; baseline -0.006 -10"><span class='ocrx_word' id='word_1_29' title='bbox 560 613 747 670; x_wconf 89' lang='lat' dir='ltr'><strong>eadem</strong></span> <span class='ocrx_word' id='word_1_30' title='bbox 783 608 1081 680; x_wconf 75' lang='lat' dir='ltr'><strong>pestilentia</strong></span> <span class='ocrx_word' id='word_1_31' title='bbox 1116 622 1452 678; x_wconf 83' lang='lat' dir='ltr'><strong>permanere,</strong></span> <span class='ocrx_word' id='word_1_32' title='bbox 1486 607 1642 676; x_wconf 88' lang='lat' dir='ltr'><strong>cujus</strong></span> <span class='ocrx_word' id='word_1_33' title='bbox 1673 608 1991 677; x_wconf 87' lang='lat' dir='ltr'><strong>sequacibus</strong></span> <span class='ocrx_word' id='word_1_34' title='bbox 2026 621 2146 676; x_wconf 88' lang='lat' dir='ltr'><strong>pro-</strong></span> 
     </span>
    </p>
   </div>
   <div class='ocr_carea' id='block_1_5' title="bbox 559 699 2146 773">
    <p class='ocr_par' dir='ltr' id='par_1_5' title="bbox 559 699 2146 773">
     <span class='ocr_line' id='line_1_5' title="bbox 559 699 2146 773; baseline -0.006 -11"><span class='ocrx_word' id='word_1_35' title='bbox 559 705 958 773; x_wconf 79' lang='lat' dir='ltr'><strong>fessoribusque</strong></span> <span class='ocrx_word' id='word_1_36' title='bbox 997 703 1378 758; x_wconf 84' lang='lat' dir='ltr'><strong>communicat.</strong></span> <span class='ocrx_word' id='word_1_37' title='bbox 1425 701 1565 756; x_wconf 85' lang='lat' dir='ltr'><strong>Ecce</strong></span> <span class='ocrx_word' id='word_1_38' title='bbox 1612 699 1792 771; x_wconf 85' lang='lat' dir='ltr'><strong>igitur,</strong></span> <span class='ocrx_word' id='word_1_39' title='bbox 1841 700 2003 756; x_wconf 89' lang='lat' dir='ltr'><strong>etiam</strong></span> <span class='ocrx_word' id='word_1_40' title='bbox 2045 699 2146 754; x_wconf 89' lang='lat' dir='ltr'><strong>hoc</strong></span> 
     </span>
    </p>
   </div>
   <div class='ocr_carea' id='block_1_6' title="bbox 559 791 2145 868">
    <p class='ocr_par' dir='ltr' id='par_1_6' title="bbox 559 791 2145 868">
     <span class='ocr_line' id='line_1_6' title="bbox 559 791 2145 868; baseline -0.003 -17"><span class='ocrx_word' id='word_1_41' title='bbox 559 798 734 868; x_wconf 87' lang='lat' dir='ltr'><strong>ipsum</strong></span> <span class='ocrx_word' id='word_1_42' title='bbox 768 795 908 866; x_wconf 88' lang='lat' dir='ltr'><strong>quod</strong></span> <span class='ocrx_word' id='word_1_43' title='bbox 939 803 1241 850; x_wconf 81' lang='lat' dir='ltr'><strong>correctum</strong></span> <span class='ocrx_word' id='word_1_44' title='bbox 1268 793 1458 861; x_wconf 66' lang='lat' dir='ltr'><strong>quis,</strong></span> <span class='ocrx_word' id='word_1_45' title='bbox 1489 791 1699 848; x_wconf 88' lang='lat' dir='ltr'><strong>videtur</strong></span> <span class='ocrx_word' id='word_1_46' title='bbox 1726 791 1915 847; x_wconf 89' lang='lat' dir='ltr'><strong>falsum</strong></span> <span class='ocrx_word' id='word_1_47' title='bbox 1943 801 1995 846; x_wconf 90' lang='lat' dir='ltr'><strong>et</strong></span> <span class='ocrx_word' id='word_1_48' title='bbox 2030 791 2145 846; x_wconf 89' lang='lat' dir='ltr'><strong>evi-</strong></span> 
     </span>
    </p>
   </div>
   <div class='ocr_carea' id='block_1_7' title="bbox 560 883 2148 954">
    <p class='ocr_par' dir='ltr' id='par_1_7' title="bbox 560 883 2148 954">
     <span class='ocr_line' id='line_1_7' title="bbox 560 883 2148 954; baseline -0.004 -12"><span class='ocrx_word' id='word_1_49' title='bbox 560 887 876 944; x_wconf 86' lang='lat' dir='ltr'><strong>dentissime</strong></span> <span class='ocrx_word' id='word_1_50' title='bbox 893 885 1222 941; x_wconf 83' lang='lat' dir='ltr'><strong>confutatur.</strong></span> <span class='ocrx_word' id='word_1_51' title='bbox 1245 885 1588 954; x_wconf 86' lang='lat' dir='ltr'><strong>Quapropter</strong></span> <span class='ocrx_word' id='word_1_52' title='bbox 1617 883 1759 946; x_wconf 91' lang='lat' dir='ltr'><strong>licet,</strong></span> <span class='ocrx_word' id='word_1_53' title='bbox 1792 883 1999 938; x_wconf 89' lang='lat' dir='ltr'><strong>etiamsi</strong></span> <span class='ocrx_word' id='word_1_54' title='bbox 2027 897 2148 938; x_wconf 90' lang='lat' dir='ltr'><strong>cor-</strong></span> 
     </span>
    </p>
   </div>
   <div class='ocr_carea' id='block_1_8' title="bbox 559 974 2146 1055">
    <p class='ocr_par' dir='ltr' id='par_1_8' title="bbox 559 974 2146 1055">
     <span class='ocr_line' id='line_1_8' title="bbox 559 974 2146 1055; baseline -0.003 -20"><span class='ocrx_word' id='word_1_55' title='bbox 559 990 742 1036; x_wconf 88' lang='lat' dir='ltr'><strong>rectus</strong></span> <span class='ocrx_word' id='word_1_56' title='bbox 774 988 938 1055; x_wconf 76' lang='lat' dir='ltr'><strong>esset,</strong></span> <span class='ocrx_word' id='word_1_57' title='bbox 992 977 1388 1033; x_wconf 83' lang='lat' dir='ltr'><strong>correctoribus</strong></span> <span class='ocrx_word' id='word_1_58' title='bbox 1432 976 1542 1030; x_wconf 90' lang='lat' dir='ltr'><strong>suis</strong></span> <span class='ocrx_word' id='word_1_59' title='bbox 1588 975 1740 1030; x_wconf 84' lang='lat' dir='ltr'><strong>subdi</strong></span> <span class='ocrx_word' id='word_1_60' title='bbox 1784 974 1987 1042; x_wconf 89' lang='lat' dir='ltr'><strong>debuit,</strong></span> <span class='ocrx_word' id='word_1_61' title='bbox 2040 990 2146 1030; x_wconf 93' lang='lat' dir='ltr'><strong>non</strong></span> 
     </span>
    </p>
   </div>
   <div class='ocr_carea' id='block_1_9' title="bbox 561 1067 2148 1141">
    <p class='ocr_par' dir='ltr' id='par_1_9' title="bbox 561 1067 2148 1141">
     <span class='ocr_line' id='line_1_9' title="bbox 561 1067 2148 1141; baseline -0.003 -15"><span class='ocrx_word' id='word_1_62' title='bbox 561 1071 822 1141; x_wconf 59' lang='lat' dir='ltr'><strong>praeponi,</strong></span> <span class='ocrx_word' id='word_1_63' title='bbox 857 1069 1051 1140; x_wconf 85' lang='lat' dir='ltr'><strong>quibus</strong></span> <span class='ocrx_word' id='word_1_64' title='bbox 1081 1069 1148 1122; x_wconf 90' lang='lat' dir='ltr'><strong>ab</strong></span> <span class='ocrx_word' id='word_1_65' title='bbox 1181 1067 1452 1122; x_wconf 73' lang='lat' dir='ltr'><strong>brereticis</strong></span> <span class='ocrx_word' id='word_1_66' title='bbox 1474 1067 1771 1133; x_wconf 88' lang='lat' dir='ltr'><strong>ordinatus,</strong></span> <span class='ocrx_word' id='word_1_67' title='bbox 1807 1067 1949 1121; x_wconf 90' lang='lat' dir='ltr'><strong>nulla</strong></span> <span class='ocrx_word' id='word_1_68' title='bbox 1977 1067 2148 1136; x_wconf 90' lang='lat' dir='ltr'><strong>potuit</strong></span> 
     </span>
    </p>
   </div>
   <div class='ocr_carea' id='block_1_10' title="bbox 561 1157 2145 1231">
    <p class='ocr_par' dir='ltr' id='par_1_10' title="bbox 561 1157 2145 1231">
     <span class='ocr_line' id='line_1_10' title="bbox 561 1157 2145 1231; baseline -0.003 -15"><span class='ocrx_word' id='word_1_69' title='bbox 561 1175 798 1231; x_wconf 71' lang='lat' dir='ltr'><strong>praeesse</strong></span> <span class='ocrx_word' id='word_1_70' title='bbox 825 1162 1065 1223; x_wconf 84' lang='lat' dir='ltr'><strong>ratione;</strong></span> <span class='ocrx_word' id='word_1_71' title='bbox 1098 1159 1255 1213; x_wconf 85' lang='lat' dir='ltr'><strong>etiam</strong></span> <span class='ocrx_word' id='word_1_72' title='bbox 1283 1158 1334 1212; x_wconf 92' lang='lat' dir='ltr'><strong>in</strong></span> <span class='ocrx_word' id='word_1_73' title='bbox 1363 1157 1460 1212; x_wconf 91' lang='lat' dir='ltr'><strong>bac</strong></span> <span class='ocrx_word' id='word_1_74' title='bbox 1491 1166 1639 1227; x_wconf 79' lang='lat' dir='ltr'><strong>parte</strong></span> <span class='ocrx_word' id='word_1_75' title='bbox 1669 1157 2022 1222; x_wconf 77' lang='lat' dir='ltr'><strong>convincitur,</strong></span> <span class='ocrx_word' id='word_1_76' title='bbox 2057 1157 2145 1226; x_wconf 89' lang='lat' dir='ltr'><strong>qui</strong></span> 
     </span>
    </p>
   </div>
   <div class='ocr_carea' id='block_1_11' title="bbox 563 1247 2146 1318">
    <p class='ocr_par' dir='ltr' id='par_1_11' title="bbox 563 1247 2146 1318">
     <span class='ocr_line' id='line_1_11' title="bbox 563 1247 2146 1318; baseline -0.004 -11"><span class='ocrx_word' id='word_1_77' title='bbox 563 1262 840 1308; x_wconf 85' lang='lat' dir='ltr'><strong>correctus</strong></span> <span class='ocrx_word' id='word_1_78' title='bbox 868 1250 1198 1313; x_wconf 84' lang='lat' dir='ltr'><strong>obtenditur,</strong></span> <span class='ocrx_word' id='word_1_79' title='bbox 1253 1248 1465 1317; x_wconf 87' lang='lat' dir='ltr'><strong>quando</strong></span> <span class='ocrx_word' id='word_1_80' title='bbox 1497 1247 1579 1301; x_wconf 92' lang='lat' dir='ltr'><strong>bis</strong></span> <span class='ocrx_word' id='word_1_81' title='bbox 1608 1249 2027 1315; x_wconf 87' lang='lat' dir='ltr'><strong>communicare,</strong></span> <span class='ocrx_word' id='word_1_82' title='bbox 2059 1247 2146 1318; x_wconf 91' lang='lat' dir='ltr'><strong>qui</strong></span> 
     </span>
    </p>
   </div>
   <div class='ocr_carea' id='block_1_12' title="bbox 564 1339 2148 1414">
    <p class='ocr_par' dir='ltr' id='par_1_12' title="bbox 564 1339 2148 1414">
     <span class='ocr_line' id='line_1_12' title="bbox 564 1339 2148 1414; baseline -0.004 -14"><span class='ocrx_word' id='word_1_83' title='bbox 564 1346 619 1400; x_wconf 77' lang='lat' dir='ltr'><strong>in</strong></span> <span class='ocrx_word' id='word_1_84' title='bbox 650 1344 911 1414; x_wconf 87' lang='lat' dir='ltr'><strong>pravitate</strong></span> <span class='ocrx_word' id='word_1_85' title='bbox 953 1342 1279 1413; x_wconf 90' lang='lat' dir='ltr'><strong>perdurant,</strong></span> <span class='ocrx_word' id='word_1_86' title='bbox 1323 1342 1439 1394; x_wconf 88' lang='lat' dir='ltr'><strong>sine</strong></span> <span class='ocrx_word' id='word_1_87' title='bbox 1481 1339 1732 1410; x_wconf 89' lang='lat' dir='ltr'><strong>ambiguo</strong></span> <span class='ocrx_word' id='word_1_88' title='bbox 1771 1341 2040 1408; x_wconf 89' lang='lat' dir='ltr'><strong>reperitur</strong></span> <span class='ocrx_word' id='word_1_89' title='bbox 2069 1346 2148 1397; x_wconf 84' lang='lat' dir='ltr'><strong>at-</strong></span> 
     </span>
    </p>
   </div>
   <div class='ocr_carea' id='block_1_13' title="bbox 561 1430 2146 1506">
    <p class='ocr_par' dir='ltr' id='par_1_13' title="bbox 561 1430 2146 1506">
     <span class='ocr_line' id='line_1_13' title="bbox 561 1430 2146 1506; baseline -0.001 -18"><span class='ocrx_word' id='word_1_90' title='bbox 561 1452 668 1506; x_wconf 85' lang='lat' dir='ltr'><strong>que</strong></span> <span class='ocrx_word' id='word_1_91' title='bbox 704 1451 732 1489; x_wconf 85' lang='lat' dir='ltr'><strong>a</strong></span> <span class='ocrx_word' id='word_1_92' title='bbox 772 1445 955 1490; x_wconf 85' lang='lat' dir='ltr'><strong>nostra</strong></span> <span class='ocrx_word' id='word_1_93' title='bbox 987 1434 1362 1489; x_wconf 89' lang='lat' dir='ltr'><strong>communione</strong></span> <span class='ocrx_word' id='word_1_94' title='bbox 1389 1430 1728 1486; x_wconf 77' lang='lat' dir='ltr'><strong>omnifariam</strong></span> <span class='ocrx_word' id='word_1_95' title='bbox 1762 1431 1956 1487; x_wconf 90' lang='lat' dir='ltr'><strong>merito</strong></span> <span class='ocrx_word' id='word_1_96' title='bbox 1980 1431 2146 1501; x_wconf 85' lang='lat' dir='ltr'><strong>juste-</strong></span> 
     </span>
    </p>
   </div>
   <div class='ocr_carea' id='block_1_14' title="bbox 563 1523 2147 1597">
    <p class='ocr_par' dir='ltr' id='par_1_14' title="bbox 563 1523 2147 1597">
     <span class='ocr_line' id='line_1_14' title="bbox 563 1523 2147 1597; baseline -0.003 -16"><span class='ocrx_word' id='word_1_97' title='bbox 563 1543 669 1597; x_wconf 87' lang='lat' dir='ltr'><strong>que</strong></span> <span class='ocrx_word' id='word_1_98' title='bbox 703 1527 1001 1597; x_wconf 82' lang='lat' dir='ltr'><strong>repellitur.</strong></span> <span class='ocrx_word' id='word_1_99' title='bbox 1050 1526 1187 1580; x_wconf 84' lang='lat' dir='ltr'><strong>Ecce</strong></span> <span class='ocrx_word' id='word_1_100' title='bbox 1217 1539 1375 1594; x_wconf 86' lang='lat' dir='ltr'><strong>quam</strong></span> <span class='ocrx_word' id='word_1_101' title='bbox 1410 1525 1566 1578; x_wconf 91' lang='lat' dir='ltr'><strong>nobis</strong></span> <span class='ocrx_word' id='word_1_102' title='bbox 1588 1523 1729 1590; x_wconf 89' lang='lat' dir='ltr'><strong>justa</strong></span> <span class='ocrx_word' id='word_1_103' title='bbox 1760 1538 1917 1577; x_wconf 85' lang='lat' dir='ltr'><strong>causa</strong></span> <span class='ocrx_word' id='word_1_104' title='bbox 1951 1539 2147 1592; x_wconf 85' lang='lat' dir='ltr'><strong>suppe-</strong></span> 
     </span>
    </p>
   </div>
   <div class='ocr_carea' id='block_1_15' title="bbox 561 1611 2148 1684">
    <p class='ocr_par' dir='ltr' id='par_1_15' title="bbox 561 1611 2148 1684">
     <span class='ocr_line' id='line_1_15' title="bbox 561 1611 2148 1684; baseline -0.004 -12"><span class='ocrx_word' id='word_1_105' title='bbox 561 1619 718 1682; x_wconf 84' lang='lat' dir='ltr'><strong>ditat,</strong></span> <span class='ocrx_word' id='word_1_106' title='bbox 748 1618 794 1673; x_wconf 92' lang='lat' dir='ltr'><strong>si</strong></span> <span class='ocrx_word' id='word_1_107' title='bbox 823 1617 981 1671; x_wconf 86' lang='lat' dir='ltr'><strong>etiam</strong></span> <span class='ocrx_word' id='word_1_108' title='bbox 1007 1615 1257 1670; x_wconf 86' lang='lat' dir='ltr'><strong>Acacium</strong></span> <span class='ocrx_word' id='word_1_109' title='bbox 1285 1615 1374 1684; x_wconf 93' lang='lat' dir='ltr'><strong>qui</strong></span> <span class='ocrx_word' id='word_1_110' title='bbox 1404 1614 1543 1668; x_wconf 88' lang='lat' dir='ltr'><strong>hunc</strong></span> <span class='ocrx_word' id='word_1_111' title='bbox 1572 1621 1622 1666; x_wconf 91' lang='lat' dir='ltr'><strong>et</strong></span> <span class='ocrx_word' id='word_1_112' title='bbox 1649 1612 1791 1680; x_wconf 92' lang='lat' dir='ltr'><strong>juste</strong></span> <span class='ocrx_word' id='word_1_113' title='bbox 1813 1611 1996 1668; x_wconf 84' lang='lat' dir='ltr'><strong>retulit</strong></span> <span class='ocrx_word' id='word_1_114' title='bbox 2025 1621 2148 1666; x_wconf 87' lang='lat' dir='ltr'><strong>ante</strong></span> 
     </span>
    </p>
   </div>
   <div class='ocr_carea' id='block_1_16' title="bbox 562 1705 2146 1789">
    <p class='ocr_par' dir='ltr' id='par_1_16' title="bbox 562 1705 2146 1789">
     <span class='ocr_line' id='line_1_16' title="bbox 562 1705 2146 1789; baseline -0.003 -24"><span class='ocrx_word' id='word_1_115' title='bbox 562 1725 682 1765; x_wconf 86' lang='lat' dir='ltr'><strong>esse</strong></span> <span class='ocrx_word' id='word_1_116' title='bbox 712 1710 1043 1789; x_wconf 62' lang='lat' dir='ltr'><strong>danytatum,</strong></span> <span class='ocrx_word' id='word_1_117' title='bbox 1074 1715 1130 1762; x_wconf 92' lang='lat' dir='ltr'><strong>et</strong></span> <span class='ocrx_word' id='word_1_118' title='bbox 1152 1718 1271 1776; x_wconf 89' lang='lat' dir='ltr'><strong>post</strong></span> <span class='ocrx_word' id='word_1_119' title='bbox 1297 1721 1420 1760; x_wconf 89' lang='lat' dir='ltr'><strong>eum</strong></span> <span class='ocrx_word' id='word_1_120' title='bbox 1463 1705 1666 1760; x_wconf 91' lang='lat' dir='ltr'><strong>nefarie</strong></span> <span class='ocrx_word' id='word_1_121' title='bbox 1691 1706 1744 1759; x_wconf 93' lang='lat' dir='ltr'><strong>in</strong></span> <span class='ocrx_word' id='word_1_122' title='bbox 1776 1719 1870 1759; x_wconf 87' lang='lat' dir='ltr'><strong>sua</strong></span> <span class='ocrx_word' id='word_1_123' title='bbox 1901 1719 2146 1760; x_wconf 90' lang='lat' dir='ltr'><strong>commu-</strong></span> 
     </span>
    </p>
   </div>
   <div class='ocr_carea' id='block_1_17' title="bbox 562 1891 2151 1963">
    <p class='ocr_par' dir='ltr' id='par_1_17' title="bbox 562 1891 2151 1963">
     <span class='ocr_line' id='line_1_17' title="bbox 562 1891 2151 1963; baseline -0.001 -14"><span class='ocrx_word' id='word_1_124' title='bbox 562 1895 696 1949; x_wconf 87' lang='lat' dir='ltr'><strong>Cum</strong></span> <span class='ocrx_word' id='word_1_125' title='bbox 728 1895 921 1949; x_wconf 81' lang='lat' dir='ltr'><strong>Acacio</strong></span> <span class='ocrx_word' id='word_1_126' title='bbox 950 1895 1092 1963; x_wconf 83' lang='lat' dir='ltr'><strong>enim</strong></span> <span class='ocrx_word' id='word_1_127' title='bbox 1123 1893 1277 1948; x_wconf 86' lang='lat' dir='ltr'><strong>nobis</strong></span> <span class='ocrx_word' id='word_1_128' title='bbox 1313 1891 1405 1946; x_wconf 90' lang='lat' dir='ltr'><strong>fuit</strong></span> <span class='ocrx_word' id='word_1_129' title='bbox 1444 1894 1621 1962; x_wconf 85' lang='lat' dir='ltr'><strong>prisca</strong></span> <span class='ocrx_word' id='word_1_130' title='bbox 1648 1892 1985 1956; x_wconf 88' lang='lat' dir='ltr'><strong>communio;</strong></span> <span class='ocrx_word' id='word_1_131' title='bbox 2035 1893 2151 1948; x_wconf 73' lang='lat' dir='ltr'><strong>lucc</strong></span> 
     </span>
    </p>
   </div>
   <div class='ocr_carea' id='block_1_18' title="bbox 561 1983 2150 2054">
    <p class='ocr_par' dir='ltr' id='par_1_18' title="bbox 561 1983 2150 2054">
     <span class='ocr_line' id='line_1_18' title="bbox 561 1983 2150 2054; baseline -0.001 -14"><span class='ocrx_word' id='word_1_132' title='bbox 561 1995 621 2040; x_wconf 88' lang='lat' dir='ltr'><strong>ut</strong></span> <span class='ocrx_word' id='word_1_133' title='bbox 651 1995 957 2042; x_wconf 83' lang='lat' dir='ltr'><strong>servaretur</strong></span> <span class='ocrx_word' id='word_1_134' title='bbox 980 1983 1166 2048; x_wconf 69' lang='lat' dir='ltr'><strong>illaesa,</strong></span> <span class='ocrx_word' id='word_1_135' title='bbox 1201 1994 1226 2021; x_wconf 73' lang='grc' dir='ltr'>ι</span> <span class='ocrx_word' id='word_1_136' title='bbox 1257 1998 1352 2053; x_wconf 86' lang='lat' dir='ltr'><strong>per</strong></span> <span class='ocrx_word' id='word_1_137' title='bbox 1378 1983 1804 2054; x_wconf 88' lang='lat' dir='ltr'><strong>quinquennium</strong></span> <span class='ocrx_word' id='word_1_138' title='bbox 1838 1985 2150 2053; x_wconf 90' lang='lat' dir='ltr'><strong>permonui-</strong></span> 
     </span>
    </p>
   </div>
   <div class='ocr_carea' id='block_1_19' title="bbox 561 2076 2149 2146">
    <p class='ocr_par' dir='ltr' id='par_1_19' title="bbox 561 2076 2149 2146">
     <span class='ocr_line' id='line_1_19' title="bbox 561 2076 2149 2146; baseline -0.001 -14"><span class='ocrx_word' id='word_1_139' title='bbox 561 2092 711 2143; x_wconf 83' lang='lat' dir='ltr'><strong>mtts;</strong></span> <span class='ocrx_word' id='word_1_140' title='bbox 743 2088 799 2133; x_wconf 82' lang='lat' dir='ltr'><strong>et</strong></span> <span class='ocrx_word' id='word_1_141' title='bbox 826 2079 949 2133; x_wconf 84' lang='lat' dir='ltr'><strong>licet</strong></span> <span class='ocrx_word' id='word_1_142' title='bbox 990 2092 1090 2133; x_wconf 77' lang='lat' dir='ltr'><strong>nec</strong></span> <span class='ocrx_word' id='word_1_143' title='bbox 1117 2077 1418 2132; x_wconf 79' lang='lat' dir='ltr'><strong>rescribere</strong></span> <span class='ocrx_word' id='word_1_144' title='bbox 1445 2076 1776 2146; x_wconf 80' lang='lat' dir='ltr'><strong>dignaretur,</strong></span> <span class='ocrx_word' id='word_1_145' title='bbox 1827 2091 1925 2131; x_wconf 87' lang='lat' dir='ltr'><strong>nos</strong></span> <span class='ocrx_word' id='word_1_146' title='bbox 1949 2087 2149 2143; x_wconf 91' lang='lat' dir='ltr'><strong>tamen,</strong></span> 
     </span>
    </p>
   </div>
   <div class='ocr_carea' id='block_1_20' title="bbox 561 2169 2154 2238">
    <p class='ocr_par' dir='ltr' id='par_1_20' title="bbox 561 2169 2154 2238">
     <span class='ocr_line' id='line_1_20' title="bbox 561 2169 2154 2238; baseline -0.002 -12"><span class='ocrx_word' id='word_1_147' title='bbox 561 2182 624 2226; x_wconf 78' lang='lat' dir='ltr'><strong>ut</strong></span> <span class='ocrx_word' id='word_1_148' title='bbox 651 2171 975 2226; x_wconf 73' lang='lat' dir='ltr'><strong>catholicam</strong></span> <span class='ocrx_word' id='word_1_149' title='bbox 1008 2169 1167 2225; x_wconf 79' lang='lat' dir='ltr'><strong>ﬁdem</strong></span> <span class='ocrx_word' id='word_1_150' title='bbox 1198 2170 1476 2233; x_wconf 88' lang='lat' dir='ltr'><strong>retineret,</strong></span> <span class='ocrx_word' id='word_1_151' title='bbox 1528 2183 1800 2238; x_wconf 84' lang='lat' dir='ltr'><strong>nunquam</strong></span> <span class='ocrx_word' id='word_1_152' title='bbox 1851 2169 2154 2224; x_wconf 77' lang='lat' dir='ltr'><strong>desutimus</strong></span> 
     </span>
    </p>
   </div>
   <div class='ocr_carea' id='block_1_21' title="bbox 562 2262 2150 2331">
    <p class='ocr_par' dir='ltr' id='par_1_21' title="bbox 562 2262 2150 2331">
     <span class='ocr_line' id='line_1_21' title="bbox 562 2262 2150 2331; baseline -0.001 -13"><span class='ocrx_word' id='word_1_153' title='bbox 562 2264 862 2319; x_wconf 81' lang='lat' dir='ltr'><strong>adhortari.</strong></span> <span class='ocrx_word' id='word_1_154' title='bbox 906 2262 1190 2318; x_wconf 87' lang='lat' dir='ltr'><strong>Postremo</strong></span> <span class='ocrx_word' id='word_1_155' title='bbox 1233 2264 1424 2331; x_wconf 85' lang='lat' dir='ltr'><strong>legatis</strong></span> <span class='ocrx_word' id='word_1_156' title='bbox 1449 2262 1626 2317; x_wconf 87' lang='lat' dir='ltr'><strong>missis</strong></span> <span class='ocrx_word' id='word_1_157' title='bbox 1656 2263 1969 2326; x_wconf 88' lang='lat' dir='ltr'><strong>terruimus,</strong></span> <span class='ocrx_word' id='word_1_158' title='bbox 2001 2264 2150 2317; x_wconf 86' lang='lat' dir='ltr'><strong>blan-</strong></span> 
     </span>
    </p>
   </div>
   <div class='ocr_carea' id='block_1_22' title="bbox 567 2357 2154 2438">
    <p class='ocr_par' dir='ltr' id='par_1_22' title="bbox 567 2357 2154 2438">
     <span class='ocr_line' id='line_1_22' title="bbox 567 2357 2154 2438; baseline 0.003 -28"><span class='ocrx_word' id='word_1_159' title='bbox 567 2357 668 2412; x_wconf 90' lang='lat' dir='ltr'><strong>diti</strong></span> <span class='ocrx_word' id='word_1_160' title='bbox 691 2371 903 2426; x_wconf 81' lang='lat' dir='ltr'><strong>sumus,</strong></span> <span class='ocrx_word' id='word_1_161' title='bbox 923 2357 1269 2427; x_wconf 75' lang='lat' dir='ltr'><strong>prtediximus</strong></span> <span class='ocrx_word' id='word_1_162' title='bbox 1294 2359 1709 2425; x_wconf 82' lang='lat' dir='ltr'><strong>comminantes,</strong></span> <span class='ocrx_word' id='word_1_163' title='bbox 1736 2357 2040 2438; x_wconf 88' lang='lat' dir='ltr'><strong>suadentes,</strong></span> <span class='ocrx_word' id='word_1_164' title='bbox 2061 2360 2154 2414; x_wconf 86' lang='lat' dir='ltr'><strong>ob-</strong></span> 
     </span>
    </p>
   </div>
   <div class='ocr_carea' id='block_1_23' title="bbox 567 2454 2157 2526">
    <p class='ocr_par' dir='ltr' id='par_1_23' title="bbox 567 2454 2157 2526">
     <span class='ocr_line' id='line_1_23' title="bbox 567 2454 2157 2526; baseline 0.001 -18"><span class='ocrx_word' id='word_1_165' title='bbox 567 2463 848 2520; x_wconf 84' lang='lat' dir='ltr'><strong>testantes,</strong></span> <span class='ocrx_word' id='word_1_166' title='bbox 894 2454 1296 2511; x_wconf 84' lang='lat' dir='ltr'><strong>damnationem</strong></span> <span class='ocrx_word' id='word_1_167' title='bbox 1345 2458 1767 2526; x_wconf 74' lang='lat' dir='ltr'><strong>prtetendentes,</strong></span> <span class='ocrx_word' id='word_1_168' title='bbox 1817 2474 1885 2513; x_wconf 91' lang='lat' dir='ltr'><strong>ne</strong></span> <span class='ocrx_word' id='word_1_169' title='bbox 1917 2469 2157 2512; x_wconf 84' lang='lat' dir='ltr'><strong>commu-</strong></span> 
     </span>
    </p>
   </div>
   <div class='ocr_carea' id='block_1_24' title="bbox 569 2547 2156 2618">
    <p class='ocr_par' dir='ltr' id='par_1_24' title="bbox 569 2547 2156 2618">
     <span class='ocr_line' id='line_1_24' title="bbox 569 2547 2156 2618; baseline 0.001 -15"><span class='ocrx_word' id='word_1_170' title='bbox 569 2547 715 2603; x_wconf 90' lang='lat' dir='ltr'><strong>nioni</strong></span> <span class='ocrx_word' id='word_1_171' title='bbox 750 2548 965 2602; x_wconf 85' lang='lat' dir='ltr'><strong>cederet</strong></span> <span class='ocrx_word' id='word_1_172' title='bbox 998 2547 1327 2616; x_wconf 87' lang='lat' dir='ltr'><strong>perditorum</strong></span> <span class='ocrx_word' id='word_1_173' title='bbox 1359 2567 1370 2601; x_wconf 91' lang='lat'>:</span> <span class='ocrx_word' id='word_1_174' title='bbox 1412 2549 1653 2604; x_wconf 89' lang='lat' dir='ltr'><strong>laborum</strong></span> <span class='ocrx_word' id='word_1_175' title='bbox 1683 2565 1900 2605; x_wconf 90' lang='lat' dir='ltr'><strong>suorum</strong></span> <span class='ocrx_word' id='word_1_176' title='bbox 1927 2564 2021 2618; x_wconf 88' lang='lat' dir='ltr'><strong>pro</strong></span> <span class='ocrx_word' id='word_1_177' title='bbox 2054 2549 2156 2604; x_wconf 79' lang='lat' dir='ltr'><strong>(ide</strong></span> 
     </span>
    </p>
   </div>
   <div class='ocr_carea' id='block_1_25' title="bbox 570 2639 2156 2712">
    <p class='ocr_par' dir='ltr' id='par_1_25' title="bbox 570 2639 2156 2712">
     <span class='ocr_line' id='line_1_25' title="bbox 570 2639 2156 2712; baseline -0.001 -16"><span class='ocrx_word' id='word_1_178' title='bbox 570 2639 832 2696; x_wconf 86' lang='lat' dir='ltr'><strong>catholica</strong></span> <span class='ocrx_word' id='word_1_179' title='bbox 866 2642 1111 2710; x_wconf 86' lang='lat' dir='ltr'><strong>primitus</strong></span> <span class='ocrx_word' id='word_1_180' title='bbox 1139 2642 1502 2712; x_wconf 76' lang='lat' dir='ltr'><strong>impensarum</strong></span> <span class='ocrx_word' id='word_1_181' title='bbox 1527 2657 1648 2698; x_wconf 90' lang='lat' dir='ltr'><strong>cum</strong></span> <span class='ocrx_word' id='word_1_182' title='bbox 1673 2643 1983 2697; x_wconf 78' lang='lat' dir='ltr'><strong>meminisse</strong></span> <span class='ocrx_word' id='word_1_183' title='bbox 2007 2657 2156 2695; x_wconf 89' lang='lat' dir='ltr'><strong>man-</strong></span> 
     </span>
    </p>
   </div>
   <div class='ocr_carea' id='block_1_26' title="bbox 568 2733 2158 2806">
    <p class='ocr_par' dir='ltr' id='par_1_26' title="bbox 568 2733 2158 2806">
     <span class='ocr_line' id='line_1_26' title="bbox 568 2733 2158 2806; baseline -0.001 -18"><span class='ocrx_word' id='word_1_184' title='bbox 568 2734 843 2799; x_wconf 85' lang='lat' dir='ltr'><strong>davimus;</strong></span> <span class='ocrx_word' id='word_1_185' title='bbox 876 2743 929 2788; x_wconf 89' lang='lat' dir='ltr'><strong>et</strong></span> <span class='ocrx_word' id='word_1_186' title='bbox 951 2733 1234 2788; x_wconf 84' lang='lat' dir='ltr'><strong>incitantes</strong></span> <span class='ocrx_word' id='word_1_187' title='bbox 1268 2733 1332 2788; x_wconf 87' lang='lat' dir='ltr'><strong>ad</strong></span> <span class='ocrx_word' id='word_1_188' title='bbox 1359 2734 1607 2803; x_wconf 76' lang='lat' dir='ltr'><strong>gloriam,</strong></span> <span class='ocrx_word' id='word_1_189' title='bbox 1638 2744 1690 2790; x_wconf 88' lang='lat' dir='ltr'><strong>et</strong></span> <span class='ocrx_word' id='word_1_190' title='bbox 1719 2751 1748 2789; x_wconf 90' lang='lat' dir='ltr'><strong>a</strong></span> <span class='ocrx_word' id='word_1_191' title='bbox 1788 2733 2025 2806; x_wconf 91' lang='lat' dir='ltr'><strong>periculo</strong></span> <span class='ocrx_word' id='word_1_192' title='bbox 2064 2733 2158 2787; x_wconf 87' lang='lat' dir='ltr'><strong>de-</strong></span> 
     </span>
    </p>
   </div>
   <div class='ocr_carea' id='block_1_27' title="bbox 564 2825 2153 2895">
    <p class='ocr_par' dir='ltr' id='par_1_27' title="bbox 564 2825 2153 2895">
     <span class='ocr_line' id='line_1_27' title="bbox 564 2825 2153 2895; baseline -0.003 -14"><span class='ocrx_word' id='word_1_193' title='bbox 564 2831 854 2881; x_wconf 72' lang='lat' dir='ltr'><strong>terrentes.</strong></span> <span class='ocrx_word' id='word_1_194' title='bbox 873 2826 1002 2893; x_wconf 81' lang='lat' dir='ltr'><strong>Qnae</strong></span> <span class='ocrx_word' id='word_1_195' title='bbox 1023 2833 1214 2880; x_wconf 87' lang='lat' dir='ltr'><strong>cuncta</strong></span> <span class='ocrx_word' id='word_1_196' title='bbox 1233 2825 1533 2895; x_wconf 83' lang='lat' dir='ltr'><strong>despiciens</strong></span> <span class='ocrx_word' id='word_1_197' title='bbox 1553 2826 1905 2881; x_wconf 86' lang='lat' dir='ltr'><strong>circumvenit</strong></span> <span class='ocrx_word' id='word_1_198' title='bbox 1928 2826 2153 2895; x_wconf 85' lang='lat' dir='ltr'><strong>legatos,</strong></span> 
     </span>
    </p>
   </div>
   <div class='ocr_carea' id='block_1_28' title="bbox 568 2917 2156 2988">
    <p class='ocr_par' dir='ltr' id='par_1_28' title="bbox 568 2917 2156 2988">
     <span class='ocr_line' id='line_1_28' title="bbox 568 2917 2156 2988; baseline -0.001 -16"><span class='ocrx_word' id='word_1_199' title='bbox 568 2928 631 2972; x_wconf 80' lang='lat' dir='ltr'><strong>ut</strong></span> <span class='ocrx_word' id='word_1_200' title='bbox 658 2919 816 2971; x_wconf 78' lang='lat' dir='ltr'><strong>veluti</strong></span> <span class='ocrx_word' id='word_1_201' title='bbox 846 2917 1120 2971; x_wconf 84' lang='lat' dir='ltr'><strong>nobiscum</strong></span> <span class='ocrx_word' id='word_1_202' title='bbox 1152 2932 1213 2973; x_wconf 91' lang='lat' dir='ltr'><strong>se</strong></span> <span class='ocrx_word' id='word_1_203' title='bbox 1244 2931 1428 2973; x_wconf 86' lang='lat' dir='ltr'><strong>errare</strong></span> <span class='ocrx_word' id='word_1_204' title='bbox 1471 2918 1855 2988; x_wconf 68' lang='lat' dir='ltr'><strong>praetenderet,</strong></span> <span class='ocrx_word' id='word_1_205' title='bbox 1902 2927 1953 2972; x_wconf 86' lang='lat' dir='ltr'><strong>et</strong></span> <span class='ocrx_word' id='word_1_206' title='bbox 1983 2917 2156 2971; x_wconf 84' lang='lat' dir='ltr'><strong>haere-</strong></span> 
     </span>
    </p>
   </div>
   <div class='ocr_carea' id='block_1_29' title="bbox 568 3009 2154 3080">
    <p class='ocr_par' dir='ltr' id='par_1_29' title="bbox 568 3009 2154 3080">
     <span class='ocr_line' id='line_1_29' title="bbox 568 3009 2154 3080; baseline -0.002 -14"><span class='ocrx_word' id='word_1_207' title='bbox 568 3011 678 3066; x_wconf 75' lang='lat' dir='ltr'><strong>tica</strong></span> <span class='ocrx_word' id='word_1_208' title='bbox 707 3019 868 3080; x_wconf 87' lang='lat' dir='ltr'><strong>atque</strong></span> <span class='ocrx_word' id='word_1_209' title='bbox 890 3009 1162 3074; x_wconf 82' lang='lat' dir='ltr'><strong>damnato,</strong></span> <span class='ocrx_word' id='word_1_210' title='bbox 1198 3025 1355 3079; x_wconf 92' lang='lat' dir='ltr'><strong>quem</strong></span> <span class='ocrx_word' id='word_1_211' title='bbox 1401 3011 1675 3080; x_wconf 75' lang='lat' dir='ltr'><strong>przecipue</strong></span> <span class='ocrx_word' id='word_1_212' title='bbox 1715 3012 1829 3079; x_wconf 88' lang='lat' dir='ltr'><strong>ipse</strong></span> <span class='ocrx_word' id='word_1_213' title='bbox 1876 3009 2154 3073; x_wconf 90' lang='lat' dir='ltr'><strong>retulerat,</strong></span> 
     </span>
    </p>
   </div>
   <div class='ocr_carea' id='block_1_30' title="bbox 570 3102 2153 3168">
    <p class='ocr_par' dir='ltr' id='par_1_30' title="bbox 570 3102 2153 3168">
     <span class='ocr_line' id='line_1_30' title="bbox 570 3102 2153 3168; baseline -0.003 -10"><span class='ocrx_word' id='word_1_214' title='bbox 570 3105 949 3158; x_wconf 86' lang='lat' dir='ltr'><strong>communione</strong></span> <span class='ocrx_word' id='word_1_215' title='bbox 995 3117 1054 3157; x_wconf 88' lang='lat' dir='ltr'><strong>se</strong></span> <span class='ocrx_word' id='word_1_216' title='bbox 1098 3103 1332 3157; x_wconf 87' lang='lat' dir='ltr'><strong>miscuit.</strong></span> <span class='ocrx_word' id='word_1_217' title='bbox 1382 3102 1563 3158; x_wconf 78' lang='lat' dir='ltr'><strong>Donec</strong></span> <span class='ocrx_word' id='word_1_218' title='bbox 1607 3102 1707 3156; x_wconf 88' lang='lat' dir='ltr'><strong>ista</strong></span> <span class='ocrx_word' id='word_1_219' title='bbox 1752 3115 2153 3168; x_wconf 82' lang='lat' dir='ltr'><strong>cognoscerem,</strong></span> 
     </span>
    </p>
   </div>
   <div class='ocr_carea' id='block_1_31' title="bbox 2251 514 3837 586">
    <p class='ocr_par' dir='ltr' id='par_1_31' title="bbox 2251 514 3837 586">
     <span class='ocr_line' id='line_1_31' title="bbox 2251 514 3837 586; baseline 0.003 -18"><span class='ocrx_word' id='word_1_220' title='bbox 2251 525 2329 568; x_wconf 88' lang='lat' dir='ltr'><strong>tas</strong></span> <span class='ocrx_word' id='word_1_221' title='bbox 2352 531 2510 586; x_wconf 90' lang='lat' dir='ltr'><strong>quam</strong></span> <span class='ocrx_word' id='word_1_222' title='bbox 2539 514 2724 571; x_wconf 86' lang='lat' dir='ltr'><strong>divino</strong></span> <span class='ocrx_word' id='word_1_223' title='bbox 2753 515 2919 572; x_wconf 92' lang='lat' dir='ltr'><strong>cultui</strong></span> <span class='ocrx_word' id='word_1_224' title='bbox 2951 525 3005 571; x_wconf 92' lang='lat' dir='ltr'><strong>et</strong></span> <span class='ocrx_word' id='word_1_225' title='bbox 3027 516 3296 586; x_wconf 87' lang='lat' dir='ltr'><strong>religioni,</strong></span> <span class='ocrx_word' id='word_1_226' title='bbox 3325 517 3464 572; x_wconf 91' lang='lat' dir='ltr'><strong>unde</strong></span> <span class='ocrx_word' id='word_1_227' title='bbox 3493 517 3671 571; x_wconf 90' lang='lat' dir='ltr'><strong>omnia</strong></span> <span class='ocrx_word' id='word_1_228' title='bbox 3703 531 3837 586; x_wconf 85' lang='lat' dir='ltr'><strong>pro-</strong></span> 
     </span>
    </p>
   </div>
   <div class='ocr_carea' id='block_1_32' title="bbox 2249 607 3840 678">
    <p class='ocr_par' dir='ltr' id='par_1_32' title="bbox 2249 607 3840 678">
     <span class='ocr_line' id='line_1_32' title="bbox 2249 607 3840 678; baseline 0.001 -18"><span class='ocrx_word' id='word_1_229' title='bbox 2249 616 2552 676; x_wconf 87' lang='lat' dir='ltr'><strong>sperantur,</strong></span> <span class='ocrx_word' id='word_1_230' title='bbox 2612 607 2750 663; x_wconf 91' lang='lat' dir='ltr'><strong>unde</strong></span> <span class='ocrx_word' id='word_1_231' title='bbox 2781 608 3074 664; x_wconf 87' lang='lat' dir='ltr'><strong>necessitas</strong></span> <span class='ocrx_word' id='word_1_232' title='bbox 3111 608 3282 678; x_wconf 91' lang='lat' dir='ltr'><strong>magis</strong></span> <span class='ocrx_word' id='word_1_233' title='bbox 3315 608 3489 663; x_wconf 91' lang='lat' dir='ltr'><strong>omnis</strong></span> <span class='ocrx_word' id='word_1_234' title='bbox 3516 608 3840 676; x_wconf 83' lang='lat' dir='ltr'><strong>absolvitur,</strong></span> 
     </span>
    </p>
   </div>
   <div class='ocr_carea' id='block_1_33' title="bbox 2249 699 3842 767">
    <p class='ocr_par' dir='ltr' id='par_1_33' title="bbox 2249 699 3842 767">
     <span class='ocr_line' id='line_1_33' title="bbox 2249 699 3842 767; baseline 0 -13"><span class='ocrx_word' id='word_1_235' title='bbox 2249 709 2303 754; x_wconf 91' lang='lat' dir='ltr'><strong>et</strong></span> <span class='ocrx_word' id='word_1_236' title='bbox 2333 709 2524 755; x_wconf 88' lang='lat' dir='ltr'><strong>cuncta</strong></span> <span class='ocrx_word' id='word_1_237' title='bbox 2554 699 2777 756; x_wconf 85' lang='lat' dir='ltr'><strong>adversa</strong></span> <span class='ocrx_word' id='word_1_238' title='bbox 2824 708 3190 765; x_wconf 79' lang='lat' dir='ltr'><strong>removentur,</strong></span> <span class='ocrx_word' id='word_1_239' title='bbox 3223 715 3343 756; x_wconf 88' lang='lat' dir='ltr'><strong>esse</strong></span> <span class='ocrx_word' id='word_1_240' title='bbox 3380 699 3700 767; x_wconf 85' lang='lat' dir='ltr'><strong>subjectum,</strong></span> <span class='ocrx_word' id='word_1_241' title='bbox 3737 713 3842 754; x_wconf 89' lang='lat' dir='ltr'><strong>nec</strong></span> 
     </span>
    </p>
   </div>
   <div class='ocr_carea' id='block_1_34' title="bbox 2249 791 3844 864">
    <p class='ocr_par' dir='ltr' id='par_1_34' title="bbox 2249 791 3844 864">
     <span class='ocr_line' id='line_1_34' title="bbox 2249 791 3844 864; baseline -0.001 -15"><span class='ocrx_word' id='word_1_242' title='bbox 2249 794 2297 849; x_wconf 90' lang='lat' dir='ltr'><strong>ei</strong></span> <span class='ocrx_word' id='word_1_243' title='bbox 2330 793 2529 864; x_wconf 90' lang='lat' dir='ltr'><strong>aliquid</strong></span> <span class='ocrx_word' id='word_1_244' title='bbox 2576 794 2795 852; x_wconf 92' lang='lat' dir='ltr'><strong>omnino</strong></span> <span class='ocrx_word' id='word_1_245' title='bbox 2826 807 3170 864; x_wconf 72' lang='lat' dir='ltr'><strong>przeponere;</strong></span> <span class='ocrx_word' id='word_1_246' title='bbox 3221 794 3344 864; x_wconf 89' lang='lat' dir='ltr'><strong>quia</strong></span> <span class='ocrx_word' id='word_1_247' title='bbox 3384 809 3491 850; x_wconf 91' lang='lat' dir='ltr'><strong>non</strong></span> <span class='ocrx_word' id='word_1_248' title='bbox 3523 803 3605 848; x_wconf 89' lang='lat' dir='ltr'><strong>est</strong></span> <span class='ocrx_word' id='word_1_249' title='bbox 3653 791 3844 860; x_wconf 85' lang='lat' dir='ltr'><strong>utique</strong></span> 
     </span>
    </p>
   </div>
   <div class='ocr_carea' id='block_1_35' title="bbox 2250 887 3844 959">
    <p class='ocr_par' dir='ltr' id='par_1_35' title="bbox 2250 887 3844 959">
     <span class='ocr_line' id='line_1_35' title="bbox 2250 887 3844 959; baseline -0.001 -18"><span class='ocrx_word' id='word_1_250' title='bbox 2250 887 2390 958; x_wconf 91' lang='lat' dir='ltr'><strong>quod</strong></span> <span class='ocrx_word' id='word_1_251' title='bbox 2418 889 2524 943; x_wconf 90' lang='lat' dir='ltr'><strong>Deo</strong></span> <span class='ocrx_word' id='word_1_252' title='bbox 2548 887 2739 944; x_wconf 89' lang='lat' dir='ltr'><strong>debeat</strong></span> <span class='ocrx_word' id='word_1_253' title='bbox 2771 890 3042 959; x_wconf 83' lang='lat' dir='ltr'><strong>anteponi,</strong></span> <span class='ocrx_word' id='word_1_254' title='bbox 3074 903 3194 944; x_wconf 90' lang='lat' dir='ltr'><strong>cum</strong></span> <span class='ocrx_word' id='word_1_255' title='bbox 3223 889 3270 943; x_wconf 93' lang='lat' dir='ltr'><strong>ei</strong></span> <span class='ocrx_word' id='word_1_256' title='bbox 3299 888 3433 957; x_wconf 88' lang='lat' dir='ltr'><strong>jussi</strong></span> <span class='ocrx_word' id='word_1_257' title='bbox 3457 887 3718 943; x_wconf 79' lang='lat' dir='ltr'><strong>fuerimus</strong></span> <span class='ocrx_word' id='word_1_258' title='bbox 3742 899 3844 940; x_wconf 88' lang='lat' dir='ltr'><strong>nec</strong></span> 
     </span>
    </p>
   </div>
   <div class='ocr_carea' id='block_1_36' title="bbox 2251 978 3844 1052">
    <p class='ocr_par' dir='ltr' id='par_1_36' title="bbox 2251 978 3844 1052">
     <span class='ocr_line' id='line_1_36' title="bbox 2251 978 3844 1052; baseline -0.001 -20"><span class='ocrx_word' id='word_1_259' title='bbox 2251 979 2455 1033; x_wconf 90' lang='lat' dir='ltr'><strong>animas</strong></span> <span class='ocrx_word' id='word_1_260' title='bbox 2501 990 2712 1036; x_wconf 88' lang='lat' dir='ltr'><strong>nostras</strong></span> <span class='ocrx_word' id='word_1_261' title='bbox 2755 980 2975 1035; x_wconf 89' lang='lat' dir='ltr'><strong>omnino</strong></span> <span class='ocrx_word' id='word_1_262' title='bbox 3017 995 3332 1052; x_wconf 63' lang='lat' dir='ltr'><strong>praeponere</strong></span> <span class='ocrx_word' id='word_1_263' title='bbox 3373 1001 3384 1034; x_wconf 89' lang='lat'>:</span> <span class='ocrx_word' id='word_1_264' title='bbox 3419 980 3512 1036; x_wconf 93' lang='lat' dir='ltr'><strong>illo</strong></span> <span class='ocrx_word' id='word_1_265' title='bbox 3554 979 3696 1034; x_wconf 90' lang='lat' dir='ltr'><strong>enim</strong></span> <span class='ocrx_word' id='word_1_266' title='bbox 3743 978 3844 1032; x_wconf 87' lang='lat' dir='ltr'><strong>de-</strong></span> 
     </span>
    </p>
   </div>
   <div class='ocr_carea' id='block_1_37' title="bbox 2251 1071 3847 1144">
    <p class='ocr_par' dir='ltr' id='par_1_37' title="bbox 2251 1071 3847 1144">
     <span class='ocr_line' id='line_1_37' title="bbox 2251 1071 3847 1144; baseline 0.001 -20"><span class='ocrx_word' id='word_1_267' title='bbox 2251 1079 2436 1140; x_wconf 87' lang='lat' dir='ltr'><strong>specto</strong></span> <span class='ocrx_word' id='word_1_268' title='bbox 2466 1073 2609 1126; x_wconf 90' lang='lat' dir='ltr'><strong>nulla</strong></span> <span class='ocrx_word' id='word_1_269' title='bbox 2643 1080 2819 1142; x_wconf 90' lang='lat' dir='ltr'><strong>potest</strong></span> <span class='ocrx_word' id='word_1_270' title='bbox 2851 1071 3142 1128; x_wconf 86' lang='lat' dir='ltr'><strong>necessitas</strong></span> <span class='ocrx_word' id='word_1_271' title='bbox 3176 1072 3439 1144; x_wconf 86' lang='lat' dir='ltr'><strong>expediri,</strong></span> <span class='ocrx_word' id='word_1_272' title='bbox 3477 1071 3573 1126; x_wconf 90' lang='lat' dir='ltr'><strong>sed</strong></span> <span class='ocrx_word' id='word_1_273' title='bbox 3613 1088 3712 1126; x_wconf 91' lang='lat' dir='ltr'><strong>nec</strong></span> <span class='ocrx_word' id='word_1_274' title='bbox 3758 1085 3847 1126; x_wconf 86' lang='lat' dir='ltr'><strong>res</strong></span> 
     </span>
    </p>
   </div>
   <div class='ocr_carea' id='block_1_38' title="bbox 2251 1162 3845 1236">
    <p class='ocr_par' dir='ltr' id='par_1_38' title="bbox 2251 1162 3845 1236">
     <span class='ocr_line' id='line_1_38' title="bbox 2251 1162 3845 1236; baseline 0.002 -21"><span class='ocrx_word' id='word_1_275' title='bbox 2251 1162 2506 1231; x_wconf 63' lang='lat' dir='ltr'><strong>quaelibet</strong></span> <span class='ocrx_word' id='word_1_276' title='bbox 2550 1162 2781 1218; x_wconf 88' lang='lat' dir='ltr'><strong>humana</strong></span> <span class='ocrx_word' id='word_1_277' title='bbox 2831 1174 3116 1219; x_wconf 88' lang='lat' dir='ltr'><strong>constare:</strong></span> <span class='ocrx_word' id='word_1_278' title='bbox 3146 1165 3288 1222; x_wconf 87' lang='lat' dir='ltr'><strong>unde</strong></span> <span class='ocrx_word' id='word_1_279' title='bbox 3329 1175 3550 1236; x_wconf 88' lang='lat' dir='ltr'><strong>apparet</strong></span> <span class='ocrx_word' id='word_1_280' title='bbox 3580 1164 3845 1232; x_wconf 75' lang='lat' dir='ltr'><strong>majorem</strong></span> 
     </span>
    </p>
   </div>
   <div class='ocr_carea' id='block_1_39' title="bbox 2252 1255 3848 1326">
    <p class='ocr_par' dir='ltr' id='par_1_39' title="bbox 2252 1255 3848 1326">
     <span class='ocr_line' id='line_1_39' title="bbox 2252 1255 3848 1326; baseline 0.001 -17"><span class='ocrx_word' id='word_1_281' title='bbox 2252 1255 2625 1309; x_wconf 89' lang='lat' dir='ltr'><strong>necessitatem</strong></span> <span class='ocrx_word' id='word_1_282' title='bbox 2657 1266 2710 1317; x_wconf 88' lang='lat' dir='ltr'><strong>et</strong></span> <span class='ocrx_word' id='word_1_283' title='bbox 2737 1256 2994 1326; x_wconf 87' lang='lat' dir='ltr'><strong>majorem</strong></span> <span class='ocrx_word' id='word_1_284' title='bbox 3037 1272 3145 1326; x_wconf 68' lang='lat' dir='ltr'><strong>pne.</strong></span> <span class='ocrx_word' id='word_1_285' title='bbox 3180 1257 3434 1311; x_wconf 88' lang='lat' dir='ltr'><strong>omnibus</strong></span> <span class='ocrx_word' id='word_1_286' title='bbox 3459 1272 3678 1310; x_wconf 88' lang='lat' dir='ltr'><strong>causam</strong></span> <span class='ocrx_word' id='word_1_287' title='bbox 3725 1270 3848 1311; x_wconf 88' lang='lat' dir='ltr'><strong>esse</strong></span> 
     </span>
    </p>
   </div>
   <div class='ocr_carea' id='block_1_40' title="bbox 2252 1349 3846 1421">
    <p class='ocr_par' dir='ltr' id='par_1_40' title="bbox 2252 1349 3846 1421">
     <span class='ocr_line' id='line_1_40' title="bbox 2252 1349 3846 1421; baseline 0.003 -20"><span class='ocrx_word' id='word_1_288' title='bbox 2252 1357 2440 1402; x_wconf 87' lang='lat' dir='ltr'><strong>cuncta</strong></span> <span class='ocrx_word' id='word_1_289' title='bbox 2471 1349 2643 1404; x_wconf 87' lang='lat' dir='ltr'><strong>eidem</strong></span> <span class='ocrx_word' id='word_1_290' title='bbox 2678 1351 3056 1420; x_wconf 88' lang='lat' dir='ltr'><strong>postponendi.</strong></span> <span class='ocrx_word' id='word_1_291' title='bbox 3091 1351 3265 1417; x_wconf 83' lang='lat' dir='ltr'><strong>Adde,</strong></span> <span class='ocrx_word' id='word_1_292' title='bbox 3309 1354 3432 1421; x_wconf 88' lang='lat' dir='ltr'><strong>quia</strong></span> <span class='ocrx_word' id='word_1_293' title='bbox 3481 1352 3628 1406; x_wconf 90' lang='lat' dir='ltr'><strong>nulla</strong></span> <span class='ocrx_word' id='word_1_294' title='bbox 3658 1366 3846 1407; x_wconf 83' lang='lat' dir='ltr'><strong>neces-</strong></span> 
     </span>
    </p>
   </div>
   <div class='ocr_carea' id='block_1_41' title="bbox 2253 1440 3845 1512">
    <p class='ocr_par' dir='ltr' id='par_1_41' title="bbox 2253 1440 3845 1512">
     <span class='ocr_line' id='line_1_41' title="bbox 2253 1440 3845 1512; baseline 0.002 -18"><span class='ocrx_word' id='word_1_295' title='bbox 2253 1440 2383 1495; x_wconf 84' lang='lat' dir='ltr'><strong>sitas</strong></span> <span class='ocrx_word' id='word_1_296' title='bbox 2402 1450 2503 1496; x_wconf 86' lang='lat' dir='ltr'><strong>est.</strong></span> <span class='ocrx_word' id='word_1_297' title='bbox 2528 1443 2621 1496; x_wconf 91' lang='lat' dir='ltr'><strong>sed</strong></span> <span class='ocrx_word' id='word_1_298' title='bbox 2646 1457 2766 1496; x_wconf 86' lang='lat' dir='ltr'><strong>esse</strong></span> <span class='ocrx_word' id='word_1_299' title='bbox 2792 1443 3168 1512; x_wconf 84' lang='lat' dir='ltr'><strong>praetenditur;</strong></span> <span class='ocrx_word' id='word_1_300' title='bbox 3199 1444 3378 1497; x_wconf 90' lang='lat' dir='ltr'><strong>nullus</strong></span> <span class='ocrx_word' id='word_1_301' title='bbox 3396 1443 3504 1512; x_wconf 88' lang='lat' dir='ltr'><strong>jam</strong></span> <span class='ocrx_word' id='word_1_302' title='bbox 3528 1459 3635 1498; x_wconf 92' lang='lat' dir='ltr'><strong>non</strong></span> <span class='ocrx_word' id='word_1_303' title='bbox 3656 1452 3845 1498; x_wconf 90' lang='lat' dir='ltr'><strong>est....</strong></span> 
     </span>
    </p>
   </div>
   <div class='ocr_carea' id='block_1_42' title="bbox 2255 1530 3846 1605">
    <p class='ocr_par' dir='ltr' id='par_1_42' title="bbox 2255 1530 3846 1605">
     <span class='ocr_line' id='line_1_42' title="bbox 2255 1530 3846 1605; baseline 0.004 -21"><span class='ocrx_word' id='word_1_304' title='bbox 2255 1530 2329 1586; x_wconf 90' lang='lat' dir='ltr'><strong>De</strong></span> <span class='ocrx_word' id='word_1_305' title='bbox 2359 1532 2668 1588; x_wconf 81' lang='lat' dir='ltr'><strong>exclusione</strong></span> <span class='ocrx_word' id='word_1_306' title='bbox 2698 1533 2837 1588; x_wconf 89' lang='lat' dir='ltr'><strong>Petri</strong></span> <span class='ocrx_word' id='word_1_307' title='bbox 2870 1534 3060 1589; x_wconf 89' lang='lat' dir='ltr'><strong>seditio</strong></span> <span class='ocrx_word' id='word_1_308' title='bbox 3107 1550 3241 1589; x_wconf 83' lang='lat' dir='ltr'><strong>vana</strong></span> <span class='ocrx_word' id='word_1_309' title='bbox 3267 1536 3615 1604; x_wconf 85' lang='lat' dir='ltr'><strong>proponitur;</strong></span> <span class='ocrx_word' id='word_1_310' title='bbox 3649 1536 3846 1605; x_wconf 85' lang='lat' dir='ltr'><strong>quippe</strong></span> 
     </span>
    </p>
   </div>
   <div class='ocr_carea' id='block_1_43' title="bbox 2252 1625 3849 1696">
    <p class='ocr_par' dir='ltr' id='par_1_43' title="bbox 2252 1625 3849 1696">
     <span class='ocr_line' id='line_1_43' title="bbox 2252 1625 3849 1696; baseline 0.002 -18"><span class='ocrx_word' id='word_1_311' title='bbox 2252 1640 2371 1679; x_wconf 91' lang='lat' dir='ltr'><strong>cum</strong></span> <span class='ocrx_word' id='word_1_312' title='bbox 2421 1634 2476 1680; x_wconf 91' lang='lat' dir='ltr'><strong>et</strong></span> <span class='ocrx_word' id='word_1_313' title='bbox 2504 1626 2788 1681; x_wconf 87' lang='lat' dir='ltr'><strong>Timotheo</strong></span> <span class='ocrx_word' id='word_1_314' title='bbox 2837 1625 3095 1681; x_wconf 59' lang='lat' dir='ltr'><strong>haeretica</strong></span> <span class='ocrx_word' id='word_1_315' title='bbox 3144 1627 3297 1696; x_wconf 85' lang='lat' dir='ltr'><strong>pulso</strong></span> <span class='ocrx_word' id='word_1_316' title='bbox 3342 1642 3499 1682; x_wconf 89' lang='lat' dir='ltr'><strong>nemo</strong></span> <span class='ocrx_word' id='word_1_317' title='bbox 3528 1625 3849 1681; x_wconf 78' lang='lat' dir='ltr'><strong>bresultare</strong></span> 
     </span>
    </p>
   </div>
   <div class='ocr_carea' id='block_1_44' title="bbox 2255 1716 3849 1788">
    <p class='ocr_par' dir='ltr' id='par_1_44' title="bbox 2255 1716 3849 1788">
     <span class='ocr_line' id='line_1_44' title="bbox 2255 1716 3849 1788; baseline 0 -19"><span class='ocrx_word' id='word_1_318' title='bbox 2255 1718 2563 1780; x_wconf 87' lang='lat' dir='ltr'><strong>tentaverit,</strong></span> <span class='ocrx_word' id='word_1_319' title='bbox 2615 1726 2668 1770; x_wconf 81' lang='lat' dir='ltr'><strong>et</strong></span> <span class='ocrx_word' id='word_1_320' title='bbox 2718 1733 2815 1786; x_wconf 89' lang='lat' dir='ltr'><strong>pro</strong></span> <span class='ocrx_word' id='word_1_321' title='bbox 2843 1716 3002 1772; x_wconf 85' lang='lat' dir='ltr'><strong>Petro</strong></span> <span class='ocrx_word' id='word_1_322' title='bbox 3031 1726 3425 1786; x_wconf 77' lang='lat' dir='ltr'><strong>consequenter</strong></span> <span class='ocrx_word' id='word_1_323' title='bbox 3451 1717 3632 1788; x_wconf 88' lang='lat' dir='ltr'><strong>ejecto</strong></span> <span class='ocrx_word' id='word_1_324' title='bbox 3673 1717 3849 1771; x_wconf 90' lang='lat' dir='ltr'><strong>nullus</strong></span> 
     </span>
    </p>
   </div>
   <div class='ocr_carea' id='block_1_45' title="bbox 557 1797 3845 1878">
    <p class='ocr_par' dir='ltr' id='par_1_45' title="bbox 557 1797 3845 1878">
     <span class='ocr_line' id='line_1_45' title="bbox 557 1797 3845 1878; baseline 0.002 -23"><span class='ocrx_word' id='word_1_325' title='bbox 557 1803 724 1872; x_wconf 82' lang='lat' dir='ltr'><strong>nione</strong></span> <span class='ocrx_word' id='word_1_326' title='bbox 764 1800 1020 1870; x_wconf 76' lang='lat' dir='ltr'><strong>suscepit,</strong></span> <span class='ocrx_word' id='word_1_327' title='bbox 1067 1814 1097 1854; x_wconf 89' lang='lat' dir='ltr'><strong>a</strong></span> <span class='ocrx_word' id='word_1_328' title='bbox 1141 1806 1325 1853; x_wconf 89' lang='lat' dir='ltr'><strong>nostra</strong></span> <span class='ocrx_word' id='word_1_329' title='bbox 1359 1797 1737 1852; x_wconf 88' lang='lat' dir='ltr'><strong>communione</strong></span> <span class='ocrx_word' id='word_1_330' title='bbox 1772 1797 2144 1852; x_wconf 88' lang='lat' dir='ltr'><strong>discrevimus.</strong></span> <span class='ocrx_word' id='word_1_331' title='bbox 2177 1803 2228 1864; x_wconf 78' lang='grc' dir='ltr'>Β</span> <span class='ocrx_word' id='word_1_332' title='bbox 2255 1807 2546 1862; x_wconf 72' lang='lat' dir='ltr'><strong>obstiterit,</strong></span> <span class='ocrx_word' id='word_1_333' title='bbox 2587 1807 2744 1862; x_wconf 82' lang='lat' dir='ltr'><strong>Falso</strong></span> <span class='ocrx_word' id='word_1_334' title='bbox 2786 1808 2946 1878; x_wconf 73' lang='lat' dir='ltr'><strong>igitur</strong></span> <span class='ocrx_word' id='word_1_335' title='bbox 2989 1825 3091 1862; x_wconf 86' lang='lat' dir='ltr'><strong>non</strong></span> <span class='ocrx_word' id='word_1_336' title='bbox 3136 1807 3250 1863; x_wconf 87' lang='lat' dir='ltr'><strong>ﬁeri</strong></span> <span class='ocrx_word' id='word_1_337' title='bbox 3303 1822 3458 1876; x_wconf 79' lang='lat' dir='ltr'><strong>posse</strong></span> <span class='ocrx_word' id='word_1_338' title='bbox 3500 1809 3845 1878; x_wconf 83' lang='lat' dir='ltr'><strong>contingitur,</strong></span> 
     </span>
    </p>
   </div>
   <div class='ocr_carea' id='block_1_46' title="bbox 2257 1900 3850 1971">
    <p class='ocr_par' dir='ltr' id='par_1_46' title="bbox 2257 1900 3850 1971">
     <span class='ocr_line' id='line_1_46' title="bbox 2257 1900 3850 1971; baseline -0.001 -15"><span class='ocrx_word' id='word_1_339' title='bbox 2257 1903 2398 1971; x_wconf 91' lang='lat' dir='ltr'><strong>quod</strong></span> <span class='ocrx_word' id='word_1_340' title='bbox 2438 1901 2682 1971; x_wconf 75' lang='lat' dir='ltr'><strong>exemplo</strong></span> <span class='ocrx_word' id='word_1_341' title='bbox 2708 1901 3015 1957; x_wconf 87' lang='lat' dir='ltr'><strong>earumdem</strong></span> <span class='ocrx_word' id='word_1_342' title='bbox 3046 1917 3223 1958; x_wconf 90' lang='lat' dir='ltr'><strong>rerum</strong></span> <span class='ocrx_word' id='word_1_343' title='bbox 3253 1903 3369 1956; x_wconf 91' lang='lat' dir='ltr'><strong>sine</strong></span> <span class='ocrx_word' id='word_1_344' title='bbox 3397 1901 3626 1955; x_wconf 90' lang='lat' dir='ltr'><strong>tumultu</strong></span> <span class='ocrx_word' id='word_1_345' title='bbox 3653 1900 3850 1956; x_wconf 82' lang='lat' dir='ltr'><strong>iactum</strong></span> 
     </span>
    </p>
   </div>
   <div class='ocr_carea' id='block_1_47' title="bbox 2258 1991 3846 2062">
    <p class='ocr_par' dir='ltr' id='par_1_47' title="bbox 2258 1991 3846 2062">
     <span class='ocr_line' id='line_1_47' title="bbox 2258 1991 3846 2062; baseline -0.001 -14"><span class='ocrx_word' id='word_1_346' title='bbox 2258 2008 2376 2048; x_wconf 89' lang='lat' dir='ltr'><strong>esse</strong></span> <span class='ocrx_word' id='word_1_347' title='bbox 2400 1993 2506 2062; x_wconf 88' lang='lat' dir='ltr'><strong>jam</strong></span> <span class='ocrx_word' id='word_1_348' title='bbox 2553 2002 2783 2048; x_wconf 90' lang='lat' dir='ltr'><strong>constat.</strong></span> <span class='ocrx_word' id='word_1_349' title='bbox 2836 1991 3083 2048; x_wconf 76' lang='lat' dir='ltr'><strong>Pecunia:</strong></span> <span class='ocrx_word' id='word_1_350' title='bbox 3132 2009 3288 2049; x_wconf 88' lang='lat' dir='ltr'><strong>causa</strong></span> <span class='ocrx_word' id='word_1_351' title='bbox 3322 2009 3428 2048; x_wconf 85' lang='lat' dir='ltr'><strong>non</strong></span> <span class='ocrx_word' id='word_1_352' title='bbox 3470 1992 3562 2057; x_wconf 91' lang='lat' dir='ltr'><strong>sit,</strong></span> <span class='ocrx_word' id='word_1_353' title='bbox 3612 2003 3668 2046; x_wconf 86' lang='lat' dir='ltr'><strong>et</strong></span> <span class='ocrx_word' id='word_1_354' title='bbox 3705 1994 3846 2046; x_wconf 87' lang='lat' dir='ltr'><strong>nulla</strong></span> 
     </span>
    </p>
   </div>
   <div class='ocr_carea' id='block_1_48' title="bbox 2259 2087 3849 2144">
    <p class='ocr_par' dir='ltr' id='par_1_48' title="bbox 2259 2087 3849 2144">
     <span class='ocr_line' id='line_1_48' title="bbox 2259 2087 3849 2144; baseline 0.003 -4"><span class='ocrx_word' id='word_1_355' title='bbox 2259 2088 2551 2141; x_wconf 86' lang='lat' dir='ltr'><strong>necessitas</strong></span> <span class='ocrx_word' id='word_1_356' title='bbox 2582 2095 2682 2141; x_wconf 90' lang='lat' dir='ltr'><strong>est.</strong></span> <span class='ocrx_word' id='word_1_357' title='bbox 2707 2087 2994 2142; x_wconf 86' lang='lat' dir='ltr'><strong>Tumultus</strong></span> <span class='ocrx_word' id='word_1_358' title='bbox 3027 2087 3078 2142; x_wconf 93' lang='lat' dir='ltr'><strong>in</strong></span> <span class='ocrx_word' id='word_1_359' title='bbox 3111 2088 3282 2142; x_wconf 92' lang='lat' dir='ltr'><strong>sancti</strong></span> <span class='ocrx_word' id='word_1_360' title='bbox 3313 2088 3460 2144; x_wconf 57' lang='lat' dir='ltr'><strong>caede</strong></span> <span class='ocrx_word' id='word_1_361' title='bbox 3487 2087 3720 2144; x_wconf 84' lang='lat' dir='ltr'><strong>Proterii</strong></span> <span class='ocrx_word' id='word_1_362' title='bbox 3750 2089 3849 2144; x_wconf 68' lang='lat' dir='ltr'><strong>bre-</strong></span> 
     </span>
    </p>
   </div>
   <div class='ocr_carea' id='block_1_49' title="bbox 2258 2177 3844 2249">
    <p class='ocr_par' dir='ltr' id='par_1_49' title="bbox 2258 2177 3844 2249">
     <span class='ocr_line' id='line_1_49' title="bbox 2258 2177 3844 2249; baseline 0.003 -17"><span class='ocrx_word' id='word_1_363' title='bbox 2258 2177 2548 2233; x_wconf 91' lang='lat' dir='ltr'><strong>reticorum</strong></span> <span class='ocrx_word' id='word_1_364' title='bbox 2581 2177 2877 2246; x_wconf 90' lang='lat' dir='ltr'><strong>irrttptionc</strong></span> <span class='ocrx_word' id='word_1_365' title='bbox 2908 2187 3208 2233; x_wconf 91' lang='lat' dir='ltr'><strong>commotus</strong></span> <span class='ocrx_word' id='word_1_366' title='bbox 3237 2188 3338 2244; x_wconf 89' lang='lat' dir='ltr'><strong>est,</strong></span> <span class='ocrx_word' id='word_1_367' title='bbox 3374 2194 3651 2249; x_wconf 90' lang='lat' dir='ltr'><strong>nunquam</strong></span> <span class='ocrx_word' id='word_1_368' title='bbox 3673 2189 3844 2238; x_wconf 83' lang='lat' dir='ltr'><strong>autem</strong></span> 
     </span>
    </p>
   </div>
   <div class='ocr_carea' id='block_1_50' title="bbox 2262 2269 3844 2337">
    <p class='ocr_par' dir='ltr' id='par_1_50' title="bbox 2262 2269 3844 2337">
     <span class='ocr_line' id='line_1_50' title="bbox 2262 2269 3844 2337; baseline -0.001 -13"><span class='ocrx_word' id='word_1_369' title='bbox 2262 2285 2357 2337; x_wconf 90' lang='lat' dir='ltr'><strong>per</strong></span> <span class='ocrx_word' id='word_1_370' title='bbox 2386 2269 2682 2325; x_wconf 85' lang='lat' dir='ltr'><strong>catholicos</strong></span> <span class='ocrx_word' id='word_1_371' title='bbox 2714 2285 2839 2324; x_wconf 90' lang='lat' dir='ltr'><strong>usus</strong></span> <span class='ocrx_word' id='word_1_372' title='bbox 2884 2279 2965 2324; x_wconf 93' lang='lat' dir='ltr'><strong>est</strong></span> <span class='ocrx_word' id='word_1_373' title='bbox 2999 2271 3254 2322; x_wconf 89' lang='lat' dir='ltr'><strong>tumultus</strong></span> <span class='ocrx_word' id='word_1_374' title='bbox 3294 2269 3559 2324; x_wconf 84' lang='lat' dir='ltr'><strong>excitatus</strong></span> <span class='ocrx_word' id='word_1_375' title='bbox 3595 2287 3607 2322; x_wconf 88' lang='lat'><strong>:</strong></span> <span class='ocrx_word' id='word_1_376' title='bbox 3644 2280 3698 2324; x_wconf 90' lang='lat' dir='ltr'><strong>et</strong></span> <span class='ocrx_word' id='word_1_377' title='bbox 3725 2285 3844 2326; x_wconf 88' lang='lat' dir='ltr'><strong>con-</strong></span> 
     </span>
    </p>
   </div>
   <div class='ocr_carea' id='block_1_51' title="bbox 2261 2361 3845 2431">
    <p class='ocr_par' dir='ltr' id='par_1_51' title="bbox 2261 2361 3845 2431">
     <span class='ocr_line' id='line_1_51' title="bbox 2261 2361 3845 2431; baseline 0.002 -18"><span class='ocrx_word' id='word_1_378' title='bbox 2261 2362 2407 2415; x_wconf 81' lang='lat' dir='ltr'><strong>venit</strong></span> <span class='ocrx_word' id='word_1_379' title='bbox 2453 2361 2745 2416; x_wconf 89' lang='lat' dir='ltr'><strong>seditiones</strong></span> <span class='ocrx_word' id='word_1_380' title='bbox 2785 2375 3228 2431; x_wconf 87' lang='lat' dir='ltr'><strong>quorumcunqne</strong></span> <span class='ocrx_word' id='word_1_381' title='bbox 3273 2363 3594 2430; x_wconf 86' lang='lat' dir='ltr'><strong>populorum</strong></span> <span class='ocrx_word' id='word_1_382' title='bbox 3642 2362 3845 2430; x_wconf 87' lang='lat' dir='ltr'><strong>publica</strong></span> 
     </span>
    </p>
   </div>
   <div class='ocr_carea' id='block_1_52' title="bbox 2261 2452 3846 2527">
    <p class='ocr_par' dir='ltr' id='par_1_52' title="bbox 2261 2452 3846 2527">
     <span class='ocr_line' id='line_1_52' title="bbox 2261 2452 3846 2527; baseline 0.001 -21"><span class='ocrx_word' id='word_1_383' title='bbox 2261 2453 2579 2508; x_wconf 87' lang='lat' dir='ltr'><strong>auctoritate</strong></span> <span class='ocrx_word' id='word_1_384' title='bbox 2611 2452 2896 2527; x_wconf 88' lang='lat' dir='ltr'><strong>compesci.</strong></span> <span class='ocrx_word' id='word_1_385' title='bbox 2923 2453 3103 2522; x_wconf 89' lang='lat' dir='ltr'><strong>itaque</strong></span> <span class='ocrx_word' id='word_1_386' title='bbox 3124 2462 3181 2506; x_wconf 92' lang='lat' dir='ltr'><strong>ut</strong></span> <span class='ocrx_word' id='word_1_387' title='bbox 3204 2468 3486 2522; x_wconf 88' lang='lat' dir='ltr'><strong>pravorum</strong></span> <span class='ocrx_word' id='word_1_388' title='bbox 3513 2452 3846 2524; x_wconf 72' lang='lat' dir='ltr'><strong>indulgenter</strong></span> 
     </span>
    </p>
   </div>
   <div class='ocr_carea' id='block_1_53' title="bbox 2262 2544 3845 2615">
    <p class='ocr_par' dir='ltr' id='par_1_53' title="bbox 2262 2544 3845 2615">
     <span class='ocr_line' id='line_1_53' title="bbox 2262 2544 3845 2615; baseline 0 -17"><span class='ocrx_word' id='word_1_389' title='bbox 2262 2545 2446 2609; x_wconf 83' lang='lat' dir='ltr'><strong>furori,</strong></span> <span class='ocrx_word' id='word_1_390' title='bbox 2481 2544 2569 2614; x_wconf 92' lang='lat' dir='ltr'><strong>qui</strong></span> <span class='ocrx_word' id='word_1_391' title='bbox 2604 2544 2700 2599; x_wconf 85' lang='lat' dir='ltr'><strong>levi</strong></span> <span class='ocrx_word' id='word_1_392' title='bbox 2734 2553 2877 2598; x_wconf 92' lang='lat' dir='ltr'><strong>metu</strong></span> <span class='ocrx_word' id='word_1_393' title='bbox 2911 2544 3180 2612; x_wconf 90' lang='lat' dir='ltr'><strong>perterriti</strong></span> <span class='ocrx_word' id='word_1_394' title='bbox 3211 2545 3601 2613; x_wconf 88' lang='lat' dir='ltr'><strong>conquiescere</strong></span> <span class='ocrx_word' id='word_1_395' title='bbox 3650 2545 3845 2615; x_wconf 83' lang='lat' dir='ltr'><strong>potuis-</strong></span> 
     </span>
    </p>
   </div>
   <div class='ocr_carea' id='block_1_54' title="bbox 2262 2636 3848 2706">
    <p class='ocr_par' dir='ltr' id='par_1_54' title="bbox 2262 2636 3848 2706">
     <span class='ocr_line' id='line_1_54' title="bbox 2262 2636 3848 2706; baseline 0.001 -15"><span class='ocrx_word' id='word_1_396' title='bbox 2262 2647 2401 2702; x_wconf 92' lang='lat' dir='ltr'><strong>sent,</strong></span> <span class='ocrx_word' id='word_1_397' title='bbox 2450 2637 2634 2706; x_wconf 83' lang='lat' dir='ltr'><strong>reiigio</strong></span> <span class='ocrx_word' id='word_1_398' title='bbox 2667 2637 2843 2691; x_wconf 88' lang='lat' dir='ltr'><strong>divina</strong></span> <span class='ocrx_word' id='word_1_399' title='bbox 2886 2638 3233 2702; x_wconf 83' lang='lat' dir='ltr'><strong>subvertitur,</strong></span> <span class='ocrx_word' id='word_1_400' title='bbox 3281 2646 3334 2690; x_wconf 85' lang='lat' dir='ltr'><strong>et</strong></span> <span class='ocrx_word' id='word_1_401' title='bbox 3364 2636 3568 2692; x_wconf 87' lang='lat' dir='ltr'><strong>Christi</strong></span> <span class='ocrx_word' id='word_1_402' title='bbox 3612 2637 3848 2693; x_wconf 87' lang='lat' dir='ltr'><strong>Ecclesia</strong></span> 
     </span>
    </p>
   </div>
   <div class='ocr_carea' id='block_1_55' title="bbox 2262 2728 3848 2798">
    <p class='ocr_par' dir='ltr' id='par_1_55' title="bbox 2262 2728 3848 2798">
     <span class='ocr_line' id='line_1_55' title="bbox 2262 2728 3848 2798; baseline 0.003 -16"><span class='ocrx_word' id='word_1_403' title='bbox 2262 2729 2546 2783; x_wconf 88' lang='lat' dir='ltr'><strong>laceratur.</strong></span> <span class='ocrx_word' id='word_1_404' title='bbox 2578 2729 2852 2782; x_wconf 69' lang='lat' dir='ltr'><strong>Posnemo</strong></span> <span class='ocrx_word' id='word_1_405' title='bbox 2875 2728 2976 2783; x_wconf 93' lang='lat' dir='ltr'><strong>hoc</strong></span> <span class='ocrx_word' id='word_1_406' title='bbox 3006 2729 3121 2796; x_wconf 83' lang='lat' dir='ltr'><strong>ipso</strong></span> <span class='ocrx_word' id='word_1_407' title='bbox 3146 2728 3286 2798; x_wconf 91' lang='lat' dir='ltr'><strong>quod</strong></span> <span class='ocrx_word' id='word_1_408' title='bbox 3316 2731 3698 2784; x_wconf 84' lang='lat' dir='ltr'><strong>necessitatem</strong></span> <span class='ocrx_word' id='word_1_409' title='bbox 3730 2745 3848 2786; x_wconf 88' lang='lat' dir='ltr'><strong>esse</strong></span> 
     </span>
    </p>
   </div>
   <div class='ocr_carea' id='block_1_56' title="bbox 2267 2821 3848 2892">
    <p class='ocr_par' dir='ltr' id='par_1_56' title="bbox 2267 2821 3848 2892">
     <span class='ocr_line' id='line_1_56' title="bbox 2267 2821 3848 2892; baseline 0.001 -17"><span class='ocrx_word' id='word_1_410' title='bbox 2267 2822 2575 2890; x_wconf 57' lang='lat' dir='ltr'><strong>praetendit,</strong></span> <span class='ocrx_word' id='word_1_411' title='bbox 2607 2823 2801 2876; x_wconf 92' lang='lat' dir='ltr'><strong>malum</strong></span> <span class='ocrx_word' id='word_1_412' title='bbox 2830 2835 2949 2877; x_wconf 91' lang='lat' dir='ltr'><strong>esse</strong></span> <span class='ocrx_word' id='word_1_413' title='bbox 2979 2822 3288 2890; x_wconf 87' lang='lat' dir='ltr'><strong>pronuntiat</strong></span> <span class='ocrx_word' id='word_1_414' title='bbox 3332 2821 3474 2892; x_wconf 92' lang='lat' dir='ltr'><strong>quod</strong></span> <span class='ocrx_word' id='word_1_415' title='bbox 3521 2821 3677 2886; x_wconf 82' lang='lat' dir='ltr'><strong>facit;</strong></span> <span class='ocrx_word' id='word_1_416' title='bbox 3711 2821 3848 2877; x_wconf 86' lang='lat' dir='ltr'><strong>unde</strong></span> 
     </span>
    </p>
   </div>
   <div class='ocr_carea' id='block_1_57' title="bbox 2263 2911 3848 2978">
    <p class='ocr_par' dir='ltr' id='par_1_57' title="bbox 2263 2911 3848 2978">
     <span class='ocr_line' id='line_1_57' title="bbox 2263 2911 3848 2978; baseline 0.001 -12"><span class='ocrx_word' id='word_1_417' title='bbox 2263 2913 2305 2966; x_wconf 92' lang='lat' dir='ltr'><strong>si</strong></span> <span class='ocrx_word' id='word_1_418' title='bbox 2331 2916 2377 2966; x_wconf 92' lang='lat' dir='ltr'><strong>ei</strong></span> <span class='ocrx_word' id='word_1_419' title='bbox 2408 2923 2489 2967; x_wconf 87' lang='lat' dir='ltr'><strong>est</strong></span> <span class='ocrx_word' id='word_1_420' title='bbox 2535 2912 2827 2967; x_wconf 82' lang='lat' dir='ltr'><strong>necessitas</strong></span> <span class='ocrx_word' id='word_1_421' title='bbox 2869 2921 3057 2967; x_wconf 90' lang='lat' dir='ltr'><strong>contra</strong></span> <span class='ocrx_word' id='word_1_422' title='bbox 3094 2911 3271 2966; x_wconf 86' lang='lat' dir='ltr'><strong>divina</strong></span> <span class='ocrx_word' id='word_1_423' title='bbox 3307 2912 3584 2978; x_wconf 90' lang='lat' dir='ltr'><strong>tendendi,</strong></span> <span class='ocrx_word' id='word_1_424' title='bbox 3632 2914 3759 2968; x_wconf 87' lang='lat' dir='ltr'><strong>mihi</strong></span> <span class='ocrx_word' id='word_1_425' title='bbox 3799 2914 3848 2968; x_wconf 91' lang='lat' dir='ltr'><strong>id</strong></span> 
     </span>
    </p>
   </div>
   <div class='ocr_carea' id='block_1_58' title="bbox 2261 3003 3848 3074">
    <p class='ocr_par' dir='ltr' id='par_1_58' title="bbox 2261 3003 3848 3074">
     <span class='ocr_line' id='line_1_58' title="bbox 2261 3003 3848 3074; baseline 0.001 -16"><span class='ocrx_word' id='word_1_426' title='bbox 2261 3004 2516 3070; x_wconf 75' lang='lat' dir='ltr'><strong>onerandi</strong></span> <span class='ocrx_word' id='word_1_427' title='bbox 2539 3005 2682 3058; x_wconf 84' lang='lat' dir='ltr'><strong>nulla</strong></span> <span class='ocrx_word' id='word_1_428' title='bbox 2707 3005 2997 3059; x_wconf 88' lang='lat' dir='ltr'><strong>necessitas</strong></span> <span class='ocrx_word' id='word_1_429' title='bbox 3026 3022 3036 3056; x_wconf 94' lang='lat'>:</span> <span class='ocrx_word' id='word_1_430' title='bbox 3061 3019 3252 3059; x_wconf 88' lang='lat' dir='ltr'><strong>cavere</strong></span> <span class='ocrx_word' id='word_1_431' title='bbox 3273 3003 3444 3059; x_wconf 87' lang='lat' dir='ltr'><strong>debeo</strong></span> <span class='ocrx_word' id='word_1_432' title='bbox 3465 3019 3495 3058; x_wconf 88' lang='lat' dir='ltr'><strong>a</strong></span> <span class='ocrx_word' id='word_1_433' title='bbox 3520 3005 3687 3074; x_wconf 85' lang='lat' dir='ltr'><strong>malo,</strong></span> <span class='ocrx_word' id='word_1_434' title='bbox 3711 3006 3848 3074; x_wconf 92' lang='lat' dir='ltr'><strong>quod</strong></span> 
     </span>
    </p>
   </div>
   <div class='ocr_carea' id='block_1_59' title="bbox 2263 3093 3849 3160">
    <p class='ocr_par' dir='ltr' id='par_1_59' title="bbox 2263 3093 3849 3160">
     <span class='ocr_line' id='line_1_59' title="bbox 2263 3093 3849 3160; baseline 0.002 -12"><span class='ocrx_word' id='word_1_435' title='bbox 2263 3096 2424 3149; x_wconf 79' lang='lat' dir='ltr'><strong>etiam</strong></span> <span class='ocrx_word' id='word_1_436' title='bbox 2456 3104 2508 3148; x_wconf 91' lang='lat' dir='ltr'><strong>tu</strong></span> <span class='ocrx_word' id='word_1_437' title='bbox 2549 3095 2729 3150; x_wconf 81' lang='lat' dir='ltr'><strong>fateris</strong></span> <span class='ocrx_word' id='word_1_438' title='bbox 2775 3096 2995 3160; x_wconf 88' lang='lat' dir='ltr'><strong>malum,</strong></span> <span class='ocrx_word' id='word_1_439' title='bbox 3048 3093 3171 3149; x_wconf 89' lang='lat' dir='ltr'><strong>dum</strong></span> <span class='ocrx_word' id='word_1_440' title='bbox 3201 3095 3524 3151; x_wconf 86' lang='lat' dir='ltr'><strong>necessitate</strong></span> <span class='ocrx_word' id='word_1_441' title='bbox 3578 3106 3630 3151; x_wconf 89' lang='lat' dir='ltr'><strong>te</strong></span> <span class='ocrx_word' id='word_1_442' title='bbox 3677 3096 3849 3152; x_wconf 87' lang='lat' dir='ltr'><strong>facere</strong></span> 
     </span>
    </p>
   </div>
   <div class='ocr_carea' id='block_1_60' title="bbox 569 3181 3851 3265">
    <p class='ocr_par' dir='ltr' id='par_1_60' title="bbox 569 3181 3851 3265">
     <span class='ocr_line' id='line_1_60' title="bbox 569 3181 3851 3265; baseline -0.002 -16"><span class='ocrx_word' id='word_1_443' title='bbox 569 3197 739 3265; x_wconf 84' lang='lat' dir='ltr'><strong>potuit</strong></span> <span class='ocrx_word' id='word_1_444' title='bbox 763 3195 892 3249; x_wconf 89' lang='lat' dir='ltr'><strong>mibi</strong></span> <span class='ocrx_word' id='word_1_445' title='bbox 923 3209 1044 3248; x_wconf 92' lang='lat' dir='ltr'><strong>cum</strong></span> <span class='ocrx_word' id='word_1_446' title='bbox 1073 3195 1164 3248; x_wconf 92' lang='lat' dir='ltr'><strong>illo</strong></span> <span class='ocrx_word' id='word_1_447' title='bbox 1194 3195 1416 3264; x_wconf 88' lang='lat' dir='ltr'><strong>pristina</strong></span> <span class='ocrx_word' id='word_1_448' title='bbox 1453 3209 1672 3250; x_wconf 89' lang='lat' dir='ltr'><strong>manere</strong></span> <span class='ocrx_word' id='word_1_449' title='bbox 1694 3193 2029 3257; x_wconf 87' lang='lat' dir='ltr'><strong>communio;</strong></span> <span class='ocrx_word' id='word_1_450' title='bbox 2061 3209 2155 3247; x_wconf 86' lang='lat' dir='ltr'><strong>ve-</strong></span> <span class='ocrx_word' id='word_1_451' title='bbox 2186 3181 2232 3245; x_wconf 70' lang='grc' dir='ltr'><strong>(Ζ</strong></span> <span class='ocrx_word' id='word_1_452' title='bbox 2263 3188 2476 3242; x_wconf 89' lang='lat' dir='ltr'><strong>testaris</strong></span> <span class='ocrx_word' id='word_1_453' title='bbox 2516 3187 2737 3241; x_wconf 86' lang='lat' dir='ltr'><strong>invitum</strong></span> <span class='ocrx_word' id='word_1_454' title='bbox 2768 3205 2781 3240; x_wconf 87' lang='lat'>:</span> <span class='ocrx_word' id='word_1_455' title='bbox 2814 3187 2923 3241; x_wconf 92' lang='lat' dir='ltr'><strong>imo</strong></span> <span class='ocrx_word' id='word_1_456' title='bbox 2967 3186 3098 3241; x_wconf 91' lang='lat' dir='ltr'><strong>mihi</strong></span> <span class='ocrx_word' id='word_1_457' title='bbox 3141 3187 3314 3256; x_wconf 89' lang='lat' dir='ltr'><strong>major</strong></span> <span class='ocrx_word' id='word_1_458' title='bbox 3344 3188 3632 3242; x_wconf 88' lang='lat' dir='ltr'><strong>necessitas</strong></span> <span class='ocrx_word' id='word_1_459' title='bbox 3661 3198 3745 3242; x_wconf 89' lang='lat' dir='ltr'><strong>est</strong></span> <span class='ocrx_word' id='word_1_460' title='bbox 3772 3187 3851 3242; x_wconf 86' lang='lat' dir='ltr'><strong>di-</strong></span> 
     </span>
    </p>
   </div>
   <div class='ocr_carea' id='block_1_61' title="bbox 517 3287 2159 3357">
    <p class='ocr_par' dir='ltr' id='par_1_61' title="bbox 517 3287 2159 3357">
     <span class='ocr_line' id='line_1_61' title="bbox 517 3287 2159 3357; baseline 0 -17"><span class='ocrx_word' id='word_1_461' title='bbox 517 3287 526 3299; x_wconf 90' lang='lat'>&#39;</span> <span class='ocrx_word' id='word_1_462' title='bbox 573 3302 693 3340; x_wconf 81' lang='lat' dir='ltr'><strong>runt</strong></span> <span class='ocrx_word' id='word_1_463' title='bbox 725 3289 812 3341; x_wconf 90' lang='lat' dir='ltr'><strong>ubi</strong></span> <span class='ocrx_word' id='word_1_464' title='bbox 861 3287 962 3341; x_wconf 81' lang='lat' dir='ltr'><strong>hoc</strong></span> <span class='ocrx_word' id='word_1_465' title='bbox 987 3287 1250 3357; x_wconf 89' lang='lat' dir='ltr'><strong>comperi,</strong></span> <span class='ocrx_word' id='word_1_466' title='bbox 1301 3287 1346 3342; x_wconf 86' lang='lat' dir='ltr'><strong>si</strong></span> <span class='ocrx_word' id='word_1_467' title='bbox 1388 3301 1493 3342; x_wconf 91' lang='lat' dir='ltr'><strong>non</strong></span> <span class='ocrx_word' id='word_1_468' title='bbox 1533 3303 1656 3343; x_wconf 89' lang='lat' dir='ltr'><strong>eum</strong></span> <span class='ocrx_word' id='word_1_469' title='bbox 1689 3288 1946 3343; x_wconf 83' lang='lat' dir='ltr'><strong>continuo</strong></span> <span class='ocrx_word' id='word_1_470' title='bbox 1985 3302 2013 3342; x_wconf 88' lang='lat' dir='ltr'><strong>a</strong></span> <span class='ocrx_word' id='word_1_471' title='bbox 2043 3301 2159 3340; x_wconf 90' lang='lat' dir='ltr'><strong>mea</strong></span> 
     </span>
    </p>
   </div>
   <div class='ocr_carea' id='block_1_62' title="bbox 573 3379 2158 3448">
    <p class='ocr_par' dir='ltr' id='par_1_62' title="bbox 573 3379 2158 3448">
     <span class='ocr_line' id='line_1_62' title="bbox 573 3379 2158 3448; baseline 0 -16"><span class='ocrx_word' id='word_1_472' title='bbox 573 3380 956 3433; x_wconf 81' lang='lat' dir='ltr'><strong>communione</strong></span> <span class='ocrx_word' id='word_1_473' title='bbox 986 3392 1342 3448; x_wconf 85' lang='lat' dir='ltr'><strong>separassem,</strong></span> <span class='ocrx_word' id='word_1_474' title='bbox 1367 3380 1639 3435; x_wconf 82' lang='lat' dir='ltr'><strong>videretur</strong></span> <span class='ocrx_word' id='word_1_475' title='bbox 1669 3379 1821 3447; x_wconf 82' lang='lat' dir='ltr'><strong>mihi,</strong></span> <span class='ocrx_word' id='word_1_476' title='bbox 1847 3380 2007 3434; x_wconf 90' lang='lat' dir='ltr'><strong>etiam</strong></span> <span class='ocrx_word' id='word_1_477' title='bbox 2038 3395 2158 3432; x_wconf 78' lang='lat' dir='ltr'><strong>cum</strong></span> 
     </span>
    </p>
   </div>
   <div class='ocr_carea' id='block_1_63' title="bbox 575 3467 2159 3540">
    <p class='ocr_par' dir='ltr' id='par_1_63' title="bbox 575 3467 2159 3540">
     <span class='ocr_line' id='line_1_63' title="bbox 575 3467 2159 3540; baseline 0 -16"><span class='ocrx_word' id='word_1_478' title='bbox 575 3467 682 3538; x_wconf 75' lang='lat' dir='ltr'><strong>jam</strong></span> <span class='ocrx_word' id='word_1_479' title='bbox 717 3471 1128 3540; x_wconf 74' lang='lat' dir='ltr'><strong>praevaricatore</strong></span> <span class='ocrx_word' id='word_1_480' title='bbox 1172 3471 1521 3526; x_wconf 85' lang='lat' dir='ltr'><strong>nihilominus</strong></span> <span class='ocrx_word' id='word_1_481' title='bbox 1565 3485 1783 3527; x_wconf 87' lang='lat' dir='ltr'><strong>manere</strong></span> <span class='ocrx_word' id='word_1_482' title='bbox 1824 3472 2159 3538; x_wconf 86' lang='lat' dir='ltr'><strong>communio,</strong></span> 
     </span>
    </p>
   </div>
   <div class='ocr_carea' id='block_1_64' title="bbox 577 3563 2160 3633">
    <p class='ocr_par' dir='ltr' id='par_1_64' title="bbox 577 3563 2160 3633">
     <span class='ocr_line' id='line_1_64' title="bbox 577 3563 2160 3633; baseline 0.003 -17"><span class='ocrx_word' id='word_1_483' title='bbox 577 3568 636 3616; x_wconf 80' lang='lat' dir='ltr'><strong>et</strong></span> <span class='ocrx_word' id='word_1_484' title='bbox 672 3573 792 3631; x_wconf 58' lang='lat' dir='ltr'><strong>«tum</strong></span> <span class='ocrx_word' id='word_1_485' title='bbox 813 3575 938 3617; x_wconf 84' lang='lat' dir='ltr'><strong>cum</strong></span> <span class='ocrx_word' id='word_1_486' title='bbox 967 3563 1235 3622; x_wconf 82' lang='lat' dir='ltr'><strong>catholico</strong></span> <span class='ocrx_word' id='word_1_487' title='bbox 1258 3563 1453 3629; x_wconf 87' lang='lat' dir='ltr'><strong>fuerat,</strong></span> <span class='ocrx_word' id='word_1_488' title='bbox 1489 3579 1608 3620; x_wconf 89' lang='lat' dir='ltr'><strong>esse</strong></span> <span class='ocrx_word' id='word_1_489' title='bbox 1636 3566 1795 3620; x_wconf 90' lang='lat' dir='ltr'><strong>etiam</strong></span> <span class='ocrx_word' id='word_1_490' title='bbox 1824 3580 1946 3620; x_wconf 91' lang='lat' dir='ltr'><strong>cum</strong></span> <span class='ocrx_word' id='word_1_491' title='bbox 1977 3580 2041 3620; x_wconf 90' lang='lat' dir='ltr'><strong>eo</strong></span> <span class='ocrx_word' id='word_1_492' title='bbox 2069 3566 2160 3633; x_wconf 90' lang='lat' dir='ltr'><strong>qui</strong></span> 
     </span>
    </p>
   </div>
   <div class='ocr_carea' id='block_1_65' title="bbox 577 3652 2163 3724">
    <p class='ocr_par' dir='ltr' id='par_1_65' title="bbox 577 3652 2163 3724">
     <span class='ocr_line' id='line_1_65' title="bbox 577 3652 2163 3724; baseline 0.004 -20"><span class='ocrx_word' id='word_1_493' title='bbox 577 3652 955 3708; x_wconf 58' lang='lat' dir='ltr'><strong>hereticorum</strong></span> <span class='ocrx_word' id='word_1_494' title='bbox 1002 3655 1330 3709; x_wconf 82' lang='lat' dir='ltr'><strong>consortium</strong></span> <span class='ocrx_word' id='word_1_495' title='bbox 1378 3655 1518 3711; x_wconf 82' lang='lat' dir='ltr'><strong>inire</strong></span> <span class='ocrx_word' id='word_1_496' title='bbox 1563 3657 1842 3710; x_wconf 90' lang='lat' dir='ltr'><strong>maluerat.</strong></span> <span class='ocrx_word' id='word_1_497' title='bbox 1895 3657 2048 3724; x_wconf 86' lang='lat' dir='ltr'><strong>Quod</strong></span> <span class='ocrx_word' id='word_1_498' title='bbox 2097 3672 2163 3710; x_wconf 90' lang='lat' dir='ltr'><strong>ne</strong></span> 
     </span>
    </p>
   </div>
   <div class='ocr_carea' id='block_1_66' title="bbox 499 3741 2165 3816">
    <p class='ocr_par' dir='ltr' id='par_1_66' title="bbox 499 3741 2165 3816">
     <span class='ocr_line' id='line_1_66' title="bbox 499 3741 2165 3816; baseline 0.005 -23"><span class='ocrx_word' id='word_1_499' title='bbox 499 3779 513 3793; x_wconf 93' lang='lat'><strong>.</strong></span> <span class='ocrx_word' id='word_1_500' title='bbox 577 3741 733 3798; x_wconf 80' lang='lat' dir='ltr'><strong>ﬂeret</strong></span> <span class='ocrx_word' id='word_1_501' title='bbox 785 3746 1146 3800; x_wconf 83' lang='lat' dir='ltr'><strong>necessarium</strong></span> <span class='ocrx_word' id='word_1_502' title='bbox 1179 3747 1306 3800; x_wconf 82' lang='lat' dir='ltr'><strong>mitti</strong></span> <span class='ocrx_word' id='word_1_503' title='bbox 1339 3743 1439 3801; x_wconf 84' lang='lat' dir='ltr'><strong>fuit</strong></span> <span class='ocrx_word' id='word_1_504' title='bbox 1483 3748 1804 3816; x_wconf 88' lang='lat' dir='ltr'><strong>abrumpere</strong></span> <span class='ocrx_word' id='word_1_505' title='bbox 1833 3749 2165 3802; x_wconf 88' lang='lat' dir='ltr'><strong>communio-</strong></span> 
     </span>
    </p>
   </div>
   <div class='ocr_carea' id='block_1_67' title="bbox 579 3837 2164 3910">
    <p class='ocr_par' dir='ltr' id='par_1_67' title="bbox 579 3837 2164 3910">
     <span class='ocr_line' id='line_1_67' title="bbox 579 3837 2164 3910; baseline 0.001 -19"><span class='ocrx_word' id='word_1_506' title='bbox 579 3851 702 3891; x_wconf 87' lang='lat' dir='ltr'><strong>nem</strong></span> <span class='ocrx_word' id='word_1_507' title='bbox 725 3837 863 3905; x_wconf 88' lang='lat' dir='ltr'><strong>ejus,</strong></span> <span class='ocrx_word' id='word_1_508' title='bbox 888 3847 981 3892; x_wconf 87' lang='lat' dir='ltr'><strong>eta</strong></span> <span class='ocrx_word' id='word_1_509' title='bbox 1004 3853 1123 3893; x_wconf 90' lang='lat' dir='ltr'><strong>meo</strong></span> <span class='ocrx_word' id='word_1_510' title='bbox 1141 3839 1418 3894; x_wconf 91' lang='lat' dir='ltr'><strong>consortio</strong></span> <span class='ocrx_word' id='word_1_511' title='bbox 1440 3849 1799 3907; x_wconf 75' lang='lat' dir='ltr'><strong>sequestram.</strong></span> <span class='ocrx_word' id='word_1_512' title='bbox 1829 3841 1948 3894; x_wconf 90' lang='lat' dir='ltr'><strong>Ideo</strong></span> <span class='ocrx_word' id='word_1_513' title='bbox 1970 3843 2164 3910; x_wconf 85' lang='lat' dir='ltr'><strong>quippe</strong></span> 
     </span>
    </p>
   </div>
   <div class='ocr_carea' id='block_1_68' title="bbox 581 3929 2166 4002">
    <p class='ocr_par' dir='ltr' id='par_1_68' title="bbox 581 3929 2166 4002">
     <span class='ocr_line' id='line_1_68' title="bbox 581 3929 2166 4002; baseline 0.001 -18"><span class='ocrx_word' id='word_1_514' title='bbox 581 3943 805 3984; x_wconf 79' lang='lat' dir='ltr'><strong>necesse</strong></span> <span class='ocrx_word' id='word_1_515' title='bbox 835 3929 932 3984; x_wconf 79' lang='lat' dir='ltr'><strong>fuit</strong></span> <span class='ocrx_word' id='word_1_516' title='bbox 962 3931 1064 3985; x_wconf 89' lang='lat' dir='ltr'><strong>hoc</strong></span> <span class='ocrx_word' id='word_1_517' title='bbox 1096 3933 1289 3993; x_wconf 80' lang='lat' dir='ltr'><strong>facere,</strong></span> <span class='ocrx_word' id='word_1_518' title='bbox 1319 3932 1440 4002; x_wconf 88' lang='lat' dir='ltr'><strong>quia</strong></span> <span class='ocrx_word' id='word_1_519' title='bbox 1466 3933 1743 3986; x_wconf 87' lang='lat' dir='ltr'><strong>catholicae</strong></span> <span class='ocrx_word' id='word_1_520' title='bbox 1773 3932 1892 3987; x_wconf 87' lang='lat' dir='ltr'><strong>ildei</strong></span> <span class='ocrx_word' id='word_1_521' title='bbox 1919 3948 2022 3987; x_wconf 91' lang='lat' dir='ltr'><strong>non</strong></span> <span class='ocrx_word' id='word_1_522' title='bbox 2049 3941 2166 3988; x_wconf 90' lang='lat' dir='ltr'><strong>erat</strong></span> 
     </span>
    </p>
   </div>
   <div class='ocr_carea' id='block_1_69' title="bbox 577 4021 2162 4095">
    <p class='ocr_par' dir='ltr' id='par_1_69' title="bbox 577 4021 2162 4095">
     <span class='ocr_line' id='line_1_69' title="bbox 577 4021 2162 4095; baseline 0.003 -19"><span class='ocrx_word' id='word_1_523' title='bbox 577 4031 748 4076; x_wconf 79' lang='lat' dir='ltr'><strong>tutum</strong></span> <span class='ocrx_word' id='word_1_524' title='bbox 778 4021 880 4077; x_wconf 89' lang='lat' dir='ltr'><strong>hoc</strong></span> <span class='ocrx_word' id='word_1_525' title='bbox 909 4025 1130 4078; x_wconf 88' lang='lat' dir='ltr'><strong>omnino</strong></span> <span class='ocrx_word' id='word_1_526' title='bbox 1163 4039 1269 4078; x_wconf 90' lang='lat' dir='ltr'><strong>non</strong></span> <span class='ocrx_word' id='word_1_527' title='bbox 1297 4025 1488 4080; x_wconf 74' lang='lat' dir='ltr'><strong>facere.</strong></span> <span class='ocrx_word' id='word_1_528' title='bbox 1513 4025 1618 4078; x_wconf 88' lang='lat' dir='ltr'><strong>Sed</strong></span> <span class='ocrx_word' id='word_1_529' title='bbox 1640 4027 1941 4095; x_wconf 81' lang='lat' dir='ltr'><strong>imperator,</strong></span> <span class='ocrx_word' id='word_1_530' title='bbox 1967 4025 2162 4093; x_wconf 85' lang='lat' dir='ltr'><strong>inquis,</strong></span> 
     </span>
    </p>
   </div>
   <div class='ocr_carea' id='block_1_70' title="bbox 574 4115 2162 4186">
    <p class='ocr_par' dir='ltr' id='par_1_70' title="bbox 574 4115 2162 4186">
     <span class='ocr_line' id='line_1_70' title="bbox 574 4115 2162 4186; baseline 0.004 -19"><span class='ocrx_word' id='word_1_531' title='bbox 574 4116 923 4168; x_wconf 80' lang='lat' dir='ltr'><strong>necessitatem</strong></span> <span class='ocrx_word' id='word_1_532' title='bbox 947 4132 1063 4168; x_wconf 87' lang='lat' dir='ltr'><strong>cum</strong></span> <span class='ocrx_word' id='word_1_533' title='bbox 1095 4115 1253 4169; x_wconf 82' lang='lat' dir='ltr'><strong>Petro</strong></span> <span class='ocrx_word' id='word_1_534' title='bbox 1273 4119 1684 4170; x_wconf 82' lang='lat' dir='ltr'><strong>communicandi</strong></span> <span class='ocrx_word' id='word_1_535' title='bbox 1711 4119 1927 4186; x_wconf 78' lang='lat' dir='ltr'><strong>imponit</strong></span> <span class='ocrx_word' id='word_1_536' title='bbox 1957 4119 2162 4173; x_wconf 63' lang='lat' dir='ltr'><strong>Acutio.</strong></span> 
     </span>
    </p>
   </div>
   <div class='ocr_carea' id='block_1_71' title="bbox 575 4206 2160 4279">
    <p class='ocr_par' dir='ltr' id='par_1_71' title="bbox 575 4206 2160 4279">
     <span class='ocr_line' id='line_1_71' title="bbox 575 4206 2160 4279; baseline 0.004 -19"><span class='ocrx_word' id='word_1_537' title='bbox 575 4207 651 4260; x_wconf 88' lang='lat' dir='ltr'><strong>De</strong></span> <span class='ocrx_word' id='word_1_538' title='bbox 676 4206 776 4259; x_wconf 88' lang='lat' dir='ltr'><strong>hac</strong></span> <span class='ocrx_word' id='word_1_539' title='bbox 798 4208 1121 4262; x_wconf 87' lang='lat' dir='ltr'><strong>necessitate</strong></span> <span class='ocrx_word' id='word_1_540' title='bbox 1148 4218 1202 4263; x_wconf 92' lang='lat' dir='ltr'><strong>et</strong></span> <span class='ocrx_word' id='word_1_541' title='bbox 1232 4211 1477 4278; x_wconf 83' lang='lat' dir='ltr'><strong>superius</strong></span> <span class='ocrx_word' id='word_1_542' title='bbox 1505 4210 1613 4278; x_wconf 87' lang='lat' dir='ltr'><strong>jam</strong></span> <span class='ocrx_word' id='word_1_543' title='bbox 1654 4212 1816 4264; x_wconf 78' lang='lat' dir='ltr'><strong>multa</strong></span> <span class='ocrx_word' id='word_1_544' title='bbox 1847 4211 1988 4265; x_wconf 91' lang='lat' dir='ltr'><strong>dicta</strong></span> <span class='ocrx_word' id='word_1_545' title='bbox 2016 4222 2160 4279; x_wconf 90' lang='lat' dir='ltr'><strong>sunt,</strong></span> 
     </span>
    </p>
   </div>
   <div class='ocr_carea' id='block_1_72' title="bbox 572 4295 2161 4368">
    <p class='ocr_par' dir='ltr' id='par_1_72' title="bbox 572 4295 2161 4368">
     <span class='ocr_line' id='line_1_72' title="bbox 572 4295 2161 4368; baseline 0.003 -17"><span class='ocrx_word' id='word_1_546' title='bbox 572 4306 626 4351; x_wconf 90' lang='lat' dir='ltr'><strong>et</strong></span> <span class='ocrx_word' id='word_1_547' title='bbox 655 4295 819 4350; x_wconf 82' lang='lat' dir='ltr'><strong>multa</strong></span> <span class='ocrx_word' id='word_1_548' title='bbox 853 4296 1132 4362; x_wconf 88' lang='lat' dir='ltr'><strong>dicentur;</strong></span> <span class='ocrx_word' id='word_1_549' title='bbox 1164 4299 1358 4367; x_wconf 89' lang='lat' dir='ltr'><strong>quibus</strong></span> <span class='ocrx_word' id='word_1_550' title='bbox 1388 4311 1735 4368; x_wconf 85' lang='lat' dir='ltr'><strong>appareat,et</strong></span> <span class='ocrx_word' id='word_1_551' title='bbox 1766 4300 2161 4367; x_wconf 88' lang='lat' dir='ltr'><strong>necessitatem,</strong></span> 
     </span>
    </p>
   </div>
   <div class='ocr_carea' id='block_1_73' title="bbox 573 4385 2164 4458">
    <p class='ocr_par' dir='ltr' id='par_1_73' title="bbox 573 4385 2164 4458">
     <span class='ocr_line' id='line_1_73' title="bbox 573 4385 2164 4458; baseline 0.005 -20"><span class='ocrx_word' id='word_1_552' title='bbox 573 4385 620 4440; x_wconf 80' lang='lat' dir='ltr'><strong>si</strong></span> <span class='ocrx_word' id='word_1_553' title='bbox 645 4400 770 4441; x_wconf 79' lang='lat' dir='ltr'><strong>vera</strong></span> <span class='ocrx_word' id='word_1_554' title='bbox 801 4395 966 4453; x_wconf 87' lang='lat' dir='ltr'><strong>esset,</strong></span> <span class='ocrx_word' id='word_1_555' title='bbox 998 4388 1333 4443; x_wconf 86' lang='lat' dir='ltr'><strong>sacerdotem</strong></span> <span class='ocrx_word' id='word_1_556' title='bbox 1365 4404 1462 4458; x_wconf 90' lang='lat' dir='ltr'><strong>pro</strong></span> <span class='ocrx_word' id='word_1_557' title='bbox 1499 4389 1760 4444; x_wconf 86' lang='lat' dir='ltr'><strong>catholica</strong></span> <span class='ocrx_word' id='word_1_558' title='bbox 1791 4391 1892 4446; x_wconf 85' lang='lat' dir='ltr'><strong>fide</strong></span> <span class='ocrx_word' id='word_1_559' title='bbox 1919 4402 2164 4448; x_wconf 80' lang='lat' dir='ltr'><strong>contem-</strong></span> 
     </span>
    </p>
   </div>
   <div class='ocr_carea' id='block_1_74' title="bbox 574 4478 2202 4550">
    <p class='ocr_par' dir='ltr' id='par_1_74' title="bbox 574 4478 2202 4550">
     <span class='ocr_line' id='line_1_74' title="bbox 574 4478 2202 4550; baseline 0.005 -18"><span class='ocrx_word' id='word_1_560' title='bbox 574 4483 703 4533; x_wconf 73' lang='lat' dir='ltr'><strong>nere</strong></span> <span class='ocrx_word' id='word_1_561' title='bbox 730 4478 1006 4544; x_wconf 87' lang='lat' dir='ltr'><strong>debuisse,</strong></span> <span class='ocrx_word' id='word_1_562' title='bbox 1029 4487 1083 4532; x_wconf 90' lang='lat' dir='ltr'><strong>et</strong></span> <span class='ocrx_word' id='word_1_563' title='bbox 1108 4479 1340 4535; x_wconf 88' lang='lat' dir='ltr'><strong>tolerare</strong></span> <span class='ocrx_word' id='word_1_564' title='bbox 1368 4481 1626 4550; x_wconf 87' lang='lat' dir='ltr'><strong>quidquid</strong></span> <span class='ocrx_word' id='word_1_565' title='bbox 1650 4483 1861 4537; x_wconf 84' lang='lat' dir='ltr'><strong>adversi</strong></span> <span class='ocrx_word' id='word_1_566' title='bbox 1883 4492 1984 4548; x_wconf 83' lang='lat' dir='ltr'><strong>est,</strong></span> <span class='ocrx_word' id='word_1_567' title='bbox 2009 4485 2165 4539; x_wconf 83' lang='lat' dir='ltr'><strong>dum-</strong></span> <span class='ocrx_word' id='word_1_568' title='bbox 2200 4488 2202 4490; x_wconf 75' lang='grc'>’</span> 
     </span>
    </p>
   </div>
   <div class='ocr_carea' id='block_1_75' title="bbox 2265 3277 3850 3348">
    <p class='ocr_par' dir='ltr' id='par_1_75' title="bbox 2265 3277 3850 3348">
     <span class='ocr_line' id='line_1_75' title="bbox 2265 3277 3850 3348; baseline -0.001 -15"><span class='ocrx_word' id='word_1_569' title='bbox 2265 3280 2369 3334; x_wconf 90' lang='lat' dir='ltr'><strong>vini</strong></span> <span class='ocrx_word' id='word_1_570' title='bbox 2411 3279 2623 3333; x_wconf 89' lang='lat' dir='ltr'><strong>timoris</strong></span> <span class='ocrx_word' id='word_1_571' title='bbox 2651 3289 2702 3334; x_wconf 91' lang='lat' dir='ltr'><strong>et</strong></span> <span class='ocrx_word' id='word_1_572' title='bbox 2734 3278 2896 3333; x_wconf 84' lang='lat' dir='ltr'><strong>futuri</strong></span> <span class='ocrx_word' id='word_1_573' title='bbox 2920 3277 3125 3348; x_wconf 88' lang='lat' dir='ltr'><strong>judicii,</strong></span> <span class='ocrx_word' id='word_1_574' title='bbox 3159 3287 3215 3332; x_wconf 91' lang='lat' dir='ltr'><strong>ut</strong></span> <span class='ocrx_word' id='word_1_575' title='bbox 3245 3293 3458 3333; x_wconf 85' lang='lat' dir='ltr'><strong>caveam</strong></span> <span class='ocrx_word' id='word_1_576' title='bbox 3487 3278 3706 3332; x_wconf 87' lang='lat' dir='ltr'><strong>malum.</strong></span> <span class='ocrx_word' id='word_1_577' title='bbox 3734 3277 3850 3332; x_wconf 90' lang='lat' dir='ltr'><strong>Cur</strong></span> 
     </span>
    </p>
   </div>
   <div class='ocr_carea' id='block_1_76' title="bbox 2266 3369 3847 3440">
    <p class='ocr_par' dir='ltr' id='par_1_76' title="bbox 2266 3369 3847 3440">
     <span class='ocr_line' id='line_1_76' title="bbox 2266 3369 3847 3440; baseline -0.001 -14"><span class='ocrx_word' id='word_1_578' title='bbox 2266 3386 2352 3426; x_wconf 90' lang='lat' dir='ltr'><strong>me</strong></span> <span class='ocrx_word' id='word_1_579' title='bbox 2381 3372 2431 3424; x_wconf 92' lang='lat' dir='ltr'><strong>in</strong></span> <span class='ocrx_word' id='word_1_580' title='bbox 2466 3378 2612 3424; x_wconf 90' lang='lat' dir='ltr'><strong>tuum</strong></span> <span class='ocrx_word' id='word_1_581' title='bbox 2652 3370 2822 3435; x_wconf 72' lang='lat' dir='ltr'><strong>uetas,</strong></span> <span class='ocrx_word' id='word_1_582' title='bbox 2873 3370 3014 3440; x_wconf 91' lang='lat' dir='ltr'><strong>quod</strong></span> <span class='ocrx_word' id='word_1_583' title='bbox 3059 3369 3384 3425; x_wconf 86' lang='lat' dir='ltr'><strong>necessitate</strong></span> <span class='ocrx_word' id='word_1_584' title='bbox 3425 3369 3582 3440; x_wconf 88' lang='lat' dir='ltr'><strong>geris,</strong></span> <span class='ocrx_word' id='word_1_585' title='bbox 3628 3371 3847 3424; x_wconf 85' lang='lat' dir='ltr'><strong>conaris</strong></span> 
     </span>
    </p>
   </div>
   <div class='ocr_carea' id='block_1_77' title="bbox 2265 3460 3853 3522">
    <p class='ocr_par' dir='ltr' id='par_1_77' title="bbox 2265 3460 3853 3522">
     <span class='ocr_line' id='line_1_77' title="bbox 2265 3460 3853 3522; baseline 0.003 -8"><span class='ocrx_word' id='word_1_586' title='bbox 2265 3462 2554 3522; x_wconf 85' lang='lat' dir='ltr'><strong>attrahere.</strong></span> <span class='ocrx_word' id='word_1_587' title='bbox 2585 3477 2704 3516; x_wconf 90' lang='lat' dir='ltr'><strong>cum</strong></span> <span class='ocrx_word' id='word_1_588' title='bbox 2728 3461 2779 3516; x_wconf 92' lang='lat' dir='ltr'><strong>id</strong></span> <span class='ocrx_word' id='word_1_589' title='bbox 2803 3461 3067 3517; x_wconf 86' lang='lat' dir='ltr'><strong>subeundi</strong></span> <span class='ocrx_word' id='word_1_590' title='bbox 3097 3462 3242 3517; x_wconf 88' lang='lat' dir='ltr'><strong>nulla</strong></span> <span class='ocrx_word' id='word_1_591' title='bbox 3274 3463 3565 3517; x_wconf 88' lang='lat' dir='ltr'><strong>necessitas</strong></span> <span class='ocrx_word' id='word_1_592' title='bbox 3591 3462 3697 3517; x_wconf 79' lang='lat' dir='ltr'><strong>sit?</strong></span> <span class='ocrx_word' id='word_1_593' title='bbox 3738 3460 3853 3518; x_wconf 90' lang='lat' dir='ltr'><strong>lmo</strong></span> 
     </span>
    </p>
   </div>
   <div class='ocr_carea' id='block_1_78' title="bbox 2265 3554 3850 3626">
    <p class='ocr_par' dir='ltr' id='par_1_78' title="bbox 2265 3554 3850 3626">
     <span class='ocr_line' id='line_1_78' title="bbox 2265 3554 3850 3626; baseline 0.001 -17"><span class='ocrx_word' id='word_1_594' title='bbox 2265 3563 2324 3609; x_wconf 91' lang='lat' dir='ltr'><strong>ut</strong></span> <span class='ocrx_word' id='word_1_595' title='bbox 2348 3555 2546 3609; x_wconf 89' lang='lat' dir='ltr'><strong>dictum</strong></span> <span class='ocrx_word' id='word_1_596' title='bbox 2577 3563 2681 3622; x_wconf 90' lang='lat' dir='ltr'><strong>est,</strong></span> <span class='ocrx_word' id='word_1_597' title='bbox 2704 3569 2809 3610; x_wconf 92' lang='lat' dir='ltr'><strong>non</strong></span> <span class='ocrx_word' id='word_1_598' title='bbox 2838 3554 3066 3610; x_wconf 86' lang='lat' dir='ltr'><strong>faciendi</strong></span> <span class='ocrx_word' id='word_1_599' title='bbox 3094 3555 3164 3610; x_wconf 88' lang='lat' dir='ltr'><strong>sit</strong></span> <span class='ocrx_word' id='word_1_600' title='bbox 3190 3565 3212 3594; x_wconf 72' lang='grc' dir='ltr'>ε</span> <span class='ocrx_word' id='word_1_601' title='bbox 3258 3555 3359 3610; x_wconf 86' lang='lat' dir='ltr'><strong>alia</strong></span> <span class='ocrx_word' id='word_1_602' title='bbox 3385 3569 3547 3610; x_wconf 89' lang='lat' dir='ltr'><strong>causa</strong></span> <span class='ocrx_word' id='word_1_603' title='bbox 3577 3556 3850 3626; x_wconf 89' lang='lat' dir='ltr'><strong>majorque</strong></span> 
     </span>
    </p>
   </div>
   <div class='ocr_carea' id='block_1_79' title="bbox 2266 3651 3850 3720">
    <p class='ocr_par' dir='ltr' id='par_1_79' title="bbox 2266 3651 3850 3720">
     <span class='ocr_line' id='line_1_79' title="bbox 2266 3651 3850 3720; baseline 0.002 -17"><span class='ocrx_word' id='word_1_604' title='bbox 2266 3651 2580 3704; x_wconf 88' lang='lat' dir='ltr'><strong>necessitas.</strong></span> <span class='ocrx_word' id='word_1_605' title='bbox 2634 3651 2738 3704; x_wconf 91' lang='lat' dir='ltr'><strong>Sed</strong></span> <span class='ocrx_word' id='word_1_606' title='bbox 2767 3651 2964 3720; x_wconf 84' lang='lat' dir='ltr'><strong>corrige</strong></span> <span class='ocrx_word' id='word_1_607' title='bbox 2991 3667 3091 3717; x_wconf 86' lang='lat' dir='ltr'><strong>me,</strong></span> <span class='ocrx_word' id='word_1_608' title='bbox 3126 3651 3324 3720; x_wconf 89' lang='lat' dir='ltr'><strong>inquis,</strong></span> <span class='ocrx_word' id='word_1_609' title='bbox 3375 3662 3422 3705; x_wconf 85' lang='lat' dir='ltr'><strong>et</strong></span> <span class='ocrx_word' id='word_1_610' title='bbox 3449 3653 3557 3705; x_wconf 86' lang='lat' dir='ltr'><strong>noli</strong></span> <span class='ocrx_word' id='word_1_611' title='bbox 3585 3669 3664 3705; x_wconf 85' lang='lat' dir='ltr'><strong>me</strong></span> <span class='ocrx_word' id='word_1_612' title='bbox 3707 3669 3740 3706; x_wconf 77' lang='grc' dir='ltr'><strong>ιι</strong></span> <span class='ocrx_word' id='word_1_613' title='bbox 3769 3662 3850 3706; x_wconf 81' lang='lat' dir='ltr'><strong>tuo</strong></span> 
     </span>
    </p>
   </div>
   <div class='ocr_carea' id='block_1_80' title="bbox 2266 3737 3850 3814">
    <p class='ocr_par' dir='ltr' id='par_1_80' title="bbox 2266 3737 3850 3814">
     <span class='ocr_line' id='line_1_80' title="bbox 2266 3737 3850 3814; baseline 0.001 -18"><span class='ocrx_word' id='word_1_614' title='bbox 2266 3744 2520 3797; x_wconf 81' lang='lat' dir='ltr'><strong>consortio</strong></span> <span class='ocrx_word' id='word_1_615' title='bbox 2545 3753 2880 3813; x_wconf 83' lang='lat' dir='ltr'><strong>sequestrare.</strong></span> <span class='ocrx_word' id='word_1_616' title='bbox 2913 3737 3172 3814; x_wconf 81' lang='lat' dir='ltr'><strong>Relinque</strong></span> <span class='ocrx_word' id='word_1_617' title='bbox 3199 3744 3418 3810; x_wconf 87' lang='lat' dir='ltr'><strong>malum,</strong></span> <span class='ocrx_word' id='word_1_618' title='bbox 3451 3754 3770 3800; x_wconf 81' lang='lat' dir='ltr'><strong>convertere</strong></span> <span class='ocrx_word' id='word_1_619' title='bbox 3787 3745 3850 3798; x_wconf 83' lang='lat' dir='ltr'><strong>ad</strong></span> 
     </span>
    </p>
   </div>
   <div class='ocr_carea' id='block_1_81' title="bbox 2269 3839 3852 3906">
    <p class='ocr_par' dir='ltr' id='par_1_81' title="bbox 2269 3839 3852 3906">
     <span class='ocr_line' id='line_1_81' title="bbox 2269 3839 3852 3906; baseline 0 -13"><span class='ocrx_word' id='word_1_620' title='bbox 2269 3841 2489 3903; x_wconf 89' lang='lat' dir='ltr'><strong>bonum,</strong></span> <span class='ocrx_word' id='word_1_621' title='bbox 2513 3849 2782 3894; x_wconf 87' lang='lat' dir='ltr'><strong>revertere</strong></span> <span class='ocrx_word' id='word_1_622' title='bbox 2812 3839 2877 3893; x_wconf 91' lang='lat' dir='ltr'><strong>ad</strong></span> <span class='ocrx_word' id='word_1_623' title='bbox 2908 3853 3014 3906; x_wconf 91' lang='lat' dir='ltr'><strong>me,</strong></span> <span class='ocrx_word' id='word_1_624' title='bbox 3041 3847 3095 3894; x_wconf 90' lang='lat' dir='ltr'><strong>et</strong></span> <span class='ocrx_word' id='word_1_625' title='bbox 3115 3847 3388 3894; x_wconf 91' lang='lat' dir='ltr'><strong>correctus</strong></span> <span class='ocrx_word' id='word_1_626' title='bbox 3416 3855 3494 3903; x_wconf 92' lang='lat' dir='ltr'><strong>es,</strong></span> <span class='ocrx_word' id='word_1_627' title='bbox 3515 3852 3566 3894; x_wconf 92' lang='lat' dir='ltr'><strong>et</strong></span> <span class='ocrx_word' id='word_1_628' title='bbox 3598 3840 3852 3898; x_wconf 86' lang='lat' dir='ltr'><strong>liberatus</strong></span> 
     </span>
    </p>
   </div>
   <div class='ocr_carea' id='block_1_82' title="bbox 2268 3929 3851 4002">
    <p class='ocr_par' dir='ltr' id='par_1_82' title="bbox 2268 3929 3851 4002">
     <span class='ocr_line' id='line_1_82' title="bbox 2268 3929 3851 4002; baseline -0.004 -14"><span class='ocrx_word' id='word_1_629' title='bbox 2268 3949 2298 3988; x_wconf 91' lang='lat' dir='ltr'><strong>a</strong></span> <span class='ocrx_word' id='word_1_630' title='bbox 2332 3933 2492 3998; x_wconf 91' lang='lat' dir='ltr'><strong>malo,</strong></span> <span class='ocrx_word' id='word_1_631' title='bbox 2525 3942 2577 3987; x_wconf 88' lang='lat' dir='ltr'><strong>et</strong></span> <span class='ocrx_word' id='word_1_632' title='bbox 2604 3947 2630 3985; x_wconf 87' lang='lat' dir='ltr'><strong>a</strong></span> <span class='ocrx_word' id='word_1_633' title='bbox 2663 3948 2749 3988; x_wconf 91' lang='lat' dir='ltr'><strong>me</strong></span> <span class='ocrx_word' id='word_1_634' title='bbox 2778 3932 3082 3988; x_wconf 84' lang='lat' dir='ltr'><strong>nullatenus</strong></span> <span class='ocrx_word' id='word_1_635' title='bbox 3124 3941 3422 4002; x_wconf 90' lang='lat' dir='ltr'><strong>separatus.</strong></span> <span class='ocrx_word' id='word_1_636' title='bbox 3477 3929 3586 3987; x_wconf 84' lang='lat' dir='ltr'><strong>Sed</strong></span> <span class='ocrx_word' id='word_1_637' title='bbox 3618 3949 3714 3986; x_wconf 83' lang='lat' dir='ltr'><strong>non</strong></span> <span class='ocrx_word' id='word_1_638' title='bbox 3737 3949 3851 4002; x_wconf 82' lang='lat' dir='ltr'><strong>pos-</strong></span> 
     </span>
    </p>
   </div>
   <div class='ocr_carea' id='block_1_83' title="bbox 2269 4023 3849 4095">
    <p class='ocr_par' dir='ltr' id='par_1_83' title="bbox 2269 4023 3849 4095">
     <span class='ocr_line' id='line_1_83' title="bbox 2269 4023 3849 4095; baseline -0.001 -17"><span class='ocrx_word' id='word_1_639' title='bbox 2269 4043 2402 4091; x_wconf 83' lang='lat' dir='ltr'><strong>sunt,</strong></span> <span class='ocrx_word' id='word_1_640' title='bbox 2428 4025 2624 4094; x_wconf 88' lang='lat' dir='ltr'><strong>inquis,</strong></span> <span class='ocrx_word' id='word_1_641' title='bbox 2656 4023 3008 4095; x_wconf 65' lang='lat' dir='ltr'><strong>etreiinquere</strong></span> <span class='ocrx_word' id='word_1_642' title='bbox 3037 4040 3116 4077; x_wconf 87' lang='lat' dir='ltr'><strong>me</strong></span> <span class='ocrx_word' id='word_1_643' title='bbox 3161 4040 3260 4076; x_wconf 85' lang='lat' dir='ltr'><strong>non</strong></span> <span class='ocrx_word' id='word_1_644' title='bbox 3289 4024 3456 4078; x_wconf 79' lang='lat' dir='ltr'><strong>debes.</strong></span> <span class='ocrx_word' id='word_1_645' title='bbox 3487 4023 3567 4077; x_wconf 90' lang='lat' dir='ltr'><strong>Tu</strong></span> <span class='ocrx_word' id='word_1_646' title='bbox 3598 4023 3769 4087; x_wconf 89' lang='lat' dir='ltr'><strong>doles,</strong></span> <span class='ocrx_word' id='word_1_647' title='bbox 3797 4030 3849 4076; x_wconf 91' lang='lat' dir='ltr'><strong>ut</strong></span> 
     </span>
    </p>
   </div>
   <div class='ocr_carea' id='block_1_84' title="bbox 2269 4114 3850 4186">
    <p class='ocr_par' dir='ltr' id='par_1_84' title="bbox 2269 4114 3850 4186">
     <span class='ocr_line' id='line_1_84' title="bbox 2269 4114 3850 4186; baseline -0.001 -17"><span class='ocrx_word' id='word_1_648' title='bbox 2269 4117 2443 4182; x_wconf 87' lang='lat' dir='ltr'><strong>video,</strong></span> <span class='ocrx_word' id='word_1_649' title='bbox 2487 4117 2607 4186; x_wconf 89' lang='lat' dir='ltr'><strong>quia</strong></span> <span class='ocrx_word' id='word_1_650' title='bbox 2654 4123 2828 4170; x_wconf 90' lang='lat' dir='ltr'><strong>tecum</strong></span> <span class='ocrx_word' id='word_1_651' title='bbox 2870 4131 2970 4186; x_wconf 89' lang='lat' dir='ltr'><strong>ego</strong></span> <span class='ocrx_word' id='word_1_652' title='bbox 3021 4131 3126 4170; x_wconf 92' lang='lat' dir='ltr'><strong>non</strong></span> <span class='ocrx_word' id='word_1_653' title='bbox 3159 4130 3404 4182; x_wconf 86' lang='lat' dir='ltr'><strong>peream;</strong></span> <span class='ocrx_word' id='word_1_654' title='bbox 3457 4129 3515 4168; x_wconf 89' lang='lat' dir='ltr'><strong>se</strong></span> <span class='ocrx_word' id='word_1_655' title='bbox 3560 4127 3662 4185; x_wconf 85' lang='lat' dir='ltr'><strong>ego</strong></span> <span class='ocrx_word' id='word_1_656' title='bbox 3701 4114 3850 4169; x_wconf 87' lang='lat' dir='ltr'><strong>doleo</strong></span> 
     </span>
    </p>
   </div>
   <div class='ocr_carea' id='block_1_85' title="bbox 2269 4205 3852 4277">
    <p class='ocr_par' dir='ltr' id='par_1_85' title="bbox 2269 4205 3852 4277">
     <span class='ocr_line' id='line_1_85' title="bbox 2269 4205 3852 4277; baseline -0.001 -17"><span class='ocrx_word' id='word_1_657' title='bbox 2269 4221 2434 4276; x_wconf 87' lang='lat' dir='ltr'><strong>quare</strong></span> <span class='ocrx_word' id='word_1_658' title='bbox 2465 4223 2673 4261; x_wconf 80' lang='lat' dir='ltr'><strong>mecum</strong></span> <span class='ocrx_word' id='word_1_659' title='bbox 2706 4207 2819 4277; x_wconf 90' lang='lat' dir='ltr'><strong>ipse</strong></span> <span class='ocrx_word' id='word_1_660' title='bbox 2867 4221 2972 4261; x_wconf 93' lang='lat' dir='ltr'><strong>non</strong></span> <span class='ocrx_word' id='word_1_661' title='bbox 3005 4205 3227 4261; x_wconf 87' lang='lat' dir='ltr'><strong>salveris</strong></span> <span class='ocrx_word' id='word_1_662' title='bbox 3261 4224 3274 4259; x_wconf 95' lang='lat'>:</span> <span class='ocrx_word' id='word_1_663' title='bbox 3305 4205 3348 4260; x_wconf 92' lang='lat' dir='ltr'><strong>si</strong></span> <span class='ocrx_word' id='word_1_664' title='bbox 3383 4216 3586 4260; x_wconf 85' lang='lat' dir='ltr'><strong>tantum</strong></span> <span class='ocrx_word' id='word_1_665' title='bbox 3635 4205 3771 4276; x_wconf 87' lang='lat' dir='ltr'><strong>apud</strong></span> <span class='ocrx_word' id='word_1_666' title='bbox 3801 4213 3852 4259; x_wconf 88' lang='lat' dir='ltr'><strong>te</strong></span> 
     </span>
    </p>
   </div>
   <div class='ocr_carea' id='block_1_86' title="bbox 2270 4295 3848 4367">
    <p class='ocr_par' dir='ltr' id='par_1_86' title="bbox 2270 4295 3848 4367">
     <span class='ocr_line' id='line_1_86' title="bbox 2270 4295 3848 4367; baseline 0 -17"><span class='ocrx_word' id='word_1_667' title='bbox 2270 4299 2411 4353; x_wconf 88' lang='lat' dir='ltr'><strong>valet</strong></span> <span class='ocrx_word' id='word_1_668' title='bbox 2443 4313 2667 4367; x_wconf 90' lang='lat' dir='ltr'><strong>persona</strong></span> <span class='ocrx_word' id='word_1_669' title='bbox 2698 4298 2838 4353; x_wconf 86' lang='lat' dir='ltr'><strong>Petri</strong></span> <span class='ocrx_word' id='word_1_670' title='bbox 2881 4306 2937 4352; x_wconf 92' lang='lat' dir='ltr'><strong>ut</strong></span> <span class='ocrx_word' id='word_1_671' title='bbox 2965 4297 3130 4353; x_wconf 87' lang='lat' dir='ltr'><strong>Deum</strong></span> <span class='ocrx_word' id='word_1_672' title='bbox 3163 4306 3497 4364; x_wconf 88' lang='lat' dir='ltr'><strong>contemnas,</strong></span> <span class='ocrx_word' id='word_1_673' title='bbox 3534 4307 3589 4352; x_wconf 91' lang='lat' dir='ltr'><strong>tu</strong></span> <span class='ocrx_word' id='word_1_674' title='bbox 3617 4295 3848 4358; x_wconf 66' lang='lat' dir='ltr'><strong>videris;</strong></span> 
     </span>
    </p>
   </div>
   <div class='ocr_carea' id='block_1_87' title="bbox 2270 4387 3852 4458">
    <p class='ocr_par' dir='ltr' id='par_1_87' title="bbox 2270 4387 3852 4458">
     <span class='ocr_line' id='line_1_87' title="bbox 2270 4387 3852 4458; baseline -0.004 -14"><span class='ocrx_word' id='word_1_675' title='bbox 2270 4405 2355 4444; x_wconf 87' lang='lat' dir='ltr'><strong>me</strong></span> <span class='ocrx_word' id='word_1_676' title='bbox 2387 4390 2583 4458; x_wconf 78' lang='lat' dir='ltr'><strong>facere,</strong></span> <span class='ocrx_word' id='word_1_677' title='bbox 2615 4401 2714 4444; x_wconf 86' lang='lat' dir='ltr'><strong>nec</strong></span> <span class='ocrx_word' id='word_1_678' title='bbox 2745 4397 2959 4457; x_wconf 85' lang='lat' dir='ltr'><strong>oportet</strong></span> <span class='ocrx_word' id='word_1_679' title='bbox 2988 4391 3228 4454; x_wconf 87' lang='lat' dir='ltr'><strong>omnino,</strong></span> <span class='ocrx_word' id='word_1_680' title='bbox 3263 4405 3360 4443; x_wconf 86' lang='lat' dir='ltr'><strong>nec</strong></span> <span class='ocrx_word' id='word_1_681' title='bbox 3389 4387 3540 4443; x_wconf 86' lang='lat' dir='ltr'><strong>libet.</strong></span> <span class='ocrx_word' id='word_1_682' title='bbox 3580 4387 3732 4454; x_wconf 80' lang='lat' dir='ltr'><strong>Quod</strong></span> <span class='ocrx_word' id='word_1_683' title='bbox 3761 4403 3852 4454; x_wconf 57' lang='lat' dir='ltr'><strong>po-</strong></span> 
     </span>
    </p>
   </div>
   <div class='ocr_carea' id='block_1_88' title="bbox 2271 4479 3854 4549">
    <p class='ocr_par' dir='ltr' id='par_1_88' title="bbox 2271 4479 3854 4549">
     <span class='ocr_line' id='line_1_88' title="bbox 2271 4479 3854 4549; baseline -0.003 -15"><span class='ocrx_word' id='word_1_684' title='bbox 2271 4491 2342 4534; x_wconf 79' lang='lat' dir='ltr'><strong>tes</strong></span> <span class='ocrx_word' id='word_1_685' title='bbox 2367 4482 2494 4549; x_wconf 75' lang='lat' dir='ltr'><strong>ﬁeri,</strong></span> <span class='ocrx_word' id='word_1_686' title='bbox 2531 4481 2728 4549; x_wconf 86' lang='lat' dir='ltr'><strong>inquis,</strong></span> <span class='ocrx_word' id='word_1_687' title='bbox 2765 4482 2858 4532; x_wconf 84' lang='lat' dir='ltr'><strong>hoc</strong></span> <span class='ocrx_word' id='word_1_688' title='bbox 2884 4481 3044 4549; x_wconf 76' lang='lat' dir='ltr'><strong>exige.</strong></span> <span class='ocrx_word' id='word_1_689' title='bbox 3081 4481 3145 4534; x_wconf 83' lang='lat' dir='ltr'><strong>Et</strong></span> <span class='ocrx_word' id='word_1_690' title='bbox 3171 4493 3274 4549; x_wconf 76' lang='lat' dir='ltr'><strong>ego</strong></span> <span class='ocrx_word' id='word_1_691' title='bbox 3299 4479 3394 4535; x_wconf 83' lang='lat' dir='ltr'><strong>tibi</strong></span> <span class='ocrx_word' id='word_1_692' title='bbox 3425 4479 3569 4546; x_wconf 83' lang='lat' dir='ltr'><strong>dico,</strong></span> <span class='ocrx_word' id='word_1_693' title='bbox 3603 4480 3738 4549; x_wconf 82' lang='lat' dir='ltr'><strong>quod</strong></span> <span class='ocrx_word' id='word_1_694' title='bbox 3765 4494 3854 4548; x_wconf 79' lang='lat' dir='ltr'><strong>po-</strong></span> 
     </span>
    </p>
   </div>
   <div class='ocr_carea' id='block_1_89' title="bbox 574 4553 3854 4640">
    <p class='ocr_par' dir='ltr' id='par_1_89' title="bbox 574 4553 3854 4640">
     <span class='ocr_line' id='line_1_89' title="bbox 574 4553 3854 4640; baseline -0.001 -13"><span class='ocrx_word' id='word_1_695' title='bbox 574 4570 734 4627; x_wconf 83' lang='lat' dir='ltr'><strong>tnodn</strong></span> <span class='ocrx_word' id='word_1_696' title='bbox 758 4571 828 4624; x_wconf 87' lang='lat' dir='ltr'><strong>ab</strong></span> <span class='ocrx_word' id='word_1_697' title='bbox 857 4570 1164 4640; x_wconf 76' lang='lat' dir='ltr'><strong>integritate</strong></span> <span class='ocrx_word' id='word_1_698' title='bbox 1189 4570 1312 4627; x_wconf 83' lang='lat' dir='ltr'><strong>ﬁdei</strong></span> <span class='ocrx_word' id='word_1_699' title='bbox 1341 4573 1623 4628; x_wconf 67' lang='lat' dir='ltr'><strong>catholicm</strong></span> <span class='ocrx_word' id='word_1_700' title='bbox 1649 4574 1956 4630; x_wconf 84' lang='lat' dir='ltr'><strong>nullatenus</strong></span> <span class='ocrx_word' id='word_1_701' title='bbox 1982 4576 2165 4631; x_wconf 79' lang='lat' dir='ltr'><strong>devi&#39;a-</strong></span> <span class='ocrx_word' id='word_1_702' title='bbox 2189 4553 2243 4616; x_wconf 82' lang='lat' dir='ltr'><strong>D</strong></span> <span class='ocrx_word' id='word_1_703' title='bbox 2269 4581 2358 4625; x_wconf 82' lang='lat' dir='ltr'><strong>test</strong></span> <span class='ocrx_word' id='word_1_704' title='bbox 2393 4573 2524 4638; x_wconf 74' lang='lat' dir='ltr'><strong>fieri,</strong></span> <span class='ocrx_word' id='word_1_705' title='bbox 2557 4572 2651 4623; x_wconf 81' lang='lat' dir='ltr'><strong>hoc</strong></span> <span class='ocrx_word' id='word_1_706' title='bbox 2677 4585 2754 4624; x_wconf 85' lang='lat' dir='ltr'><strong>nte</strong></span> <span class='ocrx_word' id='word_1_707' title='bbox 2793 4585 2978 4640; x_wconf 83' lang='lat' dir='ltr'><strong>posce;</strong></span> <span class='ocrx_word' id='word_1_708' title='bbox 3028 4571 3234 4624; x_wconf 84' lang='lat' dir='ltr'><strong>facilius</strong></span> <span class='ocrx_word' id='word_1_709' title='bbox 3259 4571 3406 4624; x_wconf 88' lang='lat' dir='ltr'><strong>enim</strong></span> <span class='ocrx_word' id='word_1_710' title='bbox 3441 4570 3556 4624; x_wconf 86' lang='lat' dir='ltr'><strong>fieri</strong></span> <span class='ocrx_word' id='word_1_711' title='bbox 3603 4579 3774 4638; x_wconf 82' lang='lat' dir='ltr'><strong>potest</strong></span> <span class='ocrx_word' id='word_1_712' title='bbox 3799 4579 3854 4621; x_wconf 91' lang='lat' dir='ltr'><strong>ut</strong></span> 
     </span>
    </p>
   </div>
   <div class='ocr_carea' id='block_1_90' title="bbox 575 4662 2158 4733">
    <p class='ocr_par' dir='ltr' id='par_1_90' title="bbox 575 4662 2158 4733">
     <span class='ocr_line' id='line_1_90' title="bbox 575 4662 2158 4733; baseline 0.004 -17"><span class='ocrx_word' id='word_1_713' title='bbox 575 4669 688 4725; x_wconf 76' lang='lat' dir='ltr'><strong>ret;</strong></span> <span class='ocrx_word' id='word_1_714' title='bbox 716 4662 912 4717; x_wconf 82' lang='lat' dir='ltr'><strong>deinde</strong></span> <span class='ocrx_word' id='word_1_715' title='bbox 934 4662 1218 4718; x_wconf 85' lang='lat' dir='ltr'><strong>manifesta</strong></span> <span class='ocrx_word' id='word_1_716' title='bbox 1248 4665 1456 4720; x_wconf 84' lang='lat' dir='ltr'><strong>ratione</strong></span> <span class='ocrx_word' id='word_1_717' title='bbox 1479 4675 1829 4733; x_wconf 85' lang='lat' dir='ltr'><strong>monstretur,</strong></span> <span class='ocrx_word' id='word_1_718' title='bbox 1861 4666 1937 4721; x_wconf 90' lang='lat' dir='ltr'><strong>sic</strong></span> <span class='ocrx_word' id='word_1_719' title='bbox 1958 4668 2158 4722; x_wconf 85' lang='lat' dir='ltr'><strong>nullam</strong></span> 
     </span>
    </p>
   </div>
   <div class='ocr_carea' id='block_1_91' title="bbox 575 4755 2158 4836">
    <p class='ocr_par' dir='ltr' id='par_1_91' title="bbox 575 4755 2158 4836">
     <span class='ocr_line' id='line_1_91' title="bbox 575 4755 2158 4836; baseline 0.004 -28"><span class='ocrx_word' id='word_1_720' title='bbox 575 4755 948 4836; x_wconf 63' lang='lat' dir='ltr'><strong>necessitatem</strong></span> <span class='ocrx_word' id='word_1_721' title='bbox 972 4755 1169 4810; x_wconf 85' lang='lat' dir='ltr'><strong>Acacio</strong></span> <span class='ocrx_word' id='word_1_722' title='bbox 1189 4757 1260 4810; x_wconf 85' lang='lat' dir='ltr'><strong>ab</strong></span> <span class='ocrx_word' id='word_1_723' title='bbox 1286 4757 1611 4828; x_wconf 86' lang='lat' dir='ltr'><strong>imperatore</strong></span> <span class='ocrx_word' id='word_1_724' title='bbox 1633 4772 1856 4826; x_wconf 89' lang='lat' dir='ltr'><strong>prorsus</strong></span> <span class='ocrx_word' id='word_1_725' title='bbox 1877 4759 2158 4827; x_wconf 80' lang='lat' dir='ltr'><strong>ingestam,</strong></span> 
     </span>
    </p>
   </div>
   <div class='ocr_carea' id='block_1_92' title="bbox 575 4848 2164 4918">
    <p class='ocr_par' dir='ltr' id='par_1_92' title="bbox 575 4848 2164 4918">
     <span class='ocr_line' id='line_1_92' title="bbox 575 4848 2164 4918; baseline 0.003 -17"><span class='ocrx_word' id='word_1_726' title='bbox 575 4848 710 4902; x_wconf 87' lang='lat' dir='ltr'><strong>sic-ut</strong></span> <span class='ocrx_word' id='word_1_727' title='bbox 737 4848 913 4918; x_wconf 85' lang='lat' dir='ltr'><strong>potius</strong></span> <span class='ocrx_word' id='word_1_728' title='bbox 941 4849 1320 4918; x_wconf 84' lang='lat' dir='ltr'><strong>imperatorem</strong></span> <span class='ocrx_word' id='word_1_729' title='bbox 1353 4850 1484 4905; x_wconf 77' lang='lat' dir='ltr'><strong>satis</strong></span> <span class='ocrx_word' id='word_1_730' title='bbox 1525 4851 1698 4906; x_wconf 86' lang='lat' dir='ltr'><strong>claret</strong></span> <span class='ocrx_word' id='word_1_731' title='bbox 1723 4865 1789 4905; x_wconf 77' lang='lat' dir='ltr'><strong>ex</strong></span> <span class='ocrx_word' id='word_1_732' title='bbox 1817 4853 2000 4907; x_wconf 72' lang='lat' dir='ltr'><strong>Acacli</strong></span> <span class='ocrx_word' id='word_1_733' title='bbox 2029 4866 2164 4906; x_wconf 81' lang='lat' dir='ltr'><strong>cun-</strong></span> 
     </span>
    </p>
   </div>
   <div class='ocr_carea' id='block_1_93' title="bbox 531 4941 2158 5014">
    <p class='ocr_par' dir='ltr' id='par_1_93' title="bbox 531 4941 2158 5014">
     <span class='ocr_line' id='line_1_93' title="bbox 531 4941 2158 5014; baseline 0.001 -19"><span class='ocrx_word' id='word_1_734' title='bbox 531 4963 533 4965; x_wconf 93' lang='grc'>·</span> <span class='ocrx_word' id='word_1_735' title='bbox 574 4949 660 4995; x_wconf 86' lang='lat' dir='ltr'><strong>cta</strong></span> <span class='ocrx_word' id='word_1_736' title='bbox 710 4941 902 4995; x_wconf 84' lang='lat' dir='ltr'><strong>fecisse</strong></span> <span class='ocrx_word' id='word_1_737' title='bbox 947 4941 1194 4995; x_wconf 91' lang='lat' dir='ltr'><strong>consilio.</strong></span> <span class='ocrx_word' id='word_1_738' title='bbox 1240 4941 1414 4994; x_wconf 83' lang='lat' dir='ltr'><strong>Etiam</strong></span> <span class='ocrx_word' id='word_1_739' title='bbox 1460 4943 1566 5014; x_wconf 83' lang='lat' dir='ltr'><strong>ipse</strong></span> <span class='ocrx_word' id='word_1_740' title='bbox 1609 4943 1905 5010; x_wconf 79' lang='lat' dir='ltr'><strong>imperator,</strong></span> <span class='ocrx_word' id='word_1_741' title='bbox 1961 4945 2158 5012; x_wconf 86' lang='lat' dir='ltr'><strong>inquis,</strong></span> 
     </span>
    </p>
   </div>
   <div class='ocr_carea' id='block_1_94' title="bbox 575 5027 2160 5101">
    <p class='ocr_par' dir='ltr' id='par_1_94' title="bbox 575 5027 2160 5101">
     <span class='ocr_line' id='line_1_94' title="bbox 575 5027 2160 5101; baseline 0.005 -16"><span class='ocrx_word' id='word_1_742' title='bbox 575 5033 918 5086; x_wconf 78' lang='lat' dir='ltr'><strong>necessitatem</strong></span> <span class='ocrx_word' id='word_1_743' title='bbox 947 5031 1221 5101; x_wconf 52' lang='lat' dir='ltr'><strong>habenista</strong></span> <span class='ocrx_word' id='word_1_744' title='bbox 1250 5031 1489 5089; x_wconf 77' lang='lat' dir='ltr'><strong>faciendi.</strong></span> <span class='ocrx_word' id='word_1_745' title='bbox 1539 5027 1892 5091; x_wconf 77' lang='lat' dir='ltr'><strong>Necessitatis</strong></span> <span class='ocrx_word' id='word_1_746' title='bbox 1943 5050 2160 5093; x_wconf 89' lang='lat' dir='ltr'><strong>causam</strong></span> 
     </span>
    </p>
   </div>
   <div class='ocr_carea' id='block_1_95' title="bbox 649 5209 2149 5268">
    <p class='ocr_par' dir='ltr' id='par_1_95' title="bbox 649 5209 2149 5268">
     <span class='ocr_line' id='line_1_95' title="bbox 649 5209 2149 5268; baseline 0.002 -4"><span class='ocrx_word' id='word_1_747' title='bbox 649 5219 676 5248; x_wconf 73' lang='grc' dir='ltr'>α</span> <span class='ocrx_word' id='word_1_748' title='bbox 711 5210 1117 5265; x_wconf 83' lang='lat' dir='ltr'><strong>Permonuimus</strong></span> <span class='ocrx_word' id='word_1_749' title='bbox 1142 5227 1155 5265; x_wconf 89' lang='lat'><strong>:</strong></span> <span class='ocrx_word' id='word_1_750' title='bbox 1182 5209 1408 5265; x_wconf 80' lang='lat' dir='ltr'><strong>Romani</strong></span> <span class='ocrx_word' id='word_1_751' title='bbox 1447 5211 1657 5267; x_wconf 89' lang='lat' dir='ltr'><strong>scilicet</strong></span> <span class='ocrx_word' id='word_1_752' title='bbox 1688 5212 1994 5268; x_wconf 73' lang='lat' dir='ltr'><strong>Pontifices.</strong></span> <span class='ocrx_word' id='word_1_753' title='bbox 2049 5214 2149 5267; x_wconf 85' lang='lat' dir='ltr'><strong>Per</strong></span> 
     </span>
    </p>
   </div>
   <div class='ocr_carea' id='block_1_96' title="bbox 613 5281 2161 5352">
    <p class='ocr_par' dir='ltr' id='par_1_96' title="bbox 613 5281 2161 5352">
     <span class='ocr_line' id='line_1_96' title="bbox 613 5281 2161 5352; baseline 0.002 -19"><span class='ocrx_word' id='word_1_754' title='bbox 613 5282 799 5351; x_wconf 71' lang='lat' dir='ltr'><strong>uirique</strong></span> <span class='ocrx_word' id='word_1_755' title='bbox 818 5297 977 5336; x_wconf 81' lang='lat' dir='ltr'><strong>annos</strong></span> <span class='ocrx_word' id='word_1_756' title='bbox 1001 5282 1224 5350; x_wconf 81' lang='lat' dir='ltr'><strong>legimus</strong></span> <span class='ocrx_word' id='word_1_757' title='bbox 1247 5281 1408 5338; x_wconf 83' lang='lat' dir='ltr'><strong>etiam</strong></span> <span class='ocrx_word' id='word_1_758' title='bbox 1434 5283 1486 5337; x_wconf 88' lang='lat' dir='ltr'><strong>in</strong></span> <span class='ocrx_word' id='word_1_759' title='bbox 1509 5282 1761 5338; x_wconf 82' lang='lat' dir='ltr'><strong>Liberata</strong></span> <span class='ocrx_word' id='word_1_760' title='bbox 1785 5283 1935 5352; x_wconf 87' lang='lat' dir='ltr'><strong>(Cap.</strong></span> <span class='ocrx_word' id='word_1_761' title='bbox 1959 5285 2080 5350; x_wconf 73' lang='lat' dir='ltr'><strong>is);</strong></span> <span class='ocrx_word' id='word_1_762' title='bbox 2105 5293 2161 5337; x_wconf 88' lang='lat' dir='ltr'><strong>at</strong></span> 
     </span>
    </p>
   </div>
   <div class='ocr_carea' id='block_1_97' title="bbox 575 5299 2161 5421">
    <p class='ocr_par' dir='ltr' id='par_1_97' title="bbox 575 5299 2161 5421">
     <span class='ocr_line' id='line_1_97' title="bbox 613 5299 2161 5352; baseline 0.002 -19"><span class='ocrx_word' id='word_1_763' title='bbox 613 5299 799 5351; x_wconf 83' lang='lat' dir='ltr'><strong>umque</strong></span> <span class='ocrx_word' id='word_1_764' title='bbox 818 5299 977 5336; x_wconf 80' lang='lat' dir='ltr'><strong>annos</strong></span> <span class='ocrx_word' id='word_1_765' title='bbox 1001 5299 1224 5350; x_wconf 84' lang='lat' dir='ltr'><strong>tegtmtts</strong></span> <span class='ocrx_word' id='word_1_766' title='bbox 1247 5299 1408 5338; x_wconf 78' lang='lat' dir='ltr'><strong>etiam</strong></span> <span class='ocrx_word' id='word_1_767' title='bbox 1434 5299 1486 5337; x_wconf 89' lang='lat' dir='ltr'><strong>tn</strong></span> <span class='ocrx_word' id='word_1_768' title='bbox 1509 5299 1761 5338; x_wconf 72' lang='lat' dir='ltr'><strong>Ltneraw</strong></span> <span class='ocrx_word' id='word_1_769' title='bbox 1785 5299 1935 5352; x_wconf 62' lang='lat' dir='ltr'><strong>(cap.</strong></span> <span class='ocrx_word' id='word_1_770' title='bbox 1959 5299 2080 5350; x_wconf 71' lang='lat' dir='ltr'><strong>HS);</strong></span> <span class='ocrx_word' id='word_1_771' title='bbox 2105 5299 2161 5337; x_wconf 88' lang='lat' dir='ltr'><strong>at.</strong></span> 
     </span>
     <span class='ocr_line' id='line_1_98' title="bbox 575 5299 2161 5421; baseline 0.001 -13"><span class='ocrx_word' id='word_1_772' title='bbox 575 5299 826 5408; x_wconf 57' lang='lat' dir='ltr'><strong>Zielasius</strong></span> <span class='ocrx_word' id='word_1_773' title='bbox 850 5353 902 5406; x_wconf 94' lang='lat' dir='ltr'><strong>in</strong></span> <span class='ocrx_word' id='word_1_774' title='bbox 921 5355 953 5406; x_wconf 87' lang='lat'>8</span> <span class='ocrx_word' id='word_1_775' title='bbox 976 5353 1222 5419; x_wconf 78' lang='lat' dir='ltr'><strong>epistola,</strong></span> <span class='ocrx_word' id='word_1_776' title='bbox 1245 5362 1299 5407; x_wconf 87' lang='lat' dir='ltr'><strong>et</strong></span> <span class='ocrx_word' id='word_1_777' title='bbox 1322 5356 1372 5407; x_wconf 93' lang='lat' dir='ltr'><strong>in</strong></span> <span class='ocrx_word' id='word_1_778' title='bbox 1391 5353 1476 5420; x_wconf 78' lang='lat' dir='ltr'><strong>l5,</strong></span> <span class='ocrx_word' id='word_1_779' title='bbox 1501 5370 1589 5421; x_wconf 85' lang='lat' dir='ltr'><strong>per</strong></span> <span class='ocrx_word' id='word_1_780' title='bbox 1611 5356 1885 5408; x_wconf 82' lang='lat' dir='ltr'><strong>triennium</strong></span> <span class='ocrx_word' id='word_1_781' title='bbox 1909 5355 2057 5410; x_wconf 88' lang='lat' dir='ltr'><strong>dicit.</strong></span> <span class='ocrx_word' id='word_1_782' title='bbox 2089 5356 2161 5410; x_wconf 89' lang='lat' dir='ltr'><strong>Ita</strong></span> 
     </span>
    </p>
   </div>
   <div class='ocr_carea' id='block_1_98' title="bbox 580 5424 2161 5493">
    <p class='ocr_par' dir='ltr' id='par_1_98' title="bbox 580 5424 2161 5493">
     <span class='ocr_line' id='line_1_99' title="bbox 580 5424 2161 5493; baseline 0.001 -16"><span class='ocrx_word' id='word_1_783' title='bbox 580 5424 852 5478; x_wconf 87' lang='lat' dir='ltr'><strong>conciliari</strong></span> <span class='ocrx_word' id='word_1_784' title='bbox 897 5434 1138 5490; x_wconf 84' lang='lat' dir='ltr'><strong>possunt,</strong></span> <span class='ocrx_word' id='word_1_785' title='bbox 1176 5434 1233 5476; x_wconf 89' lang='lat' dir='ltr'><strong>nt</strong></span> <span class='ocrx_word' id='word_1_786' title='bbox 1279 5435 1390 5478; x_wconf 88' lang='lat' dir='ltr'><strong>tres</strong></span> <span class='ocrx_word' id='word_1_787' title='bbox 1428 5441 1596 5479; x_wconf 85' lang='lat' dir='ltr'><strong>annos</strong></span> <span class='ocrx_word' id='word_1_788' title='bbox 1623 5425 1928 5493; x_wconf 85' lang='lat' dir='ltr'><strong>Simplicius</strong></span> <span class='ocrx_word' id='word_1_789' title='bbox 1972 5427 2161 5478; x_wconf 90' lang='lat' dir='ltr'><strong>admo-</strong></span> 
     </span>
    </p>
   </div>
   <div class='ocr_carea' id='block_1_99' title="bbox 583 5493 2166 5564">
    <p class='ocr_par' dir='ltr' id='par_1_99' title="bbox 583 5493 2166 5564">
     <span class='ocr_line' id='line_1_100' title="bbox 583 5493 2166 5564; baseline 0.001 -19"><span class='ocrx_word' id='word_1_790' title='bbox 583 5495 778 5557; x_wconf 89' lang='lat' dir='ltr'><strong>nuerit,</strong></span> <span class='ocrx_word' id='word_1_791' title='bbox 805 5496 941 5548; x_wconf 84' lang='lat' dir='ltr'><strong>duos</strong></span> <span class='ocrx_word' id='word_1_792' title='bbox 965 5507 1094 5564; x_wconf 71' lang='lat' dir='ltr'><strong>vero</strong></span> <span class='ocrx_word' id='word_1_793' title='bbox 1121 5493 1291 5548; x_wconf 80' lang='lat' dir='ltr'><strong>Felix.</strong></span> <span class='ocrx_word' id='word_1_794' title='bbox 1312 5496 1444 5549; x_wconf 86' lang='lat' dir='ltr'><strong>ilinc</strong></span> <span class='ocrx_word' id='word_1_795' title='bbox 1470 5497 1518 5548; x_wconf 83' lang='lat' dir='ltr'><strong>in</strong></span> <span class='ocrx_word' id='word_1_796' title='bbox 1544 5495 1823 5549; x_wconf 86' lang='lat' dir='ltr'><strong>Breviculn</strong></span> <span class='ocrx_word' id='word_1_797' title='bbox 1849 5513 1862 5549; x_wconf 90' lang='lat'><strong>:</strong></span> <span class='ocrx_word' id='word_1_798' title='bbox 1887 5494 1988 5549; x_wconf 83' lang='lat' dir='ltr'><strong>Per</strong></span> <span class='ocrx_word' id='word_1_799' title='bbox 2009 5501 2166 5564; x_wconf 74' lang='lat' dir='ltr'><strong>[erute</strong></span> 
     </span>
    </p>
   </div>
   <div class='ocr_carea' id='block_1_100' title="bbox 584 5562 2161 5634">
    <p class='ocr_par' dir='ltr' id='par_1_100' title="bbox 584 5562 2161 5634">
     <span class='ocr_line' id='line_1_101' title="bbox 584 5562 2161 5634; baseline 0.003 -20"><span class='ocrx_word' id='word_1_800' title='bbox 584 5564 858 5634; x_wconf 72' lang='lat' dir='ltr'><strong>triennium</strong></span> <span class='ocrx_word' id='word_1_801' title='bbox 903 5564 963 5618; x_wconf 82' lang='lat' dir='ltr'><strong>S.</strong></span> <span class='ocrx_word' id='word_1_802' title='bbox 983 5562 1210 5634; x_wconf 75' lang='lat' dir='ltr'><strong>M.papa</strong></span> <span class='ocrx_word' id='word_1_803' title='bbox 1238 5565 1539 5631; x_wconf 76' lang='lat' dir='ltr'><strong>Simplicius</strong></span> <span class='ocrx_word' id='word_1_804' title='bbox 1567 5582 1666 5618; x_wconf 84' lang='lat' dir='ltr'><strong>non</strong></span> <span class='ocrx_word' id='word_1_805' title='bbox 1696 5567 1845 5619; x_wconf 81' lang='lat' dir='ltr'><strong>desiit</strong></span> <span class='ocrx_word' id='word_1_806' title='bbox 1874 5562 2161 5619; x_wconf 79' lang='lat' dir='ltr'><strong>scribendo.</strong></span> 
     </span>
    </p>
   </div>
   <div class='ocr_carea' id='block_1_101' title="bbox 591 5632 2167 5706">
    <p class='ocr_par' dir='ltr' id='par_1_101' title="bbox 591 5632 2167 5706">
     <span class='ocr_line' id='line_1_102' title="bbox 591 5632 2167 5706; baseline 0.004 -22"><span class='ocrx_word' id='word_1_807' title='bbox 591 5632 805 5687; x_wconf 83' lang='lat' dir='ltr'><strong>Videtur</strong></span> <span class='ocrx_word' id='word_1_808' title='bbox 842 5645 1020 5691; x_wconf 86' lang='lat' dir='ltr'><strong>autem</strong></span> <span class='ocrx_word' id='word_1_809' title='bbox 1061 5632 1482 5704; x_wconf 82' lang='lat' dir='ltr'><strong>quinquennium</strong></span> <span class='ocrx_word' id='word_1_810' title='bbox 1524 5645 1647 5689; x_wconf 90' lang='lat' dir='ltr'><strong>ante</strong></span> <span class='ocrx_word' id='word_1_811' title='bbox 1677 5636 1989 5692; x_wconf 89' lang='lat' dir='ltr'><strong>missionem</strong></span> <span class='ocrx_word' id='word_1_812' title='bbox 2021 5637 2167 5706; x_wconf 86' lang='lat' dir='ltr'><strong>lega-</strong></span> 
     </span>
    </p>
   </div>
   <div class='ocr_carea' id='block_1_102' title="bbox 589 5706 2172 5778">
    <p class='ocr_par' dir='ltr' id='par_1_102' title="bbox 589 5706 2172 5778">
     <span class='ocr_line' id='line_1_103' title="bbox 589 5706 2172 5778; baseline 0.004 -24"><span class='ocrx_word' id='word_1_813' title='bbox 589 5709 761 5778; x_wconf 80' lang='lat' dir='ltr'><strong>torum</strong></span> <span class='ocrx_word' id='word_1_814' title='bbox 787 5707 1103 5778; x_wconf 83' lang='lat' dir='ltr'><strong>computari,</strong></span> <span class='ocrx_word' id='word_1_815' title='bbox 1134 5718 1254 5758; x_wconf 88' lang='lat' dir='ltr'><strong>cum</strong></span> <span class='ocrx_word' id='word_1_816' title='bbox 1281 5706 1528 5778; x_wconf 79' lang='lat' dir='ltr'><strong>addatur,</strong></span> <span class='ocrx_word' id='word_1_817' title='bbox 1562 5715 1814 5775; x_wconf 81' lang='lat' dir='ltr'><strong>postremo</strong></span> <span class='ocrx_word' id='word_1_818' title='bbox 1843 5709 2023 5778; x_wconf 80' lang='lat' dir='ltr'><strong>legatis</strong></span> <span class='ocrx_word' id='word_1_819' title='bbox 2047 5709 2172 5760; x_wconf 81' lang='lat' dir='ltr'><strong>mis-</strong></span> 
     </span>
    </p>
   </div>
   <div class='ocr_carea' id='block_1_103' title="bbox 587 5773 2167 5847">
    <p class='ocr_par' dir='ltr' id='par_1_103' title="bbox 587 5773 2167 5847">
     <span class='ocr_line' id='line_1_104' title="bbox 587 5773 2167 5847; baseline 0.001 -15"><span class='ocrx_word' id='word_1_820' title='bbox 587 5773 679 5839; x_wconf 71' lang='lat' dir='ltr'><strong>sis,</strong></span> <span class='ocrx_word' id='word_1_821' title='bbox 706 5782 836 5840; x_wconf 87' lang='lat' dir='ltr'><strong>etc.,</strong></span> <span class='ocrx_word' id='word_1_822' title='bbox 864 5773 1002 5842; x_wconf 83' lang='lat' dir='ltr'><strong>quod</strong></span> <span class='ocrx_word' id='word_1_823' title='bbox 1050 5777 1114 5832; x_wconf 87' lang='lat' dir='ltr'><strong>iis</strong></span> <span class='ocrx_word' id='word_1_824' title='bbox 1155 5773 1568 5845; x_wconf 74' lang='lat' dir='ltr'><strong>expendendntn</strong></span> <span class='ocrx_word' id='word_1_825' title='bbox 1612 5790 1716 5843; x_wconf 90' lang='lat' dir='ltr'><strong>est,</strong></span> <span class='ocrx_word' id='word_1_826' title='bbox 1764 5781 1850 5847; x_wconf 90' lang='lat' dir='ltr'><strong>qui</strong></span> <span class='ocrx_word' id='word_1_827' title='bbox 1889 5773 2111 5837; x_wconf 72' lang='lat' dir='ltr'><strong>censent</strong></span> <span class='ocrx_word' id='word_1_828' title='bbox 2137 5793 2167 5833; x_wconf 85' lang='lat' dir='ltr'><strong>a</strong></span> 
     </span>
    </p>
   </div>
   <div class='ocr_carea' id='block_1_104' title="bbox 2253 4662 3857 4732">
    <p class='ocr_par' dir='ltr' id='par_1_104' title="bbox 2253 4662 3857 4732">
     <span class='ocr_line' id='line_1_105' title="bbox 2253 4662 3857 4732; baseline -0.002 -15"><span class='ocrx_word' id='word_1_829' title='bbox 2253 4664 2430 4717; x_wconf 64' lang='lat' dir='ltr'><strong>homo</strong></span> <span class='ocrx_word' id='word_1_830' title='bbox 2478 4671 2828 4732; x_wconf 90' lang='lat' dir='ltr'><strong>postponatur</strong></span> <span class='ocrx_word' id='word_1_831' title='bbox 2881 4663 3022 4729; x_wconf 88' lang='lat' dir='ltr'><strong>Deo,</strong></span> <span class='ocrx_word' id='word_1_832' title='bbox 3074 4671 3132 4716; x_wconf 92' lang='lat' dir='ltr'><strong>ut</strong></span> <span class='ocrx_word' id='word_1_833' title='bbox 3177 4662 3340 4717; x_wconf 84' lang='lat' dir='ltr'><strong>homo</strong></span> <span class='ocrx_word' id='word_1_834' title='bbox 3388 4662 3652 4717; x_wconf 70' lang='lat' dir='ltr'><strong>reiutetur</strong></span> <span class='ocrx_word' id='word_1_835' title='bbox 3690 4662 3857 4729; x_wconf 76' lang='lat' dir='ltr'><strong>magis</strong></span> 
     </span>
    </p>
   </div>
   <div class='ocr_carea' id='block_1_105' title="bbox 2269 4743 3856 4829">
    <p class='ocr_par' dir='ltr' id='par_1_105' title="bbox 2269 4743 3856 4829">
     <span class='ocr_line' id='line_1_106' title="bbox 2269 4743 3856 4829; baseline -0.003 -18"><span class='ocrx_word' id='word_1_836' title='bbox 2269 4773 2423 4829; x_wconf 84' lang='lat' dir='ltr'><strong>quam</strong></span> <span class='ocrx_word' id='word_1_837' title='bbox 2457 4757 2601 4812; x_wconf 85' lang='lat' dir='ltr'><strong>Deus</strong></span> <span class='ocrx_word' id='word_1_838' title='bbox 2627 4771 2641 4809; x_wconf 88' lang='lat'><strong>:</strong></span> <span class='ocrx_word' id='word_1_839' title='bbox 2667 4755 2807 4825; x_wconf 90' lang='lat' dir='ltr'><strong>quod</strong></span> <span class='ocrx_word' id='word_1_840' title='bbox 2839 4756 2882 4808; x_wconf 93' lang='lat' dir='ltr'><strong>si</strong></span> <span class='ocrx_word' id='word_1_841' title='bbox 2910 4753 2961 4808; x_wconf 92' lang='lat' dir='ltr'><strong>id</strong></span> <span class='ocrx_word' id='word_1_842' title='bbox 2988 4769 3093 4809; x_wconf 90' lang='lat' dir='ltr'><strong>non</strong></span> <span class='ocrx_word' id='word_1_843' title='bbox 3117 4764 3292 4824; x_wconf 86' lang='lat' dir='ltr'><strong>potest</strong></span> <span class='ocrx_word' id='word_1_844' title='bbox 3314 4743 3458 4823; x_wconf 56' lang='lat' dir='ltr'><strong>&#39;ﬁeri,</strong></span> <span class='ocrx_word' id='word_1_845' title='bbox 3490 4755 3663 4808; x_wconf 66' lang='lat' dir='ltr'><strong>multo</strong></span> <span class='ocrx_word' id='word_1_846' title='bbox 3691 4753 3856 4822; x_wconf 77' lang='lat' dir='ltr'><strong>magis</strong></span> 
     </span>
    </p>
   </div>
   <div class='ocr_carea' id='block_1_106' title="bbox 2273 4847 3862 4920">
    <p class='ocr_par' dir='ltr' id='par_1_106' title="bbox 2273 4847 3862 4920">
     <span class='ocr_line' id='line_1_107' title="bbox 2273 4847 3862 4920; baseline -0.006 -15"><span class='ocrx_word' id='word_1_847' title='bbox 2273 4867 2376 4906; x_wconf 88' lang='lat' dir='ltr'><strong>non</strong></span> <span class='ocrx_word' id='word_1_848' title='bbox 2406 4860 2582 4920; x_wconf 84' lang='lat' dir='ltr'><strong>potest</strong></span> <span class='ocrx_word' id='word_1_849' title='bbox 2623 4850 2734 4903; x_wconf 84' lang='lat' dir='ltr'><strong>fieri</strong></span> <span class='ocrx_word' id='word_1_850' title='bbox 2766 4864 2795 4902; x_wconf 91' lang='lat' dir='ltr'><strong>a</strong></span> <span class='ocrx_word' id='word_1_851' title='bbox 2827 4849 2982 4903; x_wconf 91' lang='lat' dir='ltr'><strong>nobis</strong></span> <span class='ocrx_word' id='word_1_852' title='bbox 3019 4857 3075 4903; x_wconf 93' lang='lat' dir='ltr'><strong>ut</strong></span> <span class='ocrx_word' id='word_1_853' title='bbox 3105 4849 3335 4904; x_wconf 83' lang='lat' dir='ltr'><strong>reiutato</strong></span> <span class='ocrx_word' id='word_1_854' title='bbox 3365 4849 3476 4903; x_wconf 86' lang='lat' dir='ltr'><strong>Deo</strong></span> <span class='ocrx_word' id='word_1_855' title='bbox 3508 4850 3672 4902; x_wconf 88' lang='lat' dir='ltr'><strong>homo</strong></span> <span class='ocrx_word' id='word_1_856' title='bbox 3691 4847 3862 4913; x_wconf 74' lang='lat' dir='ltr'><strong>eliga-</strong></span> 
     </span>
    </p>
   </div>
   <div class='ocr_carea' id='block_1_107' title="bbox 2273 4941 3858 5012">
    <p class='ocr_par' dir='ltr' id='par_1_107' title="bbox 2273 4941 3858 5012">
     <span class='ocr_line' id='line_1_108' title="bbox 2273 4941 3858 5012; baseline -0.006 -14"><span class='ocrx_word' id='word_1_857' title='bbox 2273 4955 2387 5009; x_wconf 89' lang='lat' dir='ltr'><strong>tur;</strong></span> <span class='ocrx_word' id='word_1_858' title='bbox 2438 4944 2609 5012; x_wconf 91' lang='lat' dir='ltr'><strong>major</strong></span> <span class='ocrx_word' id='word_1_859' title='bbox 2637 4941 2789 4996; x_wconf 76' lang='lat' dir='ltr'><strong>noltis</strong></span> <span class='ocrx_word' id='word_1_860' title='bbox 2831 4950 2913 4996; x_wconf 90' lang='lat' dir='ltr'><strong>est</strong></span> <span class='ocrx_word' id='word_1_861' title='bbox 2956 4955 3115 4996; x_wconf 88' lang='lat' dir='ltr'><strong>causa</strong></span> <span class='ocrx_word' id='word_1_862' title='bbox 3148 4956 3250 5012; x_wconf 91' lang='lat' dir='ltr'><strong>qua</strong></span> <span class='ocrx_word' id='word_1_863' title='bbox 3291 4956 3394 4996; x_wconf 91' lang='lat' dir='ltr'><strong>non</strong></span> <span class='ocrx_word' id='word_1_864' title='bbox 3447 4941 3712 5008; x_wconf 86' lang='lat' dir='ltr'><strong>possimus</strong></span> <span class='ocrx_word' id='word_1_865' title='bbox 3754 4941 3858 4991; x_wconf 84' lang='lat' dir='ltr'><strong>hoc</strong></span> 
     </span>
    </p>
   </div>
   <div class='ocr_carea' id='block_1_108' title="bbox 2273 5023 3862 5105">
    <p class='ocr_par' dir='ltr' id='par_1_108' title="bbox 2273 5023 3862 5105">
     <span class='ocr_line' id='line_1_109' title="bbox 2273 5023 3862 5105; baseline -0.006 -13"><span class='ocrx_word' id='word_1_866' title='bbox 2273 5023 2658 5105; x_wconf 26' lang='lat' dir='ltr'><strong>facere,‘quam</strong></span> <span class='ocrx_word' id='word_1_867' title='bbox 2680 5032 2853 5098; x_wconf 87' lang='lat' dir='ltr'><strong>vobis,</strong></span> <span class='ocrx_word' id='word_1_868' title='bbox 2872 5041 2928 5086; x_wconf 93' lang='lat' dir='ltr'><strong>ut</strong></span> <span class='ocrx_word' id='word_1_869' title='bbox 2959 5031 3090 5088; x_wconf 91' lang='lat' dir='ltr'><strong>illud</strong></span> <span class='ocrx_word' id='word_1_870' title='bbox 3119 5032 3295 5089; x_wconf 87' lang='lat' dir='ltr'><strong>facere</strong></span> <span class='ocrx_word' id='word_1_871' title='bbox 3326 5033 3506 5087; x_wconf 89' lang='lat' dir='ltr'><strong>nolitis</strong></span> <span class='ocrx_word' id='word_1_872' title='bbox 3531 5048 3546 5086; x_wconf 89' lang='lat'><strong>:</strong></span> <span class='ocrx_word' id='word_1_873' title='bbox 3573 5045 3862 5101; x_wconf 82' lang='lat' dir='ltr'><strong>possumus</strong></span> 
     </span>
    </p>
   </div>
   <div class='ocr_carea' id='block_1_109' title="bbox 2273 5205 3856 5280">
    <p class='ocr_par' dir='ltr' id='par_1_109' title="bbox 2273 5205 3856 5280">
     <span class='ocr_line' id='line_1_110' title="bbox 2273 5205 3856 5280; baseline -0.006 -14"><span class='ocrx_word' id='word_1_874' title='bbox 2273 5212 2451 5267; x_wconf 82' lang='lat' dir='ltr'><strong>Feltce</strong></span> <span class='ocrx_word' id='word_1_875' title='bbox 2481 5212 2658 5265; x_wconf 87' lang='lat' dir='ltr'><strong>statim</strong></span> <span class='ocrx_word' id='word_1_876' title='bbox 2689 5209 2758 5264; x_wconf 86' lang='lat' dir='ltr'><strong>ab</strong></span> <span class='ocrx_word' id='word_1_877' title='bbox 2787 5209 3194 5279; x_wconf 83' lang='lat' dir='ltr'><strong>inauguratione</strong></span> <span class='ocrx_word' id='word_1_878' title='bbox 3223 5208 3428 5280; x_wconf 85' lang='lat' dir='ltr'><strong>legatos</strong></span> <span class='ocrx_word' id='word_1_879' title='bbox 3470 5208 3687 5264; x_wconf 83' lang='lat' dir='ltr'><strong>missos.</strong></span> <span class='ocrx_word' id='word_1_880' title='bbox 3717 5205 3856 5261; x_wconf 73' lang='lat' dir='ltr'><strong>Sate.</strong></span> 
     </span>
    </p>
   </div>
   <div class='ocr_carea' id='block_1_110' title="bbox 2269 5283 3077 5340">
    <p class='ocr_par' dir='ltr' id='par_1_110' title="bbox 2269 5283 3077 5340">
     <span class='ocr_line' id='line_1_111' title="bbox 2269 5283 3077 5340; baseline -0.015 -1"><span class='ocrx_word' id='word_1_881' title='bbox 2269 5283 2559 5340; x_wconf 69' lang='lat' dir='ltr'><strong>Munius.</strong></span> <span class='ocrx_word' id='word_1_882' title='bbox 3072 5322 3077 5327; x_wconf 86' lang='lat'><strong>.</strong></span> 
     </span>
    </p>
   </div>
   <div class='ocr_carea' id='block_1_111' title="bbox 2343 5348 3857 5419">
    <p class='ocr_par' dir='ltr' id='par_1_111' title="bbox 2343 5348 3857 5419">
     <span class='ocr_line' id='line_1_112' title="bbox 2343 5348 3857 5419; baseline -0.006 -11"><span class='ocrx_word' id='word_1_883' title='bbox 2343 5354 2369 5393; x_wconf 67' lang='grc' dir='ltr'>δ</span> <span class='ocrx_word' id='word_1_884' title='bbox 2398 5354 2570 5408; x_wconf 89' lang='lat' dir='ltr'><strong>Sensu</strong></span> <span class='ocrx_word' id='word_1_885' title='bbox 2609 5351 2901 5406; x_wconf 80' lang='lat' dir='ltr'><strong>obsistt-udi</strong></span> <span class='ocrx_word' id='word_1_886' title='bbox 2936 5368 2950 5406; x_wconf 91' lang='lat'>:</span> <span class='ocrx_word' id='word_1_887' title='bbox 2983 5352 3052 5404; x_wconf 86' lang='lat' dir='ltr'><strong>ita</strong></span> <span class='ocrx_word' id='word_1_888' title='bbox 3093 5351 3369 5419; x_wconf 79' lang='lat' dir='ltr'><strong>usurpavit</strong></span> <span class='ocrx_word' id='word_1_889' title='bbox 3397 5349 3645 5419; x_wconf 10' lang='lat' dir='ltr'><strong>Gelaﬁsius</strong></span> <span class='ocrx_word' id='word_1_890' title='bbox 3677 5350 3727 5400; x_wconf 93' lang='lat' dir='ltr'><strong>in</strong></span> <span class='ocrx_word' id='word_1_891' title='bbox 3759 5348 3857 5400; x_wconf 79' lang='lat' dir='ltr'><strong>i5:</strong></span> 
     </span>
    </p>
   </div>
   <div class='ocr_carea' id='block_1_112' title="bbox 2275 5418 3868 5493">
    <p class='ocr_par' dir='ltr' id='par_1_112' title="bbox 2275 5418 3868 5493">
     <span class='ocr_line' id='line_1_113' title="bbox 2275 5418 3868 5493; baseline -0.005 -15"><span class='ocrx_word' id='word_1_892' title='bbox 2275 5426 2631 5493; x_wconf 88' lang='lat' dir='ltr'><strong>Subrogantttr</strong></span> <span class='ocrx_word' id='word_1_893' title='bbox 2673 5422 2897 5493; x_wconf 64' lang='lat' dir='ltr'><strong>Ita’retici</strong></span> <span class='ocrx_word' id='word_1_894' title='bbox 2940 5422 3078 5492; x_wconf 79' lang='lat' dir='ltr'><strong>[lege</strong></span> <span class='ocrx_word' id='word_1_895' title='bbox 3115 5418 3542 5493; x_wconf 73' lang='lat' dir='ltr'><strong>subrogabantur]</strong></span> <span class='ocrx_word' id='word_1_896' title='bbox 3597 5435 3740 5471; x_wconf 77' lang='lat' dir='ltr'><strong>nemo</strong></span> <span class='ocrx_word' id='word_1_897' title='bbox 3778 5433 3868 5470; x_wconf 77' lang='lat' dir='ltr'><strong>re-</strong></span> 
     </span>
    </p>
   </div>
   <div class='ocr_carea' id='block_1_113' title="bbox 2273 5491 3863 5560">
    <p class='ocr_par' dir='ltr' id='par_1_113' title="bbox 2273 5491 3863 5560">
     <span class='ocr_line' id='line_1_114' title="bbox 2273 5491 3863 5560; baseline -0.006 -11"><span class='ocrx_word' id='word_1_898' title='bbox 2273 5491 2513 5549; x_wconf 81' lang='lat' dir='ltr'><strong>sultabat.</strong></span> <span class='ocrx_word' id='word_1_899' title='bbox 2538 5493 2592 5546; x_wconf 93' lang='lat' dir='ltr'><strong>ln</strong></span> <span class='ocrx_word' id='word_1_900' title='bbox 2622 5494 2688 5546; x_wconf 72' lang='grc'><strong>15</strong></span> <span class='ocrx_word' id='word_1_901' title='bbox 2723 5491 2893 5544; x_wconf 82' lang='lat' dir='ltr'><strong>:Ecce</strong></span> <span class='ocrx_word' id='word_1_902' title='bbox 2913 5494 3180 5546; x_wconf 83' lang='lat' dir='ltr'><strong>resultanti</strong></span> <span class='ocrx_word' id='word_1_903' title='bbox 3209 5491 3308 5545; x_wconf 73' lang='lat' dir='ltr'><strong>non</strong></span> <span class='ocrx_word' id='word_1_904' title='bbox 3337 5492 3520 5544; x_wconf 83' lang='lat' dir='ltr'><strong>institit</strong></span> <span class='ocrx_word' id='word_1_905' title='bbox 3543 5493 3822 5560; x_wconf 75' lang='lat' dir='ltr'><strong>imperator</strong></span> <span class='ocrx_word' id='word_1_906' title='bbox 3843 5504 3863 5540; x_wconf 92' lang='lat'><strong><em>:</em></strong></span> 
     </span>
    </p>
   </div>
   <div class='ocr_carea' id='block_1_114' title="bbox 2279 5560 3865 5628">
    <p class='ocr_par' dir='ltr' id='par_1_114' title="bbox 2279 5560 3865 5628">
     <span class='ocr_line' id='line_1_115' title="bbox 2279 5560 3865 5628; baseline -0.006 -8"><span class='ocrx_word' id='word_1_907' title='bbox 2279 5565 2363 5620; x_wconf 85' lang='lat' dir='ltr'><strong>ubi</strong></span> <span class='ocrx_word' id='word_1_908' title='bbox 2391 5579 2616 5619; x_wconf 82' lang='lat' dir='ltr'><strong>erronea</strong></span> <span class='ocrx_word' id='word_1_909' title='bbox 2648 5563 2953 5617; x_wconf 81' lang='lat' dir='ltr'><strong>emendatio</strong></span> <span class='ocrx_word' id='word_1_910' title='bbox 2982 5573 3084 5628; x_wconf 90' lang='lat' dir='ltr'><strong>est,</strong></span> <span class='ocrx_word' id='word_1_911' title='bbox 3111 5579 3206 5616; x_wconf 90' lang='lat' dir='ltr'><strong>seu</strong></span> <span class='ocrx_word' id='word_1_912' title='bbox 3233 5562 3378 5615; x_wconf 79' lang='lat' dir='ltr'><strong>varia</strong></span> <span class='ocrx_word' id='word_1_913' title='bbox 3410 5562 3570 5615; x_wconf 88' lang='lat' dir='ltr'><strong>lectio</strong></span> <span class='ocrx_word' id='word_1_914' title='bbox 3596 5560 3865 5628; x_wconf 76' lang='lat' dir='ltr'><strong>apposita,</strong></span> 
     </span>
    </p>
   </div>
   <div class='ocr_carea' id='block_1_115' title="bbox 2278 5633 3867 5706">
    <p class='ocr_par' dir='ltr' id='par_1_115' title="bbox 2278 5633 3867 5706">
     <span class='ocr_line' id='line_1_116' title="bbox 2278 5633 3867 5706; baseline -0.004 -17"><span class='ocrx_word' id='word_1_915' title='bbox 2278 5637 2477 5706; x_wconf 78' lang='lat' dir='ltr'><strong>restitit.</strong></span> <span class='ocrx_word' id='word_1_916' title='bbox 2513 5635 2738 5706; x_wconf 81' lang='lat' dir='ltr'><strong>Aeacius</strong></span> <span class='ocrx_word' id='word_1_917' title='bbox 2767 5634 2909 5686; x_wconf 89' lang='lat' dir='ltr'><strong>enim</strong></span> <span class='ocrx_word' id='word_1_918' title='bbox 2940 5634 3257 5706; x_wconf 68' lang='lat' dir='ltr'><strong>imperatori</strong></span> <span class='ocrx_word' id='word_1_919' title='bbox 3291 5643 3426 5706; x_wconf 64' lang='lat' dir='ltr'><strong>tunc</strong></span> <span class='ocrx_word' id='word_1_920' title='bbox 3443 5633 3660 5696; x_wconf 84' lang='lat' dir='ltr'><strong>restitit,</strong></span> <span class='ocrx_word' id='word_1_921' title='bbox 3694 5638 3749 5683; x_wconf 82' lang='lat' dir='ltr'><strong>et</strong></span> <span class='ocrx_word' id='word_1_922' title='bbox 3773 5644 3867 5684; x_wconf 79' lang='lat' dir='ltr'><strong>ro-</strong></span> 
     </span>
    </p>
   </div>
   <div class='ocr_carea' id='block_1_116' title="bbox 2279 5702 3675 5770">
    <p class='ocr_par' dir='ltr' id='par_1_116' title="bbox 2279 5702 3675 5770">
     <span class='ocr_line' id='line_1_117' title="bbox 2279 5702 3675 5770; baseline -0.006 -9"><span class='ocrx_word' id='word_1_923' title='bbox 2279 5705 2482 5761; x_wconf 88' lang='lat' dir='ltr'><strong>sistenti</strong></span> <span class='ocrx_word' id='word_1_924' title='bbox 2515 5705 2808 5770; x_wconf 89' lang='lat' dir='ltr'><strong>imperator</strong></span> <span class='ocrx_word' id='word_1_925' title='bbox 2838 5702 2954 5757; x_wconf 69' lang='lat' dir='ltr'><strong>non&#39;</strong></span> <span class='ocrx_word' id='word_1_926' title='bbox 2971 5705 3175 5757; x_wconf 81' lang='lat' dir='ltr'><strong>institit.</strong></span> <span class='ocrx_word' id='word_1_927' title='bbox 3208 5705 3349 5758; x_wconf 78' lang='lat' dir='ltr'><strong>Sorr.</strong></span> <span class='ocrx_word' id='word_1_928' title='bbox 3384 5702 3675 5758; x_wconf 73' lang='lat' dir='ltr'><strong>MAFFEIUS.</strong></span> 
     </span>
    </p>
   </div>
   <div class='ocr_carea' id='block_1_117' title="bbox 2404 5775 3430 5833">
    <p class='ocr_par' dir='ltr' id='par_1_117' title="bbox 2404 5775 3430 5833">
     <span class='ocr_line' id='line_1_118' title="bbox 2404 5775 3430 5833; baseline -0.001 -4"><span class='ocrx_word' id='word_1_929' title='bbox 2404 5776 2457 5829; x_wconf 85' lang='lat' dir='ltr'><strong>in</strong></span> <span class='ocrx_word' id='word_1_930' title='bbox 2488 5789 2589 5831; x_wconf 86' lang='lat' dir='ltr'><strong>ms.</strong></span> <span class='ocrx_word' id='word_1_931' title='bbox 2618 5783 2734 5832; x_wconf 86' lang='lat' dir='ltr'><strong>erat</strong></span> <span class='ocrx_word' id='word_1_932' title='bbox 2765 5775 2929 5832; x_wconf 80' lang='lat' dir='ltr'><strong>nulla.</strong></span> <span class='ocrx_word' id='word_1_933' title='bbox 2964 5775 3105 5833; x_wconf 67' lang='grc' dir='ltr'><strong>δαν.</strong></span> <span class='ocrx_word' id='word_1_934' title='bbox 3139 5777 3430 5832; x_wconf 59' lang='grc' dir='ltr'><strong>Μαι-ειυς.</strong></span> 
     </span>
    </p>
   </div>
  </div>
