4090 6330
189 344 290 403 957

1395 333 1749 397 Εριετοιιε
1784 333 1875 393 ετ
1916 332 2256 398 DICRETA.

191 460 390 526 dicere,
420 458 581 514 meite
602 470 790 514 omnes
819 454 1102 514 anathema
1134 458 1323 524 Petro;
1356 459 1610 529 quamdiu
1628 456 1778 524 vivit,
1808 454 1859 516 Α
1884 458 1990 522 cio,
2021 464 2226 527 potest;
2255 458 2297 512 si
2328 457 2586 514 obediens
2618 458 2667 515 ei
2698 459 2991 531 imperator
3012 473 3120 514 non
3150 465 3252 524 est,
3280 472 3470 530 quam-

190 552 356 606 nolite
392 549 467 604 illi
502 550 925 617 communicare,
975 559 1028 606 et
1074 551 1542 606 communicamus
1590 548 1774 614 vobis;

188 652 241 697 et
264 654 424 713 quam
472 642 736 697 rationem
767 640 1027 698 reddituri
1077 658 1263 699 sumus
1298 640 1438 711 Deo,
1486 643 1532 699 si
1571 642 1779 698 animas

189 746 318 804 quas
348 734 437 790 ille
481 733 671 805 perdit,
722 735 881 791 etiam
912 733 1069 792 nobis
1115 736 1511 807 quodammodo
1557 736 1810 805 permit-'-

189 825 447 890 teutibus,
498 834 739 880 assumat
767 837 824 880 ut
864 827 1129 899 perimat?
1174 826 1291 895 Quo
1320 842 1411 883 me
1447 828 1661 883 trahere
1686 841 1780 882 co-

190 916 338 971 naris
365 915 432 971 ad
460 918 550 971 te?
598 924 695 971 cur
738 926 843 971 nan
876 918 1051 987 potius
1080 919 1369 974 revertaris
1412 918 1478 973 ad
1527 918 1651 973 me?
1699 916 1777 973 lbl

189 1010 424 1081 perditio
452 1019 556 1075 est,
605 1010 692 1064 hic
719 1010 890 1077 salus;
924 1011 995 1066 ibi
1027 1010 1405 1082 pracipitium,
1441 1012 1526 1066 hic
1554 1008 1657 1066 lida
1688 1024 1779 1065 se-

188 1106 418 1169 curitas;
468 1104 541 1159 ibi
568 1105 835 1173 deceptio,
868 1104 954 1160 hic
981 1106 1233 1171 monitio;
1262 1114 1317 1160 tu
1342 1105 1409 1161 ad
1440 1106 1540 1161 ista
1571 1106 1773 1161 saluta-

187 1198 265 1253 ria
304 1197 484 1253 redire
512 1211 616 1251 non
658 1198 758 1263 vis,
806 1205 859 1252 et
887 1212 975 1252 me
1003 1198 1082 1254 vis
1112 1198 1178 1254 ad
1224 1200 1523 1269 periculosa
1552 1200 1780 1255 descen-

187 1289 335 1344 dere.
357 1287 548 1343 Nescio
568 1289 613 1343 si
635 1288 720 1343 vel
749 1298 802 1343 te
828 1289 1008 1359 judice
1035 1289 1263 1347 debeam
1294 1290 1392 1347 ista
1411 1294 1776 1349 committere.

189 1381 297 1438 Sed
324 1381 555 1446 Aeacius,
589 1381 784 1451 inquis,
828 1385 875 1436 vi
901 1400 1172 1453 oppressus
1202 1394 1298 1450 est,
1350 1396 1398 1440 et
1443 1387 1774 1457 apprimitur,

190 1480 245 1525 ut
272 1480 364 1525 aut
390 1472 456 1525 ad
490 1473 588 1525 ista
620 1474 919 1542 pervenerit,
955 1483 1044 1529 aut
1089 1475 1189 1529 ista
1233 1492 1336 1530 non
1384 1464 1625 1547 corrigat.
1660 1477 1777 1532 Vim

187 1564 402 1634 quidem
430 1578 534 1619 non
567 1565 856 1634 pertulisse
888 1565 1070 1621 multis
1113 1568 1411 1623 rationibus
1460 1568 1779 1638 comproba-

188 1667 295 1724 tur,
331 1654 440 1713 imo
466 1665 521 1713 et
551 1657 816 1714 docetur:
842 1660 965 1729 quia
1006 1660 1051 1715 si
1095 1660 1373 1727 uoluisset,
1428 1677 1531 1716 non
1581 1662 1646 1717 ad
1676 1663 1779 1717 ista

186 1760 545 1818 pervenerat;
597 1751 725 1819 quin
773 1750 995 1820 insuper
1041 1751 1154 1806 suis
1204 1752 1399 1808 litteris
1447 1754 1775 1821 confutatur,

184 1843 329 1914 quod
361 1843 525 1915 ipsius
571 1844 797 1900 consilio
827 1856 1017 1900 cuncta
1049 1845 1157 1901 sint
1195 1856 1364 1917 gesta,
1408 1862 1579 1917 eaque
1626 1847 1777 1901 velut
1805 1829 1859 1891 Β

183 1932 446 1989 divinitus
475 1933 733 2004 inspirata
762 1934 1049 1991 collaudet.
1099 1935 1207 1992 Sed
1238 1938 1450 1993 etiamsi
1497 1937 1606 1993 vim
1635 1936 1777 2008 apud

186 2027 569 2098 imperatorem
746 2043 853 2083 non
889 2043 984 2098 per
1015 2029 1395 2100 imperatorem
1426 2029 1665 2087 insidiari
1696 2032 1777 2086 le-

184 2118 349 2189 gatis,
378 2118 521 2189 quod
549 2126 854 2175 nostrorum
883 2134 1095 2190 quoque
1123 2120 1415 2190 legatorum
1444 2122 1779 2192 professione

180 2212 294 2280 jam
324 2212 523 2268 dictum
559 2220 663 2268 est.
693 2212 846 2278 Quod
879 2214 924 2267 si
963 2227 1153 2269 verum
1179 2224 1283 2282 est,
1315 2215 1403 2271 ille
1431 2231 1555 2272 reus
1584 2228 1700 2281 est;
1733 2217 1779 2272 si

184 2303 404 2369 falsum,
420 2318 702 2374 gravamus
727 2304 859 2359 istos
880 2306 1042 2361 etiam
1066 2306 1168 2363 hoc
1191 2307 1429 2379 insuper,
1449 2310 1591 2379 quod
1616 2324 1779 2380 supra

182 2396 683 2466 praevariCationem
714 2403 922 2452 tantum
965 2398 1220 2455 addidere
1270 2400 1631 2457 mendacium.
1671 2403 1779 2459 Sed

181 2495 309 2564 quia
342 2494 440 2549 hoc
466 2494 629 2549 etiam
673 2495 737 2550 ex
782 2494 976 2550 litteris
1015 2496 1194 2551 Acacii
1234 2497 1657 2562 demonstratur,
1690 2499 1779 2554 isti

183 2589 289 2643 hoc
316 2596 423 2642 non
453 2586 587 2643 falso
628 2587 913 2653 dixerunt;
970 2590 1039 2643 ita
1080 2588 1223 2644 illius
1252 2604 1482 2659 persona
1504 2600 1776 2662 gravatur,

180 2694 307 2749 qua:
340 2679 507 2735 noluit
548 2694 668 2734 cum
711 2678 903 2750 legatis
960 2681 1162 2736 nostris
1210 2682 1403 2747 anniti,
1460 2683 1554 2737 sed
1602 2684 1781 2753 potius

180 2772 391 2828 nostris
418 2780 500 2827 cst
525 2773 774 2828 insidiata
910 2773 1067 2829 Certe
1093 2774 1179 2829 vel
1206 2774 1481 2829 retulisset
1508 2774 1608 2829 hoc
1629 2783 1782 2829 ante-

177 2878 349 2935 quam
377 2865 819 2928 communicaret,
854 2864 1254 2934 monuissetque
1299 2864 1421 2919 illos
1449 2880 1515 2919 ne
1541 2879 1783 2919 commu-

180 2957 453 3012 nicarent.
506 2954 786 3011 Postremo
834 2955 1044 3011 etiarnsi
1085 2957 1134 3011 vi
1186 2956 1466 3026 premitur,
1519 2956 1628 3011 vim
1663 2972 1782 3025 per-

179 3047 337 3104 ferre
364 3046 567 3115 debuit,
588 3062 695 3103 non
724 3047 826 3103 iide
852 3052 908 3103 et
927 3048 1305 3104 communione
1328 3049 1528 3104 calcata
1552 3048 1782 3120 prodere

180 3138 432 3209 perfidis,
476 3147 529 3195 et
556 3154 615 3196 se
665 3140 895 3195 miscere
931 3139 1229 3203 damnatis;
1262 3140 1400 3196 sicut
1428 3141 1552 3196 fecit
1578 3153 1780 3196 sanctae

178 3234 468 3288 memoriae
499 3232 809 3300 Flavianus,
860 3244 914 3289 et
959 3234 1046 3289 alii
1076 3234 1177 3289 sub
1216 3235 1651 3302 persecutoribus
1680 3236 1780 3290 im-
1807 3205 1857 3271 ο

175 3323 555 3393 peratoribus,
580 3327 665 3383 vel
690 3325 978 3393 hazretieis,
1011 3325 1094 3380 vel
1128 3327 1368 3397 paganis,
1400 3339 1451 3382 et
1477 3336 1499 3363 α
1532 3341 1700 3397 nuper
1728 3327 1784 3381 in

175 3416 367 3471 Africa
399 3416 593 3472 factum
621 3428 721 3473 est.
748 3418 886 3487 Quid
914 3420 1094 3475 enim?
1125 3420 1227 3474 vim
1258 3419 1541 3475 maximam
1570 3419 1645 3474 illi
1674 3434 1783 3474 non

174 3509 568 3579 patiebantur?
614 3519 668 3565 et
716 3510 841 3564 ideo
884 3511 1173 3565 vincebant
1205 3512 1459 3580 patiendo
1496 3513 1621 3576 vim,
1676 3527 1782 3566 non

171 3601 466 3656 violentiae
496 3599 760 3654 cedendo.
793 3598 1041 3670 Nunquid
1072 3601 1172 3655 sub
1212 3601 1322 3657 illis
1352 3603 1785 3671 persecutoribus

168 3691 275 3762 qui
309 3689 579 3756 negabant
600 3689 895 3756 Christum,
924 3692 1006 3744 vel
1035 3692 1090 3745 in
1122 3691 1370 3747 heresim
1401 3693 1724 3760 transibant,
1750 3712 1783 3749 a

169 3778 478 3835 catholicis
531 3789 587 3834 et
633 3779 962 3836 Christianis
1022 3798 1127 3836 non
1180 3783 1302 3854 jure
1356 3783 1786 3840 damnabantur?

172 3867 447 3939 Nunquid
477 3879 594 3924 erat
622 3871 915 3938 excusatio,
966 3872 1107 3941 quod
1158 3873 1262 3929 vim
1306 3875 1449 3945 passi
1496 3878 1785 3945 persistere

176 3959 600 4031 nequivissent?
653 3961 803 4017 Unde
826 3980 968 4034 ergo,
1017 3964 1215 4034 inquis,
1258 3967 1391 4037 lapsi
1418 3970 1642 4022 remedia
1668 3981 1786 4024 sunt

176 4056 434 4125 provisa?
478 4056 655 4111 Bene:
701 4058 938 4126 suscipio
966 4070 1096 4128 ergo
1121 4074 1266 4126 eum,
1308 4063 1352 4115 si
1383 4061 1577 4130 placet,
1634 4078 1785 4116 more

174 4153 464 4219 lapsorum
505 4150 871 4218 prenitentiam
918 4161 1163 4221 agentem
1212 4161 1317 4207 tota
1352 4153 1454 4209 vita
1484 4169 1600 4221 sua,
1648 4166 1700 4211 et
1730 4156 1784 4210 in

179 4243 301 4309 fine
333 4252 659 4309 sumentem,
688 4241 712 4279 ι’
737 4244 875 4299 sicut
898 4244 966 4300 de
996 4246 1162 4314 lapsis
1186 4246 1379 4316 legitur
1405 4230 1777 4315 constitutum,

177 4334 492 4392 secundum
566 4336 725 4405 huius
779 4337 979 4391 tenoris
1031 4336 1315 4393 formulam
1372 4338 1437 4392 ad
1489 4340 1781 4395 Ecclesiam

176 4438 531 4483 revocemus.
583 4425 734 4481 Nunc
773 4439 950 4501 autem
1002 4430 1044 4483 si
1075 4431 1281 4484 curatio
1326 4428 1582 4487 Ecclesiae
1622 4434 1785 4487 totius

175 4516 435 4583 accedat,
471 4518 569 4573 erit
600 4519 729 4573 tanti
763 4518 908 4590 (quia
940 4520 1041 4575 hoc
1070 4519 1338 4590 pontiﬁcis
1369 4533 1451 4576 est
1481 4524 1627 4579 sedis
1656 4539 1787 4594 apo-

177 4608 425 4671 stolica,
474 4619 526 4665 et
555 4623 715 4664 causa
744 4589 1081 4667 universalis,
1102 4611 1401 4667 curationis
1449 4614 1549 4669 hoc
1578 4589 1789 4670 videtur
1812 4589 1870 4652 Ῐ)

175 4702 435 4773 exigere)
483 4712 539 4755 ut
581 4716 809 4772 persona
838 4701 1017 4757 Aeacii
1062 4703 1113 4757 in
1142 4703 1461 4759 sacerdotali
1496 4709 1659 4774 possit
1688 4709 1785 4762 ho-

180 4802 331 4850 nore
362 4793 619 4847 revocari.
656 4792 767 4848 Hoc
797 4794 913 4863 ipso
938 4796 1079 4849 enim
1111 4811 1169 4851 se
1198 4796 1435 4852 ostendit
1458 4814 1563 4853 non
1596 4800 1785 4856 volun-

179 4896 304 4942 tate
362 4884 725 4950 succubuisse,
772 4899 827 4940 et
874 4886 1109 4941 animum
1160 4889 1395 4957 gessisse
1438 4891 1784 4962 catholicum,

177 4980 322 5032 dum
350 4976 614 5030 curationi
642 4984 1015 5047 competenter
1042 4978 1259 5033 insistit.
1292 4980 1447 5047 Quod
1498 4982 1542 5037 si
1570 4983 1704 5050 vult,
1732 4994 1786 5041 et

179 5085 301 5125 non
338 5076 536 5137 potest,
585 5084 681 5122 cur
733 5084 829 5139 per
870 5070 1199 5139 imperialem
1244 5088 1529 5142 personam
1561 5087 1784 5135 caeteros

178 5156 489 5234 opprimit?
522 5158 582 5218 Si
609 5161 929 5234 imperator,
952 5174 1010 5220 ut
1034 5164 1226 5231 fertur,
1250 5167 1511 5225 obédlens
1539 5182 1624 5227 est
1651 5175 1787 5229 Aca-

212 5368 220 5375 .
250 5331 291 5395 ία
328 5320 708 5395 Persecutione
743 5322 1059 5395 Yandalica,
1092 5340 1214 5393 qua:
1243 5329 1346 5382 sub
1377 5328 1644 5387 llunerico
1682 5348 1786 5390 sm-

183 5394 333 5468 }nit,
380 5393 1314 5468 neclprjmisnﬂundabundiiannis
1356 5401 1578 5468 quievit,
1619 5416 1675 5457 ut
1722 5422 1785 5460 ev

184 5462 466 5525 Procouio
488 5462 558 5516 de
583 5463 694 5516 fici.
724 5463 893 5518 Vand.
924 5465 1016 5519 lib.
1049 5481 1085 5519 t.
1122 5467 1251 5521 Vide
1277 5462 1483 5524 cardiu.
1516 5462 1784 5530 Norisiunt

183 5531 564 5610 Hist.‘l’elag._
588 5533 681 5610 lib.
717 5549 773 5610 n,
821 5536 961 5610 serg.
983 5536 1287 5610 Muretus.
1706 5560 1709 5561 ν

210 5604 297 5667 1›
346 5602 507 5678 Quod»
534 5605 603 5657 de
645 5604 806 5671 lapsis
846 5602 1125 5678 itifAfrica,
1168 5609 1287 5662 sive
1319 5610 1688 5678 rebaptizatis,
1731 5617 1787 5671 in

179 5672 434 5753 concilio
472 5673 719 5753 limitatio
751 5677 1134 5753 constitutum
1160 5688 1260 5742 est,
1306 5672 1498 5753 legitur
1535 5685 1587 5735 in
1625 5672 1786 5753 epist.

181 5744 664 5825 septiutaihlicis
693 5744 916 5829 :anue
950 5747 1019 5799 ad
1054 5748 1221 5830 exitus
1259 5744 1590 5835 sui'dientjn
1627 5744 1797 5835 pieni-I

133 5872 140 5890 λ
164 5816 387 5885 tentia,
410 5815 453 5867 ai
479 5812 994 5885 resipiscant,.iacere
1014 5821 1294 5874 conamini.
1316 5821 1463 5877 ευρ.
1492 5812 1797 5887 Macrinus:
1842 5862 1848 5867 ~

1885 551 1964 605 vis
1993 566 2115 605 eum
2159 550 2432 615 debuerit.
2485 561 2539 607 et
2566 551 2760 609 debeat
2788 564 3100 608 constanter
3138 552 3471 622 virilitcrque

1885 655 2134 711 tractare,
2164 654 2309 701 certe
2339 644 2441 701 hoc
2466 646 2583 716 ipso
2614 662 2672 702 se
2704 646 2901 703 fatetur
2935 655 3119 702 contra
3149 644 3469 703 catholicam

1881 737 2231 794 succumbere
2277 737 2579 792 veritatem.
2626 736 2809 809 Itaque
2856 752 2942 795 me
2983 738 3031 794 ei
3079 740 3134 793 in
3178 737 3282 793 hoc
3327 744 3470 792 statu

1882 844 2058 886 rerum
2091 845 2195 887 non
2227 829 2436 885 misceri
2469 833 2924 899 communionem,
2970 832 3308 887 manifestum
3351 838 3467 896 est;

1882 939 1987 979 non
2012 925 2154 979 enim
2187 924 2230 979 si
2256 923 2350 979 ille
2377 923 2655 994 premitur,
2701 934 2755 978 et
2785 923 2975 980 adesse
3005 924 3106 980 sibi
3135 939 3241 978 non
3270 931 3468 993 potest,

1881 1034 1980 1090 ego
2006 1016 2368 1088 oppressionis
2397 1019 2514 1087 ejus
2535 1027 2591 1073 et
2614 1019 3054 1088 transgressionis
3078 1018 3320 1087 comples
3350 1028 3470 1070 esse

1880 1112 1989 1183 jam
2017 1112 2228 1166 debeo:
2260 1111 2352 1166 sed
2381 1112 2501 1179 quia
2533 1110 2768 1165 donante
2809 1109 2921 1164 Deo
2959 1110 3097 1165 liber
3134 1126 3271 1175 sum,
3314 1122 3473 1164 servo

1883 1207 2070 1262 saltem
2124 1222 2208 1263 me
2256 1206 2601 1270 incolumem,
2638 1213 2695 1259 ut
2741 1215 2794 1259 et
2824 1204 2866 1258 si
2916 1219 3055 1259 nunc
3104 1213 3299 1272 potest,
3346 1219 3467 1259 cum

1887 1299 2025 1353 Deus
2051 1298 2292 1368 jusserit,
2324 1297 2393 1352 sit
2418 1298 2502 1367 qui
2532 1297 2705 1352 valeat
2745 1313 2840 1367 pro
2885 1296 3195 1367 integritate
3222 1311 3470 1350 commu-

1884 1393 2060 1446 nionis
2083 1401 2137 1447 et
2165 1390 2284 1446 fidei
2318 1390 2423 1446 illis
2475 1388 2783 1455 subvenire,
2815 1390 2904 1461 qui
2930 1390 3291 1459 integritatem
3323 1405 3475 1443 coni-

1885 1483 2155 1539 munionis
2197 1492 2251 1539 et
2296 1482 2417 1539 fidei
2471 1482 2847 1551 perdiderunt;
2903 1482 3142 1551 alioquin
3191 1481 3234 1535 si
3284 1495 3473 1535 omnes

1885 1588 2002 1630 eam
2039 1572 2344 1644 perdamus,
2363 1573 2505 1644 quod
2536 1570 2699 1636 absit,
2726 1572 2869 1628 unde
2890 1582 3075 1643 postea
3099 1570 3475 1641 reparabitur?

1887 1667 2155 1737 praecipue
2185 1666 2228 1721 si
2258 1665 2309 1721 in
2342 1665 2485 1722 sedis
2510 1664 2841 1734 apostolicae,
2864 1662 3006 1737 quod
3028 1678 3299 1733 nunquam
3331 1662 3473 1718 Deus

1889 1759 2002 1815 lleri
2033 1760 2194 1826 sinat,
2230 1757 2387 1815 fuerit
2412 1765 2669 1815 temerata
2694 1754 2930 1826 fastigio.
2966 1753 3148 1826 itaque
3181 1755 3223 1809 si
3248 1754 3475 1810 Aeacius

1884 1856 1990 1910 vim
2025 1852 2261 1908 hominis
2286 1854 2533 1916 sustinet,
2582 1858 2639 1905 ut
2671 1858 2846 1907 errata
2876 1860 2983 1903 non
3013 1848 3272 1918 corrigat,
3304 1846 3477 1915 major

1884 1945 2015 2002 mihi
2049 1944 2340 2002 necessitas
2360 1952 2439 2000 est
2470 1941 2632 1998 divini
2666 1950 2863 2008 metus,
2909 1949 2964 1996 et
2997 1934 3207 1995 tuenda)
3238 1937 3465 1994 cathoii-
3502 2016 3507 2023 ~

1885 2054 1962 2093 ca:
1991 2036 2406 2100 communionis,
2440 2044 2495 2091 et
2526 2028 2673 2101 iidei,
2703 2033 2945 2106 quolibet
2976 2032 3133 2088 modo
3156 2041 3210 2087 et
3238 2029 3477 2102 qualibet

1885 2129 2193 2185 conditione
2240 2127 2293 2183 in
2326 2142 2513 2183 errore
2554 2125 2742 2196 positis
2781 2124 2925 2179 nulla
2961 2124 3076 2195 fieri
3105 2122 3317 2177 ratione
3347 2137 3477 2177 con-

1885 2230 2107 2289 sortem,
2161 2219 2253 2275 sed
2280 2218 2348 2273 ab
2376 2233 2560 2273 eorum
2605 2232 2691 2272 me
2720 2217 2969 2286 contagio
3010 2228 3229 2270 servare
3253 2225 3477 2284 prorsus

1887 2316 2179 2367 immunem
2207 2326 2220 2363 :
2252 2310 2372 2379 quia
2404 2311 2446 2363 si
2480 2308 2568 2363 ille
2593 2324 2688 2377 per
2721 2308 2825 2362 vim
2858 2308 3017 2362 habet
3044 2305 3475 2366 excusationem,

1884 2419 1985 2474 ego
2015 2412 2303 2473 prmstante
2336 2401 2559 2455 Domino
2592 2401 2680 2471 qui
2710 2414 2934 2455 securus
2967 2413 3108 2464 sum,
3140 2410 3207 2451 ne
3250 2411 3345 2466 per
3376 2393 3478 2449 hoc

1885 2496 2100 2566 quidem
2145 2495 2575 2557 excusationem,
2635 2492 2794 2547 ullam
2851 2488 3053 2545 habere
3097 2488 3207 2559 jam
3256 2486 3484 2558 potero:

1885 2578 1975 2658 qui
2025 2589 2168 2643 nulla
2211 2595 2500 2658 praestante
2550 2585 2798 2650 Domino,
2853 2583 2992 2639 sicut
3031 2583 3234 2638 dictum
3276 2590 3378 2646 est,
3428 2581 3478 2636 vi

1888 2697 2124 2749 premor.
2155 2679 2500 2733 Dimittautur
2538 2694 2667 2748 ergo
2708 2680 2807 2732 ista
2837 2677 3021 2732 divino
3048 2676 3274 2746 judicio,
3307 2676 3480 2731 donec

1888 2777 2025 2843 ipse,
2059 2774 2197 2828 sicut
2224 2774 2526 2840 saepissime
2556 2772 2761 2841 experti
2795 2785 3004 2833 sumus,
3032 2770 3332 2825 libertatem
3357 2767 3480 2823 red-

1888 2867 1981 2921 dat
2002 2864 2366 2921 communioni
2415 2862 2699 2918 catholica}
2749 2871 2908 2932 atque
2959 2860 3083 2915 lidei
3132 2859 3478 2924 Christianzc;
3520 2906 3523 2909 γ

1888 2967 1942 3012 ct
1988 2967 2114 3011 tunc
2139 2956 2207 3012 de
2236 2957 2315 3012 eis
2341 2956 2431 3026 qui
2473 2956 2525 3010 in
2560 2954 2702 3009 illius
2732 2964 2855 3009 sunt
2887 2969 3071 3010 errore
3102 2954 3478 3020 tractabimus;

1889 3062 2118 3118 persona
2146 3048 2290 3102 enim
2331 3048 2508 3103 Acacii
2558 3047 2674 3101 sine
2703 3047 2983 3101 curatione
3032 3048 3195 3100 totius
3229 3045 3481 3101 Ecclesia:

1892 3138 2025 3197 solvi
2072 3152 2175 3193 non
2208 3146 2404 3208 potest,
2452 3153 2548 3209 per
2586 3153 2745 3209 quam
2779 3138 3016 3193 sauciata
3046 3147 3128 3193 est
3176 3140 3350 3195 omnis
3382 3139 3483 3193 Ec-

1889 3234 2076 3291 clesia.
2109 3233 2213 3289 Sed
2236 3243 2279 3287 et
2312 3242 2451 3299 tunc,
2476 3232 2668 3303 inquit,
2702 3232 2918 3285 Aeacius
2948 3240 3112 3285 tecum
3139 3230 3483 3285 communica-

1891 3329 1974 3389 bat
1994 3368 2005 3389 ,
2041 3325 2247 3396 quando
2276 3318 2577 3378 Timotheus
2617 3312 2914 3384 hmreticus,
2943 3322 3022 3376 vel
3060 3323 3153 3375 iste
3174 3319 3360 3377 Petrus
3389 3322 3483 3376 sub

1890 3430 2109 3489 tyranno
2165 3415 2413 3487 Basilisco
2470 3414 2873 3470 Alexandrinam
2927 3413 3124 3468 tenebat
3174 3412 3479 3468 Ecclesiam.

1892 3511 2027 3566 Vere
2060 3508 2216 3573 dicis,
2270 3508 2363 3563 sed
2394 3508 2477 3563 his
2505 3517 2634 3563 tunc
2678 3508 2905 3561 Aeacius
2937 3504 3156 3561 minime
3185 3505 3486 3560 communi-

1889 3605 2070 3668 cabat,
2097 3611 2153 3657 et
2180 3602 2234 3655 in
2269 3615 2387 3655 mea
2412 3599 2796 3654 communione
2822 3597 3079 3660 durabat;
3131 3596 3277 3650 unde
3306 3596 3484 3663 potius

1891 3695 1936 3749 si
1965 3695 2072 3748 vim
2097 3693 2295 3762 patitur
2318 3692 2567 3757 Aeacius,
2609 3698 2665 3745 et
2697 3703 2839 3743 nunc
2866 3690 3024 3741 talem
3050 3702 3109 3742 se
3139 3688 3301 3742 debet
3330 3687 3486 3741 exhi-

1891 3786 2020 3839 bere
2049 3783 2265 3853 qualem
2315 3798 2374 3836 se
2403 3780 2649 3835 exhibuit
2687 3778 2788 3833 sub
2818 3778 3073 3832 Basilisco
3104 3788 3332 3848 tyranno
3372 3776 3484 3831 itte-

1894 3877 2062 3933 retico
2092 3883 2439 3947 persecutore
2480 3888 2599 3927 suo.
2650 3871 2756 3928 Sed
2798 3887 2953 3936 nunc,
3000 3869 3197 3940 inquis,
3245 3869 3485 3924 utilitatis

1892 3971 2097 4022 interest
2134 3968 2457 4037 reipublica‘.
2523 3965 2629 4021 Sed
2677 3966 2936 4020 sacerdos
2994 3965 3229 4033 allegare
3275 3964 3481 4028 debuit,

1893 4061 2141 4115 utilitatis
2170 4060 2435 4115 interesse
2464 4058 2639 4129 potius
2664 4057 2913 4127 publicae,
2949 4064 3004 4110 ut
3033 4055 3212 4111 divina
3242 4066 3486 4112 comunt-
3580 4122 3587 4127 ε

1892 4151 1981 4207 nio
2004 4161 2059 4208 et
2082 4150 2227 4219 fides
2269 4153 2477 4221 integra
2508 4158 2854 4205 servaretur:
2891 4148 3036 4205 utilis
3063 4160 3144 4204 est
3176 4148 3485 4219 reipublicae

1893 4244 2166 4314 religionis
2195 4245 2427 4309 eversio,
2479 4252 2535 4299 et
2573 4242 2718 4298 utilis
2749 4258 2853 4297 non
2879 4244 2989 4297 erit
3014 4241 3324 4310 reipubltetu
3354 4241 3485 4295 reli-

1892 4341 2067 4410 gionis
2103 4337 2417 4409 integritas?
2454 4336 2641 4392 nescio
2671 4337 2713 4390 si
2761 4344 2887 4390 sunt
2916 4334 3160 4406 ejusdem
3211 4334 3486 4405 religionis

1893 4431 1983 4501 qui
2013 4429 2110 4486 ista
2138 4429 2507 4501 pra-tendunt,
2533 4418 2651 4483 etsi
2678 4424 2919 4499 ejusdem
2952 4426 3226 4498 religionis
3256 4425 3486 4481 debeant

1895 4526 2141 4582 homines
2181 4525 2281 4581 ista
2326 4524 2664 4593 praetendere
2698 4533 2719 4560 ο
2746 4510 2907 4591 quem
2955 4522 3119 4575 vellet
3151 4520 3217 4575 de
3262 4519 3397 4585 suis,
3430 4529 3488 4574 et.

1895 4616 1996 4671 sibi
2024 4615 2270 4671 fidelibus
2299 4616 2592 4669 subsistere
2617 4612 2980 4674 sacerdotem,
3006 4611 3228 4664 excluso
3254 4609 3483 4672 Joanne,

1894 4707 2185 4764 dummodo
2231 4705 2572 4771 catholicum,
2624 4715 2677 4759 et
2725 4703 3120 4757 communionis
3170 4712 3366 4756 nostra:
3398 4714 3487 4755 su-

1895 4801 2101 4872 spectis
2125 4799 2259 4855 locis
2283 4806 2555 4869 pateretur
2584 4794 2877 4866 praesidere
2924 4794 3252 4863 pontiﬁcem.
3297 4793 3489 4848 Nonne

1894 4895 2173 4952 evidenter
2215 4893 2330 4947 haec
2372 4905 2459 4946 res
2496 4889 2621 4944 facit
2652 4902 2866 4942 musam
2903 4887 3124 4940 Joannis
3154 4900 3272 4939 esse
3299 4885 3489 4939 melio-

1894 5000 2031 5055 rem,
2077 4987 2204 5041 dum
2245 5001 2308 5039 eo
2347 4985 2567 5038 excluso
2610 4991 2664 5037 et
2712 4980 2967 5036 haeretico
3012 4981 3323 5049 subrogato,
3378 4994 3484 5061 non

1892 5096 2122 5153 persona
2171 5079 2275 5135 hoc
2320 5078 2585 5134 meruisse
2617 5084 2970 5139 monstratur,
3021 5070 3115 5127 sed
3164 5072 3489 5143 expugnatio

1893 5178 2021 5233 fidei
2038 5176 2317 5232 catholicas
2343 5170 2700 5242 procuratur?
2718 5166 2745 5208 ⁸
2769 5169 2877 5223 Nos
2895 5182 2999 5223 non
3023 5168 3074 5221 in
3090 5166 3342 5221 Acacium
3366 5165 3489 5220 ideo

1972 5348 1997 5375 ο
2051 5335 2363 5404 imperfecta
2419 5332 2723 5397 sententia,
2780 5338 3169 5397 contestusque
3203 5329 3321 5404 _sihi
3379 5342 3485 5404 non

1896 5397 2152 5460 constans
2183 5407 2424 5459 lacunam
2454 5405 2893 5471 iuxationemque
2925 5410 3167 5455 testatur.
3203 5397 3369 5471 Forte
3394 5398 3485 5453 le-

1894 5478 2140 5546 gebatur,
2185 5478 2392 5530 tolerari
2438 5484 2638 5543 posset,
2684 5474 2728 5525 si
2771 5468 2917 5544 quem
2962 5471 3137 5531 uellet,
3183 5480 3287 5525 etc.
3338 5468 3482 5525 SCII’.

1898 5549 2192 5604 Minatus.

1966 5619 1992 5655 ⁴¹
2027 5618 2216 5687 Incipit
2254 5618 2494 5687 purgatio
2542 5614 2628 5669 illa
2682 5614 2798 5687 ejus
2834 5612 3087 5687 clausula:
3130 5626 3487 5687 nunquamque

1896 5681 2497 5743 anathematia'vhiculis
2546 5685 2834 5746 emendas,
2893 5685 2961 5741 de
3008 5699 3111 5755 qua
3161 5681 3392 5755 diximus
3430 5682 3482 5736 in

1897 5759 2231 5829 praefatione.
2283 5757 2547 5812 Caeterum
2588 5755 2777 5829 Felicis
2814 5750 3048 5829 ruentem
3094 5761 3146 5829 et
3179 5750 3482 5829 consilium,

1894 5820 2332 5897 iaropeusunique
2386 5829 2438 5883 in
2495 5826 2986 5885 reconciliationem
3059 5824 3295 5881 animum
3350 5820 3479 5880 illud
