4090 6330
604 311 720 373 989

1935 295 2194 353 FELICIS
2236 294 2438 354 ΡΑΡᾹΞ
2478 295 2544 352 ιιι

3786 292 3894 349 960

616 420 934 480 sententiam
968 415 1208 477 tulimus,
1231 426 1355 483 quia
1388 413 1547 467 homo
1569 418 1673 478 est,
1698 411 1819 481 quia
1850 412 2080 468 Aeacius
2111 414 2193 469 di-
2219 419 2271 477 Α
2299 415 2382 470 vel
2403 414 2595 479 everti,
2616 422 2670 469 et
2692 412 2941 484 plantari,
2962 420 3015 467 et
3039 410 3161 466 talia
3183 410 3484 473 :Tridnunl,
3505 420 3552 463 et
3572 407 3759 465 Niniee
3774 413 3893 466 sub-

610 514 770 577 citur,
820 504 1267 580 quemadmodum
1311 504 1378 583 de
1403 501 1645 574 quolibet
1672 501 1927 558 hieretico
1966 502 2073 559 dici
2104 518 2198 575 po-

611 614 744 671 test;
792 602 882 658 sed
923 609 1205 671 propterea
1249 598 1375 669 quia
1405 600 1475 653 sit
1506 610 1734 666 persona
1776 595 2192 666 prmvarieatrix.

609 699 795 769 Itaque
821 693 1158 752 malefactum
1196 700 1300 759 est,
1331 688 1473 760 quod
1504 689 1557 744 in
1588 704 1655 745 eo
1684 697 1768 745 est
1788 690 2031 760 punitum
2060 689 2197 745 irro-

606 792 822 863 gatione
859 787 1323 857 sententiiezqua:
1363 784 1752 855 prazvaricatio,
1804 783 1944 855 quod
1992 782 2196 840 maleﬁ-

606 883 745 941 cium
770 882 815 938 si
844 880 1081 947 recedat,
1125 880 1237 949 jam
1283 894 1389 933 non
1415 878 1519 934 erit
1553 877 1641 932 illa
1670 890 1922 947 persona,
1954 875 2008 930 in
2036 890 2193 946 quam

606 974 929 1034 sententiam
956 972 1297 1028 insolubilem
1323 971 1565 1041 proferre
1589 970 1904 1041 sumzvisus.
1927 967 2195 1025 Remane-

610 1069 686 1124 hit
712 1068 856 1124 enim
904 1066 1086 1131 homo,
1118 1072 1190 1125 et
1232 1063 1483 1129 Aeacius,
1536 1074 1694 1132 quem
1744 1078 1851 1117 non
1898 1059 2118 1117 damnat
2141 1063 2195 1115 in

542 1152 546 1175 ⁵
608 1171 867 1230 quantum
892 1158 1056 1213 homo
1081 1167 1185 1225 est,
1213 1164 1269 1211 ct
1298 1155 1529 1211 hominis
1554 1156 1771 1211 nomine
1798 1164 2068 1220 censetur,
2099 1152 2194 1208 sed

605 1251 661 1307 in
693 1259 950 1321 quantum
982 1247 1358 1319 praevaricator
1385 1258 1439 1302 et
1471 1246 1804 1304 malefactor.
1854 1244 1949 1301 Cui
1980 1253 2195 1301 senten-

608 1345 682 1400 tia
712 1359 829 1399 mea
861 1340 1161 1398 insolubilis
1190 1350 1293 1407 est,
1319 1340 1430 1410 jam
1462 1342 1513 1394 in
1546 1355 1611 1396 eo
1640 1338 1755 1395 haec
1784 1340 2046 1395 sententia
2076 1353 2193 1395 mea

606 1436 935 1506 insolubilis,
970 1445 1177 1494 remoto
1209 1436 1299 1491 illo
1328 1437 1412 1491 cui
1441 1436 1587 1490 illata
1616 1444 1720 1503 est,
1775 1434 1950 1489 locum
1979 1433 2193 1504 penitus

606 1546 713 1588 non
760 1532 1184 1591 babebit:alter
1228 1532 1370 1586 enim
1419 1532 1520 1587 erit
1562 1545 1720 1604 quam
1771 1530 1863 1586 ille
1917 1533 2002 1586 cui
2043 1530 2192 1585 illata

604 1625 872 1681 sententia
911 1632 1015 1690 est,
1061 1622 1187 1678 dum
1234 1622 1452 1694 incipiet
1493 1638 1602 1677 non
1641 1636 1763 1678 esse
1791 1621 1935 1693 quod
1960 1622 2079 1686 fuit,
2107 1621 2192 1677 vel

574 1764 581 1775 .
607 1731 713 1770 non
742 1715 844 1772 hoc
871 1729 1014 1781 esse,
1045 1715 1131 1771 cui
1167 1714 1313 1770 illata
1345 1715 1610 1770 sententia
1638 1722 1744 1771 est.
1763 1713 1869 1769 Sed
1900 1713 2192 1785 incipiente

2303 517 2526 562 vertetur
2558 504 2902 578 (lon.llt,4);
2950 506 3077 561 item
3108 504 3176 560 de
3214 519 3341 576 rege
3371 505 3625 570 Ezccllia,
3667 505 3895 577 adjectis

2301 600 2607 671 quindecim
2636 602 2791 657 annis
2822 608 2943 671 post
2978 598 3439 656 denuntiationem
3478 599 3670 655 mortis
3706 600 3775 654 ad
3813 599 3896 654 vi-

2301 702 2445 760 tam;
2480 694 2606 750 item
2636 694 2703 750 de
2734 693 2897 749 ramis
2939 693 3122 749 fractis
3159 702 3213 748 et
3239 691 3571 758 inserendis;
3602 699 3661 747 et
3687 691 3757 748 de
3795 691 3897 748 iis-

2299 784 2421 841 dem
2475 786 2673 853 ramis,
2719 785 2764 840 si
2820 801 2923 840 non
2975 785 3344 856 permanserint
3403 787 3457 840 in
3508 784 3893 853 incredulitate,

2299 879 2701 934 misericordiam
2734 888 3122 950 consequentur.
3157 876 3241 932 Ne
3272 879 3501 949 quando,
3534 876 3731 949 inquit,
3771 893 3897 932 colt-

2298 979 2593 1037 vertantur,
2639 978 2684 1024 et
2728 986 2905 1025 sanent
2941 986 3054 1027 eos.
3097 970 3211 1025 Hoc
3245 970 3313 1025 de
3343 970 3453 1026 illis
3488 970 3580 1040 qui
3619 984 3718 1025 cor
3741 985 3893 1026 cras-

2298 1077 2417 1117 sum
2445 1061 2734 1130 habebant,
2763 1071 2820 1118 et
2849 1062 3093 1118 videntes
3121 1078 3229 1117 non
3258 1062 3541 1127 videbant;
3577 1070 3633 1117 et
3664 1062 3892 1119 audien-

2298 1163 2382 1211 tes
2412 1171 2517 1210 non
2547 1155 2856 1211 audiebant.
2881 1154 3131 1225 Nunquid
3165 1154 3277 1211 Deo
3306 1155 3608 1227 inspirante
3638 1168 3749 1209 non
3771 1164 3898 1210 sunt

2297 1261 2364 1302 ex
2415 1246 2604 1302 iisdem
2647 1246 2847 1303 Judaeis
2893 1247 2962 1303 de
3011 1247 3205 1317 quibus
3249 1245 3453 1302 dictum
3503 1256 3610 1316 est,
3668 1248 3897 1302 viderim

2296 1339 2553 1408 viderunt,
2601 1341 2865 1395 audientes
2907 1340 3204 1407 audierunt,
3243 1352 3291 1398 et
3337 1341 3490 1396 corde
3526 1341 3898 1396 crediderunt?

2295 1432 2435 1487 sicut
2462 1432 2718 1502 apostoli,
2749 1440 2805 1488 et
2834 1440 2910 1487 tot
2937 1432 3125 1497 millia,
3153 1448 3285 1503 quas
3315 1433 3569 1504 reliquias
3598 1432 3783 1489 salvas
3811 1432 3893 1487 fa-

2296 1531 2413 1579 ctas
2452 1538 2573 1579 esse
2615 1532 2841 1578 testatur
2877 1524 3198 1593 Apostolus,
3239 1523 3331 1593 qui
3373 1523 3517 1579 hunc
3544 1538 3769 1581 sensum
3821 1525 3894 1580 ita

2296 1624 2511 1682 tractat,
2547 1616 2636 1673 ubi
2677 1616 2847 1671 dicit:
2881 1614 3021 1670 Nam
3058 1626 3107 1669 et
3149 1632 3240 1687 ego
3272 1614 3512 1672 Israelita
3539 1634 3657 1672 sum
3708 1618 3889 1686 (Reus.

2296 1724 2371 1777 XI,
2403 1709 2476 1780 7).
2504 1709 2561 1764 Si
2591 1710 2642 1763 vi
2666 1708 2930 1778 imperiali
2960 1711 3220 1779 premitur
3241 1710 3487 1777 Aeacius,
3512 1721 3572 1767 ut
3603 1710 3710 1767 ista
3736 1710 3894 1766 iaciat

606 1822 726 1864 esse
754 1807 895 1877 quod
926 1822 1034 1863 non
1074 1807 1195 1874 fuit,
1239 1806 1322 1862 vel
1355 1805 1460 1860 hoc
1486 1814 1693 1860 tantum
1740 1804 2031 1876 incipiente
2063 1819 2186 1861 esse
2215 1813 2267 1877 Β
2295 1818 2414 1874 quae
2443 1801 2590 1868 facit,
2624 1803 2852 1873 primum
2880 1803 3258 1873 imperatorem
3290 1814 3478 1860 contra
3511 1803 3674 1859 ﬁdem
3704 1803 3892 1859 catho-

602 1915 683 1966 se,
730 1916 849 1956 cum
880 1916 941 1955 ea
975 1915 1079 1954 non
1114 1909 1259 1955 esset
1284 1899 1427 1954 illata
1456 1900 1744 1968 sententia,
1798 1914 1904 1954 non
1936 1914 2187 1955 remane-

576 1993 680 2048 bit
706 1992 1038 2048 omninouhi
1070 1999 1176 2047 stet
1204 1993 1413 2063 prolata
1457 1992 1745 2048 sententia.
1790 1991 1923 2047 Nam
1951 1990 2187 2063 quandiu

602 2084 656 2138 ill
681 2085 783 2140 hoc
806 2094 1008 2151 manet,
1032 2086 1117 2141 cui
1142 2084 1285 2140 illata
1315 2083 1582 2141 sententia
1604 2092 1709 2148 est,
1742 2098 1867 2138 vere
1888 2082 2191 2138 insolubilis

601 2187 686 2232 est
711 2178 797 2232 illa
829 2179 1094 2234 sententia
1122 2193 1243 2234 cum
1274 2192 1339 2233 eo
1380 2178 1470 2233 cui
1500 2177 1644 2231 illata
1674 2185 1756 2232 est
1796 2175 2187 2241 insolubiliter;

600 2286 723 2326 cum
752 2282 929 2327 autem
962 2271 1065 2325 lloc
1099 2286 1206 2326 non
1242 2272 1346 2326 erit
1378 2289 1390 2322 :
1427 2270 1528 2325 etsi
1571 2270 1625 2324 in
1662 2283 1729 2324 eo
1770 2283 1876 2323 non
1907 2266 2187 2331 manserit,

602 2348 724 2418 cum
755 2364 846 2417 illo
873 2362 1165 2428 maleficio,
1199 2362 1286 2417 cui
1314 2361 1459 2415 illata
1485 2356 1786 2415 insolubilis
1815 2368 1920 2422 est,
1953 2358 2040 2412 illa
2068 2371 2192 2411 sen-

604 2456 771 2509 tentia
816 2456 935 2508 sine
978 2453 1312 2508 dubitatione
1352 2450 1621 2506 transibit.
1666 2449 1721 2504 lu
1772 2449 1875 2504 isto
1923 2463 2051 2518 ergo
2089 2449 2237 2503 erit-

603 2545 864 2610 solubilis,
901 2547 1007 2600 imo
1034 2559 1133 2600 nec
1160 2548 1262 2601 erit
1286 2545 1372 2600 cui
1396 2543 1541 2598 illata
1584 2559 1689 2598 non
1717 2551 1829 2608 est;
1859 2541 1968 2597 imo
1993 2540 2062 2595 ab
2089 2540 2192 2597 hoc

602 2637 707 2694 erit
729 2647 984 2707 extranea
1016 2648 1071 2694 et
1098 2637 1294 2703 aliena,
1326 2637 1410 2692 cui
1437 2651 1557 2692 eam
1583 2650 1687 2691 non
1719 2643 1933 2691 constat
1957 2634 2188 2690 illatam:

602 2729 725 2800 quia
759 2730 809 2784 in
843 2728 1037 2784 Acacio
1080 2728 1426 2793 maleﬁcium,
1476 2736 1530 2783 ει
1568 2724 1937 2797 praevaricatio
1982 2724 2190 2793 accepit

602 2820 749 2875 illam
782 2820 1118 2876 insolubilem
1150 2818 1496 2885 sententiam,
1545 2832 1651 2873 non
1700 2817 1843 2888 quod
1884 2818 2045 2871 homo
2083 2824 2185 2882 est,

602 2926 714 2967 non
746 2912 886 2983 quod
914 2912 1142 2969 Aeacius
1172 2920 1547 2981 nuncupatur:
1577 2919 1790 2966 remoto
1828 2911 1895 2964 ah
1934 2926 2001 2965 eo
2024 2911 2190 2966 male-

603 3004 749 3070 ﬁeio,
776 3006 875 3060 erit
903 3021 1025 3061 cum
1050 3005 1197 3060 omni
1227 3005 1281 3060 vi
1310 3020 1425 3069 sua,
1466 3012 1521 3059 et
1550 3018 1709 3059 causa
1739 3012 1944 3059 remota
1967 3013 2189 3060 senten-

602 3100 698 3155 tia.
731 3108 753 3135 ⁸
780 3099 833 3153 In
860 3099 1151 3169 Scripturis
1180 3108 1359 3155 autem
1382 3098 1685 3154 invenimus
1710 3106 1766 3153 et
1788 3098 1993 3154 illatam
2025 3099 2190 3154 inter-

2296 1896 2452 1952 licam
2479 1896 2675 1964 facere,
2707 1909 2769 1950 ac
2799 1910 2894 1966 per
2921 1896 3025 1952 hoc
3054 1912 3160 1952 non
3199 1911 3322 1953 esse
3367 1896 3725 1961 catholicum,
3776 1898 3890 1966 ipse

2295 1989 2577 2060 proﬁtetur
2602 2004 2615 2043 :
2649 2002 2753 2043 non
2778 1999 2859 2044 est
2888 2003 3018 2059 ergo
3048 2004 3214 2059 quare
3241 2004 3272 2043 a
3297 1988 3454 2044 nobis
3499 1989 3606 2044 dici
3659 2004 3882 2059 persua-

2293 2082 2440 2149 deat,
2487 2080 2629 2150 quod
2670 2082 2785 2151 ipse
2826 2079 3120 2151 depromit,
3161 2081 3246 2137 vel
3287 2081 3430 2153 quod
3476 2082 3593 2152 ipse
3640 2090 3884 2138 testatur.

2294 2173 2498 2229 Deinde
2525 2174 2624 2229 hoc
2668 2175 2785 2244 ipso
2806 2189 2912 2245 quo
2941 2189 3003 2231 sc
3048 2176 3157 2230 vim
3208 2175 3314 2245 pati
3365 2174 3638 2244 perhibet,
3689 2177 3888 2230 malum

2295 2267 2581 2338 profitetur
2608 2283 2747 2332 esse,
2774 2267 2917 2339 quod
2948 2267 3105 2333 facit,
3144 2276 3202 2324 et
3230 2277 3419 2324 contra
3454 2267 3616 2324 ﬁdem
3660 2269 3888 2323 catholi-

2294 2375 2412 2416 cam
2441 2375 2501 2416 se
2529 2376 2687 2431 agere
2730 2360 3067 2417 demonstrat
3091 2378 3105 2415 :
3143 2377 3239 2416 cur
3266 2377 3394 2430 ergo
3425 2376 3512 2416 tne
3559 2362 3812 2417 hortatur
3835 2370 3888 2418 et

2295 2456 2426 2525 petit
2454 2455 2611 2527 llujus
2638 2456 2716 2512 rei
2743 2456 3061 2524 compliccm
3099 2470 3219 2512 esse
3248 2454 3471 2521 debere,
3499 2470 3665 2527 quam
3694 2455 3889 2511 fatetur

2295 2562 2416 2603 esse
2449 2547 2796 2617 perversam?
2822 2547 2876 2603 Si
2922 2557 3103 2602 autem
3136 2547 3332 2603 malum
3380 2562 3488 2603 non
3516 2562 3643 2603 esse
3672 2557 3889 2604 conten-

2294 2636 2393 2705 dit,
2422 2646 2585 2695 restat
2611 2634 2670 2693 ιιι
2698 2653 2806 2694 ιιοιι
2830 2638 2940 2710 jam
2967 2654 3027 2696 se
3054 2641 3160 2694 vim
3188 2640 3293 2710 pati
3324 2638 3392 2693 ab
3416 2639 3751 2709 imperatore
3770 2656 3861 2709 per

2294 2730 2535 2796 suadeat,
2565 2745 2686 2786 cum
2720 2741 2910 2799 sponte
2956 2744 3050 2786 sua
3079 2731 3130 2786 id
3160 2730 3320 2787 faciat
3346 2732 3489 2804 quod
3520 2733 3721 2788 bonum
3765 2749 3886 2789 esse

2295 2823 2603 2878 conﬁrmat.
2664 2820 2796 2877 Cum
2840 2823 2985 2878 enim
3017 2823 3216 2878 bonum
3259 2822 3388 2879 dicit
3414 2838 3538 2879 esse
3568 2825 3711 2896 quod
3739 2825 3884 2890 facit,

2294 2922 2488 2983 sponte
2518 2913 2619 2969 hoc
2639 2927 2699 2970 se
2729 2913 2930 2978 facere,
2970 2921 3225 2984 tanquam
3258 2914 3399 2985 quod
3433 2923 3589 2985 putat
3628 2930 3749 2973 esse
3798 2917 3888 2971 bo-

2296 3018 2445 3071 num,
2479 3006 2594 3061 sine
2620 3004 2957 3061 dubitatione
2985 3006 3232 3075 designat
3262 3024 3274 3060 :
3306 3020 3412 3061 non
3452 3021 3584 3078 ergo
3617 3009 3719 3063 hoc
3738 3022 3887 3063 com-

2296 3098 2480 3168 pulsus
2510 3095 2637 3152 facit
2663 3096 2912 3165 Aeacius,
2940 3096 3083 3169 quod
3108 3096 3311 3153 invitus
3338 3113 3446 3153 non
3475 3097 3606 3154 facit
3638 3108 3887 3170 tanquam

605 3190 918 3249 minabilem
948 3193 1270 3248 sententiam
1302 3192 1353 3247 in
1386 3191 1670 3262 plerosque
1697 3200 2028 3262 peccatores,
2072 3179 2189 3261 qui-
2218 3199 2266 3263 (ζ
2298 3189 2523 3255 malum,
2556 3189 2648 3244 sed
2680 3198 2877 3259 sponte
2906 3182 3154 3259 tanquam
3187 3190 3406 3245 bonum.
3460 3190 3516 3247 Si
3565 3193 3709 3247 enim
3740 3205 3891 3246 com-

603 3287 703 3342 bus
751 3296 927 3343 tamen
966 3303 996 3341 a
1038 3295 1256 3357 peccato
1299 3286 1700 3342 discedentibus
1737 3286 1808 3341 sit
1851 3288 2106 3345 remissa:
2136 3296 2191 3375 et

602 3378 864 3447 quosdam
894 3378 1065 3433 dictos
1088 3378 1280 3445 occidi,
1306 3386 1360 3433 et
1386 3377 1643 3432 viviﬁcari
1675 3377 1822 3446 (dum
1845 3381 1898 3435 in
1924 3377 2007 3433 his
2028 3394 2188 3436 nera-

606 3480 693 3525 tur
718 3470 860 3542 quod
893 3470 1131 3538 fuerunt,
1169 3480 1223 3525 et
1250 3470 1515 3539 incipiunt
1538 3484 1661 3525 esse
1684 3469 1826 3539 quod
1855 3484 1961 3526 non
1984 3470 2183 3541 erant),

603 3609 763 3664 etiam
813 3608 991 3679 prodit
1039 3611 1091 3664 ill
1135 3609 1359 3679 epistola
1398 3609 1511 3665 15‘:
1548 3608 1699 3665 Unde
1742 3611 1876 3679 quod
1925 3627 2026 3664 non
2080 3610 2191 3665 sine

604 3682 764 3735 divini
782 3681 973 3753 judicii
998 3690 1190 3736 terrore
1224 3681 1494 3736 dicendum
1530 3689 1643 3753 est,
1666 3682 1817 3736 etiam
1844 3684 2011 3753 nobis,
2037 3682 2082 3735 si
2110 3698 2193 3735 re-

608 3752 856 3822 quisisset,
896 3753 1215 3820 optantibus,
1258 3768 1360 3807 non
1385 3764 1458 3807 est
1486 3752 1761 3821 permissus
1801 3752 2024 3816 absolvi;
2050 3761 2104 3807 et
2136 3754 2188 3807 in

604 3823 762 3892 epist.
791 3824 856 3878 15
884 3842 897 3876 :
931 3825 1086 3877 etiam
1113 3823 1255 3877 nobis
1284 3824 1601 3878 conantibus.
1643 3822 1698 3877 In
1730 3824 1953 3892 epistula
1988 3826 2039 3891 6,
2070 3839 2189 3890 qua:

607 3904 953 3947 memoratam
995 3896 1289 3949 clausulam
1333 3895 1603 3959 continet,
1639 3895 1726 3948 ubi
1759 3893 1952 3964 legitur
1980 3911 2190 3964 respon-

606 3965 729 4034 dere
753 3964 1024 4028 dissidens,
1060 3966 1344 4034 legendum
1390 3964 1528 4018 forte
1578 3965 1849 4033 diﬁidens;
1900 3966 1988 4018 tibi
2034 3980 2185 4030 vero,

605 4047 650 4088 et
684 4033 963 4106 Humerius
1002 4033 1131 4089 tunc
1156 4035 1222 4089 de
1253 4036 1487 4088 diaconio
1522 4035 1777 4106 deiectus,
1805 4044 1889 4090 est
1917 4038 1968 4090 in
1999 4051 2100 4089 ms.
2138 4046 2190 4090 et

512 4124 515 4125 ν
606 4105 783 4158 merito
817 4106 879 4157 de
912 4104 1150 4176 diaconio
1188 4106 1430 4175 dejectos,
1464 4104 1660 4160 exinde
1693 4107 1937 4176 privatos,
1980 4115 2033 4161 et
2072 4122 2193 4175 pro-

608 4186 792 4227 vectos.
829 4175 973 4229 Scte.
1006 4175 1298 4229 MAFFEIUS.

675 4252 703 4280 ἰ
732 4244 1027 4297 Confirmat
1060 4244 1328 4312 exemplis
1364 4244 1605 4314 pluribus
1640 4260 1707 4301 ex
1736 4246 1999 4314 scriptura
2038 4260 2189 4301 saera

610 4311 925 4385 decerptis;
959 4311 1299 4383 ostenditque
1353 4311 1663 4385 frequenter
1711 4318 1764 4371 in
1806 4311 1991 4371 Bibliis
2030 4318 2193 4371 veluti

611 4384 965 4453 peremptnrie
992 4386 1391 4453 pronuntiatum
1420 4384 1562 4451 esse,
1590 4388 1659 4440 ita
1687 4397 1743 4441 ut
1769 4387 2046 4443 videretur
2069 4401 2194 4453 spes

610 4454 784 4510 o:nnis
822 4469 1041 4525 prorsus
1074 4455 1343 4522 abscindi,
1375 4465 1430 4511 et
1466 4456 1812 4512 nihilominus
1845 4457 2193 4526 poenitentiae,

607 4541 671 4603 ac
698 4541 799 4603 per
824 4529 1154 4603 eamgratiac
1183 4528 1378 4603 exinde
1407 4528 1609 4603 aditum
1642 4528 1982 4603 patefactum.
2010 4528 2209 4603 Atilio

609 4596 712 4652 loci
763 4598 1110 4653 tenebricosa:
1169 4598 1421 4669 ambages
1469 4600 1520 4653 in
1582 4614 1683 4654 ms.
1728 4612 1778 4655 et
1832 4596 2198 4655 inextricabilis

607 4683 771 4722 error.
823 4669 952 4723 Post
997 4671 1160 4724 verba
1208 4647 1405 4723 remgta
1456 4672 1701 4725 sententia
1729 4647 2083 4738 vsequebatur
2128 4647 2195 4725 es
2225 4647 2275 4708 θ

607 4739 855 4810 abrupto,
910 4756 972 4792 ne
1017 4740 1245 4809 quando,
1287 4740 1470 4810 inquit,
1518 4752 1622 4795 etc.
1673 4741 1930 4797 Periodus
1976 4742 2084 4805 illa,
2126 4738 2194 4795 In

607 4808 892 4879 Scripturis
919 4808 1111 4875 autem,
1142 4819 1268 4875 etc.,
1297 4808 1415 4879 quae
1444 4814 1957 4881 coagmentatiunem
1994 4812 2190 4876 ﬁrmat,

606 4895 670 4936 ac
700 4882 1018 4952 testimoniis
1042 4895 1163 4950 qua:
1188 4882 1589 4951 subsequuntur
1633 4884 1769 4938 viam
1826 4887 2043 4948 sternit,
2071 4892 2192 4952 post

607 4965 670 5005 ea
697 4952 872 5023 om_nia
900 4950 1113 5020 jaeebat
1138 4950 1416 5023 inutiliter
1454 4962 1613 5023 atque
1654 4953 2047 5023 intempestive.
2072 4950 2190 5008 'llla

508 5062 513 5066 .
609 5036 741 5076 vero
759 5019 1031 5084 Triduum,
1056 5033 1101 5075 et
1128 5020 1335 5087 Ninive,
1362 5033 1489 5090 etc.,
1520 5019 1687 5093 usque
1714 5025 1779 5079 ad
1810 5019 2029 5078 verbum
2062 5040 2188 5077 con-

605 5102 884 5161 sequenter,
913 5103 1031 5161 post
1059 5102 1169 5146 tres
1195 5093 1416 5162 paginas
1442 5094 1745 5161 sententiae,
1774 5096 1857 5148 cui
1883 5095 2189 5149 nullatenus

612 5174 917 5229 competere
942 5172 1210 5232 poterant,
1245 5166 1440 5219 inserta
1476 5166 1675 5230 inveni,
1706 5178 1864 5234 atque
1910 5167 2188 5219 intermix-

612 5243 684 5288 ta.
717 5234 794 5289 Re
817 5244 921 5288 tam
955 5234 1183 5304 implexa
1207 5248 1272 5289 ac
1299 5235 1563 5297 involuta,
1600 5235 1925 5291 insanabiles
1951 5235 2188 5304 profecto

611 5304 928 5360 videbantur
956 5304 1081 5369 loci,
1115 5307 1504 5375 compositique
1532 5320 1721 5360 omnes
1764 5320 1831 5361 ex
1871 5307 2048 5361 verbis
2080 5306 2188 5362 for-

608 5377 742 5446 tuito
766 5377 1058 5446 congestis.
1086 5376 1281 5430 Videor
1311 5385 1490 5431 tamen
1518 5377 1648 5431 milii
1676 5392 1779 5431 non
1803 5381 2026 5431 omnino
2054 5378 2188 5432 infe—

607 5445 779 5501 liciter
809 5445 1061 5517 utrosque
1090 5447 1409 5513 restituisse,
1445 5447 1495 5501 id
1528 5456 1729 5502 tantum
1760 5458 2023 5514 praestans
2050 5456 2109 5501 ut
2132 5448 2184 5503 in

607 5516 789 5588 sedem
812 5516 1244 5587 suamquaalihet
1265 5519 1535 5585 redirent;
1568 5532 1740 5588 neque
1760 5518 1901 5572 enim
1932 5518 2190 5573 emenda-

611 5586 807 5659 tionem
833 5588 995 5642 ullam
1016 5586 1255 5659 adllibui,
1281 5598 1632 5659 praeterquam
1654 5586 1796 5658 quod
1818 5588 1905 5642 ubi
1930 5589 2187 5656 scriptum

608 5656 769 5727 estin
790 5660 993 5723 codice,
1031 5656 1291 5727 Nunquid
1306 5676 1366 5713 eo
1405 5656 1690 5727 inspirante
1738 5660 1869 5713 sicut
1917 5675 1980 5713 ea:
2008 5659 2193 5713 iisdem

1203 5729 1394 5801 unquid
1417 5728 1524 5784 Deo
1545 5731 1828 5801 inspirante
1856 5746 1958 5784 non
1987 5739 2105 5783 sunt
2127 5745 2193 5784 ea:

608 5722 825 5790 Judteis,
846 5730 1119 5792 substitui,

604 5794 789 5853 iisdem
829 5793 1046 5852 Iudaeis.
1098 5793 1426 5887 Documento
1470 5808 1592 5859 esse
1626 5793 1810 5871 potest
1849 5802 1999 5858 locus
2026 5815 2191 5872 quam

2282 3284 2505 3355 pulsus,
2536 3282 2719 3352 utique
2750 3283 2982 3347 invitus;
3007 3283 3053 3339 si
3078 3283 3305 3350 invitus,
3327 3285 3507 3354 utique
3536 3285 3734 3340 malum
3757 3296 3885 3352 est;

2298 3389 2405 3429 non
2438 3388 2567 3447 ergo
2595 3383 2788 3444 sponte
2818 3373 2967 3439 facit,
2994 3384 3246 3445 tanquam
3276 3374 3380 3431 hoc
3401 3376 3613 3443 bonum,
3640 3374 3733 3430 sed
3759 3384 3891 3430 tan-

2293 3484 2451 3543 quam
2496 3468 2695 3524 malum
2738 3467 2977 3524 invitus:
3028 3470 3073 3524 si
3115 3485 3221 3525 non
3263 3469 3458 3526 invitus
3486 3479 3737 3542 tauquam
3760 3463 3888 3525 ina-

2298 3604 2493 3664 misere
2519 3606 2817 3663 deformata
2839 3622 2901 3663 ac
2931 3606 3197 3679 discel’pta
3227 3610 3377 3678 plura
3407 3607 3745 3679 antiquitatis
3772 3625 3892 3664 mo-

2298 3689 2550 3735 numenta
2579 3678 2645 3733 ad
2676 3694 2864 3734 manus
2896 3678 3445 3736 nostras’devenerint
3484 3697 3500 3733 :
3530 3678 3647 3735 sive
3674 3691 3888 3747 pertur-

2297 3752 2441 3805 batio
2471 3766 2534 3805 ex
2558 3749 2864 3819 disiunctis,
2892 3761 2984 3805 aut
3008 3753 3253 3816 revulsis,
3285 3760 3341 3806 et
3370 3751 3722 3806 volitantibus
3747 3752 3890 3807 foliis

2295 3832 2471 3875 ortum
2513 3820 2747 3886 duxerit,
2782 3837 2901 3890 quin
2950 3822 3149 3877 librarii
3207 3822 3496 3890 aliquando
3556 3823 3887 3878 transcribe-

2295 3901 2445 3957 rent;
2474 3892 2586 3946 sive
2606 3907 2671 3946 ες
2702 3906 2769 3946 eo
2792 3893 2933 3961 quod
2958 3893 3156 3947 incuria
3198 3893 3537 3959 difﬂuentes,
3588 3895 3766 3961 aliqua
3802 3896 3887 3949 iu-

2297 3967 2504 4018 terdum
2527 3964 2874 4026 emitterent,
2914 3978 3033 4033 qua:
3075 3965 3416 4033 postmodum
3449 3966 3886 4019 animadverten-

2298 4044 2402 4103 tes,
2435 4047 2501 4088 eo
2528 4035 2647 4088 loco
2669 4049 2932 4107 reponere
2964 4048 3069 4089 non
3105 4034 3415 4107 dubitarent
3455 4035 3524 4089 ad
3562 4051 3724 4107 quem
3763 4046 3888 4092 tunc

2298 4113 2686 4174 pervenerant;
2727 4105 2948 4172 perinde
2990 4120 3051 4159 ac
3095 4107 3139 4161 si
3184 4104 3463 4162 sufﬁceret
3498 4104 3885 4163 ne'deessent.

2297 4175 2449 4242 Quod
2480 4174 2670 4229 attinet
2694 4175 2759 4229 ad
2778 4190 2991 4246 sensum
3018 4190 3203 4231 eorum
3224 4193 3344 4246 qua:
3377 4178 3463 4231 llic
3486 4193 3517 4231 a
3546 4177 3727 4233 Felice
3753 4178 3884 4233 alie-

2300 4255 2511 4312 luntur,
2545 4246 2824 4312 perspicua
2847 4245 2981 4299 ﬁunt
3007 4249 3184 4301 omnia
3207 4245 3327 4302 eum
3370 4264 3399 4302 a
3444 4259 3705 4304 contextu
3742 4250 3887 4303 loco-

2299 4331 2416 4369 rum
2441 4317 2492 4370 ill
2524 4316 2705 4370 Bibliis
2736 4315 2876 4371 unde
2900 4328 3054 4371 eruta
3083 4327 3227 4384 sunt,
3263 4330 3373 4373 tum
3395 4334 3424 4372 a
3474 4320 3643 4375 simili
3677 4321 3891 4375 ratioci-

2301 4388 2520 4441 natione
2549 4402 2708 4460 quam
2733 4386 2784 4460 in
2811 4395 3037 4460 tractatu
3070 4389 3136 4445 de
3175 4392 3534 4460 Anatliemate
3566 4405 3887 4460 percurrere

2301 4469 2609 4526 possumus,
2638 4457 2705 4511 ab
2739 4458 2802 4512 iis
2832 4458 3135 4527 incipiendo
3171 4477 3184 4513 :
3230 4459 3322 4514 Sic
3372 4459 3539 4528 Tyrus
3567 4457 3627 4517 et
3667 4461 3885 4527 Ben'los,

2300 4535 2405 4602 etc.
2442 4528 2514 4582 lbi
2538 4529 2704 4602 etiam
2720 4542 2888 4583 sacrae
2918 4531 3209 4598 Scriptum
3231 4532 3470 4600 aperitur
3498 4547 3696 4587 sensus
3728 4545 3892 4602 atque

2302 4598 2620 4675 illustratur.
2654 4598 2736 4675 Ne
2760 4610 3117 4675 convertantur
3141 4642 3157 4668 ,
3190 4598 3292 4657 hoc
3318 4614 3422 4675 est,
3456 4618 3522 4656 ne
3568 4606 3678 4657 satis
3719 4598 3889 4675 aperi-

2302 4669 2416 4741 bus,
2438 4671 2618 4740 quibus
2646 4672 2818 4739 utique
2841 4672 3181 4741 conﬁdebant,
3212 4683 3315 4727 etc.
3348 4672 3413 4726 Et
3434 4690 3615 4729 sonent
3633 4691 3720 4729 eos
3736 4669 3762 4736 ς’
3784 4675 3893 4728 sci-

2306 4740 2533 4814 li_¢et,ne_
2558 4755 2730 4814 eorum
2750 4741 2897 4807 quasi
2919 4740 3111 4796 meritis
3140 4744 3349 4813 propria
3384 4744 3635 4814 facultate
3679 4746 3884 4799 resticu-

2303 4812 2434 4864 tibus
2458 4812 2703 4864 salvatria:
2721 4814 2889 4877 gratia
2912 4812 3147 4878 daretur,
3167 4822 3271 4867 etc.
3300 4812 3525 4869 Adeunt
3561 4816 3735 4870 locum
3764 4815 3890 4868 Tri-

2304 4883 2490 4946 duum,
2513 4891 2559 4935 et
2583 4880 2770 4935 Ninive
2797 4885 3133 4949 substet-teter,
3165 4885 3467 4940 versionem
3494 4885 3737 4941 Grmcam
3790 4901 3896 4940 au-

2300 4963 2415 5026 ctor
2439 4952 2778 5026 amplectitur
2806 4969 2964 5026 quam
3010 4956 3365 5026 Symmachus
3401 4966 3457 5012 et
3488 4956 3794 5012 'l‘llendotio
3823 4973 3893 5012 ex

2302 5023 2566 5076 chraico
2598 5032 2742 5077 textu
2775 5023 3147 5079 emendarunl.
3188 5027 3441 5080 Eamdcm
3474 5029 3720 5091 sequitur
3748 5044 3893 5083 san-

2299 5102 2416 5147 ctus
2440 5093 2828 5165 Prosperksive
2854 5098 2974 5165 quis
2996 5096 3132 5149 alius
3155 5099 3410 5151 carminis
3433 5098 3499 5153 de
3532 5096 3892 5153 Providentia

2295 5175 2482 5219 auctor
2521 5166 2638 5218 fuit.
2696 5162 2903 5219 Videsis
2947 5166 3007 5219 Π.
3067 5168 3420 5235 Augustinum
3468 5170 3537 5223 de
3568 5170 3683 5223 Civ.
3720 5169 3821 5223 Dei
3853 5173 3891 5222 Ι.

2297 5249 2444 5300 "tu,
2474 5251 2591 5303 cap.
2623 5236 2712 5290 ιι.
2746 5236 2799 5289 In
2843 5238 2906 5290 iis
2952 5238 3176 5290 ridentes
3217 5240 3473 5300 uiderunt,
3516 5250 3625 5294 etc.
3665 5254 3896 5295 senten-

2298 5307 2422 5359 tianl
2455 5307 2674 5381 respicit
2704 5307 3084 5381 versiculorum
3107 5312 3279 5381 octavi
3323 5320 3377 5363 et
3423 5310 3682 5380 lrigesimi
3724 5313 3894 5381 primi

2295 5389 2414 5446 cap.
2450 5393 2485 5430 tl
2526 5377 2590 5432 ad
2636 5376 2816 5442 lionl.,
2846 5380 3092 5446 quamvis
3135 5379 3299 5435 verba
3350 5376 3538 5435 mutet.
3572 5376 3897 5437 Item'illnd

2297 5445 2447 5501 Iulias
2477 5464 2548 5507 νι.
2574 5447 2661 5512 10,
2688 5465 2748 5501 ne
2778 5445 2909 5517 forte
2951 5449 3158 5503 videant
3196 5452 3358 5505 oculis
3383 5454 3492 5505 suis
3514 5492 3530 5517 ,
3584 5462 3630 5503 et
3674 5455 3899 5506 auribus

2299 5518 2406 5571 suis
2431 5518 2678 5591 audiant,-
2707 5519 2847 5586 quod
2878 5522 2930 5574 in
2953 5522 3448 5591 antiqua‘versione
3489 5523 3570 5578 sic
3620 5524 3899 5578 reddebas-

2304 5598 2388 5642 tur
2411 5605 2424 5643 :
2448 5600 2494 5644 et
2517 5590 2740 5643 ridentes
2771 5605 2871 5643 non
2894 5591 3122 5655 videant,
3149 5590 3197 5644 et
3224 5594 3485 5646 audientes
3512 5609 3612 5647 non
3640 5596 3899 5658 audiant,

2302 5670 2433 5731 etc.,
2464 5670 2521 5713 ut
2562 5660 2710 5713 disce
2738 5669 3064 5731 esrtractatu
3102 5662 3170 5715 de
3211 5665 3571 5718 anatbematis
3611 5664 3853 5719 Vincula
3876 5708 3895 5731 ,

2304 5730 2394 5805 ubi
2433 5732 2477 5805 is
2516 5744 2702 5805 versus
2731 5730 3249 5805 adducitur._Verhn
3285 5735 3331 5787 si
3365 5736 3411 5789 vi
3450 5734 3713 5805 imperiali
3741 5730 3900 5794 redit

2303 5800 2370 5855 ad
2400 5800 2602 5874 pluries
2630 5801 2791 5861 dicta.
2826 5802 2971 5859 SCIP.
3013 5803 3304 5865 Muretus.
