4090 6330
177 339 268 397 961

1377 343 1731 399 EI‘ISTOLJS
1773 346 1860 401 ET
1901 348 2238 412 DECRETA.

3341 361 3458 430 κε’

175 469 293 518 tum,
325 461 566 523 sequntur
586 461 642 508 ut
665 463 856 523 sponte
887 462 1136 526 tanquam
1162 454 1376 510 bonum.
1406 457 1594 513 Studio
1617 474 1745 530 ergo
1769 454 1830 526 A‘
1850 480 2079 535 nemque
2102 467 2336 536 ﬁrmare,
2356 479 2414 527 ut
2436 488 2602 545 magis
2630 489 2693 533 ac
2714 491 2880 550 magis
2902 476 3084 536 videar
3108 482 3462 553 inconstans,

173 560 222 607 et
244 556 384 607 voto.
413 557 466 601 et
486 547 776 612 voluntate,
808 559 856 605 et
882 549 1086 618 judicio
1108 551 1347 619 proprio,
1370 566 1474 604 non
1504 563 1750 616 coactus;

172 656 274 698 non
307 642 436 709 ergo
467 639 574 693 vim
609 641 828 709 patitur,
861 641 953 695 sed
985 652 1176 710 sponte
1217 642 1497 711 delinquit.
1531 643 1636 697 Sed
1667 645 1751 695 ob-

171 732 437 790 stinatione
468 741 654 795 vestra,
691 731 886 800 inquis,
915 734 967 785 in
1008 733 1293 803 periculum
1342 749 1549 786 causam
1600 735 1756 788 totius

171 824 411 880 Ecclesia:
441 820 723 877 adducitis.
776 822 832 877 Si
864 822 995 878 ﬁdes
1033 824 1446 894 communioque
1491 826 1756 881 catholica

170 913 483 980 custoditur,
518 913 570 967 in
602 913 900 982 periculum
943 915 1133 984 religio
1177 918 1340 982 venit,
1369 915 1454 969 vel
1483 917 1750 985 periclita-

170 1015 248 1059 tur
282 1005 505 1074 religio?
555 1005 702 1071 etsi,
753 1006 895 1075 quod
938 989 1106 1072 absit,
1161 1007 1293 1063 ﬁdes
1343 1009 1757 1079 communioque

167 1097 427 1151 catholica
461 1097 714 1160 violatur.
750 1098 803 1151 in
835 1099 1131 1167 periculum
1185 1099 1368 1169 religio
1399 1116 1506 1155 non
1537 1101 1756 1158 adduci-

167 1199 267 1251 tur,
296 1188 381 1242 vel
410 1188 558 1242 salva
593 1187 785 1257 religio
819 1190 940 1242 est?
962 1190 1120 1244 Absit
1147 1200 1202 1245 ut
1232 1191 1334 1247 hoc
1359 1195 1640 1265 quisquam
1668 1212 1756 1250 ca-

167 1281 394 1335 tholicus
422 1291 475 1334 et
505 1282 817 1352 apostolica:
843 1283 964 1338 ﬁdei
994 1284 1136 1340 filius
1163 1286 1324 1341 dicat.
1374 1288 1480 1345 Sed
1509 1291 1757 1361 apostoli-

165 1390 231 1426 (τε
257 1374 394 1428 sedis
415 1375 712 1445 dignitatem
736 1377 840 1430 ista
868 1379 1204 1434 obstinatione
1235 1383 1484 1437 minuitis.
1540 1384 1593 1439 Si
1624 1385 1755 1440 fides

164 1467 580 1538 communioque
606 1469 867 1525 catholica
892 1483 1160 1540 servatur,
1192 1475 1423 1546 dignitas
1458 1479 1600 1533 sedis
1624 1493 1755 1548 apo-

164 1559 365 1612 stolica!
418 1560 715 1615 minuitur?
761 1563 818 1616 Si
852 1562 942 1616 illa
983 1565 1232 1630 violatur,
1267 1568 1412 1623 sedis
1443 1571 1752 1638 apostolica:

162 1648 390 1717 dignitas
422 1652 646 1706 manet?
674 1652 827 1708 Absit
856 1664 910 1706 ut
942 1655 1043 1708 hoc
1064 1655 1406 1714 Christianus
1429 1661 1754 1716 catholicus-

169 1755 270 1809 que
292 1741 595 1810 depromat.
625 1744 681 1798 Si
710 1743 844 1798 ﬁdes
873 1746 1142 1802 catholica
1185 1758 1239 1803 et
1268 1753 1574 1806 communio
1603 1753 1752 1807 laedi-

1856 567 1908 612 et
1935 574 2068 612 mea:
2094 564 2391 618 contrarius
2417 580 2538 622 esse
2583 571 2903 626 sententias?
2946 572 3056 643 Ego
3087 575 3151 639 si,
3179 578 3323 646 quod
3350 581 3458 635 ab?

1855 649 1947 714 sit,
1973 651 2217 720 complex
2249 654 2373 707 mali
2403 670 2576 713 essem
2599 659 2841 728 eﬂectus,
2873 680 3012 719 nunc
3051 669 3294 723 remedio
3319 685 3443 741 ege-

1856 758 1994 806 rem,
2021 760 2127 799 non
2157 745 2454 802 remedium
2486 751 2878 821 ministrarem;
2916 767 2970 812 et
2996 760 3152 816 sedes
3183 762 3244 815 Β.
3273 763 3440 830 Petri,

1857 835 1996 904 quod
2027 836 2168 892 Deus
2199 852 2308 892 non
2332 840 2473 894 sinat
2504 840 2640 908 ﬁeri,
2673 845 2889 903 aliunde
2919 859 3146 917 peteret,
3174 868 3278 907 non
3305 869 3446 923 prae-

1858 927 2012 982 beret
2042 927 2159 997 ipsa
2192 929 2510 985 remedium.
2547 931 2742 1000 Quare,
2793 937 2916 1006 quia
2967 943 3289 998 sententiam
3327 946 3448 1000 tuli-

1860 1034 1979 1073 mus
2005 1019 2056 1074 in
2097 1020 2352 1076 Acacium
2393 1023 2777 1094 indignemini,
2809 1030 2951 1096 quod
2997 1033 3098 1087 nisi
3132 1034 3446 1093 fecissemus

1857 1110 2176 1166 catholicam
2216 1115 2650 1170 communionem
2697 1117 2766 1171 ab
2803 1117 3053 1176 bzeretica
3099 1134 3153 1177 et
3201 1125 3447 1184 damnata

1857 1205 2258 1272 communione,
2308 1207 2393 1261 cui
2444 1222 2502 1264 se
2540 1209 2627 1264 hic
2678 1210 2995 1279 miscuerat,
3047 1216 3340 1276 decernere
3395 1229 3450 1277 ct

1859 1299 2019 1362 tueri,
2049 1308 2101 1354 et
2145 1299 2451 1356 inviolatam
2494 1317 2715 1360 servare
2755 1306 3063 1364 nullatenus
3089 1319 3447 1379 poteramus?

1856 1389 1884 1428 ι’
1915 1391 2195 1456 Quomodo
2250 1408 2351 1448 nos
2390 1395 2709 1464 compellitis
2741 1438 2758 1464 ,
2817 1400 3007 1456 iterata
3052 1403 3450 1470 quodammodo

1856 1484 2242 1539 constitutione
2277 1530 2291 1555 ,
2342 1501 2462 1540 cum
2520 1491 2933 1560 exaggeratione
2987 1495 3448 1563 praevaricationis

1856 1577 2039 1632 Acacii
2082 1577 2282 1646 justam
2326 1578 2444 1634 sine
2493 1580 2656 1636 dubio
2699 1584 2915 1639 ﬁrmare
2967 1594 3022 1640 et
3068 1589 3449 1655 congeminare

1857 1671 2216 1724 sententiam?
2245 1670 2501 1742 Nunquid
2532 1673 2768 1731 Misenus
2797 1687 2851 1731 et
2874 1678 3060 1734 Vitalis
3087 1690 3337 1749 poterunt
3357 1699 3446 1740 re-

1855 1762 1980 1830 cipi,
2031 1762 2133 1817 nisi
2196 1763 2377 1820 dicant
2433 1766 2716 1822 anathema
2770 1767 2928 1824 Petro
2977 1771 3343 1829 Alexandrino
3394 1785 3448 1831 et

163 1844 264 1900 tur,
307 1835 610 1903 respublica
652 1837 904 1906 juvatur?
953 1849 1008 1894 et
1048 1840 1093 1894 si
1139 1839 1227 1895 illa
1269 1843 1415 1897 salva
1446 1816 1534 1907 En,
1567 1861 1741 1914 respu-

1857 1855 2110 1910 omnibus
2137 1857 2226 1926 qui
2255 1859 2305 1913 ei
2333 1867 2455 1928 post
2489 1860 2777 1917 anathema
2806 1864 3336 1921 communicaverunt
3365 1870 3444 1924 vel

158 1929 290 1983 blica
325 1929 575 1985 lteditur?
607 1931 760 1986 Absit
787 1942 846 1987 ut
873 1935 980 1988 hoc
1007 1933 1346 1990 Christianus
1374 1945 1430 1991 et
1458 1937 1752 1996 catholicus

157 2021 489 2091 proﬁteatur.
518 2022 573 2078 Si
602 2023 733 2079 ﬁdes
758 2025 1020 2080 catholica
1050 2035 1104 2080 et
1140 2029 1453 2083 communio
1483 2039 1748 2098 servetur,

155 2117 450 2186 imperator
494 2117 759 2172 laeditur?
805 2130 854 2173 et
899 2117 1007 2172 illis
1044 2120 1258 2175 violatis
1298 2121 1591 2192 imperator
1643 2140 1750 2179 non

154 2211 407 2266 laeditur?
446 2212 600 2270 Absit
633 2223 690 2267 ut
732 2213 832 2268 hoc
871 2215 1208 2271 Christianus
1237 2227 1293 2272 et
1319 2219 1616 2276 catholicus
1649 2221 1749 2276 im-

153 2311 373 2371 perator
403 2303 563 2370 dicat,
595 2305 675 2359 vel
699 2305 892 2375 aliquis
921 2306 1222 2364 catholicus
1251 2308 1585 2366 Christianus
1606 2311 1750 2367 dicat

151 2395 354 2450 debere
404 2379 558 2452 ﬁeri:
593 2397 696 2455 hoc
720 2407 802 2453 est
848 2398 968 2453 ltedi
1008 2398 1168 2455 ﬁdem
1205 2411 1258 2455 et
1311 2403 1746 2460 communionem

149 2488 337 2544 deberi
362 2488 703 2552 catholicam,
735 2505 802 2544 ne
824 2489 1116 2559 imperator
1139 2491 1384 2557 ltedatur,
1417 2494 1539 2563 quia
1566 2495 1611 2550 si
1633 2511 1748 2551 ser-

148 2592 304 2639 vetur
352 2582 483 2637 fides
525 2581 790 2638 catholica
835 2593 995 2652 atque
1043 2587 1390 2650 communio,
1453 2588 1746 2657 imperator

148 2679 400 2734 laedatur.
427 2679 534 2734 Nos
565 2680 944 2749 imperatorem
969 2691 1175 2736 tantum
1206 2699 1472 2750 amamus,
1499 2696 1559 2742 ut
1598 2689 1734 2742 veli-

145 2786 265 2826 mus
297 2786 423 2826 eum
449 2770 625 2826 facere
654 2772 797 2841 quod
828 2787 925 2841 pro
964 2774 1134 2829 salute
1162 2774 1328 2843 ipsius
1354 2778 1445 2842 sit,
1475 2777 1615 2846 quod
1649 2794 1745 2846 pro

145 2861 355 2929 anima,
390 2877 486 2930 pro
512 2863 840 2917 conscientia
870 2864 1037 2931 ipsius
1060 2874 1164 2919 est.
1217 2874 1244 2903 ι
1278 2867 1626 2922 Pontiﬁcibus
1653 2884 1744 2923 ca-

145 2953 368 3009 tholicis
418 2955 629 3010 etiamsi
673 2970 794 3026 quae
833 2957 1125 3025 probatur,
1174 2960 1446 3020 relaxetur
1494 2961 1743 3028 oﬁ’ensa;

146 3046 320 3115 ipsius
367 3057 479 3113 est,
521 3048 663 3118 quod
698 3049 1065 3115 conscientia,
1100 3052 1243 3121 quod
1283 3054 1475 3108 animm
1517 3070 1650 3120 suze,
1692 3065 1747 3110 et

141 3137 310 3191 saluti
343 3139 444 3193 scit
470 3139 749 3208 prodesse,
785 3140 962 3196 facere
997 3155 1011 3194 :
1045 3143 1089 3196 si
1126 3157 1232 3198 non
1260 3145 1394 3210 vult,
1425 3161 1544 3215 quae
1573 3147 1625 3200 in
1663 3148 1745 3201 his

1855 1947 2302 2003 communicant?
2342 1950 2680 2006 Damnabunt
2727 1967 2856 2022 ergo
2888 1955 3042 2011 nobis
3071 1956 3449 2016 deﬁnientibus

1857 2041 2045 2096 iterum
2085 2041 2182 2111 ipsi
2220 2053 2617 2111 consequenter
2660 2045 2935 2101 Acacium.
2991 2048 3271 2116 Quomodo
3318 2067 3448 2121 ergo

1854 2147 1976 2187 eum
2007 2134 2166 2188 vultis
2195 2134 2519 2190 absolvere?
2547 2147 2619 2192 An
2670 2152 2834 2206 grave
2865 2139 3074 2195 videtur
3102 2143 3266 2198 semel
3299 2144 3449 2198 dam-

1856 2227 2036 2273 natum
2071 2219 2320 2275 Acacium
2342 2262 2357 2287 ,
2396 2229 2450 2275 et
2493 2221 2574 2276 bis
2611 2223 2922 2279 damnatum
2966 2241 3070 2280 non
3103 2229 3205 2282 erit
3240 2231 3448 2298 grave?

1853 2325 1921 2364 an
1979 2312 2140 2365 vultis
2171 2310 2282 2365 sive
2327 2328 2421 2381 per
2466 2329 2560 2368 vos
2587 2357 2600 2381 ,
2648 2317 2761 2370 sive
2802 2331 2898 2384 per
2943 2333 3042 2372 nos
3095 2319 3263 2374 videri
3291 2363 3305 2385 ,
3358 2321 3442 2378 vel

1854 2403 1959 2458 dici
1991 2404 2172 2460 sedem
2203 2407 2550 2473 apostolicam
2580 2408 2998 2465 circumventam
3028 2411 3227 2468 fuisse?
3253 2425 3275 2452 ε
3309 2415 3445 2472 Ecce

1857 2495 2203 2565 poposcimus
2261 2513 2404 2563 vos;
2459 2513 2583 2554 ecce
2629 2501 2964 2570 scripsistis;
3016 2518 3142 2559 ecce
3201 2522 3304 2560 non
3362 2508 3444 2562 di-

1866 2598 2061 2658 gnatus
2087 2601 2169 2645 est
2202 2592 2288 2645 ille
2326 2593 2623 2648 rescribere
2656 2635 2671 2658 ,
2724 2610 2822 2649 nec
2872 2596 3023 2650 vobis
3055 2638 3070 2662 ,
3121 2613 3220 2654 nec
3265 2600 3436 2657 mihi:

1862 2682 2054 2736 videtis
2117 2682 2442 2736 obstinatam
2509 2685 2801 2752 perniciem
2859 2688 3134 2754 pravitatis
3181 2705 3195 2742 :
3254 2707 3434 2748 nonne

1852 2780 1906 2825 et
1972 2782 2188 2840 propter
2236 2772 2555 2850 religionem
2588 2814 2603 2837 ,
2653 2783 2707 2828 et
2759 2786 2977 2845 propter
3032 2778 3280 2844 injuriam
3340 2795 3435 2836 ve-

1852 2873 2016 2919 stram
2044 2863 2255 2919 debetis
2304 2867 2584 2920 unanimes
2613 2879 2732 2922 esse
2781 2869 3103 2922 nobiscum?
3144 2868 3310 2924 Dicite
3340 2888 3434 2925 no-

1851 2959 1944 3022 bis,
1974 2959 2257 3027 inquiunt,
2291 2967 2460 3010 utrum
2493 2958 2712 3012 Vitalent
2765 2968 2812 3011 et
2858 2958 3116 3014 Misenum
3147 2962 3433 3016 absoluturi

1849 3049 1980 3115 sitis,
2007 3067 2075 3104 an
2102 3067 2223 3103 non.
2256 3050 2661 3119 Respondemus
2687 3062 2740 3106 et
2768 3052 3059 3121 quaerimus
3089 3064 3143 3108 et
3165 3070 3264 3109 nos
3283 3068 3313 3108 a
3336 3071 3434 3111 vo-

1855 3142 1960 3205 bis,
1989 3153 2164 3197 utruni
2197 3157 2291 3197 eos
2318 3143 2468 3197 salva
2501 3143 2628 3207 ﬁde,
2659 3150 2713 3197 et
2740 3144 3118 3200 communione
3155 3131 3440 3213 catholica,

142 3240 272 3285 sunt
305 3229 455 3283 utilia
492 3230 695 3298 facere,
725 3223 1077 3300 ipse‘viderit.
1122 3232 1228 3290 Nos
1267 3244 1322 3290 et
1358 3214 1498 3306 apud
1551 3236 1739 3305 Deum,
1771 3214 1819 3279 (ἶ
1848 3244 1904 3289 et
1935 3235 2077 3289 sedis
2105 3235 2410 3303 apostolica:
2440 3237 2742 3289 reverentia
2766 3235 2969 3289 absolvi
2999 3236 3195 3301 velitis,
3221 3252 3288 3292 an
3310 3253 3439 3294 non.

139 3333 194 3378 et
225 3323 375 3393 apud
404 3324 650 3399 homines
674 3325 905 3381 absoluti
937 3340 1153 3392 sumus;
1184 3343 1307 3383 nam
1336 3329 1380 3384 si
1403 3330 1542 3399 apud
1574 3330 1741 3386 Deum

139 3418 316 3469 etiam
371 3393 467 3484 pro
512 3415 815 3471 criminosis
861 3418 1188 3475 intervenire
1239 3420 1519 3491 pontiﬁces
1561 3423 1737 3491 decet,

137 3515 360 3575 quanto
379 3507 519 3574 apud
550 3506 716 3560 Deum
759 3509 928 3578 magis
956 3512 1363 3567 convenientius
1404 3521 1488 3568 est
1526 3528 1622 3581 pro
1658 3529 1744 3586 sa-

135 3604 464 3661 cerdotibus
511 3605 836 3660 intervenire
887 3606 1199 3675 pontiﬁces?
1237 3609 1292 3663 Si
1329 3624 1426 3677 pro
1471 3610 1747 3678 sacrilegis

133 3701 262 3769 ipse
298 3697 608 3762 intervenit,
637 3707 838 3767 quanto
870 3700 1040 3769 magis
1063 3715 1160 3769 pro
1188 3701 1253 3754 iis
1279 3716 1378 3756 nos
1411 3702 1742 3757 intervenire

133 3789 408 3847 convenit
454 3791 575 3859 qui,
613 3791 751 3845 sicut
783 3791 934 3860 dicit,
980 3806 1104 3847 eum
1139 3794 1418 3851 lteserunt.
1468 3794 1607 3862 Quid
1657 3809 1744 3850 me

133 3882 316 3938 vultis
344 3896 667 3952 exaggerare
697 3882 1192 3951 pmvaricationem
1221 3885 1422 3950 Acacii,
1453 3886 1747 3942 damnatio-

150 4030 155 4034 ’
212 4049 242 4076 ι
277 4035 543 4109 Offensus,
574 4051 693 4106 qua;
723 4036 1000 4109 catholicis
1036 4037 1303 4107 episcopis
1333 4038 1736 4109 imputabantur
1783 4022 1816 4033 ⁷

134 4109 380 4180 epistola
417 4109 481 4161 ad
510 4108 796 4180 Dardania:
824 4108 1107 4177 episcopos
1134 4110 1370 4178 explicat
1394 4108 1420 4169 ,⁷
1451 4110 1557 4180 Sed
1588 4121 1693 4164 esto
1718 4126 1734 4165 :

134 4178 438 4238 Calendion
501 4179 826 4246 imperatoris
886 4195 1064 4233 nomen
1145 4181 1450 4243 abstulerit;
1508 4178 1736 4235 Joannes

135 4250 655 4322 Principimentitus
693 4251 851 4318 fuisse
895 4253 1142 4322 jartetur.
1189 4251 1556 4321 lnterrogandi
1589 4262 1734 4321 nota,

133 4339 263 4391 qua:
290 4336 361 4375 eo
394 4320 493 4374 loci
528 4320 578 4374 in
608 4322 842 4376 editione
887 4320 1165 4376 Labbeana
1205 4320 1571 4391 subsequitur,
1614 4320 1739 4378 sen-

135 4409 263 4448 sum
301 4392 550 4456 invertit,
584 4407 755 4460 neque
777 4392 919 4446 enim
951 4403 1110 4462 negat
1139 4392 1196 4447 S.
1231 4392 1492 4462 pontifex,
1523 4395 1614 4448 sed
1648 4395 1731 4447 af-

135 4467 352 4530 firmat,
385 4462 455 4516 ob
486 4477 650 4516 novas
671 4477 858 4517 causas
879 4463 1270 4520 discussionem
1299 4478 1494 4518 novam
1527 4465 1730 4520 institui

132 4534 424 4589 debuisse.
449 4534 590 4588 Sorr.
622 4534 914 4587 MAFFEIUS.

207 4603 248 4683 ιι-
272 4603 601 4683 Aggredi‘tur
626 4605 765 4683 quod
789 4606 954 4683 paqu
983 4615 1107 4660 ante
1147 4606 1311 4674 cmpit
1352 4608 1612 4683 attingere
1654 4608 1728 4683 iis

131 4676 350 4739 verbis,
385 4674 520 4746 Quid
551 4691 629 4727 me
675 4674 1202 4746 uultisexaggemre,
1249 4687 1352 4730 ctc.
1377 4692 1391 4737 ;
1421 4674 1513 4732 sed
1545 4677 1724 4733 statim

133 4747 399 4799 familiari
427 4745 699 4799 luxatione
747 4745 1066 4813 quibusdam
1125 4746 1420 4813 interjectis
1465 4748 1725 4804 deseruit.

132 4816 426 4872 lnstabant
448 4814 619 4868 Graeci
664 4825 718 4869 ut
747 4816 901 4883 legati
945 4831 1158 4886 quoque
1192 4816 1380 4871 Vitalis
1408 4828 1462 4871 et
1495 4819 1729 4874 Misenus

129 4887 574 4941 absolverentur.
608 4886 913 4956 Respondet
959 4887 1104 4940 Felix
1147 4887 1538 4954 absolutionem
1599 4891 1730 4944 isto-

131 4974 256 5012 rum
293 4957 416 5011 sine
455 4957 736 5012 iteratione
780 4957 1140 5012 damnationis
1172 4957 1350 5013 Acacii
1381 4957 1592 5014 decerni
1623 4975 1728 5016 non

129 5044 330 5096 posse,
355 5038 408 5082 et
436 5041 528 5082 eas
553 5027 935 5095 postulationes
968 5043 1201 5096 pugnare
1227 5027 1458 5084 ostendit
1481 5030 1621 5085 inter
1645 5048 1726 5098 se,

125 5117 197 5152 an
230 5101 373 5152 enim
395 5114 545 5166 graue
567 5100 761 5152 videtur
778 5099 931 5152 semel
959 5099 1261 5152 damnatum
1285 5101 1547 5163 Acacium,
1574 5112 1619 5155 et
1654 5103 1728 5156 bis

127 5171 444 5241 daninatum
476 5185 576 5222 non
597 5170 691 5223 erit
730 5172 916 5238 grave?
949 5169 1044 5224 llic
1074 5185 1225 5241 vero
1267 5170 1470 5241 liquido
1495 5181 1726 5236 constat,

126 5239 285 5311 quod
318 5248 373 5294 et
419 5241 554 5311 intra
601 5242 768 5309 magis
799 5241 1019 5310 patebit,
1052 5239 1337 5310 deceptum
1382 5257 1502 5297 esse
1544 5247 1726 5311 procul

125 5310 308 5365 dubio
331 5311 394 5363 ν.
423 5311 485 5364 C.
515 5310 800 5366 llenrieum
847 5311 1139 5376 V'alesium,
1174 5313 1262 5381 qui
1296 5313 1346 5365 in
1393 5310 1728 5368 observatio-

125 5382 302 5454 nibus
343 5382 411 5434 ad
439 5381 743 5454 Evagriuni,
777 5381 866 5437 lib.
904 5398 958 5444 ll,
993 5383 1246 5454 Acacium
1273 5398 1302 5435 a
1329 5382 1538 5437 duabus
1572 5400 1728 5454 syuo~

122 5454 212 5505 dis
245 5452 560 5506 damnatum
592 5452 819 5520 probare
848 5452 1143 5518 contendit,
1173 5453 1417 5507 laudatus
1446 5469 1475 5505 a
1516 5455 1584 5509 cl.
1605 5452 1726 5507 Ῥα-

120 5525 218 5591 gio
244 5523 344 5589 (ad
365 5540 453 5575 an.
477 5521 602 5586 484,
630 5522 780 5591 485),
804 5523 893 5590 qui
919 5522 1113 5592 pariter
1143 5523 1225 5577 bis
1252 5523 1560 5578 damnatum
1593 5540 1718 5579 ceu-

119 5601 233 5647 set.
307 5592 670 5646 Fundamenta
729 5594 921 5661 quibus
967 5593 1208 5647 nituntur
1262 5594 1371 5647 duo
1419 5596 1717 5662 prmsertim

118 5672 258 5716 sunt
290 5679 302 5714 :
339 5663 559 5716 alterum
588 5664 796 5718 scilicet
818 5664 1066 5730 synodica
1106 5663 1170 5716 ad
1203 5664 1428 5718 clericos
1451 5674 1504 5719 et
1537 5681 1720 5720 mona-

116 5735 263 5787 chos
299 5731 621 5799 Orientales,
651 5750 768 5803 quze
798 5735 946 5803 plura
978 5748 1106 5788 sane
1140 5734 1430 5803 incongrua
1455 5737 1718 5801 continet,

115 5819 226 5862 nec
285 5806 344 5860 iu
375 5813 558 5861 nostro
603 5806 785 5863 codice
820 5814 1039 5878 apparet
1067 5820 1157 5878 es
1207 5806 1599 5878 pertinentibus
1655 5808 1722 5866 ad

1754 4663 1808 4724 Ι)
1831 4663 2001 4730 neu-sis
2032 4671 2235 4727 concilii
2261 4688 2352 4738 pro
2379 4670 2479 4736 ﬁde
2507 4663 2754 4721 catholica
2793 4663 2917 4721 tunc

1847 3328 1901 3383 Si
1932 3328 2096 3383 salvis
2123 3327 2226 3381 illis
2257 3343 2362 3381 non
2389 3327 2572 3393 vultis,
2606 3343 2711 3382 non
2749 3342 2843 3382 eos
2875 3328 2976 3382 hoc
3007 3329 3168 3384 modo
3207 3330 3290 3385 vel
3341 3331 3439 3386 hu~

1844 3419 2077 3490 jusmodi
2109 3420 2316 3474 ratione
2335 3419 2628 3474 salvemus.
2677 3415 2781 3474 Sed
2808 3421 3134 3488 promisistis,
3169 3422 3434 3492 inquiunt.

1848 3515 1997 3580 Quod
2033 3514 2249 3583 promisi
2282 3514 2513 3581 legitur;
2548 3513 2649 3567 hoc
2676 3526 2815 3568 nunc
2862 3514 3085 3578 implere
3115 3517 3384 3570 contendo
3417 3535 3434 3572 :

1850 3608 2069 3678 proinisi
2097 3608 2240 3661 enim
2265 3604 2687 3660 deliberaturum
2730 3606 3002 3673 quomodo
3046 3607 3192 3672 juste
3224 3608 3437 3664 videan-

1852 3709 1936 3753 tur
1980 3698 2216 3759 absolvi;
2249 3696 2350 3750 h'oc
2379 3697 2539 3750 etiam
2583 3709 2722 3750 nunc
2770 3696 2886 3750 sine
2935 3695 3268 3752 dubitatione
3313 3712 3436 3763 pro-

1816 3805 1830 3814 ·
1852 3795 2027 3847 mitto.
2057 3791 2259 3845 Scitote
2285 3805 2413 3856 ergo
2442 3788 2880 3844 delib‘eratidnem
2914 3798 3152 3844 nostram
3184 3791 3253 3846 ad
3291 3791 3434 3847 hunc

1855 3886 2072 3941 modum
2099 3897 2218 3939 esse
2254 3880 2599 3953 perductam;
2642 3879 2670 3918 ά
2700 3882 2822 3950 quia
2870 3877 3000 3937 istos
3020 3883 3301 3940 absolvere
3328 3899 3434 3940 non

1848 4037 2031 4093 Acacii
2058 4049 2272 4091 causam
2303 4031 2599 4101 praecipuas
2645 4042 2994 4098 recensente;
3037 4044 3091 4088 et
3122 4051 3239 4104 qua:
3277 4038 3321 4092 si
3351 4054 3434 4095 re-

1845 4120 1930 4164 cte
1976 4107 2336 4174 expendatur,
2367 4105 2610 4157 iteratam
2652 4105 2832 4157 Acacii
2864 4105 3262 4162 damnationem
3307 4112 3430 4165 nul-

1844 4180 1949 4233 lam
1995 4177 2197 4247 profert
2238 4195 2266 4247 τί
2300 4178 2527 4247 alterum
2577 4190 2644 4228 ex
2693 4174 2758 4247 iis
2802 4175 2981 4229 verbis
3031 4177 3329 4234 desumitur
3378 4184 3431 4237 in

1841 4245 2067 4317 epistula
2119 4249 2184 4302 ad
2231 4246 2635 4310 Vetranionem,
2686 4245 2870 4299 iterata
2914 4251 3434 4308 excommunicationi:

1842 4322 2082 4392 depulsus
2106 4330 2183 4392 est
2209 4333 2377 4392 :_qu:n
2408 4327 2593 4392 tamen
2611 4317 2947 4392 l'acilliiiie‘et
2960 4319 3258 4392 plicantur;
3288 4334 3432 4388 post-

1840 4387 2174 4462 quamcniin
2226 4388 2433 4462 dixerat
2482 4387 2632 4443 Felix
2677 4402 2706 4440 a
2746 4387 3171 4444 Chalcedone-nsi
3221 4387 3430 4462 synodo

1839 4458 2206 4533 Eutychianos
2255 4458 2574 4521 damnatos,
2601 4467 2676 4533 _et
2729 4471 3122 4533 consequenter
3150 4458 3429 4528 Acacium,

1835 4530 2016 4589 subdit
2048 4550 2062 4585 :
2089 4533 2223 4584 unde
2253 4534 2432 4582 merito
2466 4530 2740 4595 prtedictus
2770 4531 2988 4583 Aeacius
3019 4532 3330 4597 Apostoltca:
3352 4550 3432 4587 se-

1835 4606 1937 4668 dis,
1969 4621 2084 4671 qua:
2113 4619 2246 4655 nth
2278 4602 2559 4654 exsecutrix
2592 4601 2767 4676 utique
2799 4615 2934 4667 stupe
2964 4601 3088 4653 dicti
3138 4601 3432 4655 Clialcedo:

1835 4675 2001 4723 "ensis
2032 4671 2235 4723 concilii
2263 4688 2352 4723 nro
2380 4670 2479 4723 [ide
2507 4668 2754 4721 catholica
2793 4679 2917 4721 tunc
2956 4672 3157 4723 probati
3189 4688 3288 4722 non
3339 4673 3426 4723 de-

2955 4680 3155 4738 prohatt
3189 4688 3288 4722 non
3339 4680 3426 4726 de-

1835 4747 1954 4813 fuit,
2008 4749 2187 4798 iterata
2243 4741 2770 4813 excbmmunicatione
2813 4739 3054 4813 depulsus
3092 4748 3186 4793 est.
3221 4741 3428 4813 ⁸Ιῖοιηεπιξ

1835 4808 2098 4884 siquidem
2130 4812 2491 4884 Chalcedonis
2540 4808 2804 4884 sententia
2849 4811 3036 4884 iterata
3066 4821 3170 4884 est.
3218 4811 3273 4864 In
3302 4814 3430 4868 sub-
3508 4835 3523 4849 -

1833 4878 2183 4956 sequentibus
2213 4883 2404 4956 verbis
2413 4881 2551 4956 loco
2563 4878 2855 4956 reddamus
2896 4882 3025 4956 lege?
3044 4881 3340 4956 reddantur,
3370 4892 3427 4938 et

1836 4950 2114 5027 ina'rginali
2135 4952 2348 5027 notmin
2388 4950 2643 5027 tionciliis
2673 4952 2932 5027 apposita:
2963 4953 3429 5027 adde‘nunctquai

1833 5019 2249 5098 sancuparticula
2280 5023 2366 5078 hic
2390 5023 2494 5077 loci
2523 5020 2627 5076 noni
2657 5019 2843 5090 parum
2892 5022 3082 5078 refert.
3111 5023 3253 5078 SCIP.
3287 5019 3427 5078 litar-

1836 5114 2004 5153 FEIUS.

1912 5181 1933 5206 ο
1971 5170 2094 5223 Ηωε
2127 5182 2288 5238 prave
2319 5164 2632 5238 interposita
2662 5167 2929 5238 suspicor,
2990 5179 3110 5218 cum
3167 5164 3274 5238 alio
3305 5181 3427 5238 spe-

1833 5249 1995 5295 ctent.
2042 5235 2342 5295 Orientales
2374 5236 2588 5306 quidam
2619 5235 2878 5303 episcopi,
2915 5251 2942 5286 a
2998 5251 3210 5289 summo
3245 5235 3427 5291 Ponti-

1834 5314 1932 5366 tice
1966 5312 2200 5380 impulsi,
2254 5308 2500 5362 videntur
2548 5307 2802 5380 Acacium
2864 5321 2957 5380 per
2989 5308 3198 5380 litteras
3241 5306 3426 5360 adnuo-

1834 5375 2193 5448 nuissefQua'
2213 5381 2406 5448 legitur
2437 5392 2526 5430 nec
2551 5376 2689 5429 vobis
2716 5392 2805 5428 nec
2831 5375 2973 5448 mihi,
3005 5385 3089 5430 est
3120 5378 3169 5429 iu
3198 5391 3300 5432 ms.
3337 5394 3426 5448 nec

1832 5454 1968 5505 vobis
1994 5446 2212 5522 nec'regi
2239 5446 2427 5522 {nulla
2457 5461 2773 5522 veroquam
2822 5447 3030 5522 videam
3085 5462 3189 5501 non
3244 5446 3423 5522 inepta

1833 5517 2204 5589 interpretatio
2260 5520 2543 5576 lectionem
2596 5517 2737 5572 illam
2797 5518 2931 5573 tueri
2992 5527 3220 5588 poterat.
3273 5521 3416 5578 Sen».

1833 5594 2126 5647 ΜΛΝ-ειυς.
2658 5659 2663 5660 ί
2967 5659 2974 5660 γ
3373 5657 3378 5660 _

1903 5663 1930 5700 ἀ
1956 5665 2090 5717 Cum
2145 5676 2297 5718 meus
2329 5660 2490 5716 fuerit
2520 5659 2912 5714 absolutionem
2965 5659 3256 5729 legatorum
3309 5659 3424 5714 uni-

1835 5735 2027 5789 versali
2066 5735 2324 5789 Ecclesia:
2356 5730 2729 5798 tranquillitati
2763 5732 3106 5799 conjungere,
3138 5746 3241 5785 non
3271 5731 3422 5786 aliter

1836 5822 2020 5866 eorum
2051 5807 2373 5867 sententiam
2400 5811 2778 5874 separatorum
2833 5817 2953 5860 esse
2982 5818 3039 5858 se
3086 5817 3146 5858 ac
3179 5802 3421 5872 premis-
