  <div class='ocr_page' id='page_1' title='image "/cluster/home/n/w/nwhite01/storage/ocr_20150623/58/hvd.32044015706401/487.png"; bbox 0 0 4090 6330; ppageno 0'>
   <div class='ocr_carea' id='block_1_1' title="bbox 1965 306 2581 369">
    <p class='ocr_par' dir='ltr' id='par_1_1' title="bbox 1965 306 2581 369">
     <span class='ocr_line' id='line_1_1' title="bbox 1965 306 2581 369; baseline -0.011 0"><span class='ocrx_word' id='word_1_1' title='bbox 1965 308 2234 369; x_wconf 65' lang='grc' dir='ltr'><strong>νειιοιε</strong></span> <span class='ocrx_word' id='word_1_2' title='bbox 2270 306 2476 367; x_wconf 70' lang='grc' dir='ltr'><strong>ΡΔΡᾸΞ</strong></span> <span class='ocrx_word' id='word_1_3' title='bbox 2516 306 2581 363; x_wconf 77' lang='lat' dir='ltr'><strong>ill</strong></span> 
     </span>
    </p>
   </div>
   <div class='ocr_carea' id='block_1_2' title="bbox 3845 315 3942 381">
    <p class='ocr_par' dir='ltr' id='par_1_2' title="bbox 3845 315 3942 381">
     <span class='ocr_line' id='line_1_2' title="bbox 3845 315 3942 381; baseline 0 -7"><span class='ocrx_word' id='word_1_4' title='bbox 3845 315 3942 381; x_wconf 62' lang='lat'><strong>9,66</strong></span> 
     </span>
    </p>
   </div>
   <div class='ocr_carea' id='block_1_3' title="bbox 586 424 3942 502">
    <p class='ocr_par' dir='ltr' id='par_1_3' title="bbox 586 424 3942 502">
     <span class='ocr_line' id='line_1_3' title="bbox 586 424 3942 502; baseline 0.002 -18"><span class='ocrx_word' id='word_1_5' title='bbox 586 436 593 443; x_wconf 84' lang='lat'><strong>‘</strong></span> <span class='ocrx_word' id='word_1_6' title='bbox 648 434 920 502; x_wconf 65' lang='grc' dir='ltr'><strong>ηιωι,</strong></span> <span class='ocrx_word' id='word_1_7' title='bbox 947 431 1053 491; x_wconf 73' lang='grc' dir='ltr'><strong>ιιὴὶ</strong></span> <span class='ocrx_word' id='word_1_8' title='bbox 1077 438 1139 489; x_wconf 83' lang='lat' dir='ltr'><strong>ut</strong></span> <span class='ocrx_word' id='word_1_9' title='bbox 1174 429 1327 501; x_wconf 65' lang='lat' dir='ltr'><strong>iuste</strong></span> <span class='ocrx_word' id='word_1_10' title='bbox 1371 434 1557 491; x_wconf 81' lang='lat' dir='ltr'><strong>nostra</strong></span> <span class='ocrx_word' id='word_1_11' title='bbox 1578 424 1855 484; x_wconf 84' lang='lat' dir='ltr'><strong>sententia</strong></span> <span class='ocrx_word' id='word_1_12' title='bbox 1872 434 2002 482; x_wconf 98' lang='lat' dir='ltr'><strong>ante</strong></span> <span class='ocrx_word' id='word_1_13' title='bbox 2035 434 2249 497; x_wconf 82' lang='lat' dir='ltr'><strong>tempus</strong></span> <span class='ocrx_word' id='word_1_14' title='bbox 2273 424 2329 491; x_wconf 75' lang='grc' dir='ltr'><strong>Α</strong></span> <span class='ocrx_word' id='word_1_15' title='bbox 2352 424 2639 480; x_wconf 68' lang='lat' dir='ltr'><strong>sententia:</strong></span> <span class='ocrx_word' id='word_1_16' title='bbox 2661 425 2997 482; x_wconf 73' lang='lat' dir='ltr'><strong>resolutione</strong></span> <span class='ocrx_word' id='word_1_17' title='bbox 3023 432 3253 484; x_wconf 88' lang='lat' dir='ltr'><strong>tractare</strong></span> <span class='ocrx_word' id='word_1_18' title='bbox 3286 444 3302 483; x_wconf 89' lang='lat'><strong>:</strong></span> <span class='ocrx_word' id='word_1_19' title='bbox 3349 441 3473 485; x_wconf 89' lang='lat' dir='ltr'><strong>eum</strong></span> <span class='ocrx_word' id='word_1_20' title='bbox 3509 443 3632 487; x_wconf 87' lang='lat' dir='ltr'><strong>eam</strong></span> <span class='ocrx_word' id='word_1_21' title='bbox 3676 431 3942 501; x_wconf 84' lang='lat' dir='ltr'><strong>geminata</strong></span> 
     </span>
    </p>
   </div>
   <div class='ocr_carea' id='block_1_4' title="bbox 654 520 2251 591">
    <p class='ocr_par' dir='ltr' id='par_1_4' title="bbox 654 520 2251 591">
     <span class='ocr_line' id='line_1_4' title="bbox 654 520 2251 591; baseline -0.006 -7"><span class='ocrx_word' id='word_1_22' title='bbox 654 527 901 584; x_wconf 88' lang='lat' dir='ltr'><strong>videatur</strong></span> <span class='ocrx_word' id='word_1_23' title='bbox 926 539 1049 582; x_wconf 86' lang='lat' dir='ltr'><strong>esse</strong></span> <span class='ocrx_word' id='word_1_24' title='bbox 1075 525 1269 589; x_wconf 82' lang='lat' dir='ltr'><strong>laxata,</strong></span> <span class='ocrx_word' id='word_1_25' title='bbox 1294 522 1400 579; x_wconf 88' lang='lat' dir='ltr'><strong>nisi</strong></span> <span class='ocrx_word' id='word_1_26' title='bbox 1428 536 1527 579; x_wconf 86' lang='lat' dir='ltr'><strong>eos</strong></span> <span class='ocrx_word' id='word_1_27' title='bbox 1545 535 1916 577; x_wconf 84' lang='lat' dir='ltr'><strong>exoneremus</strong></span> <span class='ocrx_word' id='word_1_28' title='bbox 1936 520 2251 591; x_wconf 72' lang='lat' dir='ltr'><strong>pracvarica-</strong></span> 
     </span>
    </p>
   </div>
   <div class='ocr_carea' id='block_1_5' title="bbox 651 615 2249 689">
    <p class='ocr_par' dir='ltr' id='par_1_5' title="bbox 651 615 2249 689">
     <span class='ocr_line' id='line_1_5' title="bbox 651 615 2249 689; baseline -0.005 -12"><span class='ocrx_word' id='word_1_29' title='bbox 651 621 817 677; x_wconf 90' lang='lat' dir='ltr'><strong>tionis</strong></span> <span class='ocrx_word' id='word_1_30' title='bbox 844 619 1102 689; x_wconf 88' lang='lat' dir='ltr'><strong>pondere,</strong></span> <span class='ocrx_word' id='word_1_31' title='bbox 1135 617 1598 687; x_wconf 82' lang='lat' dir='ltr'><strong>curabiiioresque</strong></span> <span class='ocrx_word' id='word_1_32' title='bbox 1639 616 1952 681; x_wconf 84' lang='lat' dir='ltr'><strong>reddamus,</strong></span> <span class='ocrx_word' id='word_1_33' title='bbox 1997 615 2249 684; x_wconf 77' lang='lat' dir='ltr'><strong>dignum-</strong></span> 
     </span>
    </p>
   </div>
   <div class='ocr_carea' id='block_1_6' title="bbox 651 708 2251 785">
    <p class='ocr_par' dir='ltr' id='par_1_6' title="bbox 651 708 2251 785">
     <span class='ocr_line' id='line_1_6' title="bbox 651 708 2251 785; baseline -0.006 -16"><span class='ocrx_word' id='word_1_34' title='bbox 651 726 759 785; x_wconf 85' lang='lat' dir='ltr'><strong>que</strong></span> <span class='ocrx_word' id='word_1_35' title='bbox 785 712 858 767; x_wconf 86' lang='lat' dir='ltr'><strong>sit</strong></span> <span class='ocrx_word' id='word_1_36' title='bbox 886 720 1125 769; x_wconf 86' lang='lat' dir='ltr'><strong>nostram</strong></span> <span class='ocrx_word' id='word_1_37' title='bbox 1170 709 1222 765; x_wconf 90' lang='lat' dir='ltr'><strong>in</strong></span> <span class='ocrx_word' id='word_1_38' title='bbox 1273 723 1371 765; x_wconf 90' lang='lat' dir='ltr'><strong>eos</strong></span> <span class='ocrx_word' id='word_1_39' title='bbox 1393 709 1688 779; x_wconf 88' lang='lat' dir='ltr'><strong>anticipare</strong></span> <span class='ocrx_word' id='word_1_40' title='bbox 1730 708 2081 773; x_wconf 85' lang='lat' dir='ltr'><strong>sententiam,</strong></span> <span class='ocrx_word' id='word_1_41' title='bbox 2111 719 2251 777; x_wconf 83' lang='lat' dir='ltr'><strong>quos</strong></span> 
     </span>
    </p>
   </div>
   <div class='ocr_carea' id='block_1_7' title="bbox 649 797 2251 872">
    <p class='ocr_par' dir='ltr' id='par_1_7' title="bbox 649 797 2251 872">
     <span class='ocr_line' id='line_1_7' title="bbox 649 797 2251 872; baseline -0.004 -13"><span class='ocrx_word' id='word_1_42' title='bbox 649 802 877 859; x_wconf 87' lang='lat' dir='ltr'><strong>minoris</strong></span> <span class='ocrx_word' id='word_1_43' title='bbox 898 803 1066 872; x_wconf 73' lang='lat' dir='ltr'><strong>culpa:</strong></span> <span class='ocrx_word' id='word_1_44' title='bbox 1093 800 1499 871; x_wconf 81' lang='lat' dir='ltr'><strong>probaverimus</strong></span> <span class='ocrx_word' id='word_1_45' title='bbox 1524 799 1777 855; x_wconf 80' lang='lat' dir='ltr'><strong>inventos</strong></span> <span class='ocrx_word' id='word_1_46' title='bbox 1806 816 1819 853; x_wconf 87' lang='lat'><strong>:</strong></span> <span class='ocrx_word' id='word_1_47' title='bbox 1850 797 2093 867; x_wconf 85' lang='lat' dir='ltr'><strong>satisque</strong></span> <span class='ocrx_word' id='word_1_48' title='bbox 2122 810 2251 853; x_wconf 86' lang='lat' dir='ltr'><strong>esse</strong></span> 
     </span>
    </p>
   </div>
   <div class='ocr_carea' id='block_1_8' title="bbox 651 874 2249 964">
    <p class='ocr_par' dir='ltr' id='par_1_8' title="bbox 651 874 2249 964">
     <span class='ocr_line' id='line_1_8' title="bbox 651 874 2249 964; baseline -0.006 -12"><span class='ocrx_word' id='word_1_49' title='bbox 651 895 915 962; x_wconf 84' lang='lat' dir='ltr'><strong>dicamus,</strong></span> <span class='ocrx_word' id='word_1_50' title='bbox 947 910 1014 953; x_wconf 83' lang='lat' dir='ltr'><strong>ex</strong></span> <span class='ocrx_word' id='word_1_51' title='bbox 1040 907 1107 948; x_wconf 88' lang='lat' dir='ltr'><strong>eo</strong></span> <span class='ocrx_word' id='word_1_52' title='bbox 1131 874 1247 963; x_wconf 72' lang='lat' dir='ltr'><strong>ipso</strong></span> <span class='ocrx_word' id='word_1_53' title='bbox 1269 892 1408 964; x_wconf 89' lang='lat' dir='ltr'><strong>quod</strong></span> <span class='ocrx_word' id='word_1_54' title='bbox 1432 891 1636 962; x_wconf 86' lang='lat' dir='ltr'><strong>aliquid</strong></span> <span class='ocrx_word' id='word_1_55' title='bbox 1659 892 1712 947; x_wconf 86' lang='lat' dir='ltr'><strong>in</strong></span> <span class='ocrx_word' id='word_1_56' title='bbox 1744 905 1846 947; x_wconf 87' lang='lat' dir='ltr'><strong>sua</strong></span> <span class='ocrx_word' id='word_1_57' title='bbox 1882 888 2092 953; x_wconf 83' lang='lat' dir='ltr'><strong>desidia</strong></span> <span class='ocrx_word' id='word_1_58' title='bbox 2109 887 2249 944; x_wconf 84' lang='lat' dir='ltr'><strong>deli-</strong></span> 
     </span>
    </p>
   </div>
   <div class='ocr_carea' id='block_1_9' title="bbox 654 981 2247 1057">
    <p class='ocr_par' dir='ltr' id='par_1_9' title="bbox 654 981 2247 1057">
     <span class='ocr_line' id='line_1_9' title="bbox 654 981 2247 1057; baseline -0.003 -15"><span class='ocrx_word' id='word_1_59' title='bbox 654 985 893 1057; x_wconf 86' lang='lat' dir='ltr'><strong>querint,</strong></span> <span class='ocrx_word' id='word_1_60' title='bbox 919 984 1195 1055; x_wconf 79' lang='lat' dir='ltr'><strong>hucusque</strong></span> <span class='ocrx_word' id='word_1_61' title='bbox 1220 992 1497 1043; x_wconf 85' lang='lat' dir='ltr'><strong>correctos</strong></span> <span class='ocrx_word' id='word_1_62' title='bbox 1525 994 1582 1040; x_wconf 88' lang='lat' dir='ltr'><strong>et</strong></span> <span class='ocrx_word' id='word_1_63' title='bbox 1608 998 1638 1037; x_wconf 91' lang='lat' dir='ltr'><strong>a</strong></span> <span class='ocrx_word' id='word_1_64' title='bbox 1667 997 1819 1039; x_wconf 88' lang='lat' dir='ltr'><strong>sacra</strong></span> <span class='ocrx_word' id='word_1_65' title='bbox 1859 981 2247 1039; x_wconf 82' lang='lat' dir='ltr'><strong>communione</strong></span> 
     </span>
    </p>
   </div>
   <div class='ocr_carea' id='block_1_10' title="bbox 654 1074 2246 1144">
    <p class='ocr_par' dir='ltr' id='par_1_10' title="bbox 654 1074 2246 1144">
     <span class='ocr_line' id='line_1_10' title="bbox 654 1074 2246 1144; baseline -0.005 -7"><span class='ocrx_word' id='word_1_66' title='bbox 654 1078 959 1141; x_wconf 75' lang='lat' dir='ltr'><strong>submotos.</strong></span> <span class='ocrx_word' id='word_1_67' title='bbox 1003 1077 1060 1133; x_wconf 88' lang='lat' dir='ltr'><strong>Si</strong></span> <span class='ocrx_word' id='word_1_68' title='bbox 1110 1087 1288 1134; x_wconf 90' lang='lat' dir='ltr'><strong>autem</strong></span> <span class='ocrx_word' id='word_1_69' title='bbox 1320 1118 1334 1144; x_wconf 92' lang='lat'><strong>,</strong></span> <span class='ocrx_word' id='word_1_70' title='bbox 1390 1085 1446 1132; x_wconf 90' lang='lat' dir='ltr'><strong>ut</strong></span> <span class='ocrx_word' id='word_1_71' title='bbox 1483 1090 1578 1135; x_wconf 89' lang='lat' dir='ltr'><strong>eos</strong></span> <span class='ocrx_word' id='word_1_72' title='bbox 1623 1076 1964 1141; x_wconf 82' lang='lat' dir='ltr'><strong>relaxemus,</strong></span> <span class='ocrx_word' id='word_1_73' title='bbox 2005 1074 2246 1131; x_wconf 90' lang='lat' dir='ltr'><strong>circum-</strong></span> 
     </span>
    </p>
   </div>
   <div class='ocr_carea' id='block_1_11' title="bbox 659 1167 2245 1241">
    <p class='ocr_par' dir='ltr' id='par_1_11' title="bbox 659 1167 2245 1241">
     <span class='ocr_line' id='line_1_11' title="bbox 659 1167 2245 1241; baseline -0.004 -14"><span class='ocrx_word' id='word_1_74' title='bbox 659 1180 852 1233; x_wconf 81' lang='lat' dir='ltr'><strong>ventos</strong></span> <span class='ocrx_word' id='word_1_75' title='bbox 898 1171 1259 1241; x_wconf 81' lang='lat' dir='ltr'><strong>deceptosque</strong></span> <span class='ocrx_word' id='word_1_76' title='bbox 1288 1167 1548 1237; x_wconf 84' lang='lat' dir='ltr'><strong>dicimus,</strong></span> <span class='ocrx_word' id='word_1_77' title='bbox 1606 1168 1847 1237; x_wconf 85' lang='lat' dir='ltr'><strong>sequitur</strong></span> <span class='ocrx_word' id='word_1_78' title='bbox 1887 1176 1945 1223; x_wconf 88' lang='lat' dir='ltr'><strong>ut</strong></span> <span class='ocrx_word' id='word_1_79' title='bbox 1983 1173 2245 1237; x_wconf 87' lang='lat' dir='ltr'><strong>quantum</strong></span> 
     </span>
    </p>
   </div>
   <div class='ocr_carea' id='block_1_12' title="bbox 662 1259 2248 1331">
    <p class='ocr_par' dir='ltr' id='par_1_12' title="bbox 662 1259 2248 1331">
     <span class='ocr_line' id='line_1_12' title="bbox 662 1259 2248 1331; baseline -0.004 -11"><span class='ocrx_word' id='word_1_80' title='bbox 662 1264 796 1321; x_wconf 88' lang='lat' dir='ltr'><strong>istos</strong></span> <span class='ocrx_word' id='word_1_81' title='bbox 841 1264 1105 1330; x_wconf 76' lang='lat' dir='ltr'><strong>levamus,</strong></span> <span class='ocrx_word' id='word_1_82' title='bbox 1152 1270 1355 1319; x_wconf 85' lang='lat' dir='ltr'><strong>tantum</strong></span> <span class='ocrx_word' id='word_1_83' title='bbox 1407 1261 1775 1331; x_wconf 85' lang='lat' dir='ltr'><strong>opprimamus</strong></span> <span class='ocrx_word' id='word_1_84' title='bbox 1821 1259 2113 1321; x_wconf 81' lang='lat' dir='ltr'><strong>Acacium;</strong></span> <span class='ocrx_word' id='word_1_85' title='bbox 2153 1271 2248 1313; x_wconf 83' lang='lat' dir='ltr'><strong>ne-</strong></span> 
     </span>
    </p>
   </div>
   <div class='ocr_carea' id='block_1_13' title="bbox 662 1349 2249 1427">
    <p class='ocr_par' dir='ltr' id='par_1_13' title="bbox 662 1349 2249 1427">
     <span class='ocr_line' id='line_1_13' title="bbox 662 1349 2249 1427; baseline -0.005 -16"><span class='ocrx_word' id='word_1_86' title='bbox 662 1369 765 1427; x_wconf 81' lang='lat' dir='ltr'><strong>que</strong></span> <span class='ocrx_word' id='word_1_87' title='bbox 797 1355 939 1415; x_wconf 85' lang='lat' dir='ltr'><strong>enim</strong></span> <span class='ocrx_word' id='word_1_88' title='bbox 982 1355 1093 1426; x_wconf 85' lang='lat' dir='ltr'><strong>jam</strong></span> <span class='ocrx_word' id='word_1_89' title='bbox 1158 1353 1333 1411; x_wconf 81' lang='lat' dir='ltr'><strong>velitis</strong></span> <span class='ocrx_word' id='word_1_90' title='bbox 1371 1351 1517 1413; x_wconf 82' lang='lat' dir='ltr'><strong>aliud</strong></span> <span class='ocrx_word' id='word_1_91' title='bbox 1571 1351 1753 1409; x_wconf 84' lang='lat' dir='ltr'><strong>dicere</strong></span> <span class='ocrx_word' id='word_1_92' title='bbox 1784 1392 1800 1419; x_wconf 94' lang='lat'><strong>,</strong></span> <span class='ocrx_word' id='word_1_93' title='bbox 1839 1350 1923 1419; x_wconf 85' lang='lat' dir='ltr'><strong>vel</strong></span> <span class='ocrx_word' id='word_1_94' title='bbox 1979 1349 2135 1407; x_wconf 91' lang='lat' dir='ltr'><strong>nobis</strong></span> <span class='ocrx_word' id='word_1_95' title='bbox 2176 1351 2249 1404; x_wconf 76' lang='lat' dir='ltr'><strong>li-</strong></span> 
     </span>
    </p>
   </div>
   <div class='ocr_carea' id='block_1_14' title="bbox 654 1441 2245 1515">
    <p class='ocr_par' dir='ltr' id='par_1_14' title="bbox 654 1441 2245 1515">
     <span class='ocr_line' id='line_1_14' title="bbox 654 1441 2245 1515; baseline -0.006 -11"><span class='ocrx_word' id='word_1_96' title='bbox 654 1456 743 1504; x_wconf 88' lang='lat' dir='ltr'><strong>cet</strong></span> <span class='ocrx_word' id='word_1_97' title='bbox 804 1446 947 1509; x_wconf 83' lang='lat' dir='ltr'><strong>aliud</strong></span> <span class='ocrx_word' id='word_1_98' title='bbox 997 1446 1303 1513; x_wconf 72' lang='lat' dir='ltr'><strong>acstimare,</strong></span> <span class='ocrx_word' id='word_1_99' title='bbox 1349 1458 1508 1515; x_wconf 88' lang='lat' dir='ltr'><strong>quam</strong></span> <span class='ocrx_word' id='word_1_100' title='bbox 1545 1443 1692 1499; x_wconf 87' lang='lat' dir='ltr'><strong>illum</strong></span> <span class='ocrx_word' id='word_1_101' title='bbox 1731 1458 1852 1505; x_wconf 83' lang='lat' dir='ltr'><strong>esse</strong></span> <span class='ocrx_word' id='word_1_102' title='bbox 1895 1441 2056 1501; x_wconf 85' lang='lat' dir='ltr'><strong>totius</strong></span> <span class='ocrx_word' id='word_1_103' title='bbox 2104 1457 2245 1513; x_wconf 75' lang='lat' dir='ltr'><strong>prsc-</strong></span> 
     </span>
    </p>
   </div>
   <div class='ocr_carea' id='block_1_15' title="bbox 654 1533 2238 1605">
    <p class='ocr_par' dir='ltr' id='par_1_15' title="bbox 654 1533 2238 1605">
     <span class='ocr_line' id='line_1_15' title="bbox 654 1533 2238 1605; baseline -0.002 -12"><span class='ocrx_word' id='word_1_104' title='bbox 654 1536 1000 1593; x_wconf 88' lang='lat' dir='ltr'><strong>varicationis</strong></span> <span class='ocrx_word' id='word_1_105' title='bbox 1041 1544 1318 1593; x_wconf 87' lang='lat' dir='ltr'><strong>auctorem</strong></span> <span class='ocrx_word' id='word_1_106' title='bbox 1355 1552 1370 1602; x_wconf 91' lang='lat'><strong>;</strong></span> <span class='ocrx_word' id='word_1_107' title='bbox 1411 1533 1675 1605; x_wconf 81' lang='lat' dir='ltr'><strong>siquidem</strong></span> <span class='ocrx_word' id='word_1_108' title='bbox 1703 1534 1756 1591; x_wconf 85' lang='lat' dir='ltr'><strong>id</strong></span> <span class='ocrx_word' id='word_1_109' title='bbox 1782 1536 2005 1593; x_wconf 83' lang='lat' dir='ltr'><strong>istorum</strong></span> <span class='ocrx_word' id='word_1_110' title='bbox 2034 1534 2238 1591; x_wconf 75' lang='lat' dir='ltr'><strong>confes-</strong></span> 
     </span>
    </p>
   </div>
   <div class='ocr_carea' id='block_1_16' title="bbox 656 1628 2247 1703">
    <p class='ocr_par' dir='ltr' id='par_1_16' title="bbox 656 1628 2247 1703">
     <span class='ocr_line' id='line_1_16' title="bbox 656 1628 2247 1703; baseline 0 -16"><span class='ocrx_word' id='word_1_111' title='bbox 656 1632 739 1688; x_wconf 87' lang='lat' dir='ltr'><strong>sio</strong></span> <span class='ocrx_word' id='word_1_112' title='bbox 771 1641 796 1670; x_wconf 74' lang='grc'><strong>⁸</strong></span> <span class='ocrx_word' id='word_1_113' title='bbox 827 1631 1176 1703; x_wconf 76' lang='lat' dir='ltr'><strong>synodalibus</strong></span> <span class='ocrx_word' id='word_1_114' title='bbox 1197 1630 1399 1686; x_wconf 78' lang='lat' dir='ltr'><strong>dixisse</strong></span> <span class='ocrx_word' id='word_1_115' title='bbox 1427 1639 1709 1686; x_wconf 82' lang='lat' dir='ltr'><strong>teneantur</strong></span> <span class='ocrx_word' id='word_1_116' title='bbox 1753 1628 1808 1685; x_wconf 88' lang='lat' dir='ltr'><strong>in</strong></span> <span class='ocrx_word' id='word_1_117' title='bbox 1844 1630 2035 1701; x_wconf 83' lang='lat' dir='ltr'><strong>gestis.</strong></span> <span class='ocrx_word' id='word_1_118' title='bbox 2061 1628 2247 1700; x_wconf 83' lang='lat' dir='ltr'><strong>itaque</strong></span> 
     </span>
    </p>
   </div>
   <div class='ocr_carea' id='block_1_17' title="bbox 646 1723 2245 1794">
    <p class='ocr_par' dir='ltr' id='par_1_17' title="bbox 646 1723 2245 1794">
     <span class='ocr_line' id='line_1_17' title="bbox 646 1723 2245 1794; baseline -0.001 -14"><span class='ocrx_word' id='word_1_119' title='bbox 646 1726 692 1780; x_wconf 89' lang='lat' dir='ltr'><strong>si</strong></span> <span class='ocrx_word' id='word_1_120' title='bbox 719 1725 1105 1782; x_wconf 84' lang='lat' dir='ltr'><strong>assertionibus</strong></span> <span class='ocrx_word' id='word_1_121' title='bbox 1133 1725 1361 1789; x_wconf 86' lang='lat' dir='ltr'><strong>iteratis,</strong></span> <span class='ocrx_word' id='word_1_122' title='bbox 1385 1732 1439 1782; x_wconf 88' lang='lat' dir='ltr'><strong>et</strong></span> <span class='ocrx_word' id='word_1_123' title='bbox 1476 1723 1812 1794; x_wconf 85' lang='lat' dir='ltr'><strong>professione</strong></span> <span class='ocrx_word' id='word_1_124' title='bbox 1833 1724 2128 1794; x_wconf 83' lang='lat' dir='ltr'><strong>geminata,</strong></span> <span class='ocrx_word' id='word_1_125' title='bbox 2159 1738 2245 1778; x_wconf 50' lang='lat' dir='ltr'><strong>re-</strong></span> 
     </span>
    </p>
   </div>
   <div class='ocr_carea' id='block_1_18' title="bbox 2353 514 3940 589">
    <p class='ocr_par' dir='ltr' id='par_1_18' title="bbox 2353 514 3940 589">
     <span class='ocr_line' id='line_1_18' title="bbox 2353 514 3940 589; baseline 0.009 -20"><span class='ocrx_word' id='word_1_126' title='bbox 2353 514 2693 585; x_wconf 71' lang='lat' dir='ltr'><strong>professione</strong></span> <span class='ocrx_word' id='word_1_127' title='bbox 2721 517 3041 586; x_wconf 76' lang='lat' dir='ltr'><strong>ﬁrmavere,</strong></span> <span class='ocrx_word' id='word_1_128' title='bbox 3071 521 3199 589; x_wconf 90' lang='lat' dir='ltr'><strong>quid</strong></span> <span class='ocrx_word' id='word_1_129' title='bbox 3233 536 3321 579; x_wconf 88' lang='lat' dir='ltr'><strong>me</strong></span> <span class='ocrx_word' id='word_1_130' title='bbox 3351 524 3576 587; x_wconf 86' lang='lat' dir='ltr'><strong>remedii</strong></span> <span class='ocrx_word' id='word_1_131' title='bbox 3600 525 3682 579; x_wconf 90' lang='lat' dir='ltr'><strong>vis</strong></span> <span class='ocrx_word' id='word_1_132' title='bbox 3712 526 3940 584; x_wconf 72' lang='lat' dir='ltr'><strong>inberet</strong></span> 
     </span>
    </p>
   </div>
   <div class='ocr_carea' id='block_1_19' title="bbox 2352 609 3941 681">
    <p class='ocr_par' dir='ltr' id='par_1_19' title="bbox 2352 609 3941 681">
     <span class='ocr_line' id='line_1_19' title="bbox 2352 609 3941 681; baseline 0.008 -18"><span class='ocrx_word' id='word_1_133' title='bbox 2352 609 2595 667; x_wconf 79' lang='lat' dir='ltr'><strong>maxime</strong></span> <span class='ocrx_word' id='word_1_134' title='bbox 2627 610 2861 675; x_wconf 76' lang='lat' dir='ltr'><strong>sietiasu</strong></span> <span class='ocrx_word' id='word_1_135' title='bbox 2901 625 2969 666; x_wconf 92' lang='lat' dir='ltr'><strong>eo</strong></span> <span class='ocrx_word' id='word_1_136' title='bbox 3000 620 3247 681; x_wconf 86' lang='lat' dir='ltr'><strong>tempore</strong></span> <span class='ocrx_word' id='word_1_137' title='bbox 3297 612 3437 670; x_wconf 78' lang='lat' dir='ltr'><strong>hanc</strong></span> <span class='ocrx_word' id='word_1_138' title='bbox 3481 616 3813 677; x_wconf 79' lang='lat' dir='ltr'><strong>conﬁrmare</strong></span> <span class='ocrx_word' id='word_1_139' title='bbox 3855 620 3941 676; x_wconf 87' lang='lat' dir='ltr'><strong>de-</strong></span> 
     </span>
    </p>
   </div>
   <div class='ocr_carea' id='block_1_20' title="bbox 2351 702 3941 778">
    <p class='ocr_par' dir='ltr' id='par_1_20' title="bbox 2351 702 3941 778">
     <span class='ocr_line' id='line_1_20' title="bbox 2351 702 3941 778; baseline 0.007 -21"><span class='ocrx_word' id='word_1_140' title='bbox 2351 710 2670 768; x_wconf 88' lang='lat' dir='ltr'><strong>monstrem,</strong></span> <span class='ocrx_word' id='word_1_141' title='bbox 2692 717 2803 771; x_wconf 90' lang='lat' dir='ltr'><strong>quo</strong></span> <span class='ocrx_word' id='word_1_142' title='bbox 2831 702 2979 761; x_wconf 83' lang='lat' dir='ltr'><strong>uitur</strong></span> <span class='ocrx_word' id='word_1_143' title='bbox 3015 704 3322 762; x_wconf 80' lang='lat' dir='ltr'><strong>absolvere.</strong></span> <span class='ocrx_word' id='word_1_144' title='bbox 3368 706 3474 763; x_wconf 89' lang='lat' dir='ltr'><strong>Sed</strong></span> <span class='ocrx_word' id='word_1_145' title='bbox 3516 708 3813 778; x_wconf 81' lang='lat' dir='ltr'><strong>imperator</strong></span> <span class='ocrx_word' id='word_1_146' title='bbox 3844 715 3941 769; x_wconf 86' lang='lat' dir='ltr'><strong>vim</strong></span> 
     </span>
    </p>
   </div>
   <div class='ocr_carea' id='block_1_21' title="bbox 2350 794 3939 867">
    <p class='ocr_par' dir='ltr' id='par_1_21' title="bbox 2350 794 3939 867">
     <span class='ocr_line' id='line_1_21' title="bbox 2350 794 3939 867; baseline 0.006 -16"><span class='ocrx_word' id='word_1_147' title='bbox 2350 794 2477 851; x_wconf 87' lang='lat' dir='ltr'><strong>l&#39;ecit</strong></span> <span class='ocrx_word' id='word_1_148' title='bbox 2505 795 2725 855; x_wconf 75' lang='lat' dir='ltr'><strong>Acacio.</strong></span> <span class='ocrx_word' id='word_1_149' title='bbox 2752 794 2867 851; x_wconf 81' lang='lat' dir='ltr'><strong>Hoc</strong></span> <span class='ocrx_word' id='word_1_150' title='bbox 2913 809 3016 865; x_wconf 87' lang='lat' dir='ltr'><strong>ego</strong></span> <span class='ocrx_word' id='word_1_151' title='bbox 3051 795 3295 853; x_wconf 82' lang='lat' dir='ltr'><strong>dicturus</strong></span> <span class='ocrx_word' id='word_1_152' title='bbox 3335 812 3443 853; x_wconf 88' lang='lat' dir='ltr'><strong>non</strong></span> <span class='ocrx_word' id='word_1_153' title='bbox 3481 812 3627 865; x_wconf 88' lang='lat' dir='ltr'><strong>sum,</strong></span> <span class='ocrx_word' id='word_1_154' title='bbox 3674 802 3799 867; x_wconf 83' lang='lat' dir='ltr'><strong>quia</strong></span> <span class='ocrx_word' id='word_1_155' title='bbox 3848 820 3939 861; x_wconf 81' lang='lat' dir='ltr'><strong>nec</strong></span> 
     </span>
    </p>
   </div>
   <div class='ocr_carea' id='block_1_22' title="bbox 2351 890 3939 960">
    <p class='ocr_par' dir='ltr' id='par_1_22' title="bbox 2351 890 3939 960">
     <span class='ocr_line' id='line_1_22' title="bbox 2351 890 3939 960; baseline 0.004 -17"><span class='ocrx_word' id='word_1_156' title='bbox 2351 903 2539 945; x_wconf 75' lang='lat' dir='ltr'><strong>verum</strong></span> <span class='ocrx_word' id='word_1_157' title='bbox 2568 897 2673 954; x_wconf 87' lang='lat' dir='ltr'><strong>est,</strong></span> <span class='ocrx_word' id='word_1_158' title='bbox 2695 898 2750 942; x_wconf 90' lang='lat' dir='ltr'><strong>et</strong></span> <span class='ocrx_word' id='word_1_159' title='bbox 2771 902 3029 945; x_wconf 82' lang='lat' dir='ltr'><strong>accusare</strong></span> <span class='ocrx_word' id='word_1_160' title='bbox 3057 891 3230 958; x_wconf 71' lang='lat' dir='ltr'><strong>palam</strong></span> <span class='ocrx_word' id='word_1_161' title='bbox 3254 890 3555 960; x_wconf 77' lang='lat' dir='ltr'><strong>principem</strong></span> <span class='ocrx_word' id='word_1_162' title='bbox 3588 894 3816 949; x_wconf 85' lang='lat' dir='ltr'><strong>omnino</strong></span> <span class='ocrx_word' id='word_1_163' title='bbox 3842 911 3939 951; x_wconf 88' lang='lat' dir='ltr'><strong>non</strong></span> 
     </span>
    </p>
   </div>
   <div class='ocr_carea' id='block_1_23' title="bbox 2350 979 3940 1050">
    <p class='ocr_par' dir='ltr' id='par_1_23' title="bbox 2350 979 3940 1050">
     <span class='ocr_line' id='line_1_23' title="bbox 2350 979 3940 1050; baseline 0.003 -14"><span class='ocrx_word' id='word_1_164' title='bbox 2350 996 2569 1050; x_wconf 83' lang='lat' dir='ltr'><strong>possum</strong></span> <span class='ocrx_word' id='word_1_165' title='bbox 2603 997 2619 1038; x_wconf 84' lang='grc'><strong>;</strong></span> <span class='ocrx_word' id='word_1_166' title='bbox 2646 988 2794 1035; x_wconf 89' lang='lat' dir='ltr'><strong>certe</strong></span> <span class='ocrx_word' id='word_1_167' title='bbox 2823 994 2917 1035; x_wconf 89' lang='lat' dir='ltr'><strong>vos</strong></span> <span class='ocrx_word' id='word_1_168' title='bbox 2938 990 3114 1036; x_wconf 87' lang='lat' dir='ltr'><strong>estote</strong></span> <span class='ocrx_word' id='word_1_169' title='bbox 3142 979 3304 1050; x_wconf 86' lang='lat' dir='ltr'><strong>hujus</strong></span> <span class='ocrx_word' id='word_1_170' title='bbox 3332 979 3362 1021; x_wconf 68' lang='grc' dir='ltr'>δ</span> <span class='ocrx_word' id='word_1_171' title='bbox 3382 985 3747 1039; x_wconf 79' lang='lat' dir='ltr'><strong>accusationis</strong></span> <span class='ocrx_word' id='word_1_172' title='bbox 3768 997 3940 1041; x_wconf 58' lang='grc' dir='ltr'><strong>θυείας</strong></span> 
     </span>
    </p>
   </div>
   <div class='ocr_carea' id='block_1_24' title="bbox 2351 1074 3939 1145">
    <p class='ocr_par' dir='ltr' id='par_1_24' title="bbox 2351 1074 3939 1145">
     <span class='ocr_line' id='line_1_24' title="bbox 2351 1074 3939 1145; baseline -0.004 -14"><span class='ocrx_word' id='word_1_173' title='bbox 2351 1092 2456 1132; x_wconf 90' lang='lat' dir='ltr'><strong>res.</strong></span> <span class='ocrx_word' id='word_1_174' title='bbox 2489 1086 2511 1115; x_wconf 78' lang='grc' dir='ltr'><strong><em>ο</em></strong></span> <span class='ocrx_word' id='word_1_175' title='bbox 2540 1076 2642 1131; x_wconf 85' lang='lat' dir='ltr'><strong>Per</strong></span> <span class='ocrx_word' id='word_1_176' title='bbox 2669 1074 2722 1133; x_wconf 85' lang='lat' dir='ltr'><strong>id</strong></span> <span class='ocrx_word' id='word_1_177' title='bbox 2748 1075 2893 1145; x_wconf 87' lang='lat' dir='ltr'><strong>quod</strong></span> <span class='ocrx_word' id='word_1_178' title='bbox 2919 1074 3121 1135; x_wconf 83' lang='lat' dir='ltr'><strong>dictum</strong></span> <span class='ocrx_word' id='word_1_179' title='bbox 3150 1083 3237 1131; x_wconf 89' lang='lat' dir='ltr'><strong>est</strong></span> <span class='ocrx_word' id='word_1_180' title='bbox 3258 1076 3310 1130; x_wconf 92' lang='lat' dir='ltr'><strong>in</strong></span> <span class='ocrx_word' id='word_1_181' title='bbox 3343 1076 3569 1145; x_wconf 65' lang='lat' dir='ltr'><strong>prolata</strong></span> <span class='ocrx_word' id='word_1_182' title='bbox 3608 1085 3802 1135; x_wconf 82' lang='lat' dir='ltr'><strong>tenore</strong></span> <span class='ocrx_word' id='word_1_183' title='bbox 3824 1096 3939 1135; x_wconf 82' lang='lat' dir='ltr'><strong>seu.</strong></span> 
     </span>
    </p>
   </div>
   <div class='ocr_carea' id='block_1_25' title="bbox 2351 1168 3937 1242">
    <p class='ocr_par' dir='ltr' id='par_1_25' title="bbox 2351 1168 3937 1242">
     <span class='ocr_line' id='line_1_25' title="bbox 2351 1168 3937 1242; baseline 0.003 -17"><span class='ocrx_word' id='word_1_184' title='bbox 2351 1170 2554 1236; x_wconf 74' lang='lat' dir='ltr'><strong>tentias,</strong></span> <span class='ocrx_word' id='word_1_185' title='bbox 2580 1184 2701 1224; x_wconf 84' lang='lat' dir='ltr'><strong>cum</strong></span> <span class='ocrx_word' id='word_1_186' title='bbox 2728 1168 2921 1225; x_wconf 79' lang='lat' dir='ltr'><strong>adnisa</strong></span> <span class='ocrx_word' id='word_1_187' title='bbox 2962 1168 3218 1238; x_wconf 82' lang='lat' dir='ltr'><strong>principis</strong></span> <span class='ocrx_word' id='word_1_188' title='bbox 3253 1168 3575 1237; x_wconf 82' lang='lat' dir='ltr'><strong>Christiani,</strong></span> <span class='ocrx_word' id='word_1_189' title='bbox 3624 1172 3714 1229; x_wconf 72' lang='lat' dir='ltr'><strong>Vel</strong></span> <span class='ocrx_word' id='word_1_190' title='bbox 3768 1175 3937 1242; x_wconf 78' lang='lat' dir='ltr'><strong>populi</strong></span> 
     </span>
    </p>
   </div>
   <div class='ocr_carea' id='block_1_26' title="bbox 2351 1260 3938 1327">
    <p class='ocr_par' dir='ltr' id='par_1_26' title="bbox 2351 1260 3938 1327">
     <span class='ocr_line' id='line_1_26' title="bbox 2351 1260 3938 1327; baseline 0.003 -10"><span class='ocrx_word' id='word_1_191' title='bbox 2351 1277 2437 1323; x_wconf 85' lang='lat' dir='ltr'><strong>res</strong></span> <span class='ocrx_word' id='word_1_192' title='bbox 2464 1277 2585 1317; x_wconf 90' lang='lat' dir='ltr'><strong>esse</strong></span> <span class='ocrx_word' id='word_1_193' title='bbox 2611 1260 2909 1327; x_wconf 89' lang='lat' dir='ltr'><strong>curandas,</strong></span> <span class='ocrx_word' id='word_1_194' title='bbox 2966 1260 3069 1317; x_wconf 86' lang='lat' dir='ltr'><strong>hoc</strong></span> <span class='ocrx_word' id='word_1_195' title='bbox 3120 1261 3297 1316; x_wconf 86' lang='lat' dir='ltr'><strong>minus</strong></span> <span class='ocrx_word' id='word_1_196' title='bbox 3337 1276 3532 1319; x_wconf 83' lang='lat' dir='ltr'><strong>eorum</strong></span> <span class='ocrx_word' id='word_1_197' title='bbox 3579 1263 3938 1321; x_wconf 85' lang='lat' dir='ltr'><strong>obstinatione</strong></span> 
     </span>
    </p>
   </div>
   <div class='ocr_carea' id='block_1_27' title="bbox 2351 1355 3936 1428">
    <p class='ocr_par' dir='ltr' id='par_1_27' title="bbox 2351 1355 3936 1428">
     <span class='ocr_line' id='line_1_27' title="bbox 2351 1355 3936 1428; baseline 0.003 -18"><span class='ocrx_word' id='word_1_198' title='bbox 2351 1357 2615 1427; x_wconf 83' lang='lat' dir='ltr'><strong>provenit.</strong></span> <span class='ocrx_word' id='word_1_199' title='bbox 2667 1356 2725 1411; x_wconf 88' lang='lat' dir='ltr'><strong>Si</strong></span> <span class='ocrx_word' id='word_1_200' title='bbox 2774 1355 3111 1413; x_wconf 86' lang='lat' dir='ltr'><strong>voluerimus</strong></span> <span class='ocrx_word' id='word_1_201' title='bbox 3151 1369 3369 1417; x_wconf 79' lang='lat' dir='ltr'><strong>causam</strong></span> <span class='ocrx_word' id='word_1_202' title='bbox 3417 1356 3611 1417; x_wconf 69' lang='lat' dir='ltr'><strong>Miseni</strong></span> <span class='ocrx_word' id='word_1_203' title='bbox 3654 1357 3936 1428; x_wconf 76' lang='lat' dir='ltr'><strong>Vitalisque</strong></span> 
     </span>
    </p>
   </div>
   <div class='ocr_carea' id='block_1_28' title="bbox 2350 1446 3935 1517">
    <p class='ocr_par' dir='ltr' id='par_1_28' title="bbox 2350 1446 3935 1517">
     <span class='ocr_line' id='line_1_28' title="bbox 2350 1446 3935 1517; baseline 0.001 -14"><span class='ocrx_word' id='word_1_204' title='bbox 2350 1456 2601 1515; x_wconf 81' lang='lat' dir='ltr'><strong>tractare,</strong></span> <span class='ocrx_word' id='word_1_205' title='bbox 2628 1452 2875 1517; x_wconf 87' lang='lat' dir='ltr'><strong>quorum</strong></span> <span class='ocrx_word' id='word_1_206' title='bbox 2918 1446 3298 1503; x_wconf 83' lang='lat' dir='ltr'><strong>communione</strong></span> <span class='ocrx_word' id='word_1_207' title='bbox 3352 1458 3409 1503; x_wconf 89' lang='lat' dir='ltr'><strong>et</strong></span> <span class='ocrx_word' id='word_1_208' title='bbox 3451 1448 3823 1505; x_wconf 84' lang='lat' dir='ltr'><strong>consensione</strong></span> <span class='ocrx_word' id='word_1_209' title='bbox 3870 1449 3935 1505; x_wconf 87' lang='lat' dir='ltr'><strong>illi</strong></span> 
     </span>
    </p>
   </div>
   <div class='ocr_carea' id='block_1_29' title="bbox 2349 1539 3935 1623">
    <p class='ocr_par' dir='ltr' id='par_1_29' title="bbox 2349 1539 3935 1623">
     <span class='ocr_line' id='line_1_29' title="bbox 2349 1539 3935 1623; baseline 0.001 -29"><span class='ocrx_word' id='word_1_210' title='bbox 2349 1540 2602 1623; x_wconf 72' lang='lat' dir='ltr'><strong>obstinati</strong></span> <span class='ocrx_word' id='word_1_211' title='bbox 2630 1550 2756 1597; x_wconf 87' lang='lat' dir='ltr'><strong>sunt</strong></span> <span class='ocrx_word' id='word_1_212' title='bbox 2781 1539 3005 1605; x_wconf 85' lang='lat' dir='ltr'><strong>redditi;</strong></span> <span class='ocrx_word' id='word_1_213' title='bbox 3038 1549 3092 1594; x_wconf 90' lang='lat' dir='ltr'><strong>et</strong></span> <span class='ocrx_word' id='word_1_214' title='bbox 3122 1539 3255 1595; x_wconf 89' lang='lat' dir='ltr'><strong>istos</strong></span> <span class='ocrx_word' id='word_1_215' title='bbox 3278 1553 3570 1596; x_wconf 87' lang='lat' dir='ltr'><strong>oneramus</strong></span> <span class='ocrx_word' id='word_1_216' title='bbox 3612 1555 3759 1610; x_wconf 70' lang='lat' dir='ltr'><strong>quos</strong></span> <span class='ocrx_word' id='word_1_217' title='bbox 3785 1553 3935 1611; x_wconf 78' lang='lat' dir='ltr'><strong>puta-</strong></span> 
     </span>
    </p>
   </div>
   <div class='ocr_carea' id='block_1_30' title="bbox 2351 1636 3935 1708">
    <p class='ocr_par' dir='ltr' id='par_1_30' title="bbox 2351 1636 3935 1708">
     <span class='ocr_line' id='line_1_30' title="bbox 2351 1636 3935 1708; baseline 0.001 -15"><span class='ocrx_word' id='word_1_218' title='bbox 2351 1652 2475 1694; x_wconf 89' lang='lat' dir='ltr'><strong>mus</strong></span> <span class='ocrx_word' id='word_1_219' title='bbox 2505 1638 2739 1702; x_wconf 87' lang='lat' dir='ltr'><strong>absolvi,</strong></span> <span class='ocrx_word' id='word_1_220' title='bbox 2772 1638 3006 1706; x_wconf 86' lang='lat' dir='ltr'><strong>itemque</strong></span> <span class='ocrx_word' id='word_1_221' title='bbox 3044 1637 3268 1693; x_wconf 88' lang='lat' dir='ltr'><strong>istorum</strong></span> <span class='ocrx_word' id='word_1_222' title='bbox 3303 1636 3716 1706; x_wconf 81' lang='lat' dir='ltr'><strong>exaggeratione</strong></span> <span class='ocrx_word' id='word_1_223' title='bbox 3738 1639 3935 1708; x_wconf 52' lang='lat' dir='ltr'><strong>portati</strong></span> 
     </span>
    </p>
   </div>
   <div class='ocr_carea' id='block_1_31' title="bbox 2350 1727 3933 1799">
    <p class='ocr_par' dir='ltr' id='par_1_31' title="bbox 2350 1727 3933 1799">
     <span class='ocr_line' id='line_1_31' title="bbox 2350 1727 3933 1799; baseline -0.002 -14"><span class='ocrx_word' id='word_1_224' title='bbox 2350 1731 2621 1786; x_wconf 89' lang='lat' dir='ltr'><strong>sententia</strong></span> <span class='ocrx_word' id='word_1_225' title='bbox 2664 1737 2846 1785; x_wconf 87' lang='lat' dir='ltr'><strong>nostra</strong></span> <span class='ocrx_word' id='word_1_226' title='bbox 2892 1730 2947 1783; x_wconf 91' lang='lat' dir='ltr'><strong>fit</strong></span> <span class='ocrx_word' id='word_1_227' title='bbox 2985 1727 3356 1784; x_wconf 84' lang='lat' dir='ltr'><strong>irrevocabilis</strong></span> <span class='ocrx_word' id='word_1_228' title='bbox 3385 1742 3414 1782; x_wconf 88' lang='lat' dir='ltr'><strong>a</strong></span> <span class='ocrx_word' id='word_1_229' title='bbox 3446 1734 3695 1797; x_wconf 82' lang='lat' dir='ltr'><strong>tempore</strong></span> <span class='ocrx_word' id='word_1_230' title='bbox 3734 1730 3933 1799; x_wconf 51' lang='lat' dir='ltr'><strong>prasti-</strong></span> 
     </span>
    </p>
   </div>
   <div class='ocr_carea' id='block_1_32' title="bbox 645 1800 3933 1890">
    <p class='ocr_par' dir='ltr' id='par_1_32' title="bbox 645 1800 3933 1890">
     <span class='ocr_line' id='line_1_32' title="bbox 645 1800 3933 1890; baseline 0.001 -17"><span class='ocrx_word' id='word_1_231' title='bbox 645 1818 895 1890; x_wconf 77' lang='lat' dir='ltr'><strong>centique</strong></span> <span class='ocrx_word' id='word_1_232' title='bbox 922 1827 1171 1886; x_wconf 87' lang='lat' dir='ltr'><strong>tractatu,</strong></span> <span class='ocrx_word' id='word_1_233' title='bbox 1196 1827 1357 1889; x_wconf 90' lang='lat' dir='ltr'><strong>atque</strong></span> <span class='ocrx_word' id='word_1_234' title='bbox 1383 1819 1605 1876; x_wconf 87' lang='lat' dir='ltr'><strong>decreto</strong></span> <span class='ocrx_word' id='word_1_235' title='bbox 1636 1820 1837 1887; x_wconf 86' lang='lat' dir='ltr'><strong>justam</strong></span> <span class='ocrx_word' id='word_1_236' title='bbox 1868 1832 1993 1875; x_wconf 88' lang='lat' dir='ltr'><strong>esse</strong></span> <span class='ocrx_word' id='word_1_237' title='bbox 2020 1828 2236 1874; x_wconf 86' lang='lat' dir='ltr'><strong>senten-</strong></span> <span class='ocrx_word' id='word_1_238' title='bbox 2269 1812 2319 1874; x_wconf 86' lang='lat' dir='ltr'><strong>B</strong></span> <span class='ocrx_word' id='word_1_239' title='bbox 2347 1833 2481 1880; x_wconf 88' lang='lat' dir='ltr'><strong>tuto.</strong></span> <span class='ocrx_word' id='word_1_240' title='bbox 2522 1822 2614 1881; x_wconf 85' lang='lat' dir='ltr'><strong>Sic</strong></span> <span class='ocrx_word' id='word_1_241' title='bbox 2628 1800 2807 1878; x_wconf 65' lang='lat' dir='ltr'><strong>&#39;enim</strong></span> <span class='ocrx_word' id='word_1_242' title='bbox 2857 1822 2926 1877; x_wconf 90' lang='lat' dir='ltr'><strong>de</strong></span> <span class='ocrx_word' id='word_1_243' title='bbox 2976 1821 3201 1876; x_wconf 85' lang='lat' dir='ltr'><strong>istorum</strong></span> <span class='ocrx_word' id='word_1_244' title='bbox 3240 1820 3553 1889; x_wconf 86' lang='lat' dir='ltr'><strong>receptione</strong></span> <span class='ocrx_word' id='word_1_245' title='bbox 3606 1821 3933 1875; x_wconf 81' lang='lat' dir='ltr'><strong>tractandum</strong></span> 
     </span>
    </p>
   </div>
   <div class='ocr_carea' id='block_1_33' title="bbox 646 1910 2243 1981">
    <p class='ocr_par' dir='ltr' id='par_1_33' title="bbox 646 1910 2243 1981">
     <span class='ocr_line' id='line_1_33' title="bbox 646 1910 2243 1981; baseline 0.001 -17"><span class='ocrx_word' id='word_1_246' title='bbox 646 1910 798 1976; x_wconf 89' lang='lat' dir='ltr'><strong>tiam,</strong></span> <span class='ocrx_word' id='word_1_247' title='bbox 830 1925 953 1981; x_wconf 73' lang='lat' dir='ltr'><strong>qua:</strong></span> <span class='ocrx_word' id='word_1_248' title='bbox 983 1912 1035 1966; x_wconf 92' lang='lat' dir='ltr'><strong>in</strong></span> <span class='ocrx_word' id='word_1_249' title='bbox 1062 1910 1316 1971; x_wconf 81' lang='lat' dir='ltr'><strong>Acacium</strong></span> <span class='ocrx_word' id='word_1_250' title='bbox 1338 1911 1408 1971; x_wconf 88' lang='lat' dir='ltr'><strong>sit</strong></span> <span class='ocrx_word' id='word_1_251' title='bbox 1434 1910 1665 1981; x_wconf 88' lang='lat' dir='ltr'><strong>prolata,</strong></span> <span class='ocrx_word' id='word_1_252' title='bbox 1698 1924 1824 1971; x_wconf 86' lang='lat' dir='ltr'><strong>cum</strong></span> <span class='ocrx_word' id='word_1_253' title='bbox 1856 1911 2020 1967; x_wconf 89' lang='lat' dir='ltr'><strong>totius</strong></span> <span class='ocrx_word' id='word_1_254' title='bbox 2051 1911 2243 1981; x_wconf 89' lang='lat' dir='ltr'><strong>utique</strong></span> 
     </span>
    </p>
   </div>
   <div class='ocr_carea' id='block_1_34' title="bbox 645 2002 2236 2074">
    <p class='ocr_par' dir='ltr' id='par_1_34' title="bbox 645 2002 2236 2074">
     <span class='ocr_line' id='line_1_34' title="bbox 645 2002 2236 2074; baseline 0 -17"><span class='ocrx_word' id='word_1_255' title='bbox 645 2003 1109 2072; x_wconf 70' lang='lat' dir='ltr'><strong>praevaricationis</strong></span> <span class='ocrx_word' id='word_1_256' title='bbox 1136 2002 1556 2074; x_wconf 83' lang='lat' dir='ltr'><strong>exaggeratione</strong></span> <span class='ocrx_word' id='word_1_257' title='bbox 1582 2002 1894 2069; x_wconf 87' lang='lat' dir='ltr'><strong>firmemus;</strong></span> <span class='ocrx_word' id='word_1_258' title='bbox 1946 2017 2041 2058; x_wconf 90' lang='lat' dir='ltr'><strong>vos</strong></span> <span class='ocrx_word' id='word_1_259' title='bbox 2089 2017 2236 2071; x_wconf 88' lang='lat' dir='ltr'><strong>repe-</strong></span> 
     </span>
    </p>
   </div>
   <div class='ocr_carea' id='block_1_35' title="bbox 644 2096 2243 2167">
    <p class='ocr_par' dir='ltr' id='par_1_35' title="bbox 644 2096 2243 2167">
     <span class='ocr_line' id='line_1_35' title="bbox 644 2096 2243 2167; baseline -0.002 -15"><span class='ocrx_word' id='word_1_260' title='bbox 644 2096 750 2153; x_wconf 87' lang='lat' dir='ltr'><strong>rite</strong></span> <span class='ocrx_word' id='word_1_261' title='bbox 794 2096 1064 2167; x_wconf 89' lang='lat' dir='ltr'><strong>quomodo</strong></span> <span class='ocrx_word' id='word_1_262' title='bbox 1098 2105 1288 2167; x_wconf 89' lang='lat' dir='ltr'><strong>postea</strong></span> <span class='ocrx_word' id='word_1_263' title='bbox 1323 2096 1495 2167; x_wconf 86' lang='lat' dir='ltr'><strong>possit</strong></span> <span class='ocrx_word' id='word_1_264' title='bbox 1533 2096 1765 2163; x_wconf 86' lang='lat' dir='ltr'><strong>absolvi,</strong></span> <span class='ocrx_word' id='word_1_265' title='bbox 1806 2110 1967 2167; x_wconf 87' lang='lat' dir='ltr'><strong>quem</strong></span> <span class='ocrx_word' id='word_1_266' title='bbox 2014 2097 2243 2166; x_wconf 82' lang='lat' dir='ltr'><strong>repetita</strong></span> 
     </span>
    </p>
   </div>
   <div class='ocr_carea' id='block_1_36' title="bbox 643 2188 2244 2261">
    <p class='ocr_par' dir='ltr' id='par_1_36' title="bbox 643 2188 2244 2261">
     <span class='ocr_line' id='line_1_36' title="bbox 643 2188 2244 2261; baseline -0.001 -14"><span class='ocrx_word' id='word_1_267' title='bbox 643 2190 1039 2261; x_wconf 84' lang='lat' dir='ltr'><strong>quodammodo</strong></span> <span class='ocrx_word' id='word_1_268' title='bbox 1085 2191 1480 2247; x_wconf 82' lang='lat' dir='ltr'><strong>contestatione</strong></span> <span class='ocrx_word' id='word_1_269' title='bbox 1506 2188 1844 2247; x_wconf 84' lang='lat' dir='ltr'><strong>damnamus.</strong></span> <span class='ocrx_word' id='word_1_270' title='bbox 1882 2189 2244 2258; x_wconf 81' lang='lat' dir='ltr'><strong>Quemadmo-</strong></span> 
     </span>
    </p>
   </div>
   <div class='ocr_carea' id='block_1_37' title="bbox 644 2281 2244 2351">
    <p class='ocr_par' dir='ltr' id='par_1_37' title="bbox 644 2281 2244 2351">
     <span class='ocr_line' id='line_1_37' title="bbox 644 2281 2244 2351; baseline 0.001 -13"><span class='ocrx_word' id='word_1_271' title='bbox 644 2281 800 2345; x_wconf 86' lang='lat' dir='ltr'><strong>dum,</strong></span> <span class='ocrx_word' id='word_1_272' title='bbox 846 2282 1064 2351; x_wconf 88' lang='lat' dir='ltr'><strong>inquam</strong></span> <span class='ocrx_word' id='word_1_273' title='bbox 1094 2321 1110 2348; x_wconf 96' lang='lat'><strong>,</strong></span> <span class='ocrx_word' id='word_1_274' title='bbox 1150 2283 1404 2339; x_wconf 81' lang='lat' dir='ltr'><strong>molimur</strong></span> <span class='ocrx_word' id='word_1_275' title='bbox 1448 2281 1754 2347; x_wconf 81' lang='lat' dir='ltr'><strong>absolvere,</strong></span> <span class='ocrx_word' id='word_1_276' title='bbox 1807 2283 1973 2337; x_wconf 82' lang='lat' dir='ltr'><strong>totius</strong></span> <span class='ocrx_word' id='word_1_277' title='bbox 2014 2282 2244 2340; x_wconf 77' lang='lat' dir='ltr'><strong>vinculis</strong></span> 
     </span>
    </p>
   </div>
   <div class='ocr_carea' id='block_1_38' title="bbox 645 2375 2243 2446">
    <p class='ocr_par' dir='ltr' id='par_1_38' title="bbox 645 2375 2243 2446">
     <span class='ocr_line' id='line_1_38' title="bbox 645 2375 2243 2446; baseline -0.001 -15"><span class='ocrx_word' id='word_1_278' title='bbox 645 2376 1105 2446; x_wconf 63' lang='lat' dir='ltr'><strong>prmvaricationis</strong></span> <span class='ocrx_word' id='word_1_279' title='bbox 1132 2376 1519 2443; x_wconf 84' lang='lat' dir='ltr'><strong>obstringimus</strong></span> <span class='ocrx_word' id='word_1_280' title='bbox 1549 2390 1563 2439; x_wconf 89' lang='lat'><strong>;</strong></span> <span class='ocrx_word' id='word_1_281' title='bbox 1612 2383 1668 2430; x_wconf 91' lang='lat' dir='ltr'><strong>et</strong></span> <span class='ocrx_word' id='word_1_282' title='bbox 1702 2389 1863 2444; x_wconf 83' lang='lat' dir='ltr'><strong>quem</strong></span> <span class='ocrx_word' id='word_1_283' title='bbox 1904 2375 2087 2430; x_wconf 80' lang='lat' dir='ltr'><strong>levare.</strong></span> <span class='ocrx_word' id='word_1_284' title='bbox 2115 2376 2243 2431; x_wconf 88' lang='lat' dir='ltr'><strong>niti-</strong></span> 
     </span>
    </p>
   </div>
   <div class='ocr_carea' id='block_1_39' title="bbox 650 2465 2244 2537">
    <p class='ocr_par' dir='ltr' id='par_1_39' title="bbox 650 2465 2244 2537">
     <span class='ocr_line' id='line_1_39' title="bbox 650 2465 2244 2537; baseline 0.001 -15"><span class='ocrx_word' id='word_1_285' title='bbox 650 2482 789 2532; x_wconf 87' lang='lat' dir='ltr'><strong>mur,</strong></span> <span class='ocrx_word' id='word_1_286' title='bbox 815 2476 928 2522; x_wconf 84' lang='lat' dir='ltr'><strong>toto</strong></span> <span class='ocrx_word' id='word_1_287' title='bbox 954 2466 1192 2535; x_wconf 88' lang='lat' dir='ltr'><strong>pondere</strong></span> <span class='ocrx_word' id='word_1_288' title='bbox 1217 2465 1580 2523; x_wconf 86' lang='lat' dir='ltr'><strong>damnationis</strong></span> <span class='ocrx_word' id='word_1_289' title='bbox 1603 2465 1907 2522; x_wconf 89' lang='lat' dir='ltr'><strong>obruimus.</strong></span> <span class='ocrx_word' id='word_1_290' title='bbox 1942 2466 2126 2537; x_wconf 84' lang='lat' dir='ltr'><strong>Itaque</strong></span> <span class='ocrx_word' id='word_1_291' title='bbox 2150 2475 2244 2524; x_wconf 88' lang='lat' dir='ltr'><strong>aut</strong></span> 
     </span>
    </p>
   </div>
   <div class='ocr_carea' id='block_1_40' title="bbox 646 2543 2240 2629">
    <p class='ocr_par' dir='ltr' id='par_1_40' title="bbox 646 2543 2240 2629">
     <span class='ocr_line' id='line_1_40' title="bbox 646 2543 2240 2629; baseline 0.001 -14"><span class='ocrx_word' id='word_1_292' title='bbox 646 2543 1095 2629; x_wconf 34' lang='lat' dir='ltr'><strong>isiivexspectent</strong></span> <span class='ocrx_word' id='word_1_293' title='bbox 1139 2568 1198 2615; x_wconf 85' lang='lat' dir='ltr'><strong>at</strong></span> <span class='ocrx_word' id='word_1_294' title='bbox 1234 2560 1513 2616; x_wconf 89' lang='lat' dir='ltr'><strong>curatione</strong></span> <span class='ocrx_word' id='word_1_295' title='bbox 1554 2560 1717 2615; x_wconf 85' lang='lat' dir='ltr'><strong>totius</strong></span> <span class='ocrx_word' id='word_1_296' title='bbox 1754 2559 2010 2616; x_wconf 70' lang='lat' dir='ltr'><strong>Ecclesiae</strong></span> <span class='ocrx_word' id='word_1_297' title='bbox 2046 2574 2240 2617; x_wconf 83' lang='lat' dir='ltr'><strong>secun-</strong></span> 
     </span>
    </p>
   </div>
   <div class='ocr_carea' id='block_1_41' title="bbox 644 2653 2241 2723">
    <p class='ocr_par' dir='ltr' id='par_1_41' title="bbox 644 2653 2241 2723">
     <span class='ocr_line' id='line_1_41' title="bbox 644 2653 2241 2723; baseline 0 -13"><span class='ocrx_word' id='word_1_298' title='bbox 644 2654 772 2712; x_wconf 91' lang='lat' dir='ltr'><strong>dum</strong></span> <span class='ocrx_word' id='word_1_299' title='bbox 796 2656 1121 2711; x_wconf 86' lang='lat' dir='ltr'><strong>sententiam</strong></span> <span class='ocrx_word' id='word_1_300' title='bbox 1151 2654 1484 2719; x_wconf 88' lang='lat' dir='ltr'><strong>liberentur;</strong></span> <span class='ocrx_word' id='word_1_301' title='bbox 1526 2663 1617 2709; x_wconf 90' lang='lat' dir='ltr'><strong>aut</strong></span> <span class='ocrx_word' id='word_1_302' title='bbox 1662 2653 1925 2723; x_wconf 88' lang='lat' dir='ltr'><strong>spondete</strong></span> <span class='ocrx_word' id='word_1_303' title='bbox 1957 2656 2111 2710; x_wconf 87' lang='lat' dir='ltr'><strong>nobis</strong></span> <span class='ocrx_word' id='word_1_304' title='bbox 2138 2655 2241 2710; x_wconf 90' lang='lat' dir='ltr'><strong>sub</strong></span> 
     </span>
    </p>
   </div>
   <div class='ocr_carea' id='block_1_42' title="bbox 644 2747 2236 2820">
    <p class='ocr_par' dir='ltr' id='par_1_42' title="bbox 644 2747 2236 2820">
     <span class='ocr_line' id='line_1_42' title="bbox 644 2747 2236 2820; baseline 0.002 -18"><span class='ocrx_word' id='word_1_305' title='bbox 644 2747 994 2818; x_wconf 87' lang='lat' dir='ltr'><strong>jurejurando</strong></span> <span class='ocrx_word' id='word_1_306' title='bbox 1016 2764 1287 2819; x_wconf 86' lang='lat' dir='ltr'><strong>nunquam</strong></span> <span class='ocrx_word' id='word_1_307' title='bbox 1310 2748 1380 2805; x_wconf 92' lang='lat' dir='ltr'><strong>de</strong></span> <span class='ocrx_word' id='word_1_308' title='bbox 1396 2747 1578 2805; x_wconf 78' lang='lat' dir='ltr'><strong>Acacii</strong></span> <span class='ocrx_word' id='word_1_309' title='bbox 1601 2747 1942 2805; x_wconf 89' lang='lat' dir='ltr'><strong>absolutione</strong></span> <span class='ocrx_word' id='word_1_310' title='bbox 1960 2750 2236 2820; x_wconf 87' lang='lat' dir='ltr'><strong>quippiam</strong></span> 
     </span>
    </p>
   </div>
   <div class='ocr_carea' id='block_1_43' title="bbox 643 2822 2241 2911">
    <p class='ocr_par' dir='ltr' id='par_1_43' title="bbox 643 2822 2241 2911">
     <span class='ocr_line' id='line_1_43' title="bbox 643 2822 2241 2911; baseline 0.001 -14"><span class='ocrx_word' id='word_1_311' title='bbox 643 2855 767 2898; x_wconf 85' lang='lat' dir='ltr'><strong>esse</strong></span> <span class='ocrx_word' id='word_1_312' title='bbox 794 2844 1146 2911; x_wconf 82' lang='lat' dir='ltr'><strong>poscendum.</strong></span> <span class='ocrx_word' id='word_1_313' title='bbox 1206 2842 1317 2899; x_wconf 87' lang='lat' dir='ltr'><strong>Cur</strong></span> <span class='ocrx_word' id='word_1_314' title='bbox 1362 2844 1508 2899; x_wconf 90' lang='lat' dir='ltr'><strong>enim</strong></span> <span class='ocrx_word' id='word_1_315' title='bbox 1536 2853 1623 2898; x_wconf 83' lang='lat' dir='ltr'><strong>est</strong></span> <span class='ocrx_word' id='word_1_316' title='bbox 1659 2822 1715 2897; x_wconf 79' lang='lat' dir='ltr'><strong>ut</strong></span> <span class='ocrx_word' id='word_1_317' title='bbox 1756 2858 1883 2899; x_wconf 87' lang='lat' dir='ltr'><strong>eum</strong></span> <span class='ocrx_word' id='word_1_318' title='bbox 1930 2844 2009 2900; x_wconf 84' lang='lat' dir='ltr'><strong>sic</strong></span> <span class='ocrx_word' id='word_1_319' title='bbox 2062 2845 2241 2899; x_wconf 84' lang='lat' dir='ltr'><strong>velitis</strong></span> 
     </span>
    </p>
   </div>
   <div class='ocr_carea' id='block_1_44' title="bbox 643 2936 2241 3002">
    <p class='ocr_par' dir='ltr' id='par_1_44' title="bbox 643 2936 2241 3002">
     <span class='ocr_line' id='line_1_44' title="bbox 643 2936 2241 3002; baseline 0.002 -12"><span class='ocrx_word' id='word_1_320' title='bbox 643 2936 875 3002; x_wconf 68' lang='lat' dir='ltr'><strong>absolvi,</strong></span> <span class='ocrx_word' id='word_1_321' title='bbox 909 2946 967 2991; x_wconf 89' lang='lat' dir='ltr'><strong>ut</strong></span> <span class='ocrx_word' id='word_1_322' title='bbox 994 2937 1047 2992; x_wconf 91' lang='lat' dir='ltr'><strong>in</strong></span> <span class='ocrx_word' id='word_1_323' title='bbox 1081 2937 1333 2993; x_wconf 89' lang='lat' dir='ltr'><strong>omnibus</strong></span> <span class='ocrx_word' id='word_1_324' title='bbox 1354 2978 1367 3001; x_wconf 88' lang='lat'><strong>,</strong></span> <span class='ocrx_word' id='word_1_325' title='bbox 1418 2946 1474 2992; x_wconf 92' lang='lat' dir='ltr'><strong>et</strong></span> <span class='ocrx_word' id='word_1_326' title='bbox 1499 2938 1886 2993; x_wconf 89' lang='lat' dir='ltr'><strong>conscientiam</strong></span> <span class='ocrx_word' id='word_1_327' title='bbox 1915 2948 2152 2994; x_wconf 88' lang='lat' dir='ltr'><strong>nostram</strong></span> <span class='ocrx_word' id='word_1_328' title='bbox 2183 2948 2241 2993; x_wconf 90' lang='lat' dir='ltr'><strong>et</strong></span> 
     </span>
    </p>
   </div>
   <div class='ocr_carea' id='block_1_45' title="bbox 642 3027 2235 3100">
    <p class='ocr_par' dir='ltr' id='par_1_45' title="bbox 642 3027 2235 3100">
     <span class='ocr_line' id='line_1_45' title="bbox 642 3027 2235 3100; baseline 0.001 -16"><span class='ocrx_word' id='word_1_329' title='bbox 642 3027 839 3084; x_wconf 77' lang='lat' dir='ltr'><strong>lernam</strong></span> <span class='ocrx_word' id='word_1_330' title='bbox 870 3028 1076 3085; x_wconf 79' lang='lat' dir='ltr'><strong>faciatis</strong></span> <span class='ocrx_word' id='word_1_331' title='bbox 1119 3030 1361 3100; x_wconf 81' lang='lat' dir='ltr'><strong>exponi?</strong></span> <span class='ocrx_word' id='word_1_332' title='bbox 1390 3027 1813 3098; x_wconf 87' lang='lat' dir='ltr'><strong>Conscientiam,</strong></span> <span class='ocrx_word' id='word_1_333' title='bbox 1870 3030 1917 3086; x_wconf 90' lang='lat' dir='ltr'><strong>si</strong></span> <span class='ocrx_word' id='word_1_334' title='bbox 1960 3030 2235 3086; x_wconf 87' lang='lat' dir='ltr'><strong>absolvam</strong></span> 
     </span>
    </p>
   </div>
   <div class='ocr_carea' id='block_1_46' title="bbox 643 3123 2239 3197">
    <p class='ocr_par' dir='ltr' id='par_1_46' title="bbox 643 3123 2239 3197">
     <span class='ocr_line' id='line_1_46' title="bbox 643 3123 2239 3197; baseline -0.002 -18"><span class='ocrx_word' id='word_1_335' title='bbox 643 3137 804 3197; x_wconf 85' lang='lat' dir='ltr'><strong>quem</strong></span> <span class='ocrx_word' id='word_1_336' title='bbox 835 3123 1001 3178; x_wconf 83' lang='lat' dir='ltr'><strong>totius</strong></span> <span class='ocrx_word' id='word_1_337' title='bbox 1032 3123 1352 3192; x_wconf 85' lang='lat' dir='ltr'><strong>proditionis</strong></span> <span class='ocrx_word' id='word_1_338' title='bbox 1382 3131 1655 3179; x_wconf 85' lang='lat' dir='ltr'><strong>auctorem</strong></span> <span class='ocrx_word' id='word_1_339' title='bbox 1694 3137 1754 3178; x_wconf 87' lang='lat' dir='ltr'><strong>se</strong></span> <span class='ocrx_word' id='word_1_340' title='bbox 1808 3123 1921 3192; x_wconf 88' lang='lat' dir='ltr'><strong>ipse</strong></span> <span class='ocrx_word' id='word_1_341' title='bbox 1964 3123 2239 3192; x_wconf 66' lang='lat' dir='ltr'><strong>proﬁessus</strong></span> 
     </span>
    </p>
   </div>
   <div class='ocr_carea' id='block_1_47' title="bbox 2344 1913 3932 1983">
    <p class='ocr_par' dir='ltr' id='par_1_47' title="bbox 2344 1913 3932 1983">
     <span class='ocr_line' id='line_1_47' title="bbox 2344 1913 3932 1983; baseline -0.003 -9"><span class='ocrx_word' id='word_1_342' title='bbox 2344 1928 2447 1982; x_wconf 90' lang='lat' dir='ltr'><strong>est,</strong></span> <span class='ocrx_word' id='word_1_343' title='bbox 2493 1925 2551 1971; x_wconf 91' lang='lat' dir='ltr'><strong>ut</strong></span> <span class='ocrx_word' id='word_1_344' title='bbox 2589 1914 2920 1971; x_wconf 87' lang='lat' dir='ltr'><strong>conscientia</strong></span> <span class='ocrx_word' id='word_1_345' title='bbox 2992 1922 3175 1969; x_wconf 85' lang='lat' dir='ltr'><strong>nostra</strong></span> <span class='ocrx_word' id='word_1_346' title='bbox 3228 1921 3284 1967; x_wconf 90' lang='lat' dir='ltr'><strong>et</strong></span> <span class='ocrx_word' id='word_1_347' title='bbox 3335 1913 3666 1981; x_wconf 80' lang='lat' dir='ltr'><strong>existimatio</strong></span> <span class='ocrx_word' id='word_1_348' title='bbox 3716 1928 3932 1983; x_wconf 84' lang='lat' dir='ltr'><strong>quorum</strong></span> 
     </span>
    </p>
   </div>
   <div class='ocr_carea' id='block_1_48' title="bbox 2348 1992 3931 2073">
    <p class='ocr_par' dir='ltr' id='par_1_48' title="bbox 2348 1992 3931 2073">
     <span class='ocr_line' id='line_1_48' title="bbox 2348 1992 3931 2073; baseline -0.003 -8"><span class='ocrx_word' id='word_1_349' title='bbox 2348 2012 2585 2066; x_wconf 84' lang='lat' dir='ltr'><strong>interest</strong></span> <span class='ocrx_word' id='word_1_350' title='bbox 2609 1992 2864 2073; x_wconf 70' lang='lat' dir='ltr'><strong>maxime,</strong></span> <span class='ocrx_word' id='word_1_351' title='bbox 2884 2007 2934 2061; x_wconf 89' lang='lat' dir='ltr'><strong>in</strong></span> <span class='ocrx_word' id='word_1_352' title='bbox 2958 2006 3240 2061; x_wconf 74' lang='lat' dir='ltr'><strong>sententia:</strong></span> <span class='ocrx_word' id='word_1_353' title='bbox 3266 2019 3378 2063; x_wconf 77' lang='lat' dir='ltr'><strong>sua:</strong></span> <span class='ocrx_word' id='word_1_354' title='bbox 3411 2006 3759 2061; x_wconf 89' lang='lat' dir='ltr'><strong>revocatione</strong></span> <span class='ocrx_word' id='word_1_355' title='bbox 3788 2021 3931 2061; x_wconf 81' lang='lat' dir='ltr'><strong>cure-</strong></span> 
     </span>
    </p>
   </div>
   <div class='ocr_carea' id='block_1_49' title="bbox 2346 2101 3929 2171">
    <p class='ocr_par' dir='ltr' id='par_1_49' title="bbox 2346 2101 3929 2171">
     <span class='ocr_line' id='line_1_49' title="bbox 2346 2101 3929 2171; baseline -0.004 -11"><span class='ocrx_word' id='word_1_356' title='bbox 2346 2114 2455 2171; x_wconf 91' lang='lat' dir='ltr'><strong>tur,</strong></span> <span class='ocrx_word' id='word_1_357' title='bbox 2489 2111 2544 2157; x_wconf 89' lang='lat' dir='ltr'><strong>et</strong></span> <span class='ocrx_word' id='word_1_358' title='bbox 2572 2102 2709 2171; x_wconf 83' lang='lat' dir='ltr'><strong>iuste</strong></span> <span class='ocrx_word' id='word_1_359' title='bbox 2738 2116 2835 2156; x_wconf 91' lang='lat' dir='ltr'><strong>nos</strong></span> <span class='ocrx_word' id='word_1_360' title='bbox 2862 2114 2981 2156; x_wconf 88' lang='lat' dir='ltr'><strong>eam</strong></span> <span class='ocrx_word' id='word_1_361' title='bbox 3009 2109 3136 2154; x_wconf 85' lang='lat' dir='ltr'><strong>ante</strong></span> <span class='ocrx_word' id='word_1_362' title='bbox 3168 2109 3375 2168; x_wconf 84' lang='lat' dir='ltr'><strong>tempus</strong></span> <span class='ocrx_word' id='word_1_363' title='bbox 3402 2112 3716 2167; x_wconf 78' lang='lat' dir='ltr'><strong>revocasse,</strong></span> <span class='ocrx_word' id='word_1_364' title='bbox 3742 2101 3831 2155; x_wconf 79' lang='lat' dir='ltr'><strong>vel</strong></span> <span class='ocrx_word' id='word_1_365' title='bbox 3860 2116 3929 2155; x_wconf 81' lang='lat' dir='ltr'><strong>rc-</strong></span> 
     </span>
    </p>
   </div>
   <div class='ocr_carea' id='block_1_50' title="bbox 2346 2191 3922 2263">
    <p class='ocr_par' dir='ltr' id='par_1_50' title="bbox 2346 2191 3922 2263">
     <span class='ocr_line' id='line_1_50' title="bbox 2346 2191 3922 2263; baseline -0.003 -11"><span class='ocrx_word' id='word_1_366' title='bbox 2346 2198 2560 2253; x_wconf 69' lang='lat' dir='ltr'><strong>liliSiaﬁe</strong></span> <span class='ocrx_word' id='word_1_367' title='bbox 2584 2196 2870 2252; x_wconf 85' lang='lat' dir='ltr'><strong>doceamus</strong></span> <span class='ocrx_word' id='word_1_368' title='bbox 2903 2211 2917 2248; x_wconf 91' lang='lat'><strong>:</strong></span> <span class='ocrx_word' id='word_1_369' title='bbox 2952 2203 3012 2249; x_wconf 89' lang='lat' dir='ltr'><strong>ut</strong></span> <span class='ocrx_word' id='word_1_370' title='bbox 3041 2193 3206 2249; x_wconf 87' lang='lat' dir='ltr'><strong>etiam</strong></span> <span class='ocrx_word' id='word_1_371' title='bbox 3246 2191 3589 2249; x_wconf 87' lang='lat' dir='ltr'><strong>consolemur</strong></span> <span class='ocrx_word' id='word_1_372' title='bbox 3638 2206 3736 2249; x_wconf 90' lang='lat' dir='ltr'><strong>eos</strong></span> <span class='ocrx_word' id='word_1_373' title='bbox 3764 2195 3851 2263; x_wconf 85' lang='lat' dir='ltr'><strong>qui</strong></span> <span class='ocrx_word' id='word_1_374' title='bbox 3880 2196 3922 2248; x_wconf 82' lang='lat' dir='ltr'><strong>in</strong></span> 
     </span>
    </p>
   </div>
   <div class='ocr_carea' id='block_1_51' title="bbox 2350 2285 3929 2363">
    <p class='ocr_par' dir='ltr' id='par_1_51' title="bbox 2350 2285 3929 2363">
     <span class='ocr_line' id='line_1_51' title="bbox 2350 2285 3929 2363; baseline -0.006 -18"><span class='ocrx_word' id='word_1_375' title='bbox 2350 2290 2455 2346; x_wconf 80' lang='lat' dir='ltr'><strong>title</strong></span> <span class='ocrx_word' id='word_1_376' title='bbox 2484 2286 2748 2345; x_wconf 77' lang='lat' dir='ltr'><strong>catholica</strong></span> <span class='ocrx_word' id='word_1_377' title='bbox 2780 2294 3149 2363; x_wconf 65' lang='lat' dir='ltr'><strong>perseverant,</strong></span> <span class='ocrx_word' id='word_1_378' title='bbox 3183 2285 3250 2340; x_wconf 85' lang='lat' dir='ltr'><strong>de</strong></span> <span class='ocrx_word' id='word_1_379' title='bbox 3301 2286 3527 2339; x_wconf 80' lang='lat' dir='ltr'><strong>istorum</strong></span> <span class='ocrx_word' id='word_1_380' title='bbox 3576 2286 3929 2339; x_wconf 83' lang='lat' dir='ltr'><strong>communica-</strong></span> 
     </span>
    </p>
   </div>
   <div class='ocr_carea' id='block_1_52' title="bbox 2346 2377 3931 2450">
    <p class='ocr_par' dir='ltr' id='par_1_52' title="bbox 2346 2377 3931 2450">
     <span class='ocr_line' id='line_1_52' title="bbox 2346 2377 3931 2450; baseline -0.003 -13"><span class='ocrx_word' id='word_1_381' title='bbox 2346 2383 2493 2437; x_wconf 87' lang='lat' dir='ltr'><strong>tione</strong></span> <span class='ocrx_word' id='word_1_382' title='bbox 2520 2380 2810 2450; x_wconf 83' lang='lat' dir='ltr'><strong>probantes</strong></span> <span class='ocrx_word' id='word_1_383' title='bbox 2840 2395 2945 2435; x_wconf 93' lang='lat' dir='ltr'><strong>non</strong></span> <span class='ocrx_word' id='word_1_384' title='bbox 2978 2387 3167 2440; x_wconf 87' lang='lat' dir='ltr'><strong>nostro</strong></span> <span class='ocrx_word' id='word_1_385' title='bbox 3201 2392 3296 2433; x_wconf 91' lang='lat' dir='ltr'><strong>eos</strong></span> <span class='ocrx_word' id='word_1_386' title='bbox 3344 2386 3472 2433; x_wconf 90' lang='lat' dir='ltr'><strong>tunc</strong></span> <span class='ocrx_word' id='word_1_387' title='bbox 3512 2377 3931 2433; x_wconf 75' lang='lat' dir='ltr'><strong>communicasse</strong></span> 
     </span>
    </p>
   </div>
   <div class='ocr_carea' id='block_1_53' title="bbox 2344 2470 3929 2543">
    <p class='ocr_par' dir='ltr' id='par_1_53' title="bbox 2344 2470 3929 2543">
     <span class='ocr_line' id='line_1_53' title="bbox 2344 2470 3929 2543; baseline -0.008 -11"><span class='ocrx_word' id='word_1_388' title='bbox 2344 2476 2617 2543; x_wconf 86' lang='lat' dir='ltr'><strong>mandato,</strong></span> <span class='ocrx_word' id='word_1_389' title='bbox 2651 2490 2748 2529; x_wconf 86' lang='lat' dir='ltr'><strong>nec</strong></span> <span class='ocrx_word' id='word_1_390' title='bbox 2773 2489 2961 2531; x_wconf 87' lang='lat' dir='ltr'><strong>eorum</strong></span> <span class='ocrx_word' id='word_1_391' title='bbox 2989 2471 3357 2528; x_wconf 84' lang='lat' dir='ltr'><strong>communioni</strong></span> <span class='ocrx_word' id='word_1_392' title='bbox 3389 2470 3689 2541; x_wconf 77' lang='lat' dir='ltr'><strong>praebuisse</strong></span> <span class='ocrx_word' id='word_1_393' title='bbox 3710 2484 3929 2525; x_wconf 61' lang='lat' dir='ltr'><strong>consca.</strong></span> 
     </span>
    </p>
   </div>
   <div class='ocr_carea' id='block_1_54' title="bbox 2344 2560 3929 2634">
    <p class='ocr_par' dir='ltr' id='par_1_54' title="bbox 2344 2560 3929 2634">
     <span class='ocr_line' id='line_1_54' title="bbox 2344 2560 3929 2634; baseline -0.006 -9"><span class='ocrx_word' id='word_1_394' title='bbox 2344 2585 2483 2634; x_wconf 88' lang='lat' dir='ltr'><strong>sum,</strong></span> <span class='ocrx_word' id='word_1_395' title='bbox 2518 2577 2574 2625; x_wconf 90' lang='lat' dir='ltr'><strong>et</strong></span> <span class='ocrx_word' id='word_1_396' title='bbox 2601 2583 2783 2623; x_wconf 86' lang='lat' dir='ltr'><strong>secum</strong></span> <span class='ocrx_word' id='word_1_397' title='bbox 2810 2582 2912 2622; x_wconf 84' lang='lat' dir='ltr'><strong>nos</strong></span> <span class='ocrx_word' id='word_1_398' title='bbox 2944 2568 3001 2621; x_wconf 79' lang='lat' dir='ltr'><strong>in</strong></span> <span class='ocrx_word' id='word_1_399' title='bbox 3030 2565 3136 2621; x_wconf 90' lang='lat' dir='ltr'><strong>lide</strong></span> <span class='ocrx_word' id='word_1_400' title='bbox 3184 2564 3451 2621; x_wconf 86' lang='lat' dir='ltr'><strong>catholica</strong></span> <span class='ocrx_word' id='word_1_401' title='bbox 3496 2562 3814 2633; x_wconf 83' lang='lat' dir='ltr'><strong>perdurare.</strong></span> <span class='ocrx_word' id='word_1_402' title='bbox 3870 2560 3929 2616; x_wconf 80' lang='lat' dir='ltr'><strong>Et</strong></span> 
     </span>
    </p>
   </div>
   <div class='ocr_carea' id='block_1_55' title="bbox 2344 2657 3929 2733">
    <p class='ocr_par' dir='ltr' id='par_1_55' title="bbox 2344 2657 3929 2733">
     <span class='ocr_line' id='line_1_55' title="bbox 2344 2657 3929 2733; baseline -0.005 -16"><span class='ocrx_word' id='word_1_403' title='bbox 2344 2662 2466 2717; x_wconf 89' lang='lat' dir='ltr'><strong>ideo</strong></span> <span class='ocrx_word' id='word_1_404' title='bbox 2496 2662 2596 2730; x_wconf 90' lang='lat' dir='ltr'><strong>ipsi</strong></span> <span class='ocrx_word' id='word_1_405' title='bbox 2625 2675 2840 2731; x_wconf 90' lang='lat' dir='ltr'><strong>quoque</strong></span> <span class='ocrx_word' id='word_1_406' title='bbox 2866 2658 3159 2733; x_wconf 85' lang='lat' dir='ltr'><strong>nobiscum</strong></span> <span class='ocrx_word' id='word_1_407' title='bbox 3180 2657 3422 2715; x_wconf 81' lang='lat' dir='ltr'><strong>nituntur</strong></span> <span class='ocrx_word' id='word_1_408' title='bbox 3448 2672 3573 2712; x_wconf 89' lang='lat' dir='ltr'><strong>esse</strong></span> <span class='ocrx_word' id='word_1_409' title='bbox 3599 2666 3929 2719; x_wconf 84' lang='lat' dir='ltr'><strong>constantes;</strong></span> 
     </span>
    </p>
   </div>
   <div class='ocr_carea' id='block_1_56' title="bbox 2342 2750 3927 2827">
    <p class='ocr_par' dir='ltr' id='par_1_56' title="bbox 2342 2750 3927 2827">
     <span class='ocr_line' id='line_1_56' title="bbox 2342 2750 3927 2827; baseline -0.005 -16"><span class='ocrx_word' id='word_1_410' title='bbox 2342 2757 2482 2827; x_wconf 90' lang='lat' dir='ltr'><strong>quod</strong></span> <span class='ocrx_word' id='word_1_411' title='bbox 2514 2758 2558 2811; x_wconf 89' lang='lat' dir='ltr'><strong>si</strong></span> <span class='ocrx_word' id='word_1_412' title='bbox 2590 2756 2708 2815; x_wconf 85' lang='lat' dir='ltr'><strong>istis</strong></span> <span class='ocrx_word' id='word_1_413' title='bbox 2738 2755 2856 2811; x_wconf 90' lang='lat' dir='ltr'><strong>sine</strong></span> <span class='ocrx_word' id='word_1_414' title='bbox 2881 2754 3062 2823; x_wconf 89' lang='lat' dir='ltr'><strong>aliquo</strong></span> <span class='ocrx_word' id='word_1_415' title='bbox 3101 2752 3285 2811; x_wconf 85' lang='lat' dir='ltr'><strong>colore</strong></span> <span class='ocrx_word' id='word_1_416' title='bbox 3308 2752 3534 2820; x_wconf 70' lang='lat' dir='ltr'><strong>justitiac</strong></span> <span class='ocrx_word' id='word_1_417' title='bbox 3562 2762 3691 2805; x_wconf 83' lang='lat' dir='ltr'><strong>ante</strong></span> <span class='ocrx_word' id='word_1_418' title='bbox 3729 2750 3927 2818; x_wconf 78' lang='lat' dir='ltr'><strong>przesti-</strong></span> 
     </span>
    </p>
   </div>
   <div class='ocr_carea' id='block_1_57' title="bbox 2344 2841 3925 2916">
    <p class='ocr_par' dir='ltr' id='par_1_57' title="bbox 2344 2841 3925 2916">
     <span class='ocr_line' id='line_1_57' title="bbox 2344 2841 3925 2916; baseline -0.005 -13"><span class='ocrx_word' id='word_1_419' title='bbox 2344 2858 2515 2904; x_wconf 88' lang='lat' dir='ltr'><strong>tutum</strong></span> <span class='ocrx_word' id='word_1_420' title='bbox 2561 2856 2773 2916; x_wconf 80' lang='lat' dir='ltr'><strong>tempus</strong></span> <span class='ocrx_word' id='word_1_421' title='bbox 2812 2844 3139 2901; x_wconf 81' lang='lat' dir='ltr'><strong>sententiam</strong></span> <span class='ocrx_word' id='word_1_422' title='bbox 3190 2843 3484 2897; x_wconf 78' lang='lat' dir='ltr'><strong>relaxatam</strong></span> <span class='ocrx_word' id='word_1_423' title='bbox 3534 2841 3821 2905; x_wconf 83' lang='lat' dir='ltr'><strong>audierint,</strong></span> <span class='ocrx_word' id='word_1_424' title='bbox 3865 2854 3925 2895; x_wconf 87' lang='lat' dir='ltr'><strong>ex</strong></span> 
     </span>
    </p>
   </div>
   <div class='ocr_carea' id='block_1_58' title="bbox 2342 2934 3928 2997">
    <p class='ocr_par' dir='ltr' id='par_1_58' title="bbox 2342 2934 3928 2997">
     <span class='ocr_line' id='line_1_58' title="bbox 2342 2934 3928 2997; baseline -0.008 0"><span class='ocrx_word' id='word_1_425' title='bbox 2342 2951 2522 2997; x_wconf 87' lang='lat' dir='ltr'><strong>nostra</strong></span> <span class='ocrx_word' id='word_1_426' title='bbox 2548 2940 2824 2995; x_wconf 85' lang='lat' dir='ltr'><strong>voluntate</strong></span> <span class='ocrx_word' id='word_1_427' title='bbox 2851 2952 2947 2993; x_wconf 89' lang='lat' dir='ltr'><strong>eos</strong></span> <span class='ocrx_word' id='word_1_428' title='bbox 2996 2936 3427 2993; x_wconf 84' lang='lat' dir='ltr'><strong>communicasse</strong></span> <span class='ocrx_word' id='word_1_429' title='bbox 3473 2934 3733 2990; x_wconf 89' lang='lat' dir='ltr'><strong>credituri</strong></span> <span class='ocrx_word' id='word_1_430' title='bbox 3784 2944 3928 2985; x_wconf 86' lang='lat' dir='ltr'><strong>sunt.</strong></span> 
     </span>
    </p>
   </div>
   <div class='ocr_carea' id='block_1_59' title="bbox 2341 3026 3919 3103">
    <p class='ocr_par' dir='ltr' id='par_1_59' title="bbox 2341 3026 3919 3103">
     <span class='ocr_line' id='line_1_59' title="bbox 2341 3026 3919 3103; baseline -0.009 -13"><span class='ocrx_word' id='word_1_431' title='bbox 2341 3035 2407 3090; x_wconf 85' lang='lat' dir='ltr'><strong>Et</strong></span> <span class='ocrx_word' id='word_1_432' title='bbox 2435 3034 2558 3098; x_wconf 87' lang='lat' dir='ltr'><strong>hoc,</strong></span> <span class='ocrx_word' id='word_1_433' title='bbox 2586 3031 2727 3103; x_wconf 91' lang='lat' dir='ltr'><strong>quod</strong></span> <span class='ocrx_word' id='word_1_434' title='bbox 2755 3029 3086 3100; x_wconf 87' lang='lat' dir='ltr'><strong>suspendere</strong></span> <span class='ocrx_word' id='word_1_435' title='bbox 3112 3029 3209 3084; x_wconf 85' lang='lat' dir='ltr'><strong>visi</strong></span> <span class='ocrx_word' id='word_1_436' title='bbox 3241 3042 3450 3091; x_wconf 86' lang='lat' dir='ltr'><strong>sumus,</strong></span> <span class='ocrx_word' id='word_1_437' title='bbox 3487 3026 3715 3091; x_wconf 84' lang='lat' dir='ltr'><strong>fortasse</strong></span> <span class='ocrx_word' id='word_1_438' title='bbox 3757 3026 3919 3078; x_wconf 82' lang='lat' dir='ltr'><strong>simu-</strong></span> 
     </span>
    </p>
   </div>
   <div class='ocr_carea' id='block_1_60' title="bbox 2340 3119 3928 3186">
    <p class='ocr_par' dir='ltr' id='par_1_60' title="bbox 2340 3119 3928 3186">
     <span class='ocr_line' id='line_1_60' title="bbox 2340 3119 3928 3186; baseline -0.006 -5"><span class='ocrx_word' id='word_1_439' title='bbox 2340 3124 2587 3181; x_wconf 84' lang='lat' dir='ltr'><strong>latorium</strong></span> <span class='ocrx_word' id='word_1_440' title='bbox 2617 3122 2680 3179; x_wconf 91' lang='lat' dir='ltr'><strong>ad</strong></span> <span class='ocrx_word' id='word_1_441' title='bbox 2709 3120 3068 3179; x_wconf 81' lang='lat' dir='ltr'><strong>excusationis</strong></span> <span class='ocrx_word' id='word_1_442' title='bbox 3108 3119 3376 3183; x_wconf 84' lang='lat' dir='ltr'><strong>umbram,</strong></span> <span class='ocrx_word' id='word_1_443' title='bbox 3405 3127 3460 3173; x_wconf 88' lang='lat' dir='ltr'><strong>et</strong></span> <span class='ocrx_word' id='word_1_444' title='bbox 3502 3132 3605 3173; x_wconf 84' lang='lat' dir='ltr'><strong>nos</strong></span> <span class='ocrx_word' id='word_1_445' title='bbox 3636 3126 3928 3186; x_wconf 84' lang='lat' dir='ltr'><strong>transgres-</strong></span> 
     </span>
    </p>
   </div>
   <div class='ocr_carea' id='block_1_61' title="bbox 644 3187 3929 3285">
    <p class='ocr_par' dir='ltr' id='par_1_61' title="bbox 644 3187 3929 3285">
     <span class='ocr_line' id='line_1_61' title="bbox 644 3187 3929 3285; baseline -0.003 -10"><span class='ocrx_word' id='word_1_446' title='bbox 644 3187 757 3284; x_wconf 75' lang='lat' dir='ltr'><strong>est;</strong></span> <span class='ocrx_word' id='word_1_447' title='bbox 778 3218 998 3285; x_wconf 75' lang='lat' dir='ltr'><strong>famam,</strong></span> <span class='ocrx_word' id='word_1_448' title='bbox 1029 3187 1193 3270; x_wconf 71' lang='lat' dir='ltr'><strong>lotius</strong></span> <span class='ocrx_word' id='word_1_449' title='bbox 1218 3223 1439 3271; x_wconf 74' lang='lat' dir='ltr'><strong>mutatio</strong></span> <span class='ocrx_word' id='word_1_450' title='bbox 1460 3214 1766 3270; x_wconf 64' lang='lat' dir='ltr'><strong>sententiae.</strong></span> <span class='ocrx_word' id='word_1_451' title='bbox 1793 3187 1901 3271; x_wconf 70' lang='lat' dir='ltr'><strong>Nec</strong></span> <span class='ocrx_word' id='word_1_452' title='bbox 1929 3187 2104 3285; x_wconf 81' lang='lat' dir='ltr'><strong>potest</strong></span> <span class='ocrx_word' id='word_1_453' title='bbox 2127 3216 2234 3271; x_wconf 91' lang='lat' dir='ltr'><strong>dici</strong></span> <span class='ocrx_word' id='word_1_454' title='bbox 2264 3187 2311 3259; x_wconf 61' lang='grc' dir='ltr'><strong>(ἶ</strong></span> <span class='ocrx_word' id='word_1_455' title='bbox 2342 3232 2495 3273; x_wconf 88' lang='lat' dir='ltr'><strong>sores</strong></span> <span class='ocrx_word' id='word_1_456' title='bbox 2532 3216 2727 3273; x_wconf 86' lang='lat' dir='ltr'><strong>merito</strong></span> <span class='ocrx_word' id='word_1_457' title='bbox 2768 3213 3085 3284; x_wconf 77' lang='lat' dir='ltr'><strong>judicabnnt</strong></span> <span class='ocrx_word' id='word_1_458' title='bbox 3117 3230 3131 3268; x_wconf 91' lang='lat'><strong>:</strong></span> <span class='ocrx_word' id='word_1_459' title='bbox 3182 3212 3391 3282; x_wconf 89' lang='lat' dir='ltr'><strong>ipsique</strong></span> <span class='ocrx_word' id='word_1_460' title='bbox 3439 3220 3534 3265; x_wconf 89' lang='lat' dir='ltr'><strong>aut</strong></span> <span class='ocrx_word' id='word_1_461' title='bbox 3579 3210 3833 3267; x_wconf 79' lang='lat' dir='ltr'><strong>deﬁcient</strong></span> <span class='ocrx_word' id='word_1_462' title='bbox 3878 3218 3929 3265; x_wconf 87' lang='lat' dir='ltr'><strong>et</strong></span> 
     </span>
    </p>
   </div>
   <div class='ocr_carea' id='block_1_62' title="bbox 644 3307 2234 3384">
    <p class='ocr_par' dir='ltr' id='par_1_62' title="bbox 644 3307 2234 3384">
     <span class='ocr_line' id='line_1_62' title="bbox 644 3307 2234 3384; baseline -0.001 -21"><span class='ocrx_word' id='word_1_463' title='bbox 644 3309 784 3380; x_wconf 79' lang='lat' dir='ltr'><strong>quod</strong></span> <span class='ocrx_word' id='word_1_464' title='bbox 809 3323 932 3363; x_wconf 93' lang='lat' dir='ltr'><strong>cum</strong></span> <span class='ocrx_word' id='word_1_465' title='bbox 979 3308 1033 3362; x_wconf 92' lang='lat' dir='ltr'><strong>in</strong></span> <span class='ocrx_word' id='word_1_466' title='bbox 1061 3308 1221 3375; x_wconf 88' lang='lat' dir='ltr'><strong>istos,</strong></span> <span class='ocrx_word' id='word_1_467' title='bbox 1256 3316 1507 3384; x_wconf 81' lang='lat' dir='ltr'><strong>tanquam</strong></span> <span class='ocrx_word' id='word_1_468' title='bbox 1550 3307 1604 3361; x_wconf 90' lang='lat' dir='ltr'><strong>in</strong></span> <span class='ocrx_word' id='word_1_469' title='bbox 1631 3317 1880 3362; x_wconf 88' lang='lat' dir='ltr'><strong>auctores</strong></span> <span class='ocrx_word' id='word_1_470' title='bbox 1918 3308 2234 3363; x_wconf 75' lang='lat' dir='ltr'><strong>malefacto-</strong></span> 
     </span>
    </p>
   </div>
   <div class='ocr_carea' id='block_1_63' title="bbox 645 3388 2236 3469">
    <p class='ocr_par' dir='ltr' id='par_1_63' title="bbox 645 3388 2236 3469">
     <span class='ocr_line' id='line_1_63' title="bbox 645 3388 2236 3469; baseline 0 -14"><span class='ocrx_word' id='word_1_471' title='bbox 645 3413 802 3467; x_wconf 90' lang='lat' dir='ltr'><strong>rum,</strong></span> <span class='ocrx_word' id='word_1_472' title='bbox 855 3399 1021 3453; x_wconf 80' lang='lat' dir='ltr'><strong>fuerit</strong></span> <span class='ocrx_word' id='word_1_473' title='bbox 1063 3412 1232 3468; x_wconf 78' lang='lat' dir='ltr'><strong>usque</strong></span> <span class='ocrx_word' id='word_1_474' title='bbox 1277 3388 1346 3453; x_wconf 81' lang='lat' dir='ltr'><strong>ad</strong></span> <span class='ocrx_word' id='word_1_475' title='bbox 1385 3407 1597 3452; x_wconf 82' lang='lat' dir='ltr'><strong>certum</strong></span> <span class='ocrx_word' id='word_1_476' title='bbox 1638 3407 1849 3467; x_wconf 77' lang='lat' dir='ltr'><strong>tempus</strong></span> <span class='ocrx_word' id='word_1_477' title='bbox 1902 3400 2236 3469; x_wconf 75' lang='lat' dir='ltr'><strong>promulgata</strong></span> 
     </span>
    </p>
   </div>
   <div class='ocr_carea' id='block_1_64' title="bbox 644 3491 2230 3563">
    <p class='ocr_par' dir='ltr' id='par_1_64' title="bbox 644 3491 2230 3563">
     <span class='ocr_line' id='line_1_64' title="bbox 644 3491 2230 3563; baseline -0.002 -13"><span class='ocrx_word' id='word_1_478' title='bbox 644 3494 934 3559; x_wconf 88' lang='lat' dir='ltr'><strong>sententia,</strong></span> <span class='ocrx_word' id='word_1_479' title='bbox 953 3492 1074 3547; x_wconf 88' lang='lat' dir='ltr'><strong>ideo</strong></span> <span class='ocrx_word' id='word_1_480' title='bbox 1113 3492 1183 3547; x_wconf 88' lang='lat' dir='ltr'><strong>ab</strong></span> <span class='ocrx_word' id='word_1_481' title='bbox 1215 3491 1299 3547; x_wconf 85' lang='lat' dir='ltr'><strong>his</strong></span> <span class='ocrx_word' id='word_1_482' title='bbox 1321 3500 1554 3547; x_wconf 85' lang='lat' dir='ltr'><strong>retracta</strong></span> <span class='ocrx_word' id='word_1_483' title='bbox 1584 3493 1677 3557; x_wconf 84' lang='lat' dir='ltr'><strong>sit,</strong></span> <span class='ocrx_word' id='word_1_484' title='bbox 1705 3500 1957 3563; x_wconf 85' lang='lat' dir='ltr'><strong>tanquam</strong></span> <span class='ocrx_word' id='word_1_485' title='bbox 1980 3494 2230 3563; x_wconf 82' lang='lat' dir='ltr'><strong>innoxiis,</strong></span> 
     </span>
    </p>
   </div>
   <div class='ocr_carea' id='block_1_65' title="bbox 644 3587 2238 3658">
    <p class='ocr_par' dir='ltr' id='par_1_65' title="bbox 644 3587 2238 3658">
     <span class='ocr_line' id='line_1_65' title="bbox 644 3587 2238 3658; baseline 0.002 -15"><span class='ocrx_word' id='word_1_486' title='bbox 644 3596 705 3643; x_wconf 85' lang='lat' dir='ltr'><strong>nt</strong></span> <span class='ocrx_word' id='word_1_487' title='bbox 732 3589 784 3643; x_wconf 86' lang='lat' dir='ltr'><strong>in</strong></span> <span class='ocrx_word' id='word_1_488' title='bbox 834 3588 1032 3642; x_wconf 80' lang='lat' dir='ltr'><strong>Acacio</strong></span> <span class='ocrx_word' id='word_1_489' title='bbox 1076 3599 1247 3657; x_wconf 88' lang='lat' dir='ltr'><strong>usque</strong></span> <span class='ocrx_word' id='word_1_490' title='bbox 1289 3587 1357 3643; x_wconf 85' lang='lat' dir='ltr'><strong>ad</strong></span> <span class='ocrx_word' id='word_1_491' title='bbox 1406 3587 1458 3642; x_wconf 86' lang='lat' dir='ltr'><strong>id</strong></span> <span class='ocrx_word' id='word_1_492' title='bbox 1512 3597 1743 3657; x_wconf 76' lang='lat' dir='ltr'><strong>tempus,</strong></span> <span class='ocrx_word' id='word_1_493' title='bbox 1775 3588 1916 3658; x_wconf 90' lang='lat' dir='ltr'><strong>quod</strong></span> <span class='ocrx_word' id='word_1_494' title='bbox 1949 3588 2031 3644; x_wconf 89' lang='lat' dir='ltr'><strong>his</strong></span> <span class='ocrx_word' id='word_1_495' title='bbox 2062 3589 2238 3646; x_wconf 74' lang='lat' dir='ltr'><strong>fuerat</strong></span> 
     </span>
    </p>
   </div>
   <div class='ocr_carea' id='block_1_66' title="bbox 642 3681 2236 3754">
    <p class='ocr_par' dir='ltr' id='par_1_66' title="bbox 642 3681 2236 3754">
     <span class='ocr_line' id='line_1_66' title="bbox 642 3681 2236 3754; baseline 0.001 -17"><span class='ocrx_word' id='word_1_496' title='bbox 642 3682 1017 3753; x_wconf 73' lang='lat' dir='ltr'><strong>praestitutum,</strong></span> <span class='ocrx_word' id='word_1_497' title='bbox 1053 3681 1175 3751; x_wconf 89' lang='lat' dir='ltr'><strong>quia</strong></span> <span class='ocrx_word' id='word_1_498' title='bbox 1199 3688 1390 3736; x_wconf 81' lang='lat' dir='ltr'><strong>auctor</strong></span> <span class='ocrx_word' id='word_1_499' title='bbox 1417 3682 1582 3736; x_wconf 86' lang='lat' dir='ltr'><strong>totius</strong></span> <span class='ocrx_word' id='word_1_500' title='bbox 1611 3690 1694 3736; x_wconf 90' lang='lat' dir='ltr'><strong>est</strong></span> <span class='ocrx_word' id='word_1_501' title='bbox 1720 3682 1867 3750; x_wconf 89' lang='lat' dir='ltr'><strong>mali,</strong></span> <span class='ocrx_word' id='word_1_502' title='bbox 1898 3683 2089 3738; x_wconf 87' lang='lat' dir='ltr'><strong>eadem</strong></span> <span class='ocrx_word' id='word_1_503' title='bbox 2110 3699 2236 3754; x_wconf 67' lang='lat' dir='ltr'><strong>quae</strong></span> 
     </span>
    </p>
   </div>
   <div class='ocr_carea' id='block_1_67' title="bbox 644 3771 2280 3849">
    <p class='ocr_par' dir='ltr' id='par_1_67' title="bbox 644 3771 2280 3849">
     <span class='ocr_line' id='line_1_67' title="bbox 644 3771 2280 3849; baseline 0.002 -21"><span class='ocrx_word' id='word_1_504' title='bbox 644 3775 697 3828; x_wconf 88' lang='lat' dir='ltr'><strong>in</strong></span> <span class='ocrx_word' id='word_1_505' title='bbox 728 3774 860 3829; x_wconf 85' lang='lat' dir='ltr'><strong>istos</strong></span> <span class='ocrx_word' id='word_1_506' title='bbox 886 3774 1025 3828; x_wconf 85' lang='lat' dir='ltr'><strong>ratio</strong></span> <span class='ocrx_word' id='word_1_507' title='bbox 1053 3782 1317 3829; x_wconf 85' lang='lat' dir='ltr'><strong>servetur.</strong></span> <span class='ocrx_word' id='word_1_508' title='bbox 1344 3772 1478 3841; x_wconf 84' lang='lat' dir='ltr'><strong>Quia</strong></span> <span class='ocrx_word' id='word_1_509' title='bbox 1516 3773 1568 3827; x_wconf 83' lang='lat' dir='ltr'><strong>in</strong></span> <span class='ocrx_word' id='word_1_510' title='bbox 1617 3771 1895 3838; x_wconf 84' lang='lat' dir='ltr'><strong>Acacium,</strong></span> <span class='ocrx_word' id='word_1_511' title='bbox 1926 3784 1984 3829; x_wconf 91' lang='lat' dir='ltr'><strong>ut</strong></span> <span class='ocrx_word' id='word_1_512' title='bbox 2013 3786 2139 3849; x_wconf 91' lang='lat' dir='ltr'><strong>pote</strong></span> <span class='ocrx_word' id='word_1_513' title='bbox 2177 3776 2233 3831; x_wconf 81' lang='lat' dir='ltr'><strong>in</strong></span> <span class='ocrx_word' id='word_1_514' title='bbox 2261 3790 2280 3802; x_wconf 90' lang='grc'><strong>·</strong></span> 
     </span>
    </p>
   </div>
   <div class='ocr_carea' id='block_1_68' title="bbox 643 3854 2231 3939">
    <p class='ocr_par' dir='ltr' id='par_1_68' title="bbox 643 3854 2231 3939">
     <span class='ocr_line' id='line_1_68' title="bbox 643 3854 2231 3939; baseline 0.001 -18"><span class='ocrx_word' id='word_1_515' title='bbox 643 3876 943 3931; x_wconf 86' lang='lat' dir='ltr'><strong>auctorem,</strong></span> <span class='ocrx_word' id='word_1_516' title='bbox 984 3854 1328 3920; x_wconf 74' lang='lat' dir='ltr'><strong>insolubilem</strong></span> <span class='ocrx_word' id='word_1_517' title='bbox 1373 3865 1484 3921; x_wconf 84' lang='lat' dir='ltr'><strong>dixi</strong></span> <span class='ocrx_word' id='word_1_518' title='bbox 1524 3880 1695 3922; x_wconf 79' lang='lat' dir='ltr'><strong>meatu</strong></span> <span class='ocrx_word' id='word_1_519' title='bbox 1745 3867 1859 3923; x_wconf 87' lang='lat' dir='ltr'><strong>fore</strong></span> <span class='ocrx_word' id='word_1_520' title='bbox 1882 3868 2231 3939; x_wconf 82' lang='lat' dir='ltr'><strong>sententiam,</strong></span> 
     </span>
    </p>
   </div>
   <div class='ocr_carea' id='block_1_69' title="bbox 644 3959 2233 4029">
    <p class='ocr_par' dir='ltr' id='par_1_69' title="bbox 644 3959 2233 4029">
     <span class='ocr_line' id='line_1_69' title="bbox 644 3959 2233 4029; baseline 0.002 -15"><span class='ocrx_word' id='word_1_521' title='bbox 644 3973 748 4015; x_wconf 90' lang='lat' dir='ltr'><strong>non</strong></span> <span class='ocrx_word' id='word_1_522' title='bbox 779 3968 927 4014; x_wconf 86' lang='lat' dir='ltr'><strong>certo</strong></span> <span class='ocrx_word' id='word_1_523' title='bbox 955 3967 1198 4028; x_wconf 90' lang='lat' dir='ltr'><strong>tempore</strong></span> <span class='ocrx_word' id='word_1_524' title='bbox 1221 3959 1566 4013; x_wconf 86' lang='lat' dir='ltr'><strong>relaxandam</strong></span> <span class='ocrx_word' id='word_1_525' title='bbox 1598 3976 1613 4014; x_wconf 86' lang='lat'><strong>:</strong></span> <span class='ocrx_word' id='word_1_526' title='bbox 1643 3976 1802 4029; x_wconf 88' lang='lat' dir='ltr'><strong>quam</strong></span> <span class='ocrx_word' id='word_1_527' title='bbox 1826 3962 1869 4015; x_wconf 89' lang='lat' dir='ltr'><strong>si</strong></span> <span class='ocrx_word' id='word_1_528' title='bbox 1893 3962 2072 4016; x_wconf 90' lang='lat' dir='ltr'><strong>denuo</strong></span> <span class='ocrx_word' id='word_1_529' title='bbox 2102 3978 2233 4017; x_wconf 91' lang='lat' dir='ltr'><strong>con-</strong></span> 
     </span>
    </p>
   </div>
   <div class='ocr_carea' id='block_1_70' title="bbox 643 4047 2229 4125">
    <p class='ocr_par' dir='ltr' id='par_1_70' title="bbox 643 4047 2229 4125">
     <span class='ocr_line' id='line_1_70' title="bbox 643 4047 2229 4125; baseline 0.004 -22"><span class='ocrx_word' id='word_1_530' title='bbox 643 4048 822 4115; x_wconf 84' lang='lat' dir='ltr'><strong>ﬁrmo,</strong></span> <span class='ocrx_word' id='word_1_531' title='bbox 852 4047 1177 4105; x_wconf 77' lang='lat' dir='ltr'><strong>deﬁnitionis</strong></span> <span class='ocrx_word' id='word_1_532' title='bbox 1205 4063 1318 4105; x_wconf 74' lang='lat' dir='ltr'><strong>sum</strong></span> <span class='ocrx_word' id='word_1_533' title='bbox 1357 4057 1548 4125; x_wconf 86' lang='lat' dir='ltr'><strong>tenore</strong></span> <span class='ocrx_word' id='word_1_534' title='bbox 1587 4062 1839 4106; x_wconf 82' lang='lat' dir='ltr'><strong>mansura</strong></span> <span class='ocrx_word' id='word_1_535' title='bbox 1877 4061 1979 4121; x_wconf 90' lang='lat' dir='ltr'><strong>cst,</strong></span> <span class='ocrx_word' id='word_1_536' title='bbox 2014 4064 2075 4109; x_wconf 88' lang='lat' dir='ltr'><strong>ut</strong></span> <span class='ocrx_word' id='word_1_537' title='bbox 2122 4070 2229 4109; x_wconf 89' lang='lat' dir='ltr'><strong>non</strong></span> 
     </span>
    </p>
   </div>
   <div class='ocr_carea' id='block_1_71' title="bbox 646 4141 2230 4215">
    <p class='ocr_par' dir='ltr' id='par_1_71' title="bbox 646 4141 2230 4215">
     <span class='ocr_line' id='line_1_71' title="bbox 646 4141 2230 4215; baseline 0.003 -20"><span class='ocrx_word' id='word_1_538' title='bbox 646 4145 817 4210; x_wconf 88' lang='lat' dir='ltr'><strong>possit</strong></span> <span class='ocrx_word' id='word_1_539' title='bbox 841 4141 1045 4197; x_wconf 88' lang='lat' dir='ltr'><strong>absolvi</strong></span> <span class='ocrx_word' id='word_1_540' title='bbox 1080 4160 1091 4193; x_wconf 91' lang='lat'>:</span> <span class='ocrx_word' id='word_1_541' title='bbox 1124 4155 1225 4197; x_wconf 91' lang='lat' dir='ltr'><strong>nec</strong></span> <span class='ocrx_word' id='word_1_542' title='bbox 1269 4143 1413 4201; x_wconf 87' lang='lat' dir='ltr'><strong>enim</strong></span> <span class='ocrx_word' id='word_1_543' title='bbox 1457 4142 1570 4196; x_wconf 90' lang='lat' dir='ltr'><strong>illic</strong></span> <span class='ocrx_word' id='word_1_544' title='bbox 1606 4142 1806 4199; x_wconf 89' lang='lat' dir='ltr'><strong>dictum</strong></span> <span class='ocrx_word' id='word_1_545' title='bbox 1840 4156 1942 4209; x_wconf 89' lang='lat' dir='ltr'><strong>cst,</strong></span> <span class='ocrx_word' id='word_1_546' title='bbox 1974 4162 2135 4215; x_wconf 82' lang='lat' dir='ltr'><strong>usque</strong></span> <span class='ocrx_word' id='word_1_547' title='bbox 2162 4146 2230 4199; x_wconf 84' lang='lat' dir='ltr'><strong>ad</strong></span> 
     </span>
    </p>
   </div>
   <div class='ocr_carea' id='block_1_72' title="bbox 646 4233 2233 4304">
    <p class='ocr_par' dir='ltr' id='par_1_72' title="bbox 646 4233 2233 4304">
     <span class='ocr_line' id='line_1_72' title="bbox 646 4233 2233 4304; baseline 0.004 -19"><span class='ocrx_word' id='word_1_548' title='bbox 646 4234 780 4286; x_wconf 79' lang='lat' dir='ltr'><strong>illud</strong></span> <span class='ocrx_word' id='word_1_549' title='bbox 800 4233 1132 4304; x_wconf 72' lang='lat' dir='ltr'><strong>tempus,sed</strong></span> <span class='ocrx_word' id='word_1_550' title='bbox 1169 4233 1369 4288; x_wconf 88' lang='lat' dir='ltr'><strong>dictum</strong></span> <span class='ocrx_word' id='word_1_551' title='bbox 1412 4243 1821 4304; x_wconf 37' lang='lat' dir='ltr'><strong>ostrumque»:</strong></span> <span class='ocrx_word' id='word_1_552' title='bbox 1853 4250 1974 4290; x_wconf 88' lang='lat' dir='ltr'><strong>esse</strong></span> <span class='ocrx_word' id='word_1_553' title='bbox 2019 4239 2233 4291; x_wconf 77' lang='lat' dir='ltr'><strong>solven-</strong></span> 
     </span>
    </p>
   </div>
   <div class='ocr_carea' id='block_1_73' title="bbox 646 4323 2230 4394">
    <p class='ocr_par' dir='ltr' id='par_1_73' title="bbox 646 4323 2230 4394">
     <span class='ocr_line' id='line_1_73' title="bbox 646 4323 2230 4394; baseline 0.003 -15"><span class='ocrx_word' id='word_1_554' title='bbox 646 4324 790 4379; x_wconf 90' lang='lat' dir='ltr'><strong>dam.</strong></span> <span class='ocrx_word' id='word_1_555' title='bbox 816 4324 923 4379; x_wconf 64' lang='grc' dir='ltr'><strong>θεά</strong></span> <span class='ocrx_word' id='word_1_556' title='bbox 950 4339 1063 4377; x_wconf 86' lang='lat' dir='ltr'><strong>cum</strong></span> <span class='ocrx_word' id='word_1_557' title='bbox 1085 4323 1201 4392; x_wconf 78' lang='lat' dir='ltr'><strong>hoc,</strong></span> <span class='ocrx_word' id='word_1_558' title='bbox 1237 4323 1435 4393; x_wconf 86' lang='lat' dir='ltr'><strong>inquis,</strong></span> <span class='ocrx_word' id='word_1_559' title='bbox 1457 4326 1573 4394; x_wconf 88' lang='lat' dir='ltr'><strong>jam</strong></span> <span class='ocrx_word' id='word_1_560' title='bbox 1614 4324 1825 4393; x_wconf 79' lang='lat' dir='ltr'><strong>dixeris,</strong></span> <span class='ocrx_word' id='word_1_561' title='bbox 1876 4337 2044 4383; x_wconf 84' lang='lat' dir='ltr'><strong>tamen</strong></span> <span class='ocrx_word' id='word_1_562' title='bbox 2095 4345 2230 4383; x_wconf 82' lang='lat' dir='ltr'><strong>nunc</strong></span> 
     </span>
    </p>
   </div>
   <div class='ocr_carea' id='block_1_74' title="bbox 646 4402 2229 4480">
    <p class='ocr_par' dir='ltr' id='par_1_74' title="bbox 646 4402 2229 4480">
     <span class='ocr_line' id='line_1_74' title="bbox 646 4402 2229 4480; baseline -0.004 -8"><span class='ocrx_word' id='word_1_563' title='bbox 646 4402 766 4472; x_wconf 71' lang='lat' dir='ltr'><strong>eum</strong></span> <span class='ocrx_word' id='word_1_564' title='bbox 793 4416 990 4473; x_wconf 78' lang='lat' dir='ltr'><strong>moliris</strong></span> <span class='ocrx_word' id='word_1_565' title='bbox 1016 4416 1295 4472; x_wconf 81' lang='lat' dir='ltr'><strong>absoluere.</strong></span> <span class='ocrx_word' id='word_1_566' title='bbox 1347 4417 1559 4473; x_wconf 71' lang='lat' dir='ltr'><strong>Sufﬁcit</strong></span> <span class='ocrx_word' id='word_1_567' title='bbox 1587 4418 1669 4479; x_wconf 88' lang='lat' dir='ltr'><strong>vel</strong></span> <span class='ocrx_word' id='word_1_568' title='bbox 1708 4419 1877 4476; x_wconf 87' lang='lat' dir='ltr'><strong>semel</strong></span> <span class='ocrx_word' id='word_1_569' title='bbox 1920 4419 2078 4478; x_wconf 77' lang='lat' dir='ltr'><strong>dicta:</strong></span> <span class='ocrx_word' id='word_1_570' title='bbox 2106 4438 2229 4480; x_wconf 87' lang='lat' dir='ltr'><strong>seu-</strong></span> 
     </span>
    </p>
   </div>
   <div class='ocr_carea' id='block_1_75' title="bbox 647 4509 2228 4580">
    <p class='ocr_par' dir='ltr' id='par_1_75' title="bbox 647 4509 2228 4580">
     <span class='ocr_line' id='line_1_75' title="bbox 647 4509 2228 4580; baseline 0.003 -14"><span class='ocrx_word' id='word_1_571' title='bbox 647 4512 828 4567; x_wconf 64' lang='lat' dir='ltr'><strong>tentia</strong></span> <span class='ocrx_word' id='word_1_572' title='bbox 846 4522 1144 4579; x_wconf 84' lang='lat' dir='ltr'><strong>procurare</strong></span> <span class='ocrx_word' id='word_1_573' title='bbox 1172 4509 1496 4565; x_wconf 87' lang='lat' dir='ltr'><strong>solutionem</strong></span> <span class='ocrx_word' id='word_1_574' title='bbox 1527 4528 1541 4563; x_wconf 89' lang='lat'><strong>:</strong></span> <span class='ocrx_word' id='word_1_575' title='bbox 1574 4510 1702 4580; x_wconf 87' lang='lat' dir='ltr'><strong>quid</strong></span> <span class='ocrx_word' id='word_1_576' title='bbox 1729 4526 1845 4568; x_wconf 82' lang='lat' dir='ltr'><strong>eam</strong></span> <span class='ocrx_word' id='word_1_577' title='bbox 1877 4528 1965 4569; x_wconf 88' lang='lat' dir='ltr'><strong>me</strong></span> <span class='ocrx_word' id='word_1_578' title='bbox 1992 4517 2072 4570; x_wconf 91' lang='lat' dir='ltr'><strong>vis</strong></span> <span class='ocrx_word' id='word_1_579' title='bbox 2104 4532 2228 4572; x_wconf 84' lang='lat' dir='ltr'><strong>meo</strong></span> 
     </span>
    </p>
   </div>
   <div class='ocr_carea' id='block_1_76' title="bbox 646 4596 2234 4679">
    <p class='ocr_par' dir='ltr' id='par_1_76' title="bbox 646 4596 2234 4679">
     <span class='ocr_line' id='line_1_76' title="bbox 646 4596 2234 4679; baseline 0.004 -22"><span class='ocrx_word' id='word_1_580' title='bbox 646 4604 844 4658; x_wconf 84' lang='lat' dir='ltr'><strong>iterare</strong></span> <span class='ocrx_word' id='word_1_581' title='bbox 869 4599 1126 4657; x_wconf 77' lang='lat' dir='ltr'><strong>decreto?</strong></span> <span class='ocrx_word' id='word_1_582' title='bbox 1155 4598 1213 4656; x_wconf 90' lang='lat' dir='ltr'><strong>Si</strong></span> <span class='ocrx_word' id='word_1_583' title='bbox 1245 4600 1409 4656; x_wconf 88' lang='lat' dir='ltr'><strong>semei</strong></span> <span class='ocrx_word' id='word_1_584' title='bbox 1440 4596 1599 4656; x_wconf 88' lang='lat' dir='ltr'><strong>latam</strong></span> <span class='ocrx_word' id='word_1_585' title='bbox 1630 4602 2005 4673; x_wconf 86' lang='lat' dir='ltr'><strong>indignamlni,</strong></span> <span class='ocrx_word' id='word_1_586' title='bbox 2032 4621 2128 4662; x_wconf 89' lang='lat' dir='ltr'><strong>cur</strong></span> <span class='ocrx_word' id='word_1_587' title='bbox 2148 4623 2234 4679; x_wconf 86' lang='lat' dir='ltr'><strong>ge-</strong></span> 
     </span>
    </p>
   </div>
   <div class='ocr_carea' id='block_1_77' title="bbox 644 4692 2233 4767">
    <p class='ocr_par' dir='ltr' id='par_1_77' title="bbox 644 4692 2233 4767">
     <span class='ocr_line' id='line_1_77' title="bbox 644 4692 2233 4767; baseline 0.003 -16"><span class='ocrx_word' id='word_1_588' title='bbox 644 4697 853 4752; x_wconf 89' lang='lat' dir='ltr'><strong>minare</strong></span> <span class='ocrx_word' id='word_1_589' title='bbox 882 4692 1243 4751; x_wconf 88' lang='lat' dir='ltr'><strong>contenditis?</strong></span> <span class='ocrx_word' id='word_1_590' title='bbox 1264 4694 1321 4750; x_wconf 89' lang='lat' dir='ltr'><strong>Si</strong></span> <span class='ocrx_word' id='word_1_591' title='bbox 1343 4695 1508 4753; x_wconf 88' lang='lat' dir='ltr'><strong>semel</strong></span> <span class='ocrx_word' id='word_1_592' title='bbox 1548 4695 1813 4767; x_wconf 81' lang='lat' dir='ltr'><strong>prolatam</strong></span> <span class='ocrx_word' id='word_1_593' title='bbox 1844 4696 2125 4755; x_wconf 84' lang='lat' dir='ltr'><strong>absolvere</strong></span> <span class='ocrx_word' id='word_1_594' title='bbox 2156 4702 2233 4756; x_wconf 87' lang='lat' dir='ltr'><strong>vi-</strong></span> 
     </span>
    </p>
   </div>
   <div class='ocr_carea' id='block_1_78' title="bbox 558 4788 2231 4862">
    <p class='ocr_par' dir='ltr' id='par_1_78' title="bbox 558 4788 2231 4862">
     <span class='ocr_line' id='line_1_78' title="bbox 558 4788 2231 4862; baseline 0.004 -19"><span class='ocrx_word' id='word_1_595' title='bbox 558 4806 579 4823; x_wconf 54' lang='lat' dir='ltr'><strong>r</strong></span> <span class='ocrx_word' id='word_1_596' title='bbox 645 4788 802 4844; x_wconf 87' lang='lat' dir='ltr'><strong>detur</strong></span> <span class='ocrx_word' id='word_1_597' title='bbox 819 4802 943 4844; x_wconf 89' lang='lat' dir='ltr'><strong>esse</strong></span> <span class='ocrx_word' id='word_1_598' title='bbox 988 4788 1231 4855; x_wconf 74' lang='lat' dir='ltr'><strong>difﬁcile,</strong></span> <span class='ocrx_word' id='word_1_599' title='bbox 1272 4789 1399 4858; x_wconf 81' lang='lat' dir='ltr'><strong>quid</strong></span> <span class='ocrx_word' id='word_1_600' title='bbox 1448 4789 1707 4844; x_wconf 87' lang='lat' dir='ltr'><strong>faciemus</strong></span> <span class='ocrx_word' id='word_1_601' title='bbox 1755 4790 1825 4845; x_wconf 90' lang='lat' dir='ltr'><strong>de</strong></span> <span class='ocrx_word' id='word_1_602' title='bbox 1862 4793 2231 4862; x_wconf 76' lang='lat' dir='ltr'><strong>geminatione</strong></span> 
     </span>
    </p>
   </div>
   <div class='ocr_carea' id='block_1_79' title="bbox 645 4876 2234 4955">
    <p class='ocr_par' dir='ltr' id='par_1_79' title="bbox 645 4876 2234 4955">
     <span class='ocr_line' id='line_1_79' title="bbox 645 4876 2234 4955; baseline 0.003 -20"><span class='ocrx_word' id='word_1_603' title='bbox 645 4880 967 4936; x_wconf 59' lang='lat' dir='ltr'><strong>sententiae?</strong></span> <span class='ocrx_word' id='word_1_604' title='bbox 989 4876 1234 4935; x_wconf 83' lang='lat' dir='ltr'><strong>Forsitan</strong></span> <span class='ocrx_word' id='word_1_605' title='bbox 1265 4887 1318 4933; x_wconf 89' lang='lat' dir='ltr'><strong>ct</strong></span> <span class='ocrx_word' id='word_1_606' title='bbox 1341 4878 1451 4934; x_wconf 85' lang='lat' dir='ltr'><strong>illic</strong></span> <span class='ocrx_word' id='word_1_607' title='bbox 1478 4880 1679 4950; x_wconf 86' lang='lat' dir='ltr'><strong>aliquid</strong></span> <span class='ocrx_word' id='word_1_608' title='bbox 1709 4881 1889 4936; x_wconf 88' lang='lat' dir='ltr'><strong>minus</strong></span> <span class='ocrx_word' id='word_1_609' title='bbox 1916 4898 2003 4939; x_wconf 88' lang='lat' dir='ltr'><strong>me</strong></span> <span class='ocrx_word' id='word_1_610' title='bbox 2031 4898 2234 4955; x_wconf 78' lang='lat' dir='ltr'><strong>cogno-</strong></span> 
     </span>
    </p>
   </div>
   <div class='ocr_carea' id='block_1_80' title="bbox 644 4970 2235 5053">
    <p class='ocr_par' dir='ltr' id='par_1_80' title="bbox 644 4970 2235 5053">
     <span class='ocr_line' id='line_1_80' title="bbox 644 4970 2235 5053; baseline 0.003 -24"><span class='ocrx_word' id='word_1_611' title='bbox 644 4973 807 5039; x_wconf 87' lang='lat' dir='ltr'><strong>visse,</strong></span> <span class='ocrx_word' id='word_1_612' title='bbox 836 4988 994 5044; x_wconf 90' lang='lat' dir='ltr'><strong>quam</strong></span> <span class='ocrx_word' id='word_1_613' title='bbox 1025 4970 1227 5028; x_wconf 79' lang='lat' dir='ltr'><strong>dictum</strong></span> <span class='ocrx_word' id='word_1_614' title='bbox 1273 4979 1375 5037; x_wconf 90' lang='lat' dir='ltr'><strong>est,</strong></span> <span class='ocrx_word' id='word_1_615' title='bbox 1415 4978 1602 5053; x_wconf 83' lang='lat' dir='ltr'><strong>potero</strong></span> <span class='ocrx_word' id='word_1_616' title='bbox 1651 4972 1702 5026; x_wconf 88' lang='lat' dir='ltr'><strong>in</strong></span> <span class='ocrx_word' id='word_1_617' title='bbox 1753 4972 1922 5029; x_wconf 86' lang='lat' dir='ltr'><strong>semel</strong></span> <span class='ocrx_word' id='word_1_618' title='bbox 1964 4976 2170 5051; x_wconf 84' lang='lat' dir='ltr'><strong>prolata</strong></span> <span class='ocrx_word' id='word_1_619' title='bbox 2204 4994 2235 5034; x_wconf 91' lang='lat' dir='ltr'><strong>e</strong></span> 
     </span>
    </p>
   </div>
   <div class='ocr_carea' id='block_1_81' title="bbox 645 5108 2232 5183">
    <p class='ocr_par' dir='ltr' id='par_1_81' title="bbox 645 5108 2232 5183">
     <span class='ocr_line' id='line_1_81' title="bbox 645 5108 2232 5183; baseline 0 -16"><span class='ocrx_word' id='word_1_620' title='bbox 645 5110 918 5183; x_wconf 19' lang='lat' dir='ltr'><strong>surumAS.</strong></span> <span class='ocrx_word' id='word_1_621' title='bbox 952 5109 1189 5183; x_wconf 81' lang='lat' dir='ltr'><strong>pontifex</strong></span> <span class='ocrx_word' id='word_1_622' title='bbox 1236 5108 1455 5174; x_wconf 90' lang='lat' dir='ltr'><strong>asserit,</strong></span> <span class='ocrx_word' id='word_1_623' title='bbox 1486 5124 1650 5183; x_wconf 75' lang='lat' dir='ltr'><strong>quam</strong></span> <span class='ocrx_word' id='word_1_624' title='bbox 1689 5108 1731 5183; x_wconf 80' lang='lat' dir='ltr'><strong>si</strong></span> <span class='ocrx_word' id='word_1_625' title='bbox 1765 5108 1921 5183; x_wconf 84' lang='lat' dir='ltr'><strong>hujus</strong></span> <span class='ocrx_word' id='word_1_626' title='bbox 1972 5113 2232 5183; x_wconf 86' lang='lat' dir='ltr'><strong>anticipa-</strong></span> 
     </span>
    </p>
   </div>
   <div class='ocr_carea' id='block_1_82' title="bbox 648 5178 2229 5251">
    <p class='ocr_par' dir='ltr' id='par_1_82' title="bbox 648 5178 2229 5251">
     <span class='ocr_line' id='line_1_82' title="bbox 648 5178 2229 5251; baseline 0.003 -14"><span class='ocrx_word' id='word_1_627' title='bbox 648 5183 808 5238; x_wconf 89' lang='lat' dir='ltr'><strong>tionis</strong></span> <span class='ocrx_word' id='word_1_628' title='bbox 833 5178 972 5251; x_wconf 68' lang='lat' dir='ltr'><strong>justi</strong></span> <span class='ocrx_word' id='word_1_629' title='bbox 998 5181 1239 5251; x_wconf 75' lang='lat' dir='ltr'><strong>quaedam</strong></span> <span class='ocrx_word' id='word_1_630' title='bbox 1261 5194 1527 5251; x_wconf 61' lang='lat' dir='ltr'><strong>eteorum</strong></span> <span class='ocrx_word' id='word_1_631' title='bbox 1551 5178 1731 5235; x_wconf 79' lang='lat' dir='ltr'><strong>delicti</strong></span> <span class='ocrx_word' id='word_1_632' title='bbox 1756 5178 1982 5250; x_wconf 85' lang='lat' dir='ltr'><strong>probata</strong></span> <span class='ocrx_word' id='word_1_633' title='bbox 2015 5178 2229 5241; x_wconf 77' lang='lat' dir='ltr'><strong>levitate</strong></span> 
     </span>
    </p>
   </div>
   <div class='ocr_carea' id='block_1_83' title="bbox 646 5249 1597 5324">
    <p class='ocr_par' dir='ltr' id='par_1_83' title="bbox 646 5249 1597 5324">
     <span class='ocr_line' id='line_1_83' title="bbox 646 5249 1597 5324; baseline -0.006 -13"><span class='ocrx_word' id='word_1_634' title='bbox 646 5268 804 5311; x_wconf 85' lang='lat' dir='ltr'><strong>causa</strong></span> <span class='ocrx_word' id='word_1_635' title='bbox 834 5249 1105 5324; x_wconf 81' lang='lat' dir='ltr'><strong>appareat.</strong></span> <span class='ocrx_word' id='word_1_636' title='bbox 1136 5249 1275 5324; x_wconf 59' lang='lat' dir='ltr'><strong>Scip.</strong></span> <span class='ocrx_word' id='word_1_637' title='bbox 1307 5250 1597 5306; x_wconf 64' lang='grc' dir='ltr'><strong>δίκη-ειυς.</strong></span> 
     </span>
    </p>
   </div>
   <div class='ocr_carea' id='block_1_84' title="bbox 718 5320 2225 5396">
    <p class='ocr_par' dir='ltr' id='par_1_84' title="bbox 718 5320 2225 5396">
     <span class='ocr_line' id='line_1_84' title="bbox 718 5320 2225 5396; baseline -0.001 -16"><span class='ocrx_word' id='word_1_638' title='bbox 718 5333 744 5361; x_wconf 70' lang='grc'><strong>⁸</strong></span> <span class='ocrx_word' id='word_1_639' title='bbox 776 5320 1012 5396; x_wconf 75' lang='lat' dir='ltr'><strong>Synodo,</strong></span> <span class='ocrx_word' id='word_1_640' title='bbox 1046 5330 1099 5374; x_wconf 90' lang='lat' dir='ltr'><strong>ut</strong></span> <span class='ocrx_word' id='word_1_641' title='bbox 1155 5320 1384 5396; x_wconf 80' lang='lat' dir='ltr'><strong>videtur,</strong></span> <span class='ocrx_word' id='word_1_642' title='bbox 1419 5335 1523 5396; x_wconf 83' lang='lat' dir='ltr'><strong>qua</strong></span> <span class='ocrx_word' id='word_1_643' title='bbox 1554 5331 1742 5376; x_wconf 82' lang='lat' dir='ltr'><strong>auctor</strong></span> <span class='ocrx_word' id='word_1_644' title='bbox 1775 5321 2040 5396; x_wconf 80' lang='lat' dir='ltr'><strong>Breviculi</strong></span> <span class='ocrx_word' id='word_1_645' title='bbox 2091 5336 2225 5391; x_wconf 86' lang='lat' dir='ltr'><strong>Oplts</strong></span> 
     </span>
    </p>
   </div>
   <div class='ocr_carea' id='block_1_85' title="bbox 648 5390 2225 5460">
    <p class='ocr_par' dir='ltr' id='par_1_85' title="bbox 648 5390 2225 5460">
     <span class='ocr_line' id='line_1_85' title="bbox 648 5390 2225 5460; baseline 0 -11"><span class='ocrx_word' id='word_1_646' title='bbox 648 5390 893 5449; x_wconf 69' lang='lat' dir='ltr'><strong>absolvit.</strong></span> <span class='ocrx_word' id='word_1_647' title='bbox 943 5391 999 5447; x_wconf 85' lang='lat' dir='ltr'><strong>in</strong></span> <span class='ocrx_word' id='word_1_648' title='bbox 1054 5405 1116 5446; x_wconf 89' lang='lat' dir='ltr'><strong>ea</strong></span> <span class='ocrx_word' id='word_1_649' title='bbox 1166 5390 1323 5460; x_wconf 79' lang='lat' dir='ltr'><strong>legati</strong></span> <span class='ocrx_word' id='word_1_650' title='bbox 1371 5391 1633 5445; x_wconf 89' lang='lat' dir='ltr'><strong>maiorum</strong></span> <span class='ocrx_word' id='word_1_651' title='bbox 1667 5394 1907 5447; x_wconf 92' lang='lat' dir='ltr'><strong>omnium</strong></span> <span class='ocrx_word' id='word_1_652' title='bbox 1955 5390 2225 5450; x_wconf 82' lang='lat' dir='ltr'><strong>auctorem</strong></span> 
     </span>
    </p>
   </div>
   <div class='ocr_carea' id='block_1_86' title="bbox 650 5460 1755 5519">
    <p class='ocr_par' dir='ltr' id='par_1_86' title="bbox 650 5460 1755 5519">
     <span class='ocr_line' id='line_1_86' title="bbox 650 5460 1755 5519; baseline -0.003 0"><span class='ocrx_word' id='word_1_653' title='bbox 650 5465 899 5519; x_wconf 76' lang='lat' dir='ltr'><strong>Acacium</strong></span> <span class='ocrx_word' id='word_1_654' title='bbox 927 5460 1427 5517; x_wconf 42' lang='lat' dir='ltr'><strong>detexerantLScw.</strong></span> <span class='ocrx_word' id='word_1_655' title='bbox 1460 5460 1755 5517; x_wconf 72' lang='lat' dir='ltr'><strong>MM‘FiLIUS.</strong></span> 
     </span>
    </p>
   </div>
   <div class='ocr_carea' id='block_1_87' title="bbox 718 5530 2226 5601">
    <p class='ocr_par' dir='ltr' id='par_1_87' title="bbox 718 5530 2226 5601">
     <span class='ocr_line' id='line_1_87' title="bbox 718 5530 2226 5601; baseline 0.003 -16"><span class='ocrx_word' id='word_1_656' title='bbox 718 5530 745 5570; x_wconf 71' lang='grc' dir='ltr'>δ</span> <span class='ocrx_word' id='word_1_657' title='bbox 777 5532 901 5587; x_wconf 85' lang='lat' dir='ltr'><strong>Post</strong></span> <span class='ocrx_word' id='word_1_658' title='bbox 926 5534 1040 5586; x_wconf 76' lang='lat' dir='ltr'><strong>lucc</strong></span> <span class='ocrx_word' id='word_1_659' title='bbox 1066 5534 1237 5601; x_wconf 77' lang='lat' dir='ltr'><strong>pergit</strong></span> <span class='ocrx_word' id='word_1_660' title='bbox 1284 5530 1450 5585; x_wconf 72' lang='lat' dir='ltr'><strong>codex</strong></span> <span class='ocrx_word' id='word_1_661' title='bbox 1486 5549 1496 5582; x_wconf 90' lang='lat'><strong>:</strong></span> <span class='ocrx_word' id='word_1_662' title='bbox 1532 5531 1593 5585; x_wconf 89' lang='lat' dir='ltr'><strong>Si</strong></span> <span class='ocrx_word' id='word_1_663' title='bbox 1641 5541 1850 5601; x_wconf 80' lang='lat' dir='ltr'><strong>putatur</strong></span> <span class='ocrx_word' id='word_1_664' title='bbox 1889 5533 2226 5592; x_wconf 68' lang='lat' dir='ltr'><strong>absolvendus</strong></span> 
     </span>
    </p>
   </div>
   <div class='ocr_carea' id='block_1_88' title="bbox 649 5603 2228 5675">
    <p class='ocr_par' dir='ltr' id='par_1_88' title="bbox 649 5603 2228 5675">
     <span class='ocr_line' id='line_1_88' title="bbox 649 5603 2228 5675; baseline 0.003 -21"><span class='ocrx_word' id='word_1_665' title='bbox 649 5604 733 5675; x_wconf 74' lang='lat' dir='ltr'><strong>qui</strong></span> <span class='ocrx_word' id='word_1_666' title='bbox 761 5604 819 5669; x_wconf 34' lang='lat' dir='ltr'><strong>.in</strong></span> <span class='ocrx_word' id='word_1_667' title='bbox 866 5604 1024 5658; x_wconf 83' lang='lat' dir='ltr'><strong>Deum</strong></span> <span class='ocrx_word' id='word_1_668' title='bbox 1062 5604 1333 5675; x_wconf 75' lang='lat' dir='ltr'><strong>deliquisse</strong></span> <span class='ocrx_word' id='word_1_669' title='bbox 1362 5603 1692 5675; x_wconf 64' lang='lat' dir='ltr'><strong>convincitur,</strong></span> <span class='ocrx_word' id='word_1_670' title='bbox 1725 5616 1915 5675; x_wconf 73' lang='lat' dir='ltr'><strong>quanto</strong></span> <span class='ocrx_word' id='word_1_671' title='bbox 1947 5607 2106 5675; x_wconf 78' lang='lat' dir='ltr'><strong>magis</strong></span> <span class='ocrx_word' id='word_1_672' title='bbox 2142 5609 2228 5659; x_wconf 83' lang='lat' dir='ltr'><strong>ab-</strong></span> 
     </span>
    </p>
   </div>
   <div class='ocr_carea' id='block_1_89' title="bbox 651 5668 2223 5742">
    <p class='ocr_par' dir='ltr' id='par_1_89' title="bbox 651 5668 2223 5742">
     <span class='ocr_line' id='line_1_89' title="bbox 651 5668 2223 5742; baseline 0 -14"><span class='ocrx_word' id='word_1_673' title='bbox 651 5668 916 5728; x_wconf 64' lang='lat' dir='ltr'><strong>solvendus</strong></span> <span class='ocrx_word' id='word_1_674' title='bbox 946 5685 1013 5726; x_wconf 75' lang='lat' dir='ltr'><strong>est</strong></span> <span class='ocrx_word' id='word_1_675' title='bbox 1040 5674 1124 5741; x_wconf 80' lang='lat' dir='ltr'><strong>qui</strong></span> <span class='ocrx_word' id='word_1_676' title='bbox 1162 5668 1211 5725; x_wconf 84' lang='lat' dir='ltr'><strong>in</strong></span> <span class='ocrx_word' id='word_1_677' title='bbox 1245 5672 1497 5723; x_wconf 71' lang='lat' dir='ltr'><strong>hominem</strong></span> <span class='ocrx_word' id='word_1_678' title='bbox 1527 5672 1714 5725; x_wconf 76' lang='lat' dir='ltr'><strong>dicitur</strong></span> <span class='ocrx_word' id='word_1_679' title='bbox 1737 5668 2052 5742; x_wconf 45' lang='lat' dir='ltr'><strong>deliquisse?&quot;</strong></span> <span class='ocrx_word' id='word_1_680' title='bbox 2078 5678 2223 5729; x_wconf 77' lang='lat' dir='ltr'><strong>llztnc</strong></span> 
     </span>
    </p>
   </div>
   <div class='ocr_carea' id='block_1_90' title="bbox 651 5742 2223 5811">
    <p class='ocr_par' dir='ltr' id='par_1_90' title="bbox 651 5742 2223 5811">
     <span class='ocr_line' id='line_1_90' title="bbox 651 5742 2223 5811; baseline 0.003 -18"><span class='ocrx_word' id='word_1_681' title='bbox 651 5759 780 5797; x_wconf 80' lang='lat' dir='ltr'><strong>vero</strong></span> <span class='ocrx_word' id='word_1_682' title='bbox 829 5744 1141 5797; x_wconf 76' lang='lat' dir='ltr'><strong>sententiam</strong></span> <span class='ocrx_word' id='word_1_683' title='bbox 1190 5742 1343 5811; x_wconf 78' lang='lat' dir='ltr'><strong>plane</strong></span> <span class='ocrx_word' id='word_1_684' title='bbox 1390 5743 1645 5795; x_wconf 43' lang='lat' dir='ltr'><strong>intrusam</strong></span> <span class='ocrx_word' id='word_1_685' title='bbox 1685 5754 1735 5797; x_wconf 82' lang='lat' dir='ltr'><strong>ct</strong></span> <span class='ocrx_word' id='word_1_686' title='bbox 1786 5759 1848 5797; x_wconf 82' lang='lat' dir='ltr'><strong>cu</strong></span> <span class='ocrx_word' id='word_1_687' title='bbox 1891 5755 2223 5811; x_wconf 73' lang='lat' dir='ltr'><strong>spectantem</strong></span> 
     </span>
    </p>
   </div>
   <div class='ocr_carea' id='block_1_91' title="bbox 652 5810 2221 5884">
    <p class='ocr_par' dir='ltr' id='par_1_91' title="bbox 652 5810 2221 5884">
     <span class='ocr_line' id='line_1_91' title="bbox 652 5810 2221 5884; baseline 0.002 -16"><span class='ocrx_word' id='word_1_688' title='bbox 652 5811 745 5868; x_wconf 80' lang='lat' dir='ltr'><strong>ubi</strong></span> <span class='ocrx_word' id='word_1_689' title='bbox 769 5810 997 5865; x_wconf 78' lang='lat' dir='ltr'><strong>Joannes</strong></span> <span class='ocrx_word' id='word_1_690' title='bbox 1022 5812 1200 5865; x_wconf 85' lang='lat' dir='ltr'><strong>’l‘alaia</strong></span> <span class='ocrx_word' id='word_1_691' title='bbox 1245 5818 1552 5877; x_wconf 80' lang='lat' dir='ltr'><strong>excusatur,</strong></span> <span class='ocrx_word' id='word_1_692' title='bbox 1584 5828 1649 5868; x_wconf 92' lang='lat' dir='ltr'><strong>nc</strong></span> <span class='ocrx_word' id='word_1_693' title='bbox 1678 5817 1835 5869; x_wconf 84' lang='lat' dir='ltr'><strong>etiam</strong></span> <span class='ocrx_word' id='word_1_694' title='bbox 1866 5810 2022 5884; x_wconf 83' lang='lat' dir='ltr'><strong>atque</strong></span> <span class='ocrx_word' id='word_1_695' title='bbox 2065 5820 2221 5872; x_wconf 79' lang='lat' dir='ltr'><strong>etiam</strong></span> 
     </span>
    </p>
   </div>
   <div class='ocr_carea' id='block_1_92' title="bbox 2341 3302 3934 3372">
    <p class='ocr_par' dir='ltr' id='par_1_92' title="bbox 2341 3302 3934 3372">
     <span class='ocr_line' id='line_1_92' title="bbox 2341 3302 3934 3372; baseline -0.006 -9"><span class='ocrx_word' id='word_1_696' title='bbox 2341 3310 2554 3365; x_wconf 89' lang='lat' dir='ltr'><strong>illorum</strong></span> <span class='ocrx_word' id='word_1_697' title='bbox 2576 3307 2940 3363; x_wconf 84' lang='lat' dir='ltr'><strong>communioni</strong></span> <span class='ocrx_word' id='word_1_698' title='bbox 2963 3320 3022 3361; x_wconf 89' lang='lat' dir='ltr'><strong>se</strong></span> <span class='ocrx_word' id='word_1_699' title='bbox 3054 3305 3287 3369; x_wconf 86' lang='lat' dir='ltr'><strong>tradent,</strong></span> <span class='ocrx_word' id='word_1_700' title='bbox 3321 3311 3415 3357; x_wconf 92' lang='lat' dir='ltr'><strong>ant</strong></span> <span class='ocrx_word' id='word_1_701' title='bbox 3430 3303 3550 3372; x_wconf 89' lang='lat' dir='ltr'><strong>jure</strong></span> <span class='ocrx_word' id='word_1_702' title='bbox 3577 3316 3675 3357; x_wconf 85' lang='lat' dir='ltr'><strong>nos</strong></span> <span class='ocrx_word' id='word_1_703' title='bbox 3703 3302 3934 3357; x_wconf 82' lang='lat' dir='ltr'><strong>damna-</strong></span> 
     </span>
    </p>
   </div>
   <div class='ocr_carea' id='block_1_93' title="bbox 2339 3395 3933 3471">
    <p class='ocr_par' dir='ltr' id='par_1_93' title="bbox 2339 3395 3933 3471">
     <span class='ocr_line' id='line_1_93' title="bbox 2339 3395 3933 3471; baseline -0.006 -12"><span class='ocrx_word' id='word_1_704' title='bbox 2339 3404 2492 3468; x_wconf 87' lang='lat' dir='ltr'><strong>bunt,</strong></span> <span class='ocrx_word' id='word_1_705' title='bbox 2524 3412 2776 3471; x_wconf 86' lang='lat' dir='ltr'><strong>tanquam</strong></span> <span class='ocrx_word' id='word_1_706' title='bbox 2806 3398 3203 3456; x_wconf 86' lang='lat' dir='ltr'><strong>communionis</strong></span> <span class='ocrx_word' id='word_1_707' title='bbox 3251 3397 3469 3461; x_wconf 65' lang='lat' dir='ltr'><strong>alienat;</strong></span> <span class='ocrx_word' id='word_1_708' title='bbox 3509 3395 3590 3450; x_wconf 86' lang='lat' dir='ltr'><strong>vel</strong></span> <span class='ocrx_word' id='word_1_709' title='bbox 3642 3396 3933 3450; x_wconf 73' lang='lat' dir='ltr'><strong>catholicas</strong></span> 
     </span>
    </p>
   </div>
   <div class='ocr_carea' id='block_1_94' title="bbox 2339 3490 3933 3575">
    <p class='ocr_par' dir='ltr' id='par_1_94' title="bbox 2339 3490 3933 3575">
     <span class='ocr_line' id='line_1_94' title="bbox 2339 3490 3933 3575; baseline -0.004 -27"><span class='ocrx_word' id='word_1_710' title='bbox 2339 3497 2631 3575; x_wconf 76' lang='lat' dir='ltr'><strong>violatores</strong></span> <span class='ocrx_word' id='word_1_711' title='bbox 2650 3492 3066 3550; x_wconf 76' lang='lat' dir='ltr'><strong>communionis.</strong></span> <span class='ocrx_word' id='word_1_712' title='bbox 3113 3490 3400 3557; x_wconf 81' lang='lat' dir='ltr'><strong>Quomodo</strong></span> <span class='ocrx_word' id='word_1_713' title='bbox 3429 3504 3556 3559; x_wconf 82' lang='lat' dir='ltr'><strong>ergo</strong></span> <span class='ocrx_word' id='word_1_714' title='bbox 3604 3490 3706 3545; x_wconf 79' lang='lat' dir='ltr'><strong>ista</strong></span> <span class='ocrx_word' id='word_1_715' title='bbox 3725 3504 3933 3543; x_wconf 85' lang='lat' dir='ltr'><strong>curen-</strong></span> 
     </span>
    </p>
   </div>
   <div class='ocr_carea' id='block_1_95' title="bbox 2342 3582 3925 3655">
    <p class='ocr_par' dir='ltr' id='par_1_95' title="bbox 2342 3582 3925 3655">
     <span class='ocr_line' id='line_1_95' title="bbox 2342 3582 3925 3655; baseline -0.004 -14"><span class='ocrx_word' id='word_1_716' title='bbox 2342 3597 2457 3653; x_wconf 89' lang='lat' dir='ltr'><strong>tur,</strong></span> <span class='ocrx_word' id='word_1_717' title='bbox 2500 3587 2643 3655; x_wconf 85' lang='lat' dir='ltr'><strong>jnsta</strong></span> <span class='ocrx_word' id='word_1_718' title='bbox 2696 3586 2837 3640; x_wconf 86' lang='lat' dir='ltr'><strong>ratio</strong></span> <span class='ocrx_word' id='word_1_719' title='bbox 2888 3592 2974 3639; x_wconf 87' lang='lat' dir='ltr'><strong>est</strong></span> <span class='ocrx_word' id='word_1_720' title='bbox 3014 3583 3341 3653; x_wconf 69' lang='lat' dir='ltr'><strong>quaerenda;</strong></span> <span class='ocrx_word' id='word_1_721' title='bbox 3372 3599 3490 3653; x_wconf 79' lang='lat' dir='ltr'><strong>quac</strong></span> <span class='ocrx_word' id='word_1_722' title='bbox 3523 3582 3672 3639; x_wconf 88' lang='lat' dir='ltr'><strong>nulla</strong></span> <span class='ocrx_word' id='word_1_723' title='bbox 3694 3594 3769 3637; x_wconf 68' lang='grc' dir='ltr'><strong>εει</strong></span> <span class='ocrx_word' id='word_1_724' title='bbox 3804 3582 3925 3650; x_wconf 86' lang='lat' dir='ltr'><strong>alia,</strong></span> 
     </span>
    </p>
   </div>
   <div class='ocr_carea' id='block_1_96' title="bbox 2340 3673 3928 3745">
    <p class='ocr_par' dir='ltr' id='par_1_96' title="bbox 2340 3673 3928 3745">
     <span class='ocr_line' id='line_1_96' title="bbox 2340 3673 3928 3745; baseline -0.006 -10"><span class='ocrx_word' id='word_1_725' title='bbox 2340 3681 2441 3735; x_wconf 87' lang='lat' dir='ltr'><strong>nisi</strong></span> <span class='ocrx_word' id='word_1_726' title='bbox 2484 3688 2540 3735; x_wconf 87' lang='lat' dir='ltr'><strong>ut</strong></span> <span class='ocrx_word' id='word_1_727' title='bbox 2570 3678 2656 3734; x_wconf 86' lang='lat' dir='ltr'><strong>isti</strong></span> <span class='ocrx_word' id='word_1_728' title='bbox 2698 3677 3006 3733; x_wconf 86' lang='lat' dir='ltr'><strong>releventur</strong></span> <span class='ocrx_word' id='word_1_729' title='bbox 3047 3684 3102 3731; x_wconf 87' lang='lat' dir='ltr'><strong>et</strong></span> <span class='ocrx_word' id='word_1_730' title='bbox 3143 3687 3473 3731; x_wconf 77' lang='lat' dir='ltr'><strong>excusentur</strong></span> <span class='ocrx_word' id='word_1_731' title='bbox 3518 3689 3656 3745; x_wconf 87' lang='lat' dir='ltr'><strong>quos</strong></span> <span class='ocrx_word' id='word_1_732' title='bbox 3687 3673 3928 3728; x_wconf 84' lang='lat' dir='ltr'><strong>volumus</strong></span> 
     </span>
    </p>
   </div>
   <div class='ocr_carea' id='block_1_97' title="bbox 2339 3768 3924 3838">
    <p class='ocr_par' dir='ltr' id='par_1_97' title="bbox 2339 3768 3924 3838">
     <span class='ocr_line' id='line_1_97' title="bbox 2339 3768 3924 3838; baseline -0.008 -9"><span class='ocrx_word' id='word_1_733' title='bbox 2339 3783 2464 3829; x_wconf 90' lang='lat' dir='ltr'><strong>ante</strong></span> <span class='ocrx_word' id='word_1_734' title='bbox 2484 3772 2835 3829; x_wconf 84' lang='lat' dir='ltr'><strong>constitutum</strong></span> <span class='ocrx_word' id='word_1_735' title='bbox 2865 3778 3087 3838; x_wconf 83' lang='lat' dir='ltr'><strong>tempus</strong></span> <span class='ocrx_word' id='word_1_736' title='bbox 3118 3768 3361 3833; x_wconf 83' lang='lat' dir='ltr'><strong>absolvi;</strong></span> <span class='ocrx_word' id='word_1_737' title='bbox 3401 3768 3658 3838; x_wconf 85' lang='lat' dir='ltr'><strong>justaquc</strong></span> <span class='ocrx_word' id='word_1_738' title='bbox 3687 3768 3924 3822; x_wconf 85' lang='lat' dir='ltr'><strong>videatur</strong></span> 
     </span>
    </p>
   </div>
   <div class='ocr_carea' id='block_1_98' title="bbox 2338 3858 3927 3929">
    <p class='ocr_par' dir='ltr' id='par_1_98' title="bbox 2338 3858 3927 3929">
     <span class='ocr_line' id='line_1_98' title="bbox 2338 3858 3927 3929; baseline -0.007 -6"><span class='ocrx_word' id='word_1_739' title='bbox 2338 3876 2521 3923; x_wconf 83' lang='lat' dir='ltr'><strong>nostra</strong></span> <span class='ocrx_word' id='word_1_740' title='bbox 2550 3864 2839 3923; x_wconf 84' lang='lat' dir='ltr'><strong>remissio:</strong></span> <span class='ocrx_word' id='word_1_741' title='bbox 2886 3863 2987 3917; x_wconf 87' lang='lat' dir='ltr'><strong>hoc</strong></span> <span class='ocrx_word' id='word_1_742' title='bbox 3017 3870 3197 3917; x_wconf 85' lang='lat' dir='ltr'><strong>autem</strong></span> <span class='ocrx_word' id='word_1_743' title='bbox 3239 3860 3354 3919; x_wconf 85' lang='lat' dir='ltr'><strong>ﬁeri</strong></span> <span class='ocrx_word' id='word_1_744' title='bbox 3385 3868 3586 3929; x_wconf 85' lang='lat' dir='ltr'><strong>potest,</strong></span> <span class='ocrx_word' id='word_1_745' title='bbox 3620 3860 3665 3912; x_wconf 89' lang='lat' dir='ltr'><strong>si</strong></span> <span class='ocrx_word' id='word_1_746' title='bbox 3705 3861 3756 3914; x_wconf 90' lang='lat' dir='ltr'><strong>in</strong></span> <span class='ocrx_word' id='word_1_747' title='bbox 3793 3858 3927 3913; x_wconf 82' lang='lat' dir='ltr'><strong>Aca-</strong></span> 
     </span>
    </p>
   </div>
   <div class='ocr_carea' id='block_1_99' title="bbox 2337 3949 3922 4023">
    <p class='ocr_par' dir='ltr' id='par_1_99' title="bbox 2337 3949 3922 4023">
     <span class='ocr_line' id='line_1_99' title="bbox 2337 3949 3922 4023; baseline -0.007 -10"><span class='ocrx_word' id='word_1_748' title='bbox 2337 3962 2477 4015; x_wconf 90' lang='lat' dir='ltr'><strong>cium</strong></span> <span class='ocrx_word' id='word_1_749' title='bbox 2521 3965 2711 4010; x_wconf 88' lang='lat' dir='ltr'><strong>cuncta</strong></span> <span class='ocrx_word' id='word_1_750' title='bbox 2745 3953 3100 4023; x_wconf 78' lang='lat' dir='ltr'><strong>transgressio</strong></span> <span class='ocrx_word' id='word_1_751' title='bbox 3151 3951 3525 4007; x_wconf 77' lang='lat' dir='ltr'><strong>transferatur.</strong></span> <span class='ocrx_word' id='word_1_752' title='bbox 3563 3949 3716 4017; x_wconf 86' lang='lat' dir='ltr'><strong>Quod</strong></span> <span class='ocrx_word' id='word_1_753' title='bbox 3754 3960 3809 4005; x_wconf 90' lang='lat' dir='ltr'><strong>et</strong></span> <span class='ocrx_word' id='word_1_754' title='bbox 3852 3950 3922 4003; x_wconf 89' lang='lat' dir='ltr'><strong>illi</strong></span> 
     </span>
    </p>
   </div>
   <div class='ocr_carea' id='block_1_100' title="bbox 2338 4043 3923 4122">
    <p class='ocr_par' dir='ltr' id='par_1_100' title="bbox 2338 4043 3923 4122">
     <span class='ocr_line' id='line_1_100' title="bbox 2338 4043 3923 4122; baseline -0.006 -16"><span class='ocrx_word' id='word_1_755' title='bbox 2338 4050 2436 4122; x_wconf 89' lang='lat' dir='ltr'><strong>ipsi</strong></span> <span class='ocrx_word' id='word_1_756' title='bbox 2467 4049 2555 4119; x_wconf 90' lang='lat' dir='ltr'><strong>qui</strong></span> <span class='ocrx_word' id='word_1_757' title='bbox 2592 4049 2643 4101; x_wconf 90' lang='lat' dir='ltr'><strong>in</strong></span> <span class='ocrx_word' id='word_1_758' title='bbox 2691 4046 2795 4101; x_wconf 83' lang='lat' dir='ltr'><strong>iide</strong></span> <span class='ocrx_word' id='word_1_759' title='bbox 2832 4045 3094 4101; x_wconf 77' lang='lat' dir='ltr'><strong>catholica</strong></span> <span class='ocrx_word' id='word_1_760' title='bbox 3150 4053 3529 4114; x_wconf 82' lang='lat' dir='ltr'><strong>perseverant,</strong></span> <span class='ocrx_word' id='word_1_761' title='bbox 3590 4043 3761 4109; x_wconf 74' lang='lat' dir='ltr'><strong>magis</strong></span> <span class='ocrx_word' id='word_1_762' title='bbox 3813 4043 3923 4098; x_wconf 83' lang='lat' dir='ltr'><strong>ﬁeri</strong></span> 
     </span>
    </p>
   </div>
   <div class='ocr_carea' id='block_1_101' title="bbox 2336 4138 3922 4211">
    <p class='ocr_par' dir='ltr' id='par_1_101' title="bbox 2336 4138 3922 4211">
     <span class='ocr_line' id='line_1_101' title="bbox 2336 4138 3922 4211; baseline -0.006 -13"><span class='ocrx_word' id='word_1_763' title='bbox 2336 4141 2590 4197; x_wconf 82' lang='lat' dir='ltr'><strong>ardenter</strong></span> <span class='ocrx_word' id='word_1_764' title='bbox 2634 4150 2983 4211; x_wconf 77' lang='lat' dir='ltr'><strong>exspectant,</strong></span> <span class='ocrx_word' id='word_1_765' title='bbox 3045 4139 3098 4193; x_wconf 91' lang='lat' dir='ltr'><strong>in</strong></span> <span class='ocrx_word' id='word_1_766' title='bbox 3150 4139 3299 4192; x_wconf 87' lang='lat' dir='ltr'><strong>illum</strong></span> <span class='ocrx_word' id='word_1_767' title='bbox 3343 4138 3487 4192; x_wconf 88' lang='lat' dir='ltr'><strong>enim</strong></span> <span class='ocrx_word' id='word_1_768' title='bbox 3538 4138 3660 4206; x_wconf 89' lang='lat' dir='ltr'><strong>plus</strong></span> <span class='ocrx_word' id='word_1_769' title='bbox 3706 4140 3922 4195; x_wconf 71' lang='lat' dir='ltr'><strong>smviunt</strong></span> 
     </span>
    </p>
   </div>
   <div class='ocr_carea' id='block_1_102' title="bbox 2335 4230 3926 4306">
    <p class='ocr_par' dir='ltr' id='par_1_102' title="bbox 2335 4230 3926 4306">
     <span class='ocr_line' id='line_1_102' title="bbox 2335 4230 3926 4306; baseline -0.003 -17"><span class='ocrx_word' id='word_1_770' title='bbox 2335 4250 2494 4306; x_wconf 81' lang='lat' dir='ltr'><strong>quam</strong></span> <span class='ocrx_word' id='word_1_771' title='bbox 2515 4235 2566 4290; x_wconf 91' lang='lat' dir='ltr'><strong>in</strong></span> <span class='ocrx_word' id='word_1_772' title='bbox 2582 4234 2749 4297; x_wconf 84' lang='lat' dir='ltr'><strong>istos;</strong></span> <span class='ocrx_word' id='word_1_773' title='bbox 2773 4233 3010 4302; x_wconf 81' lang='lat' dir='ltr'><strong>tantique</strong></span> <span class='ocrx_word' id='word_1_774' title='bbox 3036 4230 3312 4291; x_wconf 73' lang='lat' dir='ltr'><strong>habebunt</strong></span> <span class='ocrx_word' id='word_1_775' title='bbox 3340 4231 3475 4291; x_wconf 87' lang='lat' dir='ltr'><strong>istos</strong></span> <span class='ocrx_word' id='word_1_776' title='bbox 3496 4230 3753 4295; x_wconf 82' lang='lat' dir='ltr'><strong>relaxari,</strong></span> <span class='ocrx_word' id='word_1_777' title='bbox 3777 4230 3926 4285; x_wconf 84' lang='lat' dir='ltr'><strong>dum-</strong></span> 
     </span>
    </p>
   </div>
   <div class='ocr_carea' id='block_1_103' title="bbox 2336 4324 3922 4395">
    <p class='ocr_par' dir='ltr' id='par_1_103' title="bbox 2336 4324 3922 4395">
     <span class='ocr_line' id='line_1_103' title="bbox 2336 4324 3922 4395; baseline -0.006 -11"><span class='ocrx_word' id='word_1_778' title='bbox 2336 4328 2498 4384; x_wconf 89' lang='lat' dir='ltr'><strong>modo</strong></span> <span class='ocrx_word' id='word_1_779' title='bbox 2539 4328 2589 4381; x_wconf 87' lang='lat' dir='ltr'><strong>in</strong></span> <span class='ocrx_word' id='word_1_780' title='bbox 2619 4327 2792 4384; x_wconf 79' lang='lat' dir='ltr'><strong>illum.</strong></span> <span class='ocrx_word' id='word_1_781' title='bbox 2822 4333 3074 4395; x_wconf 85' lang='lat' dir='ltr'><strong>tanquam</strong></span> <span class='ocrx_word' id='word_1_782' title='bbox 3120 4332 3398 4378; x_wconf 84' lang='lat' dir='ltr'><strong>auctorem</strong></span> <span class='ocrx_word' id='word_1_783' title='bbox 3445 4324 3922 4393; x_wconf 69' lang='lat' dir='ltr'><strong>prmvaricationis,</strong></span> 
     </span>
    </p>
   </div>
   <div class='ocr_carea' id='block_1_104' title="bbox 2336 4414 3922 4485">
    <p class='ocr_par' dir='ltr' id='par_1_104' title="bbox 2336 4414 3922 4485">
     <span class='ocr_line' id='line_1_104' title="bbox 2336 4414 3922 4485; baseline -0.004 -10"><span class='ocrx_word' id='word_1_784' title='bbox 2336 4424 2512 4477; x_wconf 87' lang='lat' dir='ltr'><strong>omnia</strong></span> <span class='ocrx_word' id='word_1_785' title='bbox 2542 4419 2761 4485; x_wconf 80' lang='lat' dir='ltr'><strong>audiant</strong></span> <span class='ocrx_word' id='word_1_786' title='bbox 2787 4417 3065 4473; x_wconf 82' lang='lat' dir='ltr'><strong>malefacta</strong></span> <span class='ocrx_word' id='word_1_787' title='bbox 3095 4414 3400 4472; x_wconf 81' lang='lat' dir='ltr'><strong>transferri.</strong></span> <span class='ocrx_word' id='word_1_788' title='bbox 3442 4414 3600 4485; x_wconf 86' lang='lat' dir='ltr'><strong>Quod</strong></span> <span class='ocrx_word' id='word_1_789' title='bbox 3643 4430 3769 4469; x_wconf 83' lang='lat' dir='ltr'><strong>cum</strong></span> <span class='ocrx_word' id='word_1_790' title='bbox 3808 4414 3922 4468; x_wconf 68' lang='lat' dir='ltr'><strong>fuc-</strong></span> 
     </span>
    </p>
   </div>
   <div class='ocr_carea' id='block_1_105' title="bbox 2335 4508 3924 4583">
    <p class='ocr_par' dir='ltr' id='par_1_105' title="bbox 2335 4508 3924 4583">
     <span class='ocr_line' id='line_1_105' title="bbox 2335 4508 3924 4583; baseline -0.006 -12"><span class='ocrx_word' id='word_1_791' title='bbox 2335 4517 2427 4583; x_wconf 89' lang='lat' dir='ltr'><strong>rit,</strong></span> <span class='ocrx_word' id='word_1_792' title='bbox 2460 4516 2576 4571; x_wconf 91' lang='lat' dir='ltr'><strong>sine</strong></span> <span class='ocrx_word' id='word_1_793' title='bbox 2605 4513 2940 4568; x_wconf 83' lang='lat' dir='ltr'><strong>dubitatione</strong></span> <span class='ocrx_word' id='word_1_794' title='bbox 2989 4510 3353 4581; x_wconf 89' lang='lat' dir='ltr'><strong>subsequitur,</strong></span> <span class='ocrx_word' id='word_1_795' title='bbox 3394 4520 3449 4563; x_wconf 88' lang='lat' dir='ltr'><strong>ut</strong></span> <span class='ocrx_word' id='word_1_796' title='bbox 3472 4508 3619 4577; x_wconf 75' lang='lat' dir='ltr'><strong>justo</strong></span> <span class='ocrx_word' id='word_1_797' title='bbox 3655 4512 3723 4563; x_wconf 85' lang='lat' dir='ltr'><strong>sit</strong></span> <span class='ocrx_word' id='word_1_798' title='bbox 3746 4520 3924 4577; x_wconf 70' lang='lat' dir='ltr'><strong>paena.</strong></span> 
     </span>
    </p>
   </div>
   <div class='ocr_carea' id='block_1_106' title="bbox 2342 4599 3924 4678">
    <p class='ocr_par' dir='ltr' id='par_1_106' title="bbox 2342 4599 3924 4678">
     <span class='ocr_line' id='line_1_106' title="bbox 2342 4599 3924 4678; baseline -0.009 -16"><span class='ocrx_word' id='word_1_799' title='bbox 2342 4609 2393 4663; x_wconf 83' lang='lat' dir='ltr'><strong>id</strong></span> <span class='ocrx_word' id='word_1_800' title='bbox 2420 4608 2562 4678; x_wconf 81' lang='lat' dir='ltr'><strong>justa</strong></span> <span class='ocrx_word' id='word_1_801' title='bbox 2589 4606 2889 4668; x_wconf 86' lang='lat' dir='ltr'><strong>damnatio,</strong></span> <span class='ocrx_word' id='word_1_802' title='bbox 2919 4616 3039 4673; x_wconf 62' lang='lat' dir='ltr'><strong>quo</strong></span> <span class='ocrx_word' id='word_1_803' title='bbox 3060 4603 3111 4657; x_wconf 87' lang='lat' dir='ltr'><strong>ei</strong></span> <span class='ocrx_word' id='word_1_804' title='bbox 3140 4616 3241 4671; x_wconf 85' lang='lat' dir='ltr'><strong>pro</strong></span> <span class='ocrx_word' id='word_1_805' title='bbox 3285 4601 3372 4655; x_wconf 87' lang='lat' dir='ltr'><strong>bis</strong></span> <span class='ocrx_word' id='word_1_806' title='bbox 3409 4600 3657 4655; x_wconf 77' lang='lat' dir='ltr'><strong>videatur</strong></span> <span class='ocrx_word' id='word_1_807' title='bbox 3684 4599 3879 4653; x_wconf 76' lang='lat' dir='ltr'><strong>inﬂicta</strong></span> <span class='ocrx_word' id='word_1_808' title='bbox 3912 4614 3924 4647; x_wconf 87' lang='lat'>:</span> 
     </span>
    </p>
   </div>
   <div class='ocr_carea' id='block_1_107' title="bbox 2338 4689 3930 4773">
    <p class='ocr_par' dir='ltr' id='par_1_107' title="bbox 2338 4689 3930 4773">
     <span class='ocr_line' id='line_1_107' title="bbox 2338 4689 3930 4773; baseline -0.011 -16"><span class='ocrx_word' id='word_1_809' title='bbox 2338 4716 2455 4773; x_wconf 68' lang='lat' dir='ltr'><strong>quae</strong></span> <span class='ocrx_word' id='word_1_810' title='bbox 2486 4698 2761 4753; x_wconf 82' lang='lat' dir='ltr'><strong>damnatio</strong></span> <span class='ocrx_word' id='word_1_811' title='bbox 2784 4696 2837 4751; x_wconf 89' lang='lat' dir='ltr'><strong>in</strong></span> <span class='ocrx_word' id='word_1_812' title='bbox 2870 4690 2950 4749; x_wconf 86' lang='lat' dir='ltr'><strong>sui</strong></span> <span class='ocrx_word' id='word_1_813' title='bbox 2976 4702 3164 4748; x_wconf 86' lang='lat' dir='ltr'><strong>tenore</strong></span> <span class='ocrx_word' id='word_1_814' title='bbox 3187 4689 3488 4747; x_wconf 86' lang='lat' dir='ltr'><strong>insolubilis</strong></span> <span class='ocrx_word' id='word_1_815' title='bbox 3514 4705 3639 4746; x_wconf 90' lang='lat' dir='ltr'><strong>esse</strong></span> <span class='ocrx_word' id='word_1_816' title='bbox 3664 4698 3930 4743; x_wconf 84' lang='lat' dir='ltr'><strong>monstra-</strong></span> 
     </span>
    </p>
   </div>
   <div class='ocr_carea' id='block_1_108' title="bbox 2342 4782 3929 4859">
    <p class='ocr_par' dir='ltr' id='par_1_108' title="bbox 2342 4782 3929 4859">
     <span class='ocr_line' id='line_1_108' title="bbox 2342 4782 3929 4859; baseline -0.011 -10"><span class='ocrx_word' id='word_1_817' title='bbox 2342 4805 2443 4849; x_wconf 89' lang='lat' dir='ltr'><strong>tur.</strong></span> <span class='ocrx_word' id='word_1_818' title='bbox 2478 4793 2660 4858; x_wconf 87' lang='lat' dir='ltr'><strong>ltaque</strong></span> <span class='ocrx_word' id='word_1_819' title='bbox 2689 4789 2747 4842; x_wconf 90' lang='lat' dir='ltr'><strong>lit</strong></span> <span class='ocrx_word' id='word_1_820' title='bbox 2772 4802 2997 4859; x_wconf 85' lang='lat' dir='ltr'><strong>persona</strong></span> <span class='ocrx_word' id='word_1_821' title='bbox 3022 4782 3436 4841; x_wconf 88' lang='lat' dir='ltr'><strong>irremediabilis</strong></span> <span class='ocrx_word' id='word_1_822' title='bbox 3467 4783 3647 4839; x_wconf 84' lang='lat' dir='ltr'><strong>Acacii</strong></span> <span class='ocrx_word' id='word_1_823' title='bbox 3685 4783 3734 4837; x_wconf 91' lang='lat' dir='ltr'><strong>in</strong></span> <span class='ocrx_word' id='word_1_824' title='bbox 3761 4795 3929 4848; x_wconf 57' lang='lat' dir='ltr'><strong>exag.</strong></span> 
     </span>
    </p>
   </div>
   <div class='ocr_carea' id='block_1_109' title="bbox 2339 4871 3931 4955">
    <p class='ocr_par' dir='ltr' id='par_1_109' title="bbox 2339 4871 3931 4955">
     <span class='ocr_line' id='line_1_109' title="bbox 2339 4871 3931 4955; baseline -0.008 -18"><span class='ocrx_word' id='word_1_825' title='bbox 2339 4883 2612 4955; x_wconf 80' lang='lat' dir='ltr'><strong>gerationu</strong></span> <span class='ocrx_word' id='word_1_826' title='bbox 2647 4878 2886 4934; x_wconf 79' lang='lat' dir='ltr'><strong>criminis</strong></span> <span class='ocrx_word' id='word_1_827' title='bbox 2912 4886 2967 4931; x_wconf 88' lang='lat' dir='ltr'><strong>et</strong></span> <span class='ocrx_word' id='word_1_828' title='bbox 2990 4877 3354 4932; x_wconf 82' lang='lat' dir='ltr'><strong>conventione</strong></span> <span class='ocrx_word' id='word_1_829' title='bbox 3396 4874 3644 4929; x_wconf 71' lang='lat' dir='ltr'><strong>vindictae</strong></span> <span class='ocrx_word' id='word_1_830' title='bbox 3674 4890 3688 4926; x_wconf 88' lang='lat'><strong>:</strong></span> <span class='ocrx_word' id='word_1_831' title='bbox 3718 4889 3846 4926; x_wconf 86' lang='lat' dir='ltr'><strong>nam</strong></span> <span class='ocrx_word' id='word_1_832' title='bbox 3886 4871 3931 4925; x_wconf 84' lang='lat' dir='ltr'><strong>si</strong></span> 
     </span>
    </p>
   </div>
   <div class='ocr_carea' id='block_1_110' title="bbox 2340 4964 3931 5038">
    <p class='ocr_par' dir='ltr' id='par_1_110' title="bbox 2340 4964 3931 5038">
     <span class='ocr_line' id='line_1_110' title="bbox 2340 4964 3931 5038; baseline -0.011 -7"><span class='ocrx_word' id='word_1_833' title='bbox 2340 4975 2617 5030; x_wconf 82' lang='lat' dir='ltr'><strong>curatione</strong></span> <span class='ocrx_word' id='word_1_834' title='bbox 2658 4970 2822 5026; x_wconf 88' lang='lat' dir='ltr'><strong>totius</strong></span> <span class='ocrx_word' id='word_1_835' title='bbox 2871 4966 3128 5024; x_wconf 80' lang='lat' dir='ltr'><strong>Ecclesiae</strong></span> <span class='ocrx_word' id='word_1_836' title='bbox 3173 4976 3403 5038; x_wconf 85' lang='lat' dir='ltr'><strong>persona</strong></span> <span class='ocrx_word' id='word_1_837' title='bbox 3434 4965 3613 5021; x_wconf 72' lang='grc' dir='ltr'><strong>Αωάὶ</strong></span> <span class='ocrx_word' id='word_1_838' title='bbox 3649 4964 3931 5026; x_wconf 70' lang='lat' dir='ltr'><strong>liberetur,</strong></span> 
     </span>
    </p>
   </div>
   <div class='ocr_carea' id='block_1_111' title="bbox 2337 5103 3907 5179">
    <p class='ocr_par' dir='ltr' id='par_1_111' title="bbox 2337 5103 3907 5179">
     <span class='ocr_line' id='line_1_111' title="bbox 2337 5103 3907 5179; baseline -0.011 -9"><span class='ocrx_word' id='word_1_839' title='bbox 2337 5124 2621 5172; x_wconf 82' lang='lat' dir='ltr'><strong>contextus</strong></span> <span class='ocrx_word' id='word_1_840' title='bbox 2650 5108 3037 5179; x_wconf 57' lang='lat' dir='ltr'><strong>implicaretur.</strong></span> <span class='ocrx_word' id='word_1_841' title='bbox 3065 5103 3316 5158; x_wconf 80' lang='lat' dir='ltr'><strong>subduxi.</strong></span> <span class='ocrx_word' id='word_1_842' title='bbox 3338 5104 3494 5179; x_wconf 58' lang='lat' dir='ltr'><strong>Scip.</strong></span> <span class='ocrx_word' id='word_1_843' title='bbox 3522 5105 3824 5179; x_wconf 66' lang='lat' dir='ltr'><strong>Martem.</strong></span> 
     </span>
    </p>
   </div>
   <div class='ocr_carea' id='block_1_112' title="bbox 2410 5171 3933 5238">
    <p class='ocr_par' dir='ltr' id='par_1_112' title="bbox 2410 5171 3933 5238">
     <span class='ocr_line' id='line_1_112' title="bbox 2410 5171 3933 5238; baseline -0.011 1"><span class='ocrx_word' id='word_1_844' title='bbox 2410 5196 2431 5223; x_wconf 73' lang='grc' dir='ltr'><strong><em>ο</em></strong></span> <span class='ocrx_word' id='word_1_845' title='bbox 2458 5185 2530 5238; x_wconf 84' lang='lat' dir='ltr'><strong>ita</strong></span> <span class='ocrx_word' id='word_1_846' title='bbox 2564 5191 2618 5237; x_wconf 88' lang='lat' dir='ltr'><strong>et</strong></span> <span class='ocrx_word' id='word_1_847' title='bbox 2654 5181 2709 5235; x_wconf 89' lang='lat' dir='ltr'><strong>in</strong></span> <span class='ocrx_word' id='word_1_848' title='bbox 2732 5171 2971 5235; x_wconf 71' lang='lat' dir='ltr'><strong>concilio</strong></span> <span class='ocrx_word' id='word_1_849' title='bbox 2998 5176 3242 5231; x_wconf 81' lang='lat' dir='ltr'><strong>Romano</strong></span> <span class='ocrx_word' id='word_1_850' title='bbox 3268 5175 3373 5230; x_wconf 90' lang='lat' dir='ltr'><strong>sub</strong></span> <span class='ocrx_word' id='word_1_851' title='bbox 3398 5174 3639 5238; x_wconf 81' lang='lat' dir='ltr'><strong>Gelasio,</strong></span> <span class='ocrx_word' id='word_1_852' title='bbox 3685 5188 3810 5227; x_wconf 79' lang='lat' dir='ltr'><strong>cum</strong></span> <span class='ocrx_word' id='word_1_853' title='bbox 3842 5171 3933 5225; x_wconf 77' lang='lat' dir='ltr'><strong>Ii-</strong></span> 
     </span>
    </p>
   </div>
   <div class='ocr_carea' id='block_1_113' title="bbox 2335 5246 3937 5317">
    <p class='ocr_par' dir='ltr' id='par_1_113' title="bbox 2335 5246 3937 5317">
     <span class='ocr_line' id='line_1_113' title="bbox 2335 5246 3937 5317; baseline -0.009 -7"><span class='ocrx_word' id='word_1_854' title='bbox 2335 5269 2498 5310; x_wconf 88' lang='lat' dir='ltr'><strong>senus</strong></span> <span class='ocrx_word' id='word_1_855' title='bbox 2549 5251 2824 5307; x_wconf 80' lang='lat' dir='ltr'><strong>absolutus</strong></span> <span class='ocrx_word' id='word_1_856' title='bbox 2871 5260 2970 5303; x_wconf 71' lang='lat' dir='ltr'><strong>eet.</strong></span> <span class='ocrx_word' id='word_1_857' title='bbox 3024 5247 3343 5317; x_wconf 56' lang='lat' dir='ltr'><strong>Dictumgest</strong></span> <span class='ocrx_word' id='word_1_858' title='bbox 3379 5247 3516 5300; x_wconf 78' lang='lat' dir='ltr'><strong>enim</strong></span> <span class='ocrx_word' id='word_1_859' title='bbox 3574 5247 3761 5298; x_wconf 69' lang='lat' dir='ltr'><strong>laudis</strong></span> <span class='ocrx_word' id='word_1_860' title='bbox 3808 5246 3937 5317; x_wconf 63' lang='lat' dir='ltr'><strong>istos</strong></span> 
     </span>
    </p>
   </div>
   <div class='ocr_carea' id='block_1_114' title="bbox 2334 5313 3933 5394">
    <p class='ocr_par' dir='ltr' id='par_1_114' title="bbox 2334 5313 3933 5394">
     <span class='ocr_line' id='line_1_114' title="bbox 2334 5313 3933 5394; baseline -0.011 -14"><span class='ocrx_word' id='word_1_861' title='bbox 2334 5328 2447 5394; x_wconf 80' lang='lat' dir='ltr'><strong>fore</strong></span> <span class='ocrx_word' id='word_1_862' title='bbox 2481 5337 2770 5393; x_wconf 78' lang='lat' dir='ltr'><strong>suspensos,</strong></span> <span class='ocrx_word' id='word_1_863' title='bbox 2805 5322 2969 5394; x_wconf 67' lang='lat' dir='ltr'><strong>donec</strong></span> <span class='ocrx_word' id='word_1_864' title='bbox 2991 5314 3356 5394; x_wconf 60' lang='grc' dir='ltr'><strong>αηειοςερεᾳ,</strong></span> <span class='ocrx_word' id='word_1_865' title='bbox 3385 5324 3449 5394; x_wconf 79' lang='lat' dir='ltr'><strong>_et</strong></span> <span class='ocrx_word' id='word_1_866' title='bbox 3475 5318 3668 5394; x_wconf 64' lang='lat' dir='ltr'><strong>cuni“</strong></span> <span class='ocrx_word' id='word_1_867' title='bbox 3696 5313 3933 5394; x_wconf 48' lang='lat' dir='ltr'><strong>factoig-</strong></span> 
     </span>
    </p>
   </div>
   <div class='ocr_carea' id='block_1_115' title="bbox 2337 5379 3932 5464">
    <p class='ocr_par' dir='ltr' id='par_1_115' title="bbox 2337 5379 3932 5464">
     <span class='ocr_line' id='line_1_115' title="bbox 2337 5379 3932 5464; baseline -0.013 -14"><span class='ocrx_word' id='word_1_868' title='bbox 2337 5379 2512 5451; x_wconf 57' lang='lat' dir='ltr'><strong>corum</strong></span> <span class='ocrx_word' id='word_1_869' title='bbox 2558 5379 2953 5464; x_wconf 31' lang='lat' dir='ltr'><strong>princip-srmoel</strong></span> <span class='ocrx_word' id='word_1_870' title='bbox 2977 5386 3172 5464; x_wconf 61' lang='lat' dir='ltr'><strong>populi</strong></span> <span class='ocrx_word' id='word_1_871' title='bbox 3203 5379 3508 5464; x_wconf 65' lang='lat' dir='ltr'><strong>Christiani,</strong></span> <span class='ocrx_word' id='word_1_872' title='bbox 3556 5394 3669 5464; x_wconf 69' lang='lat' dir='ltr'><strong>etc.</strong></span> <span class='ocrx_word' id='word_1_873' title='bbox 3694 5384 3803 5464; x_wconf 72' lang='lat' dir='ltr'><strong>Per</strong></span> <span class='ocrx_word' id='word_1_874' title='bbox 3846 5379 3932 5464; x_wconf 78' lang='lat' dir='ltr'><strong>illa</strong></span> 
     </span>
    </p>
   </div>
   <div class='ocr_carea' id='block_1_116' title="bbox 2339 5455 3932 5521">
    <p class='ocr_par' dir='ltr' id='par_1_116' title="bbox 2339 5455 3932 5521">
     <span class='ocr_line' id='line_1_116' title="bbox 2339 5455 3932 5521; baseline -0.011 -4"><span class='ocrx_word' id='word_1_875' title='bbox 2339 5466 2496 5521; x_wconf 76' lang='lat' dir='ltr'><strong>verba</strong></span> <span class='ocrx_word' id='word_1_876' title='bbox 2528 5455 2703 5519; x_wconf 75' lang='lat' dir='ltr'><strong>eorum</strong></span> <span class='ocrx_word' id='word_1_877' title='bbox 2728 5455 3102 5519; x_wconf 55' lang='lat' dir='ltr'><strong>&#39;obstination&#39;e,</strong></span> <span class='ocrx_word' id='word_1_878' title='bbox 3147 5465 3202 5511; x_wconf 87' lang='lat' dir='ltr'><strong>et</strong></span> <span class='ocrx_word' id='word_1_879' title='bbox 3247 5455 3386 5509; x_wconf 75' lang='lat' dir='ltr'><strong>inira</strong></span> <span class='ocrx_word' id='word_1_880' title='bbox 3426 5458 3507 5510; x_wconf 78' lang='lat' dir='ltr'><strong>illi</strong></span> <span class='ocrx_word' id='word_1_881' title='bbox 3539 5458 3781 5508; x_wconf 70' lang='lat' dir='ltr'><strong>obstinati</strong></span> <span class='ocrx_word' id='word_1_882' title='bbox 3812 5458 3932 5503; x_wconf 73' lang='lat' dir='ltr'><strong>sunt</strong></span> 
     </span>
    </p>
   </div>
   <div class='ocr_carea' id='block_1_117' title="bbox 2333 5525 3933 5602">
    <p class='ocr_par' dir='ltr' id='par_1_117' title="bbox 2333 5525 3933 5602">
     <span class='ocr_line' id='line_1_117' title="bbox 2333 5525 3933 5602; baseline -0.012 -13"><span class='ocrx_word' id='word_1_883' title='bbox 2333 5538 2543 5602; x_wconf 81' lang='lat' dir='ltr'><strong>redditi,</strong></span> <span class='ocrx_word' id='word_1_884' title='bbox 2586 5535 2836 5587; x_wconf 84' lang='lat' dir='ltr'><strong>videntur</strong></span> <span class='ocrx_word' id='word_1_885' title='bbox 2887 5526 3371 5602; x_wconf 77' lang='lat' dir='ltr'><strong>aliqniconnotari</strong></span> <span class='ocrx_word' id='word_1_886' title='bbox 3398 5528 3490 5602; x_wconf 78' lang='lat' dir='ltr'><strong>qui</strong></span> <span class='ocrx_word' id='word_1_887' title='bbox 3522 5541 3584 5579; x_wconf 76' lang='lat' dir='ltr'><strong>es</strong></span> <span class='ocrx_word' id='word_1_888' title='bbox 3627 5525 3933 5602; x_wconf 66' lang='lat' dir='ltr'><strong>legatorum</strong></span> 
     </span>
    </p>
   </div>
   <div class='ocr_carea' id='block_1_118' title="bbox 2334 5590 3931 5673">
    <p class='ocr_par' dir='ltr' id='par_1_118' title="bbox 2334 5590 3931 5673">
     <span class='ocr_line' id='line_1_118' title="bbox 2334 5590 3931 5673; baseline -0.012 -14"><span class='ocrx_word' id='word_1_889' title='bbox 2334 5590 2602 5661; x_wconf 69' lang='lat' dir='ltr'><strong>m-om&#39;m</strong></span> <span class='ocrx_word' id='word_1_890' title='bbox 2655 5616 2899 5657; x_wconf 85' lang='lat' dir='ltr'><strong>errorem</strong></span> <span class='ocrx_word' id='word_1_891' title='bbox 2954 5590 3192 5670; x_wconf 69' lang='lat' dir='ltr'><strong>prolapsi</strong></span> <span class='ocrx_word' id='word_1_892' title='bbox 3225 5590 3431 5662; x_wconf 70' lang='lat' dir='ltr'><strong>essent,</strong></span> <span class='ocrx_word' id='word_1_893' title='bbox 3460 5597 3528 5650; x_wconf 91' lang='lat' dir='ltr'><strong>de</strong></span> <span class='ocrx_word' id='word_1_894' title='bbox 3575 5590 3931 5673; x_wconf 50' lang='lat' dir='ltr'><strong>quibusnam</strong></span> 
     </span>
    </p>
   </div>
   <div class='ocr_carea' id='block_1_119' title="bbox 2335 5666 3930 5746">
    <p class='ocr_par' dir='ltr' id='par_1_119' title="bbox 2335 5666 3930 5746">
     <span class='ocr_line' id='line_1_119' title="bbox 2335 5666 3930 5746; baseline -0.013 -18"><span class='ocrx_word' id='word_1_895' title='bbox 2335 5676 2675 5746; x_wconf 63' lang='lat' dir='ltr'><strong>prmvcssissc</strong></span> <span class='ocrx_word' id='word_1_896' title='bbox 2706 5666 2968 5727; x_wconf 73' lang='lat' dir='ltr'><strong>iudiciuin</strong></span> <span class='ocrx_word' id='word_1_897' title='bbox 3010 5666 3125 5737; x_wconf 64' lang='lat' dir='ltr'><strong>est,</strong></span> <span class='ocrx_word' id='word_1_898' title='bbox 3152 5683 3275 5737; x_wconf 74' lang='lat' dir='ltr'><strong>qua:</strong></span> <span class='ocrx_word' id='word_1_899' title='bbox 3317 5681 3425 5721; x_wconf 89' lang='lat' dir='ltr'><strong>non</strong></span> <span class='ocrx_word' id='word_1_900' title='bbox 3476 5672 3752 5734; x_wconf 80' lang='lat' dir='ltr'><strong>apparent.</strong></span> <span class='ocrx_word' id='word_1_901' title='bbox 3781 5666 3930 5714; x_wconf 75' lang='lat' dir='ltr'><strong>Sorr.</strong></span> 
     </span>
    </p>
   </div>
   <div class='ocr_carea' id='block_1_120' title="bbox 2336 5752 2621 5801">
    <p class='ocr_par' dir='ltr' id='par_1_120' title="bbox 2336 5752 2621 5801">
     <span class='ocr_line' id='line_1_120' title="bbox 2336 5752 2621 5801; baseline 0 -4"><span class='ocrx_word' id='word_1_902' title='bbox 2336 5752 2501 5801; x_wconf 59' lang='lat' dir='ltr'><strong>llt&#39;rrt</strong></span> <span class='ocrx_word' id='word_1_903' title='bbox 2524 5763 2621 5799; x_wconf 79' lang='lat' dir='ltr'><strong>tus.</strong></span> 
     </span>
    </p>
   </div>
  </div>
