2045 3165
704 178 882 216 artaret/ta
903 186 949 215 er
969 185 1142 216 DECRETA.

1679 177 1731 214 ius

101 251 134 274 -et
144 244 191 273 ist'r
213 244 363 273 secundum
387 245 549 274 sententiam
572 248 691 273 nostram
712 248 792 272 erunt
815 242 903 271 modis
914 245 942 275 Α
953 242 1041 275 rimis,
1056 251 1136 279 quam
1157 245 1297 273 veritatem
1311 245 1468 275 servandam
1485 248 1663 285 luendamque
1681 255 1742 277 cum

107 290 226 319 omnibus
239 290 366 319 absoluti.
381 295 393 310 ·
405 291 442 319 ita
458 292 510 319 hoc
528 299 623 327 genus,
644 290 715 326 quod
730 297 810 327 supra
826 289 895 317 dixi-

106 343 174 369 Itss.
186 335 246 371 quin
260 343 315 363 non
324 336 453 365 adnititur
465 338 609 372 imperator
619 340 665 365 aut
678 338 802 373 populus,
813 337 894 365 aiter-

106 387 188 410 umnt
211 386 311 417 partem
334 390 385 410 non
409 384 536 417 expedire
561 384 673 418 poterit,
699 382 747 411 sed
760 390 893 418 gravare:

104 429 173 457 unde
187 429 293 456 nonnisi
306 429 352 457 illo
362 430 420 458 solo
434 430 516 458 modo
530 430 611 458 rebus
633 430 782 458 remedium
802 431 893 466 provi-

102 475 217 503 dendum
232 480 283 508 est,
310 480 338 503 ut
362 476 435 510 prius
457 476 491 504 de
513 476 681 504 absolutione
696 480 790 513 agatur
805 477 893 504 Acacii

103 529 161 550 eum
182 520 264 549 totius
287 522 417 550 duntaxat
431 522 560 551 Ecclesiae
577 523 703 557 sanitate,
727 529 753 551 et
774 523 813 551 sic
837 523 894 552 istis

102 569 196 595 siluro
210 567 307 595 ordine
320 567 482 596 relaxatum.
505 568 535 596 Si
561 570 674 596 Aeacius
694 573 784 597 autem
808 569 895 598 modis

101 614 223 642 omnibus
235 614 339 642 absolvi
355 614 482 647 noluerit,
499 614 609 642 istorum
632 622 746 649 persona
763 616 834 643 illius
847 623 894 651 ag-

100 661 254 695 gramione
268 660 412 688 iuvabitur.
431 660 469 688 Bo
484 660 569 696 magis
583 661 653 696 quod
667 667 693 689 et
704 662 823 689 oblatum
842 662 893 690 sibi

100 706 212 734 Aeacius
226 707 365 741 respuisse
375 706 552 741 convincitur,
564 711 593 735 et
603 711 694 735 nostra
706 709 755 735 erit
769 712 893 736 excusata

98 752 245 785 sententia,
271 757 298 780 et
318 753 354 781 de
378 753 492 781 istorum
516 753 684 782 absolutione
707 759 769 783 ante
789 758 894 790 tempus

98 800 230 834 irapensa,
256 804 283 827 et
300 799 334 827 de
356 799 429 827 illius
452 807 512 828 cum
537 801 745 836 exaggeratione
773 801 893 830 criminis

96 845 271 873 damnatione
284 844 399 873 ﬁrmata.
427 845 489 874 ideo
503 846 541 873 illi
557 850 677 881 perstant
693 847 719 874 in
733 847 785 875 lide
801 848 893 876 catho-

96 891 156 924 lica,
171 890 221 925 qui
235 891 262 918 in
276 890 387 930 oriente
406 893 571 927 persistunt,
596 893 658 927 quia
674 900 689 920 a
709 901 753 921 me
768 899 827 922 eam
843 894 891 923 de-

949 290 1053 324 pnucis.
1066 289 1106 317 An
1116 289 1177 318 ideo
1184 290 1286 319 falsitas
1294 299 1348 320 non
1357 293 1409 321 erit
1418 293 1528 327 falsitasI
1536 294 1596 330 quia
1603 303 1662 323 cum
1675 295 1743 324 ιιιυι-

958 334 1070 362 titudiuc
1085 336 1210 363 tenetur?
1225 336 1286 364 Ideo
1301 339 1399 365 veritas
1416 346 1467 366 non
1487 340 1536 367 crit
1552 341 1661 373 veritas,
1682 342 1742 376 quia

946 380 1060 409 habetur
1074 381 1100 408 in
1118 381 1232 416 paucis!
1245 381 1312 410 Cum
1331 384 1431 412 veritas
1453 390 1505 413 non
1519 385 1545 412 in
1559 386 1741 420 multitudine,

946 427 994 455 sed
1010 427 1037 455 in
1051 431 1268 464 quantacumque
1292 429 1333 456 sui
1356 429 1432 465 parte
1452 431 1493 459 vel
1514 433 1636 466 portione
1653 434 1741 460 cousi-

946 478 1009 509 stat,
1025 474 1119 510 religio
1131 481 1220 503 autem
1235 476 1343 504 nonnisi
1366 477 1392 503 in
1411 478 1523 506 veritate
1543 479 1579 506 sit
1594 479 1660 514 lixa,
1687 479 1742 514 pri-

945 521 1041 557 vilegia
1055 529 1120 550 vero
1133 521 1192 557 ejus
1206 521 1314 550 nonnisi
1328 523 1356 550 in
1367 525 1597 558 eoeonstent,ubi
1611 530 1652 553 est
1665 525 1741 553 iirma

946 567 1004 601 ipsa
1020 567 1125 602 religio.
1140 567 1182 596 Att
1202 567 1303 596 veritas
1323 568 1347 596 si
1367 569 1395 596 in
1409 571 1503 603 paucis
1517 569 1597 601 fuerit
1609 591 1616 603 ,
1641 571 1742 599 veritas

945 620 999 640 non
1012 613 1064 641 erit
1075 633 1083 645 ,
1097 617 1123 640 et
1138 613 1238 641 falsitas
1260 614 1286 641 in
1307 614 1399 642 multis
1414 621 1468 642 non
1482 615 1534 642 erit
1550 616 1669 643 falsitas?
1679 616 1740 644 Fal-

945 660 1011 693 tiias
1022 660 1048 687 in
1061 660 1153 689 multis
1165 660 1252 696 major
1264 665 1306 690 est
1319 669 1410 694 error;
1427 661 1527 690 veritas
1541 662 1568 690 in
1584 670 1667 696 parvo
1681 663 1741 691 nui—

943 706 1000 734 lum
1011 706 1126 734 sustinet
1139 706 1343 740 detrimentum,
1360 707 1421 742 quis
1435 707 1464 736 in
1478 711 1686 743 quantatnrnque
1700 709 1741 736 sui

944 758 1021 788 parte
1046 753 1144 780 veritas
1161 753 1212 780 lixa
1236 753 1378 786 Consistit;
1400 757 1427 781 et
1441 753 1510 782 sicut
1530 753 1673 781 multitudo
1686 760 1741 782 non

944 794 1025 826 efficit
1040 805 1067 827 ut
1079 798 1181 832 falsitas
1191 806 1245 828 non
1254 799 1290 827 sit
1305 798 1418 833 falsitas.
1434 799 1468 827 ita
1483 807 1533 827 nec
1548 800 1666 835 partitas
1681 799 1741 828 clit-

943 845 982 872 cit
995 850 1024 872 ut
1035 844 1134 872 veritas
1143 853 1196 872 non
1210 845 1244 872 sit
1255 847 1365 874 veritas.
1382 847 1450 873 Sunt
1461 846 1599 873 innumera
1613 846 1737 884 exempla

947 888 1045 925 quibus
1052 890 1192 924 doceatur,
1206 891 1230 918 in
1241 891 1333 919 multis
1349 890 1464 919 falsitate
1476 896 1622 924 crassante,
1635 890 1662 918 in
1673 899 1740 927 pau-

96 935 166 964 lendi
179 936 284 970 uident,
306 941 334 964 et
349 937 502 965 animantur
525 945 560 966 ex
583 945 641 968 me:
664 938 783 975 alioquin
798 934 849 967 'aut
864 944 892 968 et
906 931 930 964 Β
943 938 983 966 cis
1004 938 1159 966 constitisse
1178 938 1328 966 veritatem.
1347 936 1401 966 Sed
1419 938 1597 965 abominamur
1617 938 1679 971 Itoc,
1695 938 1739 967 iu-

93 983 130 1010 iili
140 987 272 1010 corruerit
285 990 329 1010 me
344 982 471 1017 faciente,
485 987 531 1011 aut
546 984 568 1011 si
583 991 637 1018 me,
652 985 723 1020 qttnd
739 985 819 1017 absit,
840 985 888 1013 de-

92 1029 202 1056 sidente
215 1028 434 1063 illiperstabunt,
454 1029 524 1064 apud
542 1029 626 1057 Deum
648 1029 823 1066 hominesque
846 1038 889 1059 me

91 1074 149 1109 iure
161 1075 342 1102 datnuabunt.
360 1074 400 1102 illi
417 1082 460 1102 me
479 1075 563 1102 etiam
574 1075 625 1103 sub
640 1076 828 1111 persecutione
844 1084 890 1112 po-

91 1121 134 1148 siti
149 1128 208 1148 non
223 1122 410 1154 deseruerunt,
426 1127 477 1157 ego
491 1121 552 1154 illos
566 1122 625 1149 sine
641 1122 828 1157 persecutione
843 1123 889 1151 de-

90 1173 217 1196 serturos
230 1175 289 1195 sum
298 1168 311 1195 τ
322 1167 391 1201 Quid
408 1168 473 1201 Deo,
486 1167 550 1203 quid
564 1168 718 1196 hontinibtts
728 1169 790 1197 inde
803 1169 890 1197 dictu-

90 1215 154 1242 rusi
170 1214 288 1241 Possum
303 1214 357 1242 illis
370 1214 478 1248 dicere;
494 1214 574 1242 aliter
594 1221 637 1242 me
651 1215 847 1244 damnationem
862 1216 888 1244 in

88 1261 221 1289 Acacium
248 1268 299 1288 non
324 1260 432 1289 ﬁrmare
454 1262 590 1296 petuisse,
614 1261 667 1289 nisi
691 1266 719 1289 ut
732 1261 846 1290 Vitalem
862 1268 889 1290 et

88 1306 226 1335 Misenum
241 1307 409 1334 absolverem
423 1306 493 1334 illius
509 1308 716 1342 exaggeratione
727 1309 847 1343 peccati;
861 1313 889 1336 ut

87 1346 180 1380 atem
198 1353 326 1380 Acacium
337 1356 498 1388 exaggerato
511 1352 569 1388 ejus
581 1353 652 1380 malo
662 1353 835 1388 postmodum
847 1360 889 1381 eo

87 1408 137 1435 επ
150 1400 311 1431 ώειιίνιτο.
334 1400 397 1435 quid
419 1399 443 1427 ei
467 1406 526 1427 sum
553 1398 675 1431 rationis,
699 1399 762 1434 quid
790 1399 889 1434 negotii

88 1447 267 1475 reddimus?
282 1446 336 1475 Sed
350 1447 372 1473 si
388 1454 432 1481 per
448 1445 571 1473 Acacium
584 1450 690 1472 curatur
705 1445 787 1473 omnis
803 1445 889 1473 Eccle-

87 1495 138 1527 sia,
150 1493 253 1529 inquis,
265 1497 302 1521 est
319 1493 384 1520 tanti
406 1493 481 1520 unius
495 1492 605 1520 hominis
618 1492 755 1525 absolutio,
771 1497 810 1519 est
825 1493 890 1519 tanti

87 1541 181 1575 quovis
194 1544 316 1575 (stupore,
330 1543 354 1566 et
369 1541 572 1574 quandocunque
592 1539 669 1566 unius
683 1539 794 1566 hominis
815 1539 889 1566 abso-

87 1587 164 1615 lutio.
184 1586 238 1615 Sed
254 1593 321 1614 mete
332 1587 443 1614 interest
453 1586 637 1618 conscientiae,
653 1590 681 1616 et
693 1592 759 1613 mea:
774 1585 888 1612 levitatis

941 985 1012 1020 quis.
1038 985 1107 1019 Quid
1127 985 1208 1021 igitur
1223 985 1368 1013 iaciemus?
1380 984 1418 1013 Ne
1439 985 1579 1013 veritatem
1595 989 1738 1014 teneamus

942 1031 968 1059 in
978 1031 1084 1066 paucis.
1103 1038 1225 1059 erremus
1243 1031 1270 1058 in
1285 1030 1395 1058 multis?
1410 1029 1491 1063 Absit,
1507 1031 1606 1066 inquis.
1620 1030 1740 1066 Respon-

942 1084 1001 1105 mus
1024 1085 1089 1113 ergo
1113 1078 1156 1105 vel
1180 1084 1240 1105 cum
1265 1076 1388 1112 plurimis
1414 1076 1568 1109 falsitatem,
1593 1076 1739 1104 dummodo

942 1127 1081 1150 teneamus
1101 1123 1142 1150 vel
1167 1123 1193 1150 in
1220 1122 1389 1157 paucissintls
1410 1121 1560 1149 veritatem.
1577 1120 1670 1150 Nonne
1683 1126 1739 1149 toto

942 1169 1044 1196 mundo
1059 1168 1202 1196 falsitatem
1226 1172 1349 1201 tenente,
1362 1168 1388 1195 in
1404 1167 1540 1202 Apostolis
1552 1168 1587 1194 ita
1599 1168 1739 1205 constabat

941 1215 1061 1243 Ecclesia
1071 1236 1079 1249 ,
1101 1215 1171 1242 sicut
1186 1214 1330 1242 mandabat
1340 1219 1367 1241 et
1382 1214 1501 1242 veritas?
1519 1221 1607 1242 nonne
1620 1218 1677 1241 toto
1692 1221 1739 1249 po-

941 1261 1005 1296 pqu
1019 1260 1164 1289 deerrante
1192 1260 1218 1287 in
1238 1263 1341 1294 septem
1369 1259 1487 1286 millibus
1510 1258 1580 1293 apud
1605 1257 1740 1286 lsraelitas

941 1307 1039 1335 mansit
1061 1306 1201 1333 Ecclesia?
1217 1305 1252 1333 Et
1266 1305 1287 1332 si
1307 1309 1402 1332 cuncta
1417 1310 1571 1337 curramus,
1590 1304 1740 1331 invertimus

943 1353 1085 1381 innumera
1104 1361 1110 1379 :
1134 1358 1225 1379 nonne
1244 1351 1372 1385 scriptum
1386 1354 1429 1377 est
1444 1354 1543 1377 arctam
1559 1354 1585 1376 et
1599 1353 1739 1384 angustam

940 1405 1001 1427 esse
1016 1399 1086 1426 viam
1108 1405 1169 1432 quae
1184 1397 1257 1424 ducit
1271 1396 1305 1424 ad
1321 1396 1419 1428 vitam;
1443 1395 1525 1423 latam
1541 1395 1740 1430 spatiosamqne

940 1453 1001 1482 qute
1022 1445 1108 1473 tendit
1131 1443 1164 1471 ad
1188 1447 1302 1470 mortem
1327 1441 1433 1477 (Matth.
1449 1447 1502 1474 vn,
1520 1441 1566 1471 i5.
1585 1440 1647 1475 lt)?
1670 1440 1740 1473 Quid

940 1492 1008 1525 quod
1021 1491 1070 1523 illi,
1084 1489 1191 1524 inquies
1203 1511 1210 1522 ,
1236 1489 1325 1515 dicunt
1347 1495 1373 1514 se
1386 1490 1470 1514 tenere
1480 1486 1552 1520 quod
1569 1486 1666 1513 'rectitts
1685 1486 1740 1514 est!

941 1538 1050 1566 interim
1064 1536 1119 1571 jam
1142 1535 1238 1563 falsum
1253 1535 1321 1573 erit,
1336 1532 1408 1567 quod
1424 1539 1453 1560 se
1475 1531 1592 1559 fatentur
1607 1531 1632 1558 id
1647 1535 1739 1559 tenere

940 1583 1013 1620 quod
1029 1590 1096 1616 nos,
1111 1583 1134 1610 si
1145 1582 1217 1609 enim
1234 1580 1332 1608 melius
1348 1582 1458 1611 tenent,
1471 1577 1543 1606 aliud
1560 1582 1668 1610 tenent;
1684 1577 1737 1612 jam

86 1634 269 1669 opprobrium
281 1634 376 1669 agitur.
393 1633 459 1661 Nam
479 1632 501 1661 si
517 1639 566 1668 per
576 1632 704 1660 Acacium
718 1638 826 1660 curatur
840 1632 889 1660 Ec-
905 1623 928 1656 C
943 1637 1111 1666 consequens
1136 1632 1179 1657 est
1200 1631 1230 1655 ut
1252 1633 1284 1655 se
1304 1626 1419 1661 probent
1439 1625 1536 1652 melius
1552 1629 1644 1652 tenere
1658 1631 1738 1660 quam

85 1680 187 1712 etesia,
201 1680 254 1707 ltoe
269 1680 328 1714 ipso
344 1679 465 1711 docetur,
481 1678 544 1714 quia
559 1686 619 1713 qua:
632 1678 721 1714 potuit
745 1685 795 1714 per
821 1677 891 1706 hunc

85 1726 196 1758 curari,
210 1725 236 1752 lii
257 1729 298 1753 est
324 1731 357 1752 eo
379 1729 511 1757 correcta,
530 1731 577 1759 per
592 1723 663 1752 hunc
675 1724 757 1751 etiam
774 1724 836 1751 l.csa
852 1724 890 1751 vi-

83 1772 201 1804 deatur,
223 1777 283 1797 cum
299 1770 417 1804 potuerit
440 1770 488 1797 illo
512 1777 565 1797 non
588 1774 717 1804 peccante
740 1777 793 1797 non
818 1771 888 1798 laedi.

83 1817 145 1845 Sed
157 1816 183 1842 si
196 1816 313 1848 istorum,
324 1815 422 1850 inquis,
442 1814 543 1848 potitius
557 1815 584 1842 in
602 1815 723 1842 Acacium
739 1817 888 1850 jnctareris,

80 1865 154 1890 istos
168 1865 238 1888 recte
252 1860 377 1889 absolvia:
387 1868 445 1887 cum
460 1861 522 1887 item
536 1860 645 1887 Aeacius
660 1860 739 1896 egerit
752 1867 780 1888 ut
791 1867 891 1889 curetur

83 1907 226 1939 Ecclesia,
245 1906 368 1933 Acacium
390 1906 567 1933 convenienter
586 1905 710 1933 absolves.
735 1907 764 1934 Si
789 1907 816 1934 in
841 1907 891 1935 ltoc

81 1961 150 1988 spes
169 1958 225 1984 est.
245 1959 293 1980 cur
312 1959 373 1979 eum
393 1951 572 1979 damnationis
589 1952 709 1986 pendi-re
732 1959 774 1980 me
796 1960 892 1987 urgere

42 2034 49 2040 .
82 1997 246 2034 mpeilis,
261 2004 339 2033 quem
356 1998 490 2033 passevei
512 1998 612 2026 debere
635 1998 742 2026 testeris
765 1997 891 2026 absolvi!

83 2047 159 2074 Esto
177 2044 205 2072 iti
220 2044 324 2072 absolvi
339 2045 443 2080 possint
452 2044 544 2072 Acut-ii
558 2044 685 2078 pondere,
702 2051 744 2073 me
757 2051 839 2080 quare
852 2044 892 2072 vis

82 2100 150 2121 eum
164 2098 292 2125 onerare,
308 2098 387 2127 quem
403 2091 475 2118 nitor
498 2091 660 2119 absolvere?
673 2091 734 2126 quia
750 2092 834 2125 aliter,
851 2091 892 2119 iné

81 2140 163 2174 quis,
180 2137 238 2164 istis
255 2145 305 2164 non
327 2141 409 2171 potest
428 2134 555 2164 subueniri
569 2145 578 2164 :
594 2141 620 2164 at
645 2143 693 2172 per
708 2137 769 2166 itoc.
794 2142 839 2165 aut
861 2138 892 2166 il-

83 2185 143 2213 lum
169 2184 212 2211 vis
225 2183 303 2211 obrui
318 2204 325 2216 ,
340 2187 387 2210 aut
401 2189 445 2210 me
469 2183 581 2217 exponi.
607 2182 660 2210 Sed
682 2182 825 2219 priuilegia,
852 2185 893 2212 in-

81 2231 162 2267 quis,
189 2236 271 2258 ucstra
294 2230 343 2261 liae
367 2230 537 2258 obstinatior“
559 2230 685 2257 adiuitis.
713 2230 796 2265 Igitur
817 2231 830 2251 lt
858 2239 892 2260 tte

81 2279 182 2307 minus
196 2276 266 2312 juris
289 2276 451 2308 habeamus.
471 2276 622 2304 efﬁciantur
644 2276 764 2304 bzeretiei
777 2297 789 2309 ν
810 2282 835 2305 et
857 2285 891 2306 ne

81 2325 250 2352 amittamus
261 2323 453 2352 ecclesiastica:
467 2322 604 2358 privilegia
619 2323 769 2358 potestatis,
783 2324 892 2351 amitta-

80 2379 148 2401 mus
165 2371 254 2408 ipsam
271 2369 428 2405 religionem
442 2378 449 2396 :
476 2377 510 2399 ne
525 2369 614 2404 minor
634 2369 672 2397 sit
687 2369 805 2405 dignitas
822 2377 890 2405 apo-

80 2417 197 2446 stolica:
212 2416 284 2443 sedis
299 2416 326 2443 in
340 2415 450 2451 paucis,
473 2419 546 2442 erret
574 2415 599 2442 irt
624 2415 725 2442 multis.
751 2415 845 2444 Nescio
868 2417 890 2444 si

80 2465 148 2500 quis
160 2463 237 2491 dicat
251 2461 393 2490 falsitatem
405 2459 570 2497 sequendam
585 2462 674 2499 petitis
684 2469 744 2490 eesc
757 2469 818 2491 cum
832 2463 890 2498 plu-

121 2528 136 2542 ι
149 2521 259 2558 Supple
273 2520 452 2558 absolutionis.
463 2520 599 2558 Optimam
616 2526 680 2546 vero
695 2519 793 2558 Felicis
811 2524 888 2558 men-

83 2564 157 2592 um,
179 2554 269 2592 neque
286 2556 391 2592 odioin
413 2554 540 2592 Aeaeth
559 2555 624 2587 ullo.
640 2560 727 2592 neque
746 2554 889 2592 nti‘eetione

80 2589 302 2637 elisi-avitae
313 2591 384 2637 ειιίε
606 2597 671 2637 iii"!
685 2589 846 2637 εειειεξηὲεῖς»
861 2595 888 2617 ν’

82 2624 887 2692 πτιτεςκττέιοςκέεαςΔξξετλιειξάτὼκςξπιξάι..

82 2701 177 2733 libus,
195 2703 225 2726 ut
239 2698 393 2732 pontiilceat
407 2700 602 2733 expugnarent,
624 2701 721 2733 nempe
741 2701 797 2723 tum
808 2702 886 2724 suam

82 2736 150 2771 θείς
169 2731 271 2771 Ἀρεία
283 2733 354 2771 sui!
373 2738 441 2771 φιεξ
455 2731 615 2771 Nimim
635 2731 670 2758 ιδ
687 2731 753 2771 .0503
766 2737 888 2771 «ἔσπῑωυέ

83 2766 325 2800 nioiaaabscisto,
339 2767 555 2802 iurisdictione-
565 2770 641 2794 suam
655 2766 731 2802 reide
747 2766 846 2802 minui,
862 2770 890 2794 et

82 2807 118 2835 in
127 2805 269 2833 arctiores
279 2801 380 2830 limites
392 2802 485 2837 redigi.
502 2801 539 2829 Er
552 2809 605 2836 quo
618 2801 725 2828 videtur
735 2801 890 2837 conﬁrmari

83 2850 125 2871 eo
137 2841 202 2875 ja-
217 2847 276 2867 avo
289 2846 342 2873 quo
354 2836 537 2875 incon-optum
549 2837 686 2875 praelecta:
701 2838 832 2875 regimen
842 2836 892 2863 do-

83 2872 201 2905 ctiores
215 2872 344 2902 etiam’ea
360 2872 532 2900 beterodoais
545 2873 674 2904 fatentur,
691 2879 746 2898 non
759 2872 891 2906 dignitate

85 2917 218 2943 tantum,
233 2910 279 2937 sed
299 2909 358 2943 iure
372 2916 403 2935 ac
422 2912 552 2941 potestate
569 2908 890 2943 Romuntttnrepiscoputn

85 2947 156 2975 orbi
181 2941 492 2979 Christianum-ciuisse.
507 2942 582 2971 idem
597 2947 671 2972 certe
686 2942 759 2971 Felix
776 2943 810 2971 tie
825 2941 889 2970 sede

944 1684 1004 1706 nos.
1019 1677 1047 1706 Si
1063 1676 1158 1704 melius
1171 1677 1265 1708 tenent
1277 1695 1285 1707 ,
1305 1672 1458 1701 abstineant
1468 1678 1498 1700 se
1510 1678 1524 1699 a
1541 1678 1595 1705 me,
1610 1672 1655 1707 qui
1670 1671 1740 1700 male

942 1729 1023 1753 teneo
1039 1733 1045 1751 τ
1066 1722 1166 1758 corrigi
1187 1721 1221 1749 ad
1236 1721 1316 1748 iidem
1328 1740 1336 1753 ,
1358 1723 1386 1747 et
1398 1717 1475 1754 sequi
1491 1717 1562 1753 quod
1587 1717 1683 1745 melius
1697 1720 1740 1745 est

942 1773 1080 1799 voluntate
1088 1770 1169 1797 debet
1179 1768 1282 1800 venire,
1297 1773 1351 1794 non
1364 1765 1400 1793 vi.
1418 1762 1474 1799 Ego
1488 1764 1526 1792 illi
1542 1764 1671 1791 molestus
1685 1771 1738 1790 non

943 1824 1013 1848 sum,
1028 1816 1075 1843 ille
1090 1814 1155 1842 mihi
1169 1820 1253 1849 quare
1269 1812 1400 1839 molestus
1415 1810 1478 1838 est?
1495 1809 1551 1844 Ego
1566 1814 1595 1836 ut
1609 1816 1652 1836 me
1673 1816 1738 1836 eor-

942 1863 1013 1897 rigat
1023 1868 1074 1889 non
1092 1866 1171 1896 peto;
1188 1866 1242 1886 non
1256 1856 1358 1893 petenti
1372 1855 1435 1891 quid
1449 1855 1557 1890 ingerit,
1573 1854 1636 1890 quid
1657 1861 1687 1882 se
1699 1854 1739 1881 in-

944 1909 995 1936 fert
1011 1907 1114 1935 invito?
1128 1906 1158 1937 Si
1174 1905 1273 1932 nullam
1289 1908 1377 1931 meam
1393 1906 1468 1937 putat
1484 1907 1544 1929 esse
1558 1901 1719 1929 sententiam
1730 1920 1737 1932 .

944 1956 1100 1982 contemnat
1122 1951 1214 1984 illam:
1229 1949 1293 1986 quid
1308 1952 1447 1983 tantopere
1463 1947 1550 1982 poscit
1576 1946 1697 1975 absolvi?
1710 1945 1738 1976 Si

944 1999 1030 2036 poscit
1049 1998 1150 2026 absolvi
1172 2001 1274 2025 etesse
1290 1995 1404 2030 alicujus
1424 1994 1515 2029 utique
1536 1993 1664 2021 momenti
1680 2001 1733 2022 non

943 2046 1048 2075 dubitat
1061 2067 1068 2078 ,
1082 2049 1109 2073 et
1119 2045 1199 2077 iusta
1211 2042 1390 2071 damnationis
1403 2047 1464 2068 esse
1474 2040 1625 2072 continuat,
1639 2047 1690 2075 qua
1704 2048 1735 2068 se

944 2093 1029 2122 teneri
1048 2098 1100 2120 non
1114 2090 1229 2119 declinat
1239 2089 1409 2117 obstrictum.
1430 2087 1522 2122 itaque
1534 2079 1650 2114 fateatur
1662 2093 1738 2114 erro-

944 2144 1003 2168 rem
1023 2138 1066 2166 cui
1090 2143 1132 2166 est
1152 2136 1225 2164 illata
1248 2133 1397 2166 sententia;
1411 2133 1530 2169 deponat
1553 2139 1686 2165 errorem,
1711 2137 1739 2161 et

944 2192 1027 2213 vacua
1042 2183 1176 2213 sententis
1191 2187 1242 2211 est.
1258 2181 1286 2210 Si
1300 2181 1397 2215 iujusta
1413 2183 1470 2214 est,
1483 2184 1558 2208 tanto
1572 2187 1631 2208 eam
1644 2187 1739 2208 curare

944 2238 997 2260 non
1019 2230 1110 2265 debet,
1122 2233 1223 2265 quanto
1236 2226 1309 2263 apud
1321 2227 1404 2255 Deum
1418 2229 1446 2253 et
1460 2225 1608 2253 Ecclesium
1621 2225 1679 2260 cjus
1692 2233 1739 2253 ne-

944 2279 1044 2307 minem
1058 2263 1148 2312 potest
1157 2276 1366 2311 iniquagravare
1377 2272 1521 2301 sententia.
1536 2272 1574 2299 ita
1587 2278 1652 2307 ergo
1668 2276 1697 2299 ea
1710 2279 1740 2299 se

903 2306 933 2338 ’
943 2324 1047 2353 absolvi
1060 2306 1123 2351 Inoa
1144 2306 1279 2350 desideret
1295 2341 1303 2354 ,
1319 2327 1371 2355 qua
1387 2326 1417 2346 se
1437 2318 1591 2346 nullatenus
1609 2306 1741 2353 perspicit

943 2371 1108 2405 obligatum;
1123 2368 1146 2396 si
1162 2373 1228 2395 vero
1242 2371 1274 2394 es
1287 2370 1317 2393 se
1327 2365 1428 2400 jodicat
1442 2363 1600 2398 obligatam,
1615 2367 1643 2391 et
1652 2362 1739 2397 poscit

943 2417 1055 2454 absolvi,
1080 2415 1174 2449 utique
1195 2420 1249 2447 non
1270 2411 1416 2448 praetendit
1443 2410 1579 2445 injustam,
1600 2417 1661 2445 qua
1678 2417 1740 2437 cum

943 2460 1179 2499 potuitobiigane.
1195 2463 1276 2494 surae
1291 2456 1431 2486 aboedeni
1446 2455 1534 2492 possit
1545 2455 1664 2488 absolvi,
1678 2454 1741 2490 quia

941 2518 1099 2555 apostolica.
1116 2517 1149 2545 ad
1170 2522 1249 2554 quam
1264 2514 1370 2555 Flavita‘
1381 2513 1485 2555 legatos
1501 2512 1622 2552 irriserat,
1648 2510 1740 2555 itu-ilo-

940 2547 1083 2590 quebalur,
1094 2547 1146 2588 ’ρετ
1171 2547 1248 2590 quam
1262 2550 1385 2590 largiente
1400 2549 1502 2590 Citristo
1515 2547 1740 2590 Oilmilnl‘loli‘da-

941 2583 982 2618 t'ar
1007 2583 1118 2622 dignitas
1143 2583 1317 2623 sacerdotum;
1339 2583 1460 2623 Qstendit
1495 2583 1648 2623 antemnis.
1674 2590 1740 2616 pun.

942 2627 1005 2653 tiiex
1025 2617 1123 2659 (Epist.
1139 2623 1260 2659 i5)~lta:_c
1274 2620 1425 2659 privilegia
1440 2623 1550 2659 eatenus
1569 2617 1739 2659 sibipropu:

940 2653 1069 2696 gnand‘a;
1080 2653 1426 2696 quoad'Christi'anathlidei
1442 2653 1575 2696 conducat
1587 2662 1602 2696 ‘z
1627 2653 1741 2696 interest

941 2688 1073 2731 siquidem
1088 2688 1242 2731 christiana:
1254 2691 1407 2731 reipublicae
1419 2695 1449 2718 ut
1462 2695 1541 2731 caput
1553 2688 1660 2719 habeat,
1676 2695 1736 2731 cum

946 2722 1121 2759 ecclesiastici
1139 2722 1391 2766 regituinisjpotior
1418 2733 1479 2766 pars
1497 2722 1526 2766 in
1547 2732 1626 2766 unum
1643 2722 1741 2763 collata

943 2768 989 2800 sit,
1014 2768 1042 2794 ut
1055 2766 1138 2801 capite
1156 2761 1462 2801 constituti);schi_smat_is_
1480 2761 1614 2801 tolleretur
1629 2761 1739 2791 occasio,

943 2795 1015 2837 quod
1043 2802 1073 2829 D.
1085 2795 1280 2837 Hieronymus
1294 2795 1487 2837 docuitiAdn.
1503 2795 1561 2837 Jan.
1576 2795 1620 2837 lib.
1638 2801 1657 2837 Ir,
1681 2802 1739 2837 cup.

944 2828 1072 2870 iiiisdb
1092 2836 1171 2864 linem
1185 2828 1309 2870 cpistola!
1321 2841 1368 2871 pro
1382 2828 1416 2860 iis
1429 2833 1514 2871 itaque
1527 2832 1558 2871 tle
1572 2828 1738 2871 absolvenda,

943 2866 1015 2907 etc.,
1043 2870 1184 2907 legendum
1203 2866 1327 2907 opinor,
1348 2867 1440 2907 Itaque
1464 2866 1642 2894 absolvendum
1662 2866 1741 2899 inrita

947 2904 1123 2943 "mgni-072cm
1140 2905 1278 2932 sententiis.
1293 2904 1365 2932 Sctr.
1382 2904 1527 2933 Muretus.
