4090 6330
246 374 351 436 969

788 488 1121 546 EPISTOLA
1160 489 1275 545 XII.

378 621 578 662 FBLICIS
617 620 673 660 IlI
712 622 855 660 ΡΑΡᾸΞ
893 621 960 661 ΑΙ)
1000 620 1242 661 ZBNONEI
1293 619 1685 660 IIIPERATOREI.

248 723 480 779 Laudato
504 724 616 802 ejus
644 720 921 802 studio‘itt‘
929 720 1250 802 ordinatione
1275 722 1391 802 noui
1418 721 1819 802 episcopi,_ltor-

314 804 454 847 tatur
481 790 537 845 ut
561 793 612 846 in
660 792 833 845 Acacii
876 790 1114 860 Petrique
1158 790 1817 857 nominum'dnnmatione,

314 866 380 919 de
401 880 503 935 ηυξ
527 863 649 935 cieri
669 862 821 935 legati
837 863 966 916 nihil
986 862 1083 916 sibi
1105 861 1405 935 mandatam
1432 863 1815 934 responderant,

316 932 432 991 cum
457 932 685 988 Ecclesia
703 932 935 987 Romana
956 934 1255 988 consentiat.
1354 952 1357 953 ν

320 1046 472 1103 Felix
488 1034 707 1101 ’Ζωιοηί
731 1045 1062 1117 imperatori.

319 1141 515 1210 Dignas
543 1138 746 1195 referre
778 1139 888 1195 Deo
916 1148 1100 1194 nostro
1126 1140 1325 1209 gratias
1349 1140 1519 1225 fateor
1546 1156 1697 1196 mens
1728 1141 1827 1196 hu-

245 1247 402 1287 mana
434 1248 542 1287 non
574 1231 793 1299 sufﬁcit,
837 1232 978 1301 quod
1011 1240 1210 1287 tantam
1242 1233 1515 1303 religionis
1556 1248 1739 1288 curam
1770 1235 1827 1289 in

246 1331 442 1378 vestra:
480 1322 697 1394 pietatis
727 1321 976 1377 sensibus
1010 1321 1286 1379 miseratio
1315 1322 1494 1378 divina
1524 1324 1824 1390 constituit,

250 1424 309 1470 ut
334 1429 453 1470 eam
485 1423 541 1470 et
567 1413 832 1469 universis
876 1413 1104 1485 negotiis
1142 1416 1416 1485 anteponi,
1454 1426 1510 1471 et
1556 1416 1827 1474 soliditate

247 1503 558 1573 reipublicm
577 1502 864 1570 contineri,
888 1519 1045 1574 quam
1078 1506 1339 1561 veraciter
1363 1505 1688 1575 Christiano,
1717 1520 1825 1563 tam

245 1605 474 1668 augusto
492 1595 693 1666 judicio
722 1598 1044 1663 ceuseretis,
1067 1597 1189 1668 quia
1221 1613 1414 1654 revera
1448 1600 1827 1671 prepitiatione

247 1688 457 1745 caelesti
482 1703 660 1744 rerum
683 1687 931 1743 subsistit
968 1689 1308 1745 universitas.
1339 1690 1414 1745 Ex
1460 1706 1562 1761 qua
1595 1692 1826 1748 mirabili

244 1783 535 1839 devotione
579 1792 771 1837 vestra:
823 1783 1124 1838 clementia:
1189 1783 1515 1851 processisse
1562 1800 1827 1855 cognosco

1447 370 1795 432 EPISTOIJE
1834 369 1919 439 ET
1960 369 2299 427 DECRETA.

1850 488 1900 549 Α
1932 486 2025 540 tio.
2074 486 2377 558 Puramque
2414 490 2601 546 volens
2645 505 2766 547 cum
2813 506 2879 548 eo
2913 506 2999 563 qut
3034 492 3269 562 pontifex
3295 504 3510 550 creatus

3406 377 3508 435 970

1928 578 2187 634 asseritur
2218 578 2354 634 inire
2383 582 2751 652 concordiam,
2790 584 2973 655 gloria:
3000 598 3195 643 vestrte
3221 602 3510 658 suggerere

1914 660 2246 739 properavi,
2290 679 2347 725 ut
2387 672 2519 727 nihil
2571 675 2808 731 residere
2855 678 3128 744 patiamini
3185 695 3294 751 quo
3333 682 3511 737 denuo

1928 761 2220 833 quidquam
2255 764 2427 819 valeat
2454 765 2810 823 dissensionis
2852 772 3074 827 oboriri.
3108 773 3240 842 Quia
3262 774 3387 829 dum
3412 789 3510 847 per

1927 854 2191 925 synodum
2219 851 2735 925 Cltaleedonensem,
2782 875 2940 929 quam
2989 878 3047 918 se
3070 863 3271 919 dudum
3313 866 3510 923 litteris

1928 944 2227 1016 designavit
2248 954 2334 1000 tua
2386 948 2666 1004 clementia
2688 954 2973 1019 venerari,
3006 954 3298 1026 Eutycltem
3350 965 3511 1027 atque

1931 1035 2242 1091 Dioscorum
2274 1046 2485 1093 constet
2527 1053 2648 1095 esse
2687 1040 2986 1110 damnatos,
3031 1055 3296 1102 eteorum
3335 1058 3508 1104 secta-

1931 1136 2083 1184 tores
2107 1128 2346 1198 plurimis
2376 1129 2584 1185 illarum
2608 1132 2833 1201 partium
2848 1133 3181 1193 documentis
3197 1138 3511 1196 Timotheus

1931 1227 1987 1273 et
2016 1220 2207 1274 Petrus
2237 1221 2510 1276 exstitisse
2538 1231 2925 1291 mottstrentur,
2966 1235 3124 1296 atque
3154 1242 3339 1284 eorum
3361 1245 3501 1285 cout-

1933 1312 2241 1368 munionem
2270 1352 2285 1376 ,
2337 1313 2545 1369 etiamsi
2594 1316 2949 1385 prohibitam,
2992 1329 3207 1375 secutus
3249 1322 3507 1391 Aeacius,

1929 1416 2065 1472 quos
2089 1404 2205 1472 ipse
2225 1404 2466 1474 epistolis
2490 1406 2601 1461 suis
2622 1406 2905 1464 haereticos
2924 1409 3137 1466 dixerat
3153 1427 3271 1467 esse
3293 1413 3510 1469 damna~

1932 1503 2017 1548 tos
2052 1497 2355 1550 :sententia
2383 1496 2524 1552 illius
2578 1499 2789 1555 concilii
2834 1502 3223 1559 convincuntur
3264 1506 3511 1576 astringi,

1908 1592 1986 1663 "et
2016 1587 2068 1642 in
2099 1587 2333 1658 ipsorum
2367 1605 2577 1659 pinnam
2613 1594 2805 1649 merito
2838 1596 3113 1663 recidisse,
3146 1612 3372 1667 quorum
3402 1598 3503 1655 ele-

1930 1694 2058 1747 gere
2090 1682 2421 1737 consortium
2460 1685 2640 1739 :sicut
2670 1685 2722 1740 in
2766 1688 2975 1742 caeteris
3029 1687 3325 1745 bteresibus
3374 1691 3514 1749 facta

1930 1772 2095 1827 semel
2124 1773 2363 1844 synodus
2400 1775 2590 1845 ahjecti
2636 1778 2921 1846 cujuslibet
2957 1783 3158 1836 erroris
3178 1791 3400 1840 cunctos
3425 1800 3512 1840 se-

246 1873 505 1945 quidquid
529 1888 626 1944 pro
651 1872 816 1929 divini
841 1875 1018 1929 cultus
1034 1875 1335 1930 reverentia
1360 1875 1659 1932 celebratus
1682 1886 1828 1932 tran-

1934 1878 2131 1932 quaces
2162 1876 2558 1937 consequenter
2595 1868 2833 1924 involvit.
2876 1872 3070 1938 Quzeso
3108 1875 3285 1945 igitur,
3319 1876 3515 1946 glorio-

247 1966 535 2037 quillitatis
572 1973 765 2021 vestrae
802 1980 981 2021 sermo
1011 1966 1366 2036 deprompsit.
1398 1966 1467 2023 Ut
1493 1967 1702 2024 scilicet
1731 1970 1828 2023 fir-

245 2072 401 2113 mare
428 2057 708 2113 catholicae
751 2056 871 2111 ﬁdei
911 2058 1188 2127 cupientes
1228 2059 1483 2113 unitatem
1507 2102 1521 2125 ,
1554 2058 1830 2115 Ecclesia-

245 2164 474 2220 rumque
492 2164 673 2219 pacem
701 2163 1026 2219 magnopere
1053 2148 1316 2216 roborari,
1350 2151 1507 2207 talem
1540 2151 1830 2209 studeretis

242 2241 1078 2314 prmﬁciConstantinopolitanis
1116 2242 1435 2310 antistitem,
1464 2244 1552 2314 qui
1595 2257 1830 2314 superno

242 2349 475 2391 munere
505 2343 883 2405 prosequente,
936 2343 989 2389 et
1016 2349 1225 2389 morum
1272 2334 1538 2403 probitate
1568 2335 1825 2421 fulgeret.

241 2437 299 2483 et
328 2441 439 2497 pra:
475 2425 725 2482 omnibus
760 2425 1075 2483 orthodoxae
1097 2426 1336 2484 veritatis
1364 2428 1589 2498 polleret
1610 2428 1825 2485 aﬁ‘ectu.

239 2517 490 2588 Magnam
534 2518 715 2588 igitur,
762 2520 975 2590 egregie
1028 2520 1296 2590 princeps,
1320 2522 1474 2590 capio
1502 2522 1569 2578 de
1603 2532 1831 2596 utroque
1863 2536 1870 2543 ’

240 2612 489 2667 lzetitiam
523 2626 684 2668 :cum
712 2622 762 2668 et
795 2613 849 2667 in
886 2621 991 2668 tute
1022 2614 1329 2670 serenitatis
1356 2617 1571 2682 animo,
1604 2616 1744 2671 sicut
1769 2617 1824 2672 in

237 2703 431 2759 saeculi
465 2695 674 2774 fastigio
718 2703 1085 2771 constitutum,
1115 2706 1185 2760 ita
1236 2707 1564 2777 praecipuum
1588 2706 1829 2763 Ecclesia

240 2795 420 2852 ﬁlium
449 2795 560 2851 Deo
590 2794 790 2851 factore
822 2796 1059 2865 suscepit
1092 2814 1103 2847 :
1136 2804 1193 2851 et
1219 2811 1339 2851 eum
1364 2797 1560 2867 ipsum,
1591 2798 1659 2852 de
1679 2796 1830 2867 cujus

240 2887 533 2958 pontiﬁcio
560 2886 887 2958 gloriamini,
918 2886 1044 2942 dum
1067 2887 1134 2942 ad
1160 2887 1298 2943 beati
1328 2887 1472 2942 Petri
1499 2888 1727 2958 apostoli
1745 2903 1831 2944 se-

242 2980 381 3036 dem
408 2994 520 3035 sute
550 2980 716 3036 refert
733 2979 1005 3051 dignitatis
1033 2980 1334 3046 exordium,
1358 2980 1468 3050 jam
1485 2991 1596 3036 Sua:
1616 2980 1831 3039 dedisse

234 3073 456 3147 gaudeo
477 3073 860 3131 moderationis
898 3073 1173 3129 indicium.
1207 3072 1302 3130 Ubi
1333 3074 1495 3130 simul
1519 3084 1571 3130 et
1606 3090 1829 3146 magna-

238 3166 471 3223 nimitas
492 3175 669 3221 vestra
702 3164 1027 3235 resplendet,
1052 3165 1266 3236 quando
1298 3165 1552 3221 Ecclesia:
1583 3181 1821 3235 causam,

1934 1959 2173 2025 sissime,
2233 1975 2333 2016 nec
2386 1962 2437 2015 in
2475 1965 2877 2021 successoribus
2928 1969 3171 2024 relevere
3211 1969 3515 2040 judicemur

1933 2049 2076 2119 quod
2102 2049 2443 2107 manifestum
2468 2062 2547 2108 est
2568 2054 2618 2107 in
2651 2057 2957 2112 auctoribus
2989 2057 3151 2113 fuisse
3172 2060 3514 2125 damnatum;

1934 2156 2035 2197 nec
2064 2142 2205 2197 Petri
2240 2152 2458 2213 putetur
2484 2144 2719 2217 legitima
2734 2152 3043 2216 provenisse
3066 2154 3329 2223 purgatio,
3353 2171 3513 2225 quem

1935 2247 2043 2288 non
2070 2236 2363 2290 secundum
2385 2252 2589 2294 morem
2611 2249 2850 2296 veterum
2874 2246 3166 2313 apostolica
3188 2248 3366 2315 sedes,
3395 2264 3516 2320 qute

1934 2325 2137 2395 ligavit,
2166 2326 2419 2383 absolvit.
2450 2330 2560 2385 Scit
2586 2334 2728 2385 enim
2754 2332 3058 2390 Christiana
3110 2352 3265 2394 mens
3287 2347 3397 2407 tua,
3429 2356 3517 2396 ve-

1935 2420 2190 2476 nerabilis
2220 2422 2527 2492 imperator.
2574 2426 2826 2495 quoniam
2873 2426 3064 2483 delicta
3095 2432 3398 2487 mortalium
3428 2449 3517 2490 se-

1933 2513 2169 2569 cundum
2192 2515 2584 2571 conscientiam
2614 2518 2893 2574 relaxandi
2917 2536 3023 2576 non
3042 2522 3143 2577 nisi
3173 2524 3517 2593 pontiﬁcibus

1933 2607 2045 2659 suis
2071 2606 2259 2662 ordine
2304 2610 2628 2676 competenti
2672 2624 2903 2679 superna
2933 2612 3142 2668 dederit
3190 2615 3517 2684 dispensatio

1935 2697 2264 2754 facultatem.
2292 2701 2388 2767 Qui
2414 2702 2603 2757 Petrus
2632 2711 2831 2768 tamen,
2864 2706 2909 2758 si
2932 2720 3055 2761 vere
3076 2718 3323 2779 receptus
3350 2720 3514 2772 esset.

1935 2790 2143 2844 \eniam
2172 2792 2365 2845 mereri
2396 2791 2599 2859 debuit,
2628 2809 2732 2848 non
2752 2794 3012 2851 honorem
3039 2815 3053 2851 :
3078 2799 3166 2869 qui
3198 2815 3227 2855 a
3251 2802 3518 2859 damnatis

1934 2889 2095 2949 atque
2126 2882 2394 2938 haereticis
2436 2883 2628 2939 falsum
2670 2887 2958 2941 sacerdotii
3008 2904 3204 2946 nomen
3246 2894 3518 2963 accipiens

1934 2973 2213 3028 catholicae
2242 2990 2346 3029 non
2378 2985 2586 3045 poterat
2621 2978 2874 3035 Ecclesiae
2902 2981 3213 3047 praesidere.
3244 2984 3368 3039 Haec
3389 3001 3513 3057 ego,

1935 3066 2373 3122 reverentissime
2420 3069 2704 3140 princeps,
2755 3071 2894 3126 beati
2943 3072 3085 3129 Petri
3131 3076 3517 3147 qualiscunque

1935 3157 2188 3224 vicarius,
2223 3172 2327 3213 non
2373 3162 2692 3217 auctoritate
2719 3162 2863 3217 velut
2894 3166 3203 3234 apostolicae
3236 3171 3516 3237 potestatis

235 3260 389 3315 sicut
414 3257 670 3315 divinitus
708 3226 1023 3313 institutum
1050 3226 1166 3324 est,
1208 3258 1514 3328 pontiﬁcum
1556 3258 1828 3315 desiderat
1853 3226 1903 3301 δ
1932 3259 2244 3320 θιιοηιυθο,
2270 3252 2362 3307 sed
2382 3261 2630 3322 ιδηαυθιη
2661 3255 2917 3313 εοηίοίιυε
2940 3269 3111 3329 Dine":
3141 3261 3369 3319 53hle
3393 3280 3517 3335 Ρτο·

235 3350 589 3407 ordinatione
617 3350 888 3420 componi,
928 3360 982 3405 et
1012 3350 1103 3420 qui
1128 3351 1180 3405 in
1203 3349 1488 3406 sacerdotii
1516 3350 1829 3421 perhibetur

233 3453 537 3514 provectus
568 3440 823 3506 ofﬁcium,
871 3450 1021 3512 optat
1046 3441 1172 3497 inde
1194 3442 1391 3507 fulciri,
1422 3441 1561 3497 unde
1609 3441 1828 3500 Christo
1854 3480 1876 3497 .

232 3535 502 3606 cupiente
522 3533 739 3603 proﬁuit
766 3543 1079 3589 cunctorum
1107 3535 1275 3604 gratia
1307 3535 1462 3603 plena
1487 3536 1825 3604 pontiﬁcum.

231 3626 419 3694 Cujus
450 3624 609 3678 etiam
630 3625 929 3680 litterarum
953 3639 1039 3679 me
1060 3626 1261 3681 refovet
1293 3626 1542 3691 intentio,
1565 3642 1667 3696 qua
1691 3628 1832 3683 sicut

230 3717 413 3772 decet
442 3713 655 3771 Christo
685 3716 897 3785 placere
924 3715 1201 3781 nitentem,
1231 3726 1288 3772 et
1322 3730 1587 3771 summum
1613 3728 1832 3787 aposto-

234 3810 430 3863 lorum
473 3806 688 3865 beatum
719 3807 957 3872 Petrum,
992 3794 1047 3862 et
1077 3816 1280 3878 petram
1316 3807 1439 3863 ﬁdei
1466 3824 1587 3864 esse
1618 3825 1723 3865 non
1753 3821 1831 3867 ta-

231 3900 367 3956 cuit
413 3897 625 3970 (Matth.
649 3900 779 3969 xvi),
809 3907 863 3954 et
891 3900 1064 3955 eidem
1103 3901 1481 3971 mysteriorum
1506 3901 1683 3959 claves
1707 3919 1829 3960 erc-

233 3994 398 4048 ditas
421 3991 585 4046 fuisse
624 3992 923 4048 caelestium
964 3992 1256 4063 prudenter
1292 3995 1508 4058 struxit,
1541 4006 1701 4066 utque
1734 4012 1832 4051 no-

232 4086 464 4141 biscum
495 4084 636 4138 circa
660 4083 1017 4157 orthodoxam
1049 4084 1207 4142 ﬁdem
1228 4087 1650 4143 consentientem
1672 4088 1834 4143 liabe-

235 4185 341 4231 ret
385 4188 696 4240 assensum,
742 4190 848 4246 quo
895 4175 1125 4246 amplius
1172 4177 1438 4232 unanimis
1481 4176 1831 4244 redderetur,

235 4266 504 4336 expetiit.
548 4267 881 4324 Gratissimis
917 4268 1078 4340 igitur
1114 4270 1535 4340 professionibus
1572 4270 1750 4342 hujus,
1781 4279 1838 4327 et

238 4359 405 4415 votis
434 4360 650 4429 copiosa
674 4362 903 4417 lectione
944 4361 1243 4433 patefactis,
1284 4378 1408 4417 mox
1435 4363 1673 4419 utetiam
1698 4364 1835 4421 filios

234 4464 413 4508 meos
442 4450 611 4506 sancti
641 4452 898 4520 propositi
928 4454 1219 4511 monachos
1244 4454 1443 4524 pariter
1468 4455 1679 4510 venisse
1707 4471 1837 4511 con-

232 4542 435 4614 spexi,
467 4538 811 4597 difﬁcultates
830 4558 1148 4616 omnesque
1163 4545 1409 4615 primitus
1434 4546 1833 4617 obstrepebant,

1934 3344 2352 3417 speritatemque
2377 3347 2779 3405 clementissimi
2801 3350 2896 3406 ﬁlii
2920 3367 3137 3411 manere
3151 3357 3373 3428 cupiens
3399 3358 3519 3415 diu-

1936 3446 2170 3501 turnam,
2197 3437 2423 3496 ﬁdeliter
2453 3440 2696 3510 imploro.
2748 3442 2885 3500 Ecce
2914 3445 3303 3519 desideramus,
3362 3461 3513 3521 opta-

1935 3541 2076 3592 mus,
2110 3529 2377 3584 ambimus
2404 3529 2700 3587 Ecclesiam
2734 3533 3398 3608 Constantinopolitanam,
3439 3542 3514 3597 si-

1933 3627 2023 3672 cut
2048 3633 2282 3688 semper,
2318 3620 2517 3677 habere
2537 3636 2858 3679 connexam.
2887 3626 3164 3683 Exuantur
3192 3630 3419 3687 obsecro
3447 3632 3517 3688 ab

1932 3708 2121 3777 ltisqui
2153 3712 2319 3765 nostri
2348 3726 2452 3765 non
2499 3724 2642 3778 sunt,
2674 3724 2728 3769 et
2756 3730 2852 3769 nos
2890 3731 3104 3787 quoque
3133 3721 3374 3777 volumus
3395 3737 3518 3778 esse

1936 3798 2235 3855 uobiscum.
2269 3800 2667 3859 Postulationes
2696 3816 2844 3861 certe
2869 3809 3109 3877 gentium
3142 3811 3513 3885 barbararum,

1936 3891 2257 3947 venerabilis
2287 3892 2602 3961 imperator,
2636 3911 2732 3965 pro
2755 3898 2933 3968 quiete
2963 3902 3219 3958 mundani
3241 3908 3388 3976 regni
3421 3924 3517 3985 pu-

1936 3983 2077 4039 blice
2105 3984 2367 4055 benignus
2389 3988 2628 4045 exaudis.
2650 3989 2858 4056 Quanto
2882 3996 3221 4062 prmstantius
3235 4014 3418 4068 quteso
3442 4011 3514 4066 te,

1938 4090 2128 4145 preces
2175 4077 2483 4146 apostolica:
2529 4081 2675 4137 sedis
2697 4097 2794 4152 pro
2824 4098 3095 4141 sacrarum
3140 4092 3520 4160 tranquillitate

1937 4185 2116 4225 rerum
2150 4172 2389 4242 placatus
2416 4172 2700 4229 admittis?
2735 4175 2849 4232 Hoc
2876 4177 3016 4231 enim
3060 4179 3165 4235 hoc
3194 4183 3428 4253 expedit,
3462 4196 3521 4240 ut

1939 4262 1983 4317 si
2010 4272 2235 4333 utraque
2261 4264 2427 4318 Roma
2454 4279 2551 4335 pro
2575 4276 2769 4343 mutuo.
2787 4269 3009 4339 pignore
3036 4285 3393 4344 nuncupatur,
3431 4278 3521 4333 fiat

1941 4362 2164 4425 utraque
2189 4371 2293 4410 una
2316 4355 2449 4413 ﬁdes
2473 4357 2560 4413 illa
2595 4358 2979 4430 Romanorum,
3004 4377 3161 4433 quam
3191 4381 3285 4439 per
3308 4369 3521 4424 univer-

1941 4467 2058 4508 sum
2086 4454 2343 4511 mundum
2387 4459 2665 4527 praedicari
2696 4461 2883 4518 beatus
2928 4463 3125 4519 Paulus
3173 4466 3351 4537 (Rom.
3386 4486 3429 4536 t,
3463 4469 3520 4539 8)

1945 4555 2171 4603 testatur
2222 4553 2516 4619 apostolus,
2550 4553 2687 4608 sicut
2734 4555 2875 4624 apud
2903 4565 3117 4611 nostros
3163 4558 3343 4639 ﬂoruit
3380 4560 3525 4614 indi-

231 4634 363 4690 hac
400 4632 603 4688 credidi
647 4632 999 4703 dispositione
1031 4634 1306 4692 submotas
1340 4653 1353 4689 :
1388 4647 1549 4707 atque
1588 4637 1711 4693 ideo
1747 4655 1839 4697 ve-
1866 4614 1922 4678 D
1943 4657 2115 4704 screta
2141 4650 2371 4719 majores
2398 4666 2411 4713 ;
2435 4661 2489 4706 et
2511 4667 2630 4722 qua:
2660 4668 2857 4724 genere
2878 4656 3170 4711 concordat
3198 4673 3261 4712 ac
3284 4634 3521 4725 neruine,

233 4726 529 4784 aientibus
559 4726 769 4782 clericis
799 4741 895 4783 eas
929 4737 1121 4795 praeter
1145 4730 1587 4786 consuetudinem
1605 4733 1837 4791 sociatae

230 4831 383 4874 esse
412 4831 690 4885 personas,
732 4833 850 4885 qua:
882 4818 1042 4873 Petro
1070 4819 1157 4874 vel
1188 4822 1383 4877 Acacio
1413 4838 1517 4877 non
1540 4827 1838 4879 communi-

227 4925 412 4966 casse
438 4911 749 4966 viderentur
773 4928 786 4965 :
820 4921 877 4966 ut
900 4910 1112 4967 illorum
1134 4913 1443 4970 nominibus
1464 4918 1835 4987 sequestratis,

228 5020 355 5077 per
407 5019 541 5074 quos
586 5004 896 5059 scandalum
944 5005 1259 5075 contigisset
1286 5007 1577 5074 Ecclesiis,
1620 5009 1833 5065 sincera

228 5097 512 5163 deinceps
549 5097 747 5152 caritas
796 5099 1123 5166 proveniret.
1153 5099 1360 5167 Quibus
1389 5102 1489 5158 rite
1513 5105 1794 5173 perpensis
1819 5146 1834 5171 ,

231 5188 392 5245 nihil
419 5187 563 5243 aliud
586 5189 716 5244 mihi
747 5199 1028 5260 supererat
1051 5193 1366 5264 gratulanti,
1396 5196 1497 5251 nisi
1543 5206 1599 5251 ut
1635 5196 1719 5253 Itis
1747 5198 1836 5268 qui

230 5284 472 5337 fuerant
495 5280 747 5336 destinati
776 5282 1083 5352 apostolicae
1106 5270 1251 5342 sedis
1272 5286 1576 5343 communio
1601 5288 1840 5345 tradere-

235 5385 373 5428 tur.
402 5372 506 5427 Sed
534 5387 657 5427 cum
688 5387 785 5442 pro
812 5373 1073 5431 catholica
1105 5377 1212 5434 ﬁde
1232 5379 1441 5433 cautius
1469 5378 1839 5449 admonerem,

230 5474 311 5520 ut
344 5463 704 5534 suscipientes
735 5478 854 5520 eam
894 5480 954 5521 se
1005 5481 1035 5519 a
1067 5469 1343 5523 consortio
1382 5471 1721 5526 retraherent
1744 5471 1842 5527 da-

232 5565 591 5623 mnatorum,
610 5572 713 5611 non
738 5558 839 5613 sibi
866 5559 965 5615 hoc
990 5560 1299 5616 mandatum
1324 5564 1541 5618 omnino
1566 5564 1839 5622 dixerunt.

231 5651 380 5718 Qua
410 5663 589 5705 rerum
614 5649 924 5707 diversitate
947 5660 1247 5720 permotum
1269 5656 1483 5711 anxium
1512 5672 1595 5713 me
1622 5658 1842 5716 haesisse

180 5778 187 5785 ο
232 5741 524 5814 proﬁteor
545 5759 559 5806 ;
583 5756 704 5798 eum
734 5743 877 5798 aliud
908 5743 1128 5814 litterae,
1162 5757 1219 5803 et
1246 5749 1357 5818 ipsa
1378 5766 1558 5806 rerum
1590 5754 1726 5808 ratio
1750 5755 1842 5809 de-

232 5840 612 5897 monstraret,
644 5843 695 5888 et
715 5834 857 5888 aliud
889 5850 1304 5898 memoratorum
1342 5845 1640 5903 contineret
1666 5863 1839 5904 asser-

511 5929 780 5988 Pnaon.
831 5930 1047 5994 LVIII.

1942 4758 2047 4798 non
2076 4744 2146 4797 sit
2176 4745 2435 4815 religione
2459 4745 2650 4811 divisa,
2679 4763 2773 4817 per
2793 4764 2951 4818 quam
2976 4750 3137 4806 etiam
3166 4752 3524 4822 discrepantia

1941 4834 2282 4902 copulantur;
2312 4836 2545 4891 Putasne
2573 4853 2680 4904 me,
2713 4841 3034 4896 venerabilis
3073 4843 3384 4913 imperator,
3419 4862 3523 4900 non

1941 4937 2062 4979 cum
2096 4924 2348 4996 lacrymis
2369 4928 2466 4982 ista
2498 4930 2841 4999 profundere,
2862 4930 2923 4988 et
2948 4935 3426 5006 velutprteseotem
3458 4938 3523 4993 ad

1944 5023 2049 5070 tute
2078 5016 2289 5086 pietatis
2319 5020 2588 5092 vestigia?
2617 5022 2726 5079 Nec
2752 5024 2894 5080 enim
2923 5026 3066 5097 piget
3102 5029 3152 5083 in
3181 5029 3269 5085 tali
3296 5030 3527 5085 maxime

1945 5122 2108 5164 causa
2130 5109 2500 5180 imperialibus
2520 5114 2716 5171 ofﬁciis
2745 5118 3013 5184 inclinari,
3043 5136 3166 5176 cum
3210 5136 3271 5177 se
3293 5124 3525 5192 Aposto-

1945 5200 2028 5254 lus
2056 5197 2111 5270 (1
2137 5199 2256 5257 Cor.
2299 5218 2371 5270 tv,
2404 5203 2495 5276 15)
2521 5206 2760 5263 omnium
2812 5208 3008 5265 factum
3049 5210 3195 5267 dicat
3226 5227 3346 5268 csse
3385 5215 3529 5283 peri-

1949 5306 2154 5362 psema.
2195 5292 2320 5349 Haec
2346 5294 2545 5351 diutius
2570 5298 2731 5365 tacui,
2780 5315 2847 5356 ne
2874 5300 2996 5357 aliis
3035 5303 3305 5358 contraria
3333 5320 3523 5374 suggc.

1949 5374 2194 5443 rentibus
2221 5388 2623 5446 irreverentiam
2653 5394 2787 5449 meis
2806 5394 2984 5463 potius
3009 5394 3202 5453 litteris
3224 5412 3532 5452 commove-

1951 5493 2085 5534 rem.
2115 5480 2311 5536 Verum
2344 5498 2483 5538 nunc
2515 5483 2767 5542 facultate
2794 5497 3068 5559 percepta,
3098 5491 3329 5559 qualiter
3358 5492 3529 5561 vigeat

1948 5571 2000 5626 in
2029 5587 2152 5630 meo
2168 5574 2340 5647 corde
2379 5588 2573 5632 vestrae
2606 5579 2821 5646 pietatis
2862 5582 3089 5639 affectus
3116 5583 3330 5640 insinuo
3363 5603 3377 5638 :
3407 5584 3531 5655 quia

1946 5680 2228 5724 successus
2279 5669 2487 5725 traditae
2543 5672 2697 5727 vobis
2736 5673 2997 5731 divinitus
3043 5677 3327 5747 potestatis
3374 5680 3532 5748 cupio

1948 5761 2323 5831 propitiatione
2345 5772 2617 5820 constare.
2645 5766 2850 5837 Neque,
2871 5770 3174 5826 venerande
3197 5770 3289 5837 ﬁli,
3310 5785 3533 5840 respuas

1945 5851 2352 5922 supplicantem,
2412 5870 2547 5920 neve
2578 5873 2749 5917 meam
2801 5861 2930 5916 velis
2973 5861 3314 5923 dissimulare
3340 5876 3530 5931 perso-
3592 5854 3595 5855 ⁷
