4090 6330
630 434 728 492 971

1966 409 2223 467 FELICIS
2257 408 2459 465 PAPAS
2500 408 2562 464 ill

3784 397 3885 453 972

628 561 773 603 nam.
804 545 862 599 In
900 557 983 597 me
1013 540 1153 596 enim
1190 535 1543 608 qualicunque
1583 525 1779 582 vicario
1807 525 1995 580 beatus
2016 522 2209 578 Petrus
2233 525 2286 584 Α
2315 521 2655 577 ordinatione
2681 518 2942 585 la-titiam,
2977 524 3031 573 et
3060 530 3281 586 sperare
3306 513 3487 569 divino
3518 512 3782 568 beneﬁcio
3811 526 3886 567 co-

628 636 925 710 apostolus,
957 646 1009 689 et
1037 633 1149 686 haec
1171 630 1224 684 in
1257 628 1347 681 illo
1377 625 1466 695 qui
1497 620 1791 679 Ecclesiam
1813 632 1963 671 suam
2000 614 2202 670 discer-

629 737 680 804 pi
714 749 818 788 non
869 730 1085 802 patitur,
1114 726 1227 797 ipse
1270 724 1429 777 etiam
1455 721 1699 775 Chrisms
1746 712 2002 785 exposcit.
2052 711 2204 767 Absit

631 835 688 881 ut
737 826 861 880 huic
901 833 1221 893 quemquam
1269 813 1573 870 Christiana
1608 824 1760 865 mens
1790 818 1877 861 tua
1907 806 1989 861 vel
2035 804 2204 875 possit

629 921 718 976 vel
740 919 932 974 debeat
960 914 1249 976 anteferre,
1272 924 1429 979 quem
1458 921 1554 977 pro
1603 916 1652 959 te
1684 902 1820 956 votis
1841 900 2087 977 omnibus
2115 898 2206 953 de-

630 1012 837 1069 sideras
875 1007 1109 1065 exorari.
1154 1003 1457 1060 Praesertim
1498 1014 1618 1054 cum
1653 1005 1796 1052 tanta
1819 995 1925 1048 sint
1963 993 2075 1059 illa,
2120 992 2201 1047 vel

632 1106 790 1172 talia,
823 1116 941 1174 qua:
990 1098 1268 1171 tyrannide
1297 1095 1469 1149 deleta
1510 1106 1603 1160 pro
1662 1088 1765 1143 ﬁde
1790 1085 2049 1141 catholica
2090 1098 2207 1154 ges-

632 1194 751 1251 siSIi
796 1204 849 1251 et
870 1192 1034 1264 geris,
1058 1200 1120 1244 ut
1150 1189 1306 1259 plena
1330 1201 1359 1240 a
1389 1186 1497 1239 Deo
1523 1193 1714 1237 vestrae
1748 1178 2087 1235 conscientiae
2110 1190 2206 1231 ex-

636 1291 931 1362 perimenta
978 1296 1272 1341 teneamus.
1327 1280 1404 1334 De
1435 1277 1627 1349 quibus
1649 1274 1748 1330 etsi
1792 1272 1917 1343 quid
1968 1269 2208 1325 fortassis

634 1384 890 1438 omissum
922 1390 1022 1445 est,
1072 1393 1179 1433 non
1211 1372 1443 1442 respicit
1475 1370 1573 1425 nisi
1602 1366 1790 1437 perfidi
1814 1366 1960 1420 virus
1990 1363 2191 1428 Acacii,

633 1476 755 1543 qui,
783 1474 909 1529 dum
942 1471 1141 1528 illicitis
1161 1480 1404 1524 crescere
1437 1462 1605 1519 tendit
1628 1461 1958 1531 augmentis,
1987 1473 2048 1513 ea
2088 1472 2207 1529 qua:

636 1548 798 1623 rectte
824 1564 1064 1637 religioni
1113 1567 1487 1629 congruerent,
1515 1554 1668 1609 vobis
1697 1553 1834 1607 inter
1864 1565 2018 1607 curas
2047 1548 2210 1619 publi-

634 1673 724 1714 cas
754 1656 1026 1726 occupatis
1056 1651 1259 1709 destitit
1291 1650 1563 1708 intimare.
1595 1646 1728 1701 Nam
1757 1644 1925 1715 pietas
1955 1654 2040 1697 tua
2078 1648 2209 1711 quo-

635 1749 793 1803 modo
815 1764 919 1802 non
949 1744 1278 1814 sequendum
1297 1741 1471 1812 potius
1485 1739 1837 1805 existimaret,
1856 1736 1994 1806 quod
2020 1734 2208 1788 fecisse

635 1839 972 1909 conspiceret
1012 1834 1380 1891 sacerdotem?
1412 1830 1562 1889 Unde
1602 1829 1780 1885 divino
1809 1826 2009 1897 judicio
2037 1825 2207 1880 nulla-

2310 612 2590 670 bortentnr
2624 611 3002 667 ecclesiastica:
3030 608 3173 678 pacis
3203 606 3471 662 eﬁ‘ectum.
3511 606 3748 660 Primum
3774 604 3885 671 qui-

2308 708 2452 772 dem,
2484 704 2646 776 quod,
2682 704 2841 758 talem
2873 712 2925 757 te
2952 701 3121 771 gratia
3151 699 3390 754 etelestis
3410 696 3654 766 elegerit,
3684 695 3839 763 cujus
3858 710 3883 747 a

2310 815 2477 873 puero
2526 798 2629 851 vita
2677 793 2964 866 probabilis
3011 801 3303 857 asseratur,
3332 800 3386 844 et
3424 788 3705 843 catholicae
3739 786 3879 852 ﬁdei,

2310 894 2453 964 quod
2512 900 2636 945 ante
2691 888 2873 943 omnia
2924 887 3203 957 cupimus,
3262 882 3583 954 przedicetur
3640 880 3882 933 intentio.

2313 985 2511 1040 Deinde
2546 984 2667 1052 quia
2701 982 2837 1035 inter
2867 979 2983 1034 haec
3013 992 3231 1031 munera
3254 984 3357 1029 tum
3395 972 3654 1027 Dominus
3684 970 3883 1025 caritati

2311 1074 2510 1129 domini
2543 1086 2755 1143 quoque
2787 1070 2880 1124 ﬁlii
2903 1068 3070 1123 nostri
3105 1064 3473 1138 gloriosissimi
3504 1060 3766 1133 principis
3794 1076 3881 1113 vo-

2314 1180 2423 1226 tum
2455 1166 2757 1237 contulitset
2785 1164 3019 1220 favorem
3058 1180 3069 1215 :
3104 1170 3364 1231 quatenus
3395 1155 3677 1229 potestatis
3702 1153 3879 1217 fultus,

2312 1263 2424 1318 Deo
2474 1267 2791 1332 praestante,
2841 1255 3110 1320 subsidio,
3160 1252 3367 1307 facilius
3414 1249 3597 1305 valeas
3638 1256 3885 1316 expetere

2315 1348 2790 1425 qua:_secundum
2867 1347 3140 1402 veritatem
3212 1343 3482 1411 sapienter
3563 1336 3879 1392 intenderis.

2313 1445 2593 1501 Postremo
2620 1440 2761 1514 quod
2792 1438 2968 1494 omnia
2997 1435 3403 1507 propemodum,
3422 1446 3540 1503 quae
3565 1432 3642 1484 tui
3668 1444 3884 1498 sequun-

2312 1546 2399 1592 tur
2430 1534 2648 1591 honoris
2675 1531 2971 1595 exordium,
3003 1542 3106 1583 tam
3139 1525 3562 1583 benevolentiam
3596 1522 3753 1576 nobis
3781 1522 3882 1575 cle—

2316 1629 2527 1685 mentiae
2554 1624 2860 1697 principalis
2877 1620 3186 1688 ostendunt,
3212 1633 3367 1689 quam
3388 1624 3490 1670 ture
3513 1614 3751 1685 produnt
3776 1627 3884 1681 spe-

2313 1722 2447 1777 ciem
2478 1717 2786 1775 voluntatis.
2820 1716 2952 1769 Dum
2991 1714 3199 1768 scilicet
3223 1712 3288 1767 ad
3317 1710 3668 1781 apostolicam
3711 1707 3880 1761 sedem

2313 1813 2630 1884 regulariter
2671 1810 3001 1875 destinatur,
3041 1821 3135 1875 per
3176 1820 3338 1875 quam
3383 1804 3649 1872 largiente
3680 1801 3883 1855 Christo

635 1893 788 1989 ιεηυέ
811 1932 1002 2003 potuit,
1028 1931 1185 1986 etiam
1214 1943 1335 1983 cum
1366 1926 1416 1981 id
1467 1924 1775 1988 mallemus,
1810 1893 2036 1976 absolvi,
2066 1919 2202 1988 Qua.
2236 1908 2284 1972 Β
2311 1906 2549 1962 omnium
2581 1902 2839 1957 solidatur
2860 1900 3089 1971 dignitas
3104 1897 3464 1952 sacerdotum.
3487 1893 3640 1963 Quod
3667 1895 3795 1962 ipsae
3824 1894 3883 1944 di~

632 2037 846 2098 propter
887 2026 1054 2095 magis
1086 2022 1359 2092 magisque
1408 2019 1710 2089 supplicare
1752 2031 1860 2071 non
1904 2014 2113 2079 desino,
2151 2022 2209 2067 ut

631 2136 752 2174 eum
781 2118 893 2174 suis
925 2115 1227 2171 nominibus
1248 2121 1406 2182 atque
1437 2108 1677 2180 personis
1721 2106 1902 2163 feralis
1933 2106 2016 2159 illa
2048 2119 2206 2160 causa

634 2208 910 2263 transierit
942 2224 955 2261 :
986 2220 1090 2277 quo
1114 2219 1233 2265 nos,
1260 2209 1527 2256 annuente
1572 2198 1795 2253 Domino
1827 2204 2035 2261 nostro,
2059 2203 2205 2250 certa

603 2333 607 2337 ~
633 2302 972 2371 perfectaque
998 2297 1173 2351 laetitia
1207 2295 1344 2349 necti
1371 2294 1645 2348 valeamus
1675 2306 1793 2344 cum
1821 2290 2047 2357 praesule
2070 2301 2207 2342 nunc

633 2403 833 2458 creato,
862 2390 1001 2444 beati
1030 2386 1271 2456 Apostoli
1310 2399 1441 2438 voce
1459 2383 1683 2437 dicentis
1717 2399 1730 2434 :
1767 2381 1825 2436 Si
1854 2399 1954 2450 qua
1975 2380 2129 2452 igitur
2156 2381 2207 2432 in

634 2482 836 2536 Christo
860 2495 986 2533 nova
1016 2489 1267 2540 creatura,
1312 2485 1475 2528 retera
1507 2473 1835 2532 transierunt,
1874 2473 2042 2525 oumia
2073 2473 2209 2541 facta

634 2585 748 2627 sunt
776 2589 903 2626 nova
945 2568 1007 2642 (Ι
1036 2568 1155 2625 Cor.
1177 2586 1227 2633 ν,
1256 2566 1368 2637 l7).
1400 2566 1613 2620 Littera:
1636 2563 1999 2634 certe;vestr-.c
2024 2564 2208 2617 catho-

634 2670 748 2724 lica:
798 2667 919 2721 ﬁdei
950 2664 1240 2735 praedicant
1269 2662 1553 2723 unitatem,
1583 2673 1873 2728 pacemque
1928 2656 2203 2711 Ecclesia-

635 2776 751 2816 rnm
779 2760 918 2829 regia
965 2757 1161 2826 pietate
1205 2753 1572 2824 pronuntiant.
1599 2751 1730 2818 Quae
1756 2764 1875 2805 cum
1907 2749 2088 2804 debito
2111 2748 2207 2802 bo-

634 2866 762 2905 nore
790 2851 1123 2919 legerentur,
1154 2843 1385 2915 qualiter
1409 2855 1619 2897 mecum
1652 2849 1792 2895 totus
1820 2840 1951 2894 ordo
1980 2838 2207 2892 Romani

634 2940 949 3013 presbyterii
978 2940 1138 2994 vitam
1164 2936 1314 2991 vobis
1346 2936 1862 3005 prosperitatemque
1896 2930 2204 2983 continuam

632 3041 908 3101 promptus
953 3043 1202 3094 exorans,
1246 3025 1489 3095 repetitis
1531 3024 1745 3078 assidue
1775 3023 1993 3077 vocibus
2037 3022 2207 3076 accla-

635 3118 809 3189 inarit,
838 3130 892 3178 et
925 3121 977 3176 hi
1006 3123 1094 3191 qui
1133 3119 1321 3174 directi
1346 3125 1469 3172 sunt
1499 3116 1801 3177 audierunt,
1822 3123 1875 3169 et
1903 3114 2095 3183 ubique
2119 3129 2207 3169 ve-

635 3218 718 3269 lox
767 3227 870 3268 tam
906 3210 1146 3283 praeclari
1193 3208 1359 3263 nuntii
1392 3207 1585 3277 legatio
1631 3205 1917 3274 putabatur
1967 3202 2246 3256 obviare.‘

2316 1998 2562 2055 lectionis
2588 2004 2693 2051 tute
2723 1993 2917 2049 littera:
2946 1990 3310 2059 apostolorum
3338 2002 3629 2051 summum,
3665 1995 3883 2055 petram-

2316 2109 2419 2163 que
2448 2091 2593 2155 ﬁdei,
2626 2100 2678 2145 et
2699 2088 2931 2143 emlestis
2962 2085 3387 2155 diSpensatorem
3412 2080 3653 2151 mysterii
3677 2078 3880 2133 creditis

2316 2185 2413 2239 sibi
2436 2183 2692 2249 clavibus,
2723 2179 2934 2235 beatum
2960 2178 3171 2233 Petrum
3209 2174 3509 2245 apostolum
3549 2172 3881 2227 conﬁtentur.

2316 2276 2466 2345 Quod
2495 2273 2746 2344 denique,
2777 2281 2835 2327 ut
2863 2270 3093 2341 amplius
3121 2282 3242 2323 esse
3282 2266 3561 2320 unanimes
3600 2264 3879 2327 valeamus,

2316 2370 2590 2424 nobiscum
2632 2365 2967 2420 dilectionem
3006 2375 3148 2416 tuam
3181 2357 3498 2416 orthodoxae
3547 2356 3673 2411 ﬁdei
3700 2355 3881 2408 habere

2315 2462 2452 2516 velle
2478 2468 2739 2514 testantur
2791 2470 3089 2511 assensum.
3137 2454 3265 2520 Quae
3301 2467 3420 2505 cum
3465 2465 3571 2503 non
3604 2448 3880 2503 mediocria

2316 2553 2596 2607 videantur
2628 2548 2841 2611 indicia,
2874 2546 3068 2617 quibus
3099 2544 3165 2599 de
3191 2554 3273 2597 tua
3302 2549 3483 2597 mente
3515 2541 3675 2594 nobis
3708 2554 3880 2609 proce-

2316 2644 2444 2699 dere
2462 2642 2640 2697 votiva
2665 2640 2965 2705 credamus,
2980 2637 3045 2691 ad
3066 2636 3428 2691 testimonium
3454 2633 3629 2702 majus
3646 2633 3879 2693 accessit,

2316 2748 2372 2791 ut
2400 2736 2492 2789 ﬁlii
2520 2734 2685 2788 nostri
2728 2731 2962 2801 religiosi
3008 2727 3289 2795 monachi,
3334 2734 3495 2780 rectm
3527 2724 3652 2778 ﬁdei
3684 2723 3879 2778 confes-

2316 2828 2466 2882 sione
2489 2826 2764 2896 polleutes,
2794 2822 2991 2892 pariter
3016 2820 3119 2873 huc
3160 2818 3420 2872 venirent.
3464 2814 3672 2883 Quibus
3708 2812 3878 2881 utique

2313 2920 2441 2974 visis
2464 2919 2791 2973 aestimamus
2836 2930 2940 2969 non
2980 2914 3135 2967 aliter
3173 2911 3491 2975 destinatos,
3526 2908 3629 2962 nisi
3660 2906 3877 2961 nomini-

2316 3015 2413 3069 bus
2442 3013 2838 3074 damnatorum,
2869 3023 2898 3062 a
2929 3021 3155 3076 quorum
3188 3005 3273 3057 isti
3303 3001 3684 3057 communione
3727 3000 3879 3054 dista-

2316 3110 2465 3172 bant,
2490 3106 2556 3160 de
2601 3101 3189 3171 Constantiuopolitana
3223 3098 3461 3152 Ecclesia
3497 3096 3607 3167 jam
3641 3096 3875 3165 repulsis.

2312 3200 2491 3268 itaque
2518 3196 2648 3250 nihil
2671 3208 2957 3265 superesse
2982 3191 3353 3260 perspeximus
3392 3188 3493 3243 nisi
3522 3197 3578 3242 ut
3608 3187 3659 3241 bi
3689 3188 3772 3255 qui
3806 3186 3879 3239 di-

634 3282 947 3361 Necessitati
972 3302 1149 3372 populi
1180 3299 1557 3355 Alexandriam
1595 3294 1825 3349 civitatis
1855 3293 2021 3363 magis
2054 3295 2104 3347 in
2144 3308 2205 3348 ea
2233 3292 2283 3358 (ζ
2313 3290 2553 3344 lectionis
2624 3288 2727 3342 tua:
2778 3286 3030 3358 synodica
3085 3283 3433 3353 bajulabant,
3491 3282 3877 3335 communionis

637 3406 784 3465 parte
810 3391 1236 3464 prospiciendum
1264 3399 1365 3453 est,
1392 3398 1497 3441 uta
1529 3385 1765 3455 pestiferi
1794 3391 2017 3440 rectoris
2039 3394 2209 3439 retra-

638 3489 793 3543 ltatur
829 3484 1054 3540 insidiis.
1098 3482 1437 3537 Concurrant
1465 3479 1665 3543 omnia,
1699 3482 1947 3546 rogamus
1995 3491 2201 3541 omnes,

635 3590 691 3636 ut
714 3576 1159 3652 quemadmodum
1185 3575 1344 3630 docet
1372 3572 1658 3643 Apostolus
1684 3570 1878 3642 (Calai.
1914 3587 1951 3637 ι,
1982 3570 2089 3640 i2),
2116 3587 2211 3625 au-

635 3678 834 3731 feratur
863 3674 929 3729 de
960 3672 1134 3727 medio
1155 3671 1244 3742 qui
1283 3683 1381 3724 nos
1412 3669 1727 3733 conturbat;
1753 3677 1807 3722 et
1832 3683 1894 3721 ea
1925 3683 2080 3738 quam
2110 3684 2207 3722 au-

633 3778 801 3841 gustae
827 3767 1098 3822 memoria:
1127 3765 1260 3832 Leo,
1292 3772 1441 3835 pater
1468 3761 1814 3831 eruditorque
1844 3772 2040 3826 vester,
2070 3760 2208 3829 iugi-

636 3872 718 3917 ter
750 3858 1064 3922 custodivit,
1090 3857 1173 3910 vel
1196 3870 1290 3909 vos
1325 3854 1737 3924 magnanimiter
1781 3867 1997 3907 servare
2026 3852 2209 3906 decer-

634 3956 780 4023 nitis,
807 3952 1164 4009 Ecclesiarum
1197 3947 1296 4002 lida
1318 3964 1439 4018 pax,
1470 3961 1596 4001 vera
1617 3947 1685 3999 sit
1708 3947 1881 4004 unitas
1912 3963 1925 3999 :
1959 3945 2208 4014 quoniam

636 4047 935 4113 cuicunque
955 4056 1197 4111 persona:
1227 4050 1443 4109 paterna
1476 4037 1623 4101 ﬁdes,
1657 4048 1710 4092 et
1734 4037 1873 4090 beati
1894 4037 2030 4091 Petri
2058 4051 2207 4090 com-

636 4137 821 4191 munio
862 4135 1021 4188 debet
1066 4131 1326 4201 prmferri.
1376 4130 1548 4198 Atque
1570 4130 1635 4182 ad
1686 4138 1917 4183 vestram
1961 4129 2206 4197 gloriam,

642 4226 777 4280 sicut
800 4222 1011 4291 imperii
1036 4221 1196 4275 vestri
1227 4220 1470 4284 felicitas,
1496 4221 1568 4272 ita
1592 4230 1709 4289 post
1742 4220 1907 4273 Deum
1941 4221 2207 4288 pertinere

636 4318 898 4371 doceatur
925 4312 1073 4380 regni
1106 4310 1338 4365 crelestis
1368 4310 1677 4379 integritas;
1709 4318 1767 4364 ut
1796 4311 1861 4365 de
1880 4313 2209 4366 conservatis

634 4403 891 4462 Ecclesia:
921 4417 1033 4456 suae
1064 4401 1266 4469 legibus
1298 4400 1697 4471 tranquillitatis
1728 4410 1832 4455 tuae
1879 4402 2205 4457 benevolen-

635 4497 763 4552 tiam
783 4494 1025 4551 Christus
1045 4505 1346 4556 assumens,
1373 4502 1428 4547 et
1449 4493 1757 4561 temporalia
1788 4494 1878 4549 tibi
1901 4494 2037 4551 dona
2071 4497 2209 4550 mul-

634 4587 835 4657 tiplicet
850 4626 864 4652 ,
889 4593 942 4640 et
968 4592 1180 4654 praestet
1201 4592 1419 4638 aeterna.

1185 4716 1518 4774 EPISTOLA
1556 4682 1692 4772 xm.

810 4830 1011 4873 FELICIS
1056 4830 1199 4868 ΡΜ)Ᾰῦ
1249 4828 1304 4867 ΙΙΙ
1335 4828 1401 4865 AD
1431 4827 1693 4866 FLAVITAM
1743 4826 2027 4867 EPISCOPUI

1086 4897 1743 4939 CONSTANTINOI‘OIJTANUH
1753 4923 1764 4935 .

638 5000 784 5066 Quod
816 5000 1004 5066 legatos
1018 4999 1124 5066 ejus
1143 5014 1177 5066 ᾳ
1203 4995 1550 5048 communione
1578 5004 1841 5063 propterea
1867 4997 2205 5065 suspenderit,

702 5070 821 5139 quia
847 5064 909 5122 de
935 5064 1108 5139 Acacii
1130 5064 1368 5139 Petrique
1400 5066 1830 5139 nominibusnihil
1846 5064 1962 5139 sibi
1990 5071 2205 5121 manda-

705 5086 821 5139 quia
847 5082 909 5122 de
935 5082 1108 5119 Acacn
1132 5082 1368 5187 retrﬁue
1400 5082 1681 5118 nomintous
1702 5082 1829 5117 mnu
1861 5082 1951 5119 sint
1990 5082 2205 5121 manda-

705 5151 811 5193 tum
839 5138 1215 5207 responderint.
1305 5143 1503 5207 artatur
1522 5144 1574 5187 ut
1601 5145 1646 5187 et
1671 5136 1776 5206 ipse
1802 5136 1863 5189 ab
1889 5137 1964 5189 Itis
1992 5143 2209 5192 recitari.

701 5212 780 5265 dis
802 5205 1067 5274 abstineat,
1096 5218 1143 5259 et
1168 5205 1361 5259 Zenoni
1384 5205 1438 5258 id
1460 5207 1627 5275 ipsum
1664 5205 1989 5275 persuadeat.

705 5324 855 5379 Felix
885 5321 1106 5377 Flavitze
1132 5320 1386 5389 episeopo
1411 5318 2030 5387 Constantinopolitano.

703 5416 863 5471 "ulta
882 5422 1008 5469 sunt
1037 5411 1339 5482 quasnobis
1366 5410 1641 5480 prazbeant
1662 5409 1730 5465 de
1761 5420 1863 5466 tua;
1907 5412 2206 5469 dilectionis

706 5605 733 5635 ⁸
759 5596 941 5652 Codex
972 5594 1322 5649 Virdunensis
1349 5592 1487 5646 hanc
1512 5589 1697 5645 tribuit
1725 5591 1937 5646 Gelasio
1971 5612 1983 5646 :
2026 5605 2078 5648 at
2108 5594 2207 5648 Ge-

635 5668 797 5722 lasius
827 5668 927 5721 hoc
966 5676 1205 5734 tempore
1249 5662 1643 5734 pontifexunon
1692 5672 1807 5717 erat
1833 5703 1846 5725 ,
1890 5664 1986 5734 sed
2038 5665 2205 5719 Felix.

634 5738 915 5793 Liberatus
936 5732 1189 5790 Breviarii
1214 5750 1331 5801 cap.
1358 5735 1423 5802 l8
1452 5750 1464 5783 ε
1490 5732 1731 5797 Moritur,
1757 5733 1945 5800 inquit,
1971 5737 2204 5802 Aeacius,

554 5856 559 5861 .
635 5817 681 5861 et
726 5806 988 5859 ordinatur
1027 5813 1137 5869 post
1185 5820 1295 5855 eum
1340 5801 1567 5855 Flavilas
1612 5806 1885 5872 presbyter,
1918 5806 2000 5872 qui
2042 5806 2137 5871 fuit
2173 5801 2204 5858 a

639 5884 815 5932 saneta
844 5873 1066 5931 Thesla;
1105 5874 1189 5923 oui
1219 5888 1319 5925 non
1351 5872 1593 5923 consensit
1636 5876 1740 5924 sine
1772 5875 1999 5927 llonmno
2029 5876 2193 5939 ponti—

2313 3382 2620 3451 apostolica:
2647 3379 3049 3450 participatione
3074 3377 3403 3433 fruerentur.
3448 3373 3544 3431 Sed
3589 3375 3709 3428 dum
3753 3389 3877 3428 cum

2258 3470 2273 3484 ⁸
2314 3476 2440 3545 ipsis
2463 3473 2736 3528 sollicitius
2768 3482 3013 3541 ageretur
3038 3512 3051 3536 ,
3078 3481 3135 3523 ut
3162 3471 3206 3524 si
3235 3470 3453 3524 mallent
3483 3468 3539 3523 Β.
3578 3467 3719 3522 Petri
3747 3482 3881 3536 apo-

2314 3568 2437 3620 stoli
2464 3565 2894 3619 communionem
2925 3562 3065 3617 ﬁdeli
3093 3561 3254 3617 corde
3281 3562 3576 3630 suscipere,
3597 3561 3882 3628 responde-

2314 3668 2431 3713 rent
2463 3660 2546 3713 vel
2593 3674 2672 3722 se,
2730 3659 2813 3711 vel
2863 3656 3203 3711 dilectionem
3253 3664 3398 3708 tuam
3433 3654 3501 3706 ab
3545 3651 3881 3707 Alexandrini

2313 3753 2496 3815 Petri,
2560 3751 2849 3820 Acaciique
2898 3740 3167 3818 deinceps
3254 3750 3570 3803 recitatione
3657 3747 3879 3801 futuram

2314 3844 2487 3899 modis
2529 3843 2775 3896 omnibus
2823 3842 3088 3904 alienam;
3144 3840 3219 3894 illi
3275 3839 3407 3894 nihil
3435 3836 3539 3893 sibi
3594 3839 3695 3894 tale
3739 3853 3882 3892 mau-

2313 3936 2491 3990 datum
2534 3936 2696 3988 fuisse
2742 3932 3117 4002 pet-bibentes,
3161 3932 3352 3986 oblatae
3381 3932 3669 3988 salubriter
3695 3931 3877 4001 gratia:

2314 4039 2506 4081 nostrzc
2530 4025 2833 4081 consentire
2860 4027 3163 4079 noluerunt.
3190 4024 3300 4092 Qua
3329 4040 3513 4077 eorum
3551 4025 3881 4079 cunctatione

2313 4121 2563 4189 permoti,
2594 4135 2714 4175 cum
2744 4119 2931 4173 littera:
2973 4118 3289 4182 venientes;
3324 4118 3404 4172 vel
3437 4118 3551 4186 ipsa
3594 4132 3770 4171 rerum
3809 4116 3883 4169 di-

2312 4213 2531 4282 spositio
2560 4212 2702 4265 aliud
2732 4213 3041 4280 promittere
3080 4211 3372 4276 videretur,
3404 4220 3458 4264 et
3484 4208 3672 4264 relatio
3696 4207 3880 4278 praedi-

2311 4315 2515 4358 ctorum
2545 4303 2700 4372 longe
2745 4303 2897 4357 aliter
2926 4317 3084 4374 quam
3126 4302 3438 4372 sperabatur
3465 4302 3713 4367 efferret,
3740 4316 3882 4356 cun-

2313 4398 2617 4477 muniouem
2670 4396 2881 4466 quidem
2939 4407 3172 4451 nostram
3218 4395 3515 4450 contristati
3564 4397 3880 4460 distulimus,

2311 4506 2466 4560 quam
2491 4489 2709 4542 remotis
2740 4487 3095 4543 dubietatibus
3126 4478 3438 4559 optabamus
3471 4488 3678 4557 plenam
3704 4490 3881 4543 catho-

2314 4583 2430 4636 lica:
2459 4580 2599 4646 ﬁdei,
2634 4593 2686 4635 et
2716 4584 2834 4644 hoc,
2863 4582 3002 4651 quod
3030 4582 3167 4635 circa
3194 4583 3544 4657 orthodoxam
3572 4582 3728 4638 ﬁdem
3758 4598 3883 4637 con-

2316 4689 2529 4729 sensum
2576 4673 2849 4728 nobiscum
2901 4690 2960 4729 se
3000 4673 3195 4729 habere
3240 4676 3523 4744 promisit,
3570 4677 3885 4730 arbitramur

2315 4781 2436 4821 esse
2463 4775 2760 4821 venturam.
2810 4764 3023 4835 Alioqui
3050 4765 3182 4821 nihil
3216 4766 3368 4820 nobis
3400 4767 3597 4837 poterit
3620 4765 3883 4836 imputari,

2314 4859 2361 4914 si
2408 4858 2884 4928 complectentibus
2939 4858 3134 4913 lcedera
3194 4859 3430 4913 caritatis
3482 4860 3621 4915 beati
3664 4858 3889 4927 apostoli

2314 4952 2455 5007 Petri
2478 4951 2747 5007 consortio
2772 4951 3117 5006 Alexandrini
3142 4952 3284 5007 Petri
3306 4952 3537 5007 societas
3556 4952 3885 5023 praeferatur.

2315 5044 2427 5100 Erit
2456 5045 2595 5099 enim
2627 5044 2765 5113 apud
2800 5045 2963 5098 Deum
2995 5043 3341 5113 hominesque
3372 5043 3732 5112 manifestum,
3768 5045 3889 5098 talia

2311 5145 2679 5204 perpetrantes
2708 5150 2813 5190 non
2844 5143 3027 5189 nostro
3058 5132 3188 5189 vitio
3208 5175 3221 5201 ,
3252 5134 3344 5191 sed
3371 5150 3469 5190 suo
3510 5150 3725 5205 prorsus
3750 5136 3889 5191 arbi-

2312 5229 2412 5283 trio
2446 5228 2720 5298 separari,
2766 5227 3013 5299 idemque
3067 5237 3190 5283 ante
3228 5228 3459 5283 tribunal
3486 5228 3685 5285 Cbristi
3720 5228 3891 5284 modis

2311 5320 2557 5374 omnibus
2585 5319 2894 5375 terribiliter
2904 5319 3271 5389 judicandum.
3300 5319 3417 5376 Non
3445 5335 3629 5375 sumus
3661 5324 3891 5390 pertina-

2311 5424 2433 5473 ces,
2466 5407 2559 5465 sed
2594 5407 2844 5475 dogmata
2874 5419 3092 5476 paterna
3130 5407 3467 5464 defendimus
3499 5427 3512 5461 :
3548 5410 3893 5478 quemadmo~

2318 5598 2411 5665 ﬁce
2454 5594 2787 5649 inthronizari
2812 5639 2825 5662 ,
2869 5594 2958 5647 sed
2988 5594 3265 5647 transmisit
3295 5593 3589 5663 synodicam
3613 5609 3759 5663 papa’
3789 5593 3895 5647 Ro-

2316 5684 2467 5720 mano
2501 5665 2683 5719 Felici.
2735 5665 2835 5729 Qui
2861 5665 3059 5719 modico
3082 5668 3247 5719 vivens
3288 5675 3510 5731 tempore
3553 5666 3769 5716 moritur
3798 5680 3897 5717 non

2312 5740 2565 5805 accipiens
2595 5736 2863 5803 epistolam
2893 5737 3069 5805 ipsius.
3114 5736 3244 5791 Vide
3269 5733 3624 5801 Nicephorum
3656 5733 3748 5786 lib.
3789 5751 3896 5798 με,

2312 5824 2425 5877 cap.
2464 5808 2547 5861 lt).
2578 5807 2693 5861 Jac.
2727 5810 3045 5861 SIRMONDUS.
