4090 6330
255 400 362 458 975

1460 387 1810 446 EPISTOL/E
1850 386 1935 443 ET
1976 389 2309 448 DECRETA.

3412 391 3522 450 9η

250 512 376 568 dum
404 508 563 564 etiam
596 515 699 561 tum
727 503 1024 560 dilcctionis
1054 502 1238 573 pagina
1278 501 1620 571 designavit,
1670 501 1839 556 zelum
1865 501 1921 563 Α
1944 515 2330 573 conjugemque
2360 502 2472 572 ejus
2495 543 2510 569 ,
2543 502 2788 572 adjuncta
2832 510 3002 557 tecum
3037 518 3151 558 mea
3193 518 3379 573 prece.
3412 522 3522 571 non

251 619 348 676 pro
374 601 687 657 orthodoxis
720 598 1001 653 ostendere
1030 613 1127 651 nos
1154 597 1369 651 debere.
1410 595 1833 651 Chalcedonensi

250 695 497 761 concilio,
525 692 662 759 quod
694 690 1007 744 universalis
1034 690 1208 742 sanxit
1234 696 1287 742 et
1316 687 1547 742 custodit
1576 686 1831 751 Ecclesia,

254 787 522 858 Eutyches
554 794 606 837 et
634 783 917 837 Dioscorus
951 796 1056 834 non
1100 781 1391 849 probantur
1410 792 1528 832 esse
1558 776 1835 831 damnati?

250 883 331 935 An
363 892 549 931 eorum
581 873 868 943 complices
895 873 1207 926 Timotheus
1238 879 1393 938 atque
1424 870 1609 923 Petrus
1641 868 1836 923 instru—

251 969 519 1026 etionibus
542 966 781 1036 plurimis
805 961 1245 1036 convenientibus
1270 976 1374 1013 non
1400 958 1679 1020 docentur,
1702 959 1837 1011 sicut

251 1063 302 1118 lti
335 1075 550 1132 quoque
581 1072 715 1129 quos
759 1056 899 1109 misit
941 1066 1024 1108 tua
1064 1053 1280 1107 dilectio
1320 1049 1707 1121 perviderunt?
1755 1049 1833 1102 An

251 1170 436 1211 eorum
476 1148 906 1206 communionem
929 1191 941 1213 ,
986 1146 1293 1213 frequenter
1323 1152 1377 1197 et
1408 1141 1721 1212 regulariter
1753 1142 1833 1194 in-

252 1244 634 1302 terdicentibus
671 1240 825 1295 nobis
846 1284 859 1307 ,
897 1254 1000 1291 non
1032 1245 1115 1293 est
1144 1244 1357 1290 secutus
1390 1234 1613 1287 Aeacius
1639 1275 1652 1297 ,
1705 1247 1838 1301 quos

252 1341 370 1408 ipse
400 1338 511 1392 suis
540 1335 780 1403 epistolis
820 1333 1098 1387 luereticns
1137 1330 1385 1393 dixerat,
1422 1328 1658 1396 olimque
1691 1326 1838 1380 dam-

252 1440 432 1495 natos,
463 1436 518 1482 et
543 1426 682 1481 male
708 1438 892 1480 rursus
920 1422 1211 1483 :ediflcans,
1248 1422 1387 1489 quod
1417 1422 1551 1474 bene
1578 1429 1699 1472 ante
1727 1420 1838 1489 ipse

253 1520 631 1580 destruxerat,
685 1515 978 1570 secundum
1026 1512 1338 1579 Apostolum
1395 1509 1597 1581 (Galat.
1637 1526 1703 1576 tt,
1745 1508 1836 1577 18)

253 1611 637 1683 praevaricator
659 1607 934 1677 apparuit?
965 1605 1194 1673 Ideoque
1211 1603 1358 1672 juxta
1391 1602 1624 1672 praefatae
1648 1598 1836 1672 synodi

254 1705 547 1767 tramitem,
578 1702 769 1756 merito
800 1699 905 1753 illic
937 1698 1204 1752 damnatae
1234 1694 1467 1765 perﬁdia:
1502 1709 1679 1764 parem
1711 1709 1840 1748 cun-

253 1797 328 1853 cti
357 1794 571 1851 subiere
594 1792 903 1854 vindictam,
938 1789 1027 1858 qui
1056 1788 1212 1857 hujus
1238 1787 1541 1840 maluerunt
1569 1799 1690 1839 esse
1720 1799 1840 1853 par-

1940 592 2154 647 desinas
2184 594 2496 663 suppliciter
2524 611 2769 661 exorare,
2811 604 2868 649 ut
2895 596 3034 649 sicut
3062 595 3237 655 devoti
3270 595 3524 669 Ecclesiae

1940 683 2054 752 ﬁlii,
2080 693 2135 739 et
2159 685 2558 740 obsecrationes
2587 696 2794 740 nostras
2821 686 3115 741 clementer
3138 687 3441 755 admittant,
3468 697 3525 745 et

1940 794 2035 846 pro
2065 779 2146 832 sui
2177 779 2323 848 regni
2353 779 2643 849 salutisque
2694 791 2965 849 perpetua:
2997 781 3178 850 perfici
3207 782 3520 839 considera-

1940 869 2081 922 tione
2104 869 2412 923 dccernant.
2446 868 2555 923 Nec
2592 869 2772 924 dilata:
2799 873 3189 926 communionis
3218 874 3523 943 apostolicae

1942 966 2027 1013 tua
2054 968 2304 1013 causetur
2333 958 2551 1014 dilectio
2584 960 2905 1014 tarditatem.
2937 961 3211 1017 Nollemus
3249 964 3524 1032 qualicun-

1939 1066 2043 1120 que
2086 1040 2397 1107 difficultate
2447 1052 2739 1122 suspendi,
2793 1053 2892 1106 nisi
2934 1065 3207 1124 respectus
3244 1056 3523 1113 catholica:

1938 1148 2179 1202 veritatis
2228 1149 2553 1213 obsisteret,
2599 1148 2686 1204 cui
2734 1147 3078 1204 dilectionem
3122 1166 3332 1221 quoque
3380 1162 3523 1207 tuam

1940 1239 2162 1293 summis
2185 1239 2384 1294 viribus
2407 1239 2669 1295 inhaerere
2695 1240 2776 1294 vel
2804 1247 2951 1308 opto,
2975 1241 3058 1304 vel
3084 1256 3293 1295 moneo.
3317 1242 3521 1297 Nomen

1940 1330 2098 1400 igitur
2127 1331 2266 1385 Petri
2297 1340 2350 1384 et
2380 1331 2557 1385 Acacii
2587 1330 2803 1385 tollatur
2826 1346 2857 1385 e
2884 1331 3077 1394 medio,
3111 1348 3209 1386 nec
3236 1333 3526 1401 apocrisia-

1941 1427 2037 1481 riis
2065 1427 2300 1481 damnati
2334 1427 2475 1481 Petri
2504 1427 2823 1482 misceantur
2848 1438 2938 1482 aut
2962 1429 3172 1482 litteris.
3210 1429 3274 1482 Et
3297 1429 3432 1484 sicut
3452 1431 3528 1485 ait

1941 1519 2227 1586 Apostolus
2259 1535 2274 1571 :
2304 1517 2681 1571 Abscindantur
2722 1518 2809 1588 qui
2851 1535 2942 1573 nos
2984 1519 3284 1572 conturbant
3328 1519 3522 1590 (Calat.

1944 1626 1999 1677 v,
2036 1610 2148 1680 ιε).
2182 1611 2485 1682 Iterumque
2511 1619 2567 1664 ut
2595 1611 2707 1681 ipse
2738 1612 3043 1679 pronuntiat
3078 1629 3089 1662 :
3122 1610 3421 1682 Expurgate
3448 1629 3530 1666 ve-

1942 1712 2021 1758 tus
2059 1704 2394 1772 fermentum,
2424 1717 2479 1758 ut
2508 1704 2619 1757 sitis
2643 1719 2768 1756 nova
2794 1703 3080 1771 conspersio
3127 1701 3178 1771 (Ι
3213 1703 3332 1758 Cor.
3364 1720 3415 1770 v,
3449 1703 3526 1773 7),

1941 1810 2061 1849 cum
2104 1796 2409 1850 nominibus
2440 1795 2791 1865 personisque
2819 1796 2930 1850 suis
2959 1798 3225 1865 praeterita
3252 1812 3409 1851 causa
3433 1797 3528 1853 de-

254 1890 446 1959 ticipes
476 1907 489 1943 :
518 1884 967 1957 quemadmodum
996 1890 1179 1936 contra
1208 1893 1634 1954 unamquamque
1665 1878 1837 1932 hmre-
1868 1873 1917 1935 Β
1943 1887 2130 1943 leatur.
2159 1887 2322 1943 Nobis
2350 1890 2456 1943 Deo
2484 1888 2777 1954 insilirante
2802 1886 3093 1958 provisuris
3117 1890 3526 1955 rationabiliter,

254 1983 358 2037 sim
385 1979 622 2051 synodus
652 1977 960 2043 constituta,
991 1984 1211 2030 cunctos
1250 1975 1408 2029 etiam
1440 1973 1660 2041 dejecta:
1690 1971 1841 2025 simi-

255 2074 339 2128 les
367 2070 639 2141 pravitatis
676 2068 964 2138 astringit:
998 2083 1065 2122 ne
1094 2066 1147 2120 in
1189 2064 1589 2119 successoribus
1626 2063 1841 2117 omnino

255 2162 614 2233 reparandum
639 2169 807 2227 esset,
832 2160 972 2231 quod
1004 2160 1055 2212 in
1084 2158 1387 2212 auctoribus
1414 2156 1555 2225 juste
1577 2165 1843 2209 monstra-

255 2267 348 2314 tur
374 2272 495 2313 esse
531 2264 878 2326 prostratum.
908 2251 1126 2309 Absolvi
1158 2259 1332 2304 autem
1365 2250 1552 2303 Petrus
1584 2247 1729 2301 nulla
1762 2262 1844 2301 ra-

257 2351 410 2406 tione
436 2350 603 2418 potuit
629 2348 744 2403 sine
768 2346 1075 2417 apostolica:
1102 2344 1243 2399 sedis
1268 2358 1508 2407 assensu,
1542 2358 1644 2413 qua
1675 2342 1846 2396 fuerat

256 2442 549 2500 mandante
573 2441 837 2507 seclusus,
861 2439 998 2493 sicut
1023 2438 1091 2492 de
1117 2435 1436 2506 recipiendis
1461 2435 1654 2489 talibus
1677 2433 1844 2488 forma

257 2549 502 2595 veterum
536 2543 761 2590 testatur
790 2534 1110 2587 antistitum.
1146 2530 1245 2597 Qui
1274 2530 1434 2584 etiam
1469 2529 1677 2593 Petrus,
1710 2529 1754 2582 si
1779 2528 1847 2581 de

257 2631 495 2702 legitima
527 2628 716 2683 fuisset
760 2624 1038 2680 curatione
1083 2631 1335 2687 sanatus,
1368 2619 1433 2674 ad
1466 2618 1845 2688 indulgentiam

258 2723 460 2791 suscipi
491 2721 730 2782 deberet,
762 2731 866 2771 non
894 2714 962 2769 ad
999 2712 1286 2768 sacerdotii
1314 2711 1624 2780 dignitatem
1657 2725 1670 2762 :
1699 2708 1786 2777 qui
1819 2721 1848 2760 a

259 2817 528 2873 damnatis
554 2822 713 2883 atque
742 2809 1011 2866 haretieis
1041 2807 1343 2870 institutus,
1375 2803 1651 2857 catholicis
1686 2799 1851 2870 plebis

259 2913 367 2967 bus
395 2910 535 2963 nulla
566 2914 749 2977 posset
775 2906 982 2959 ratione
1009 2900 1266 2970 praeponi.
1304 2894 1627 2966 Pcrspexisti
1657 2904 1709 2949 et
1740 2894 1852 2962 ipse

261 3004 546 3061 nobiscum
578 2998 831 3053 salutaria
861 3009 979 3050 esse
1006 3008 1124 3063 qua:
1150 2991 1394 3045 dicimus.
1435 2988 1584 3043 Unde
1615 2987 1772 3041 etiam
1801 2986 1851 3038 in

264 3098 376 3152 tuis
406 3094 596 3149 litteris
621 3132 634 3155 ,
667 3104 788 3145 cum
826 3088 895 3143 de
922 3085 1063 3142 beati
1103 3084 1243 3139 Petri
1276 3082 1379 3136 fide
1406 3080 1640 3151 loqueris
1665 3120 1679 3141 ,
1711 3077 1852 3147 quod

267 3203 392 3243 cum
426 3194 531 3241 tota
560 3181 915 3255 gratulatione
952 3177 1174 3247 legimus
1196 3216 1210 3240 ,
1251 3173 1512 3228 catholica
1548 3179 1722 3226 tuente
1761 3183 1855 3239 po-

1946 1990 2004 2033 ut
2032 1980 2375 2049 scripsimus,
2408 1982 2453 2036 si
2480 1991 2667 2035 cuncta
2696 1982 3154 2048 c0nvenerint,‘ut
3178 1997 3362 2047 eorum
3396 1998 3531 2051 quos

1944 2070 2208 2125 ordinavit
2239 2072 2320 2126 vel
2353 2072 2641 2141 baptizavit
2671 2071 2898 2126 Aeacius
2924 2113 2938 2136 ,
2994 2073 3143 2127 salva
3193 2074 3531 2131 confessione

1946 2164 2207 2218 catholica
2236 2210 2250 2233 ,
2286 2180 2380 2234 pro
2407 2165 2645 2220 caritatis
2678 2164 2933 2221 Ecclesize
2982 2166 3427 2237 redintegratione
3453 2169 3532 2223 ni-

1947 2255 2021 2310 hil
2065 2266 2247 2327 pereat
2277 2276 2289 2311 :
2324 2266 2585 2327 quatenus
2633 2273 2733 2326 pax
2783 2258 2873 2312 illa
2912 2261 3225 2327 proveniat,
3258 2274 3376 2329 qum
3407 2260 3532 2315 fecit

1947 2357 2170 2418 utraque
2196 2365 2358 2402 unum
2410 2348 2426 2415 (
2456 2347 2642 2417 Ephes.
2674 2364 2710 2402 ιι
2737 2351 2754 2417 )
2789 2367 2799 2400 :
2834 2365 2938 2404 non
2969 2352 3054 2403 illa
3083 2366 3238 2420 quam
3275 2352 3531 2421 propheta

1947 2444 2272 2497 condemnat
2305 2460 2317 2495 :
2347 2441 2485 2507 Pax,
2518 2458 2640 2509 pax,
2670 2452 2715 2496 et
2747 2458 2849 2496 non
2887 2452 2993 2496 erat
3026 2461 3126 2511 pax
3169 2443 3384 2514 (Ezech.
3415 2460 3533 2507 χιιι,

1952 2535 2019 2589 10
2042 2534 2060 2603 )
2086 2577 2101 2600 ,
2144 2545 2198 2590 et
2225 2536 2421 2588 caritas
2444 2574 2459 2598 ,
2492 2549 2649 2602 quam
2682 2543 2770 2588 tua
2797 2535 3012 2590 dilectio
3042 2537 3151 2590 suis
3178 2552 3319 2606 stepe
3348 2536 3535 2592 litteris

1950 2626 2261 2695 postulavit,
2293 2642 2421 2693 pura
2451 2628 2724 2692 succedat,
2758 2626 2826 2680 de
2849 2643 2949 2695 qua
2977 2627 3173 2681 dicitur
3203 2646 3216 2680 :
3246 2628 3447 2682 Caritas
3473 2629 3536 2684 de

1952 2719 2103 2771 corde
2124 2735 2271 2786 puro,
2295 2728 2343 2771 et
2364 2720 2674 2772 conscientia
2696 2718 2848 2782 bona,
2872 2728 2917 2771 et
2938 2718 3039 2785 ﬁde
3060 2735 3160 2773 non
3178 2719 3299 2787 ﬁcta
3322 2717 3375 2785 (ι
3394 2718 3439 2772 Ξ
3444 2720 3533 2772 im.

1953 2827 1992 2879 ι,
2018 2812 2095 2881 5).
2128 2811 2267 2866 Nihil
2296 2814 2365 2865 sit
2391 2826 2675 2867 commune
2696 2812 2798 2865 luci
2818 2825 2939 2865 eum
2971 2811 3206 2864 tenebris
3239 2827 3253 2865 :
3280 2812 3400 2880 quia
3430 2827 3536 2864 nun

1953 2919 2240 2974 possumus
2270 2919 2369 2959 nec
2390 2903 2649 2959 debemus
2672 2917 2873 2958 mensa:
2900 2900 3111 2956 Domini
3144 2903 3465 2971 participare
3487 2912 3539 2957 ct

1955 3009 2159 3050 mensa:
2184 2994 2569 3049 daimoniorum
2614 2992 2667 3065 (1
2693 2993 2809 3049 Cor.
2839 2993 2896 3063 κ)
2930 3010 2943 3047 :
2976 3000 3033 3045 ut
3059 2992 3154 3047 tibi
3184 2992 3401 3047 creditis
3430 2996 3541 3047 ovi-

1956 3087 2057 3142 ltus
2088 3087 2478 3156 praeteritorum
2509 3088 2924 3156 congregatione
2964 3084 3250 3149 munditis,
3287 3085 3376 3139 fiat
3408 3100 3543 3139 unus

1958 3196 2108 3250 grex,
2134 3189 2189 3235 et
2213 3194 2351 3234 unus
2380 3188 2561 3249 pastor
2588 3178 2769 3247 (Joan.
2802 3176 2881 3247 ι).
2914 3166 3179 3247 Scriptum
3209 3191 3328 3231 esse
3358 3179 3544 3231 memi-

269 3281 425 3339 suisti
463 3298 475 3332 :
519 3277 586 3332 Et
615 3278 699 3346 qui
738 3292 850 3328 cum
878 3289 937 3326 eo
964 3273 1093 3325 sicut
1131 3286 1215 3323 vos
1259 3268 1469 3321 credunt
1496 3281 1717 3320 consona
1744 3278 1858 3316 voce

1964 3274 2090 3328 nisti
2124 3291 2136 3325 :
2168 3271 2230 3328 Si
2270 3282 2401 3327 recte
2430 3270 2648 3341 offeras,
2689 3279 2734 3325 et
2765 3281 2896 3325 recte
2925 3287 3027 3325 non
3062 3271 3295 3336 dividas,
3327 3282 3543 3341 peccasti

269 3373 552 3445 gloriantes
597 3370 827 3436 dispersa
870 3363 1110 3433 colligere
1161 3360 1432 3413 valeamus.
1482 3357 1675 3424 Quaero
1706 3353 1862 3425 igitur

269 3481 523 3538 quamam
553 3462 641 3515 illa
682 3462 823 3525 sint,
864 3459 945 3512 vel
984 3472 1087 3526 qua
1129 3469 1307 3509 rerum
1348 3452 1742 3521 perturbatione
1782 3448 1864 3502 di-

272 3571 487 3625 siiersa.
540 3553 653 3607 Nec
693 3552 793 3605 alia
834 3564 973 3604 nunc
1001 3561 1219 3617 prorsus
1248 3552 1572 3611 occurrunt,
1616 3542 1715 3596 nisi
1744 3556 1863 3608 qua:

274 3664 380 3720 per
402 3642 745 3714 Eutychianze
766 3640 929 3709 pestis
952 3636 1192 3706 ejusdem
1223 3635 1526 3703 sequacium
1556 3642 1679 3686 sunt
1707 3646 1863 3685 exco-

276 3742 443 3814 gitata
476 3736 765 3792 vesaniam.
792 3732 1011 3786 Dilectio
1038 3743 1167 3783 vero
1197 3737 1282 3780 tua
1314 3741 1532 3794 Operam
1563 3725 1653 3778 det
1683 3724 1865 3777 nobis-

273 3849 429 3895 cum,
457 3840 719 3900 quatenus
740 3824 907 3895 possit
929 3837 1049 3893 qua:
1077 3830 1130 3874 te
1158 3834 1371 3890 quoque
1400 3817 1596 3871 fatente
1626 3817 1863 3883 dispersa

277 3938 410 3984 sunt
436 3924 632 3993 colligi.
680 3921 823 3975 V'oce
854 3927 973 3972 utor
1010 3914 1251 3985 Apostoli
1284 3932 1296 3965 :
1334 3912 1552 3965 Obsecro
1582 3926 1695 3971 ros,
1741 3906 1868 3960 nihil

277 4036 366 4075 me
397 4018 594 4072 [resistis
616 4012 812 4086 (Galut.
840 4027 912 4076 tv,
944 4010 1057 4079 12).
1090 4006 1202 4061 Non
1235 4006 1334 4059 hoc
1366 4004 1514 4057 velut
1552 4002 1870 4069 imperiosus

280 4114 529 4181 impono,
552 4109 646 4162 sed
678 4116 733 4159 ut
758 4102 1140 4159 conscientiam
1169 4113 1340 4153 meam
1370 4095 1754 4150 convenienter
1779 4107 1872 4146 ex-

281 4205 521 4278 pediam.
575 4200 648 4254 Ne
692 4198 993 4254 commissa:
1039 4192 1192 4248 vobis
1238 4190 1490 4246 divinitus
1534 4186 1873 4241 rationabiles

282 4314 425 4357 oves
444 4339 458 4365 ,
486 4312 590 4352 non
621 4296 736 4349 sine
765 4301 943 4347 vestro
973 4288 1303 4352 discrimine,
1334 4284 1475 4355 quod
1506 4283 1665 4347 absit,
1698 4281 1875 4350 perire

282 4395 555 4453 sinantur,
587 4389 862 4444 exhortor.
914 4384 1151 4451 Cogitate
1182 4380 1335 4434 simul
1369 4391 1554 4431 omnes
1580 4375 1669 4445 qui
1697 4374 1872 4443 digni-

283 4496 404 4542 tate
432 4481 680 4553 pastorali
724 4477 1015 4534 cerﬂemini
1045 4516 1058 4539 ,
1101 4488 1197 4543 pro
1222 4471 1521 4526 Christiana
1563 4467 1665 4521 ﬁde
1694 4510 1706 4533 ,
1760 4480 1874 4534 quae

285 4587 422 4632 tunc
449 4583 532 4629 est
559 4572 759 4627 Christi
789 4570 832 4622 si
861 4583 982 4623 vera
1007 4576 1108 4630 est,
1142 4574 1198 4619 et
1236 4564 1517 4617 vivendum
1547 4561 1720 4625 nobis,
1753 4569 1805 4611 et
1833 4558 1877 4611 si

288 4664 597 4737 oportuerit
625 4667 980 4715 sacrosancta:
1008 4656 1279 4726 religionis
1306 4668 1487 4708 amore
1519 4651 1875 4706 moriendum.

286 4755 617 4829 Perpendite
658 4755 814 4822 igitur
850 4752 1017 4820 ipsius
1056 4751 1178 4802 vitae
1214 4760 1427 4813 semper
1458 4754 1666 4812 tempus
1708 4744 1880 4795 incer-

285 4862 408 4909 tum
444 4869 454 4902 :
485 4865 552 4904 ne
598 4857 818 4915 repente
856 4845 993 4911 rapti
1044 4842 1109 4896 ad
1159 4838 1478 4909 cognitionis
1524 4836 1666 4890 illius
1696 4834 1880 4888 formi-

287 4944 485 5001 danda:
517 4941 792 4996 traliamur
821 4953 1068 4993 examen.
1102 4934 1252 4990 Unde
1285 4932 1602 5003 propensius
1627 4938 1877 4999 tanquam

292 5045 614 5108 prmscntetn
642 5033 980 5087 dilectionem
1009 5040 1149 5083 tuam
1179 5029 1297 5095 jure
1323 5024 1560 5079 caritatis
1591 5024 1876 5078 vehemen-

290 5139 378 5183 ter
418 5127 760 5194 astringimus
788 5164 801 5185 ,
842 5134 899 5175 ut
936 5131 1135 5177 sortem
1178 5118 1408 5173 infelicis
1439 5114 1617 5170 Acacii
1659 5114 1883 5183 perhor-

293 5235 536 5283 rescens,
561 5217 649 5285 qui
672 5217 808 5269 sicut
830 5215 1084 5282 scriptum
1108 5222 1210 5274 est,
1233 5209 1409 5287 ut'iret
1436 5209 1486 5260 in
1510 5207 1681 5260 locum
1704 5220 1880 5270 suum,

293 5312 462 5363 etiam
492 5309 647 5362 nnbis
673 5306 989 5361 conantibus
1018 5343 1032 5368 ,
1080 5317 1186 5356 non
1228 5308 1309 5355 est
1338 5297 1629 5367 permissus
1657 5297 1883 5363 absolvi,

294 5421 408 5474 quo
455 5403 598 5455 vales
648 5412 831 5456 tenore
879 5395 1204 5457 contendas,
1235 5402 1293 5447 ut
1330 5390 1717 5445 catholicorum
1747 5389 1884 5443 illius

298 5495 452 5548 urbis
484 5494 776 5547 antistitum
814 5490 982 5560 magis
1030 5485 1345 5540 monstreris
1373 5497 1494 5537 esse
1536 5482 1801 5543 imitator,
1832 5491 1885 5535 et

300 5584 580 5640 dominum
624 5584 786 5638 lilium
837 5590 1076 5635 nostrum
1114 5575 1558 5647 gloriosissimum
1592 5571 1883 5641 principem

387 5731 409 5758 “
451 5722 700 5790 Sequenti
735 5714 1205 5790 epistolic__titnlu_s
1246 5713 1296 5765 in
1338 5708 1503 5790 veteri
1536 5706 1718 5759 codice
1751 5722 1886 5774 pra:-

311 5793 451 5847 ﬁtttts
480 5778 561 5846 esi.
592 5778 888 5858 hujusmodi
921 5805 930 5834 :
965 5783 1266 5849 Exemplum
1293 5778 1693 5858 cpistolccqnam
1724 5789 1895 5858 pertu-

309 5846 480 5917 lerunt
508 5865 554 5914 in
591 5846 887 5922 lea'ntiouem
927 5857 1099 5909 directi
1133 5846 1363 5905 monachi
1395 5851 1460 5901 ad
1494 5848 1756 5916 lin/inuiti,
1792 5846 1892 5901 Hi-

1963 3363 2116 3435 (σενι.
2153 3382 2224 3433 tv,
2258 3365 2346 3435 7);
2394 3373 2449 3420 et
2492 3364 2750 3435 propheta
2782 3363 2976 3418 clamat
3010 3380 3022 3415 :
3056 3361 3201 3417 Inter
3229 3363 3472 3417 mundum
3501 3372 3549 3418 et

1961 3457 2281 3511 immundum
2322 3473 2424 3509 non
2454 3454 2810 3510 discernebatis
2843 3455 2861 3525 (
2886 3453 3068 3509 Ezech.
3098 3469 3231 3520 χχιι,
3260 3453 3329 3508 26
3350 3452 3389 3525 ).
3422 3455 3550 3520 Quae

1964 3551 2211 3603 universa
2241 3549 2547 3602 summatim
2577 3547 2665 3602 illa
2707 3545 3190 3615 circumspectione
3236 3546 3547 3612 perstringiv

1966 3656 2105 3702 mus,
2136 3649 2190 3694 ut
2217 3639 2464 3694 cordibus
2489 3637 2777 3693 salubriter
2798 3636 3043 3704 expiatis,
3064 3645 3170 3690 tam
3200 3634 3404 3688 firmam
3437 3635 3554 3688 sine

1966 3733 2300 3789 dubitatione
2329 3747 2487 3802 quam
2526 3746 2706 3784 veram
2726 3769 2740 3793 .
2771 3739 2877 3783 tam
2907 3738 3218 3797 perpetuam
3249 3741 3406 3796 quam
3441 3728 3555 3780 uni-

1970 3835 2077 3880 tam
2123 3826 2386 3895 possimus
2426 3834 2609 3879 tenere
2655 3822 3016 3877 concordiam.
3062 3820 3388 3888 Quantncius
3426 3834 3556 3890 ergo

1970 3934 2134 3988 super
2160 3918 2244 3971 his
2275 3926 2362 3971 tua
2393 3931 2490 3971 nos
2535 3915 2722 3971 reddat
2772 3914 2989 3968 dilectio
3019 3914 3299 3977 certiores,
3333 3922 3389 3965 ut
3423 3912 3554 3978 Deo,

1973 4020 2157 4065 nostro
2187 4010 2495 4079 perﬁciente
2523 4008 2661 4079 quod
2713 4008 2875 4077 cmpit
2899 4050 2913 4071 ,
2947 4007 3000 4059 in
3029 4021 3282 4076 compage
3313 4008 3556 4077 corporis

1972 4103 2171 4158 Christi
2205 4102 2362 4172 plena
2392 4102 2665 4157 valeamus
2695 4098 3127 4155 reconciliatione
3157 4101 3481 4155 consentire.

2473 4226 2498 4254 ⁸
2537 4213 2870 4271 EPlSTOLA
2912 4212 3047 4267 XIV.

2049 4326 2252 4367 FELICIS
2290 4326 2345 4364 Ill
2386 4326 2529 4364 PAWE
2577 4325 2643 4362 Αῐ)
2682 4322 2977 4362 τιιλδιΛειωι
3018 4320 3485 4360 ARCHIIANDRITAH

2422 4392 3105 4434 CONSTANTINOPOLITANUI.

1982 4474 2065 4529 Ne
2085 4490 2195 4527 cum
2222 4471 2447 4526 Ecclesia
2464 4469 3021 4535 Constantinopolitana
3047 4468 3120 4521 vel
3140 4468 3280 4521 illius
3305 4484 3562 4537 cpisc0po,

2053 4548 2159 4616 ipse
2205 4554 2293 4597 aut
2344 4543 2575 4616 monachi
2624 4542 2894 4616 ejus_ante
2931 4538 3295 4591 communicent
3334 4555 3485 4606 quam
3534 4556 3564 4591 a

1904 4618 1961 4679 Β
2056 4612 2174 4670 sede
2203 4614 2484 4683 apostolica
2504 4614 2705 4682 justum
2730 4612 2903 4678 fuerit.

2060 4729 2210 4784 Felix
2238 4724 2490 4781 Thalasio
2519 4722 2853 4797 [Thalassio].

2059 4840 2185 4895 Post
2214 4838 2380 4893 factas
2409 4835 2612 4896 litteras
2638 4875 2651 4896 ,
2695 4848 2827 4902 quas
2878 4847 2969 4902 per
3018 4831 3158 4885 filios
3202 4840 3415 4885 nostros
3445 4829 3570 4884 reli~

1986 4933 2120 5003 giosi
2150 4930 2407 5001 pr0positi
2440 4928 2584 4982 viros
2626 4926 2896 4981 dilectioni
2947 4936 3047 4979 tua:
3079 4925 3322 4979 misimus
3360 4933 3571 4979 eontra-

1988 5023 2209 5088 dendas,
2245 5036 2311 5076 ne
2355 5019 2479 5090 quid
2510 5018 2686 5073 minus
2716 5031 2812 5085 pro
2841 5017 3118 5071 catholica:
3161 5016 3284 5071 fidei
3330 5013 3572 5068 custndia

1992 5113 2297 5184 diligentior
2319 5127 2447 5167 cura
2474 5109 2823 5179 prospiceret,
2849 5108 3123 5161 caritatem
3157 5116 3297 5160 tuam
3325 5105 3572 5160 duximus

1991 5205 2381 5264 admonendam
2411 5211 2471 5259 ut
2498 5200 2743 5265 etiamsi,
2774 5207 3060 5268 prrestnnte
3092 5199 3202 5253 Deo
3232 5210 3444 5265 nostro,
3481 5213 3573 5250 no-

1991 5300 2135 5355 mina
2167 5299 2559 5359 damnatorum,
2591 5292 2641 5347 id
2674 5300 2754 5346 est
2779 5290 3155 5357 Alexandrini,
3186 5290 3326 5344 Petri
3359 5302 3409 5344 et
3443 5290 3574 5343 infe-

1989 5391 2109 5446 licis
2139 5387 2316 5445 Acacii
2342 5428 2355 5449 ,
2390 5384 2593 5440 fuerint
2617 5382 2682 5437 de
2722 5382 3079 5436 ecclesiastica
3112 5382 3421 5435 recitatione
3452 5382 3576 5434 sub-

1992 5484 2136 5549 lata,
2178 5490 2235 5535 ut
2263 5478 2467 5534 similes
2514 5474 2827 5544 perditionis
2876 5489 3098 5539 eorum,
3149 5474 3428 5528 sacerdotii
3471 5488 3575 5527 non

1992 5573 2369 5645 permittuntur
2413 5580 2741 5637 praisumere
2778 5565 3130 5635 dignitatem,
3181 5580 3284 5619 non
3311 5565 3454 5635 prius
3487 5573 3576 5619 tua

1994 5709 2158 5761 larunt
2198 5716 2241 5758 et
2277 5674 2573 5757 Thalasium
2601 5742 2616 5767 ,
2660 5700 3088 5754 archimandritas
3119 5697 3577 5769 Constantinopoli.

1995 5780 2111 5833 Jac.
2144 5778 2461 5831 SIRMONDUS.
