4090 6330
479 335 582 394 975

1846 321 2106 411 ρειιειξ
2145 321 2345 411 PAP/E
2384 322 2447 379 lll

3674 333 3785 393 976

480 449 694 509 dilectio
720 462 803 504 vet
828 445 1171 519 congregatio
1198 459 1357 517 quam
1395 443 1660 515 gubernas
1684 482 1698 507 ,
1748 404 2140 498 Constanti-HA
2172 404 2471 506 prohibitus
2498 450 2580 498 cst
2627 444 2738 515 (an.
2769 444 2901 518 485)
2953 448 3182 504 Aeacius
3216 466 3228 502 :
3259 457 3418 520 atque
3441 452 3514 507 ob
3542 452 3648 507 hoc
3670 494 3686 519 ,
3714 468 3786 511 ex

482 544 804 615 nopolitanaa
831 541 1085 596 Ecclesiae
1111 581 1126 606 ,
1162 540 1245 596 vel
1276 538 1578 609 quicunque
1608 535 1725 605 ejus
1756 536 1964 589 futurus
1996 541 2081 587 est

484 636 719 707 pontifex
746 679 762 704 ,
807 632 1316 689 communicandum
1341 647 1462 688 esse
1489 632 1753 686 decernat
1782 671 1796 696 ,
1826 643 1983 699 quam
2017 626 2081 680 ad

486 728 727 784 notitiam
752 727 899 784 sedis
920 726 1231 796 apostolica:
1252 732 1443 780 cuncta
1467 723 1785 787 referantur,
1807 721 1891 776 vel
1914 719 2084 788 ipsius

486 820 683 876 litteris
710 821 797 890 qui
831 820 991 875 fuerit
1015 829 1226 874 creatus
1255 817 1557 888 episcOpus,
1588 815 1669 870 vel
1702 823 1806 868 tuae
1833 812 2081 867 dilectio-

487 919 572 970 nis
598 913 869 983 alloquiis.
892 912 1027 981 Quia
1050 912 1187 966 sicut
1217 896 1313 980 per
1344 907 1733 978 professionem
1765 904 2081 961 catholicam

418 1044 427 1052 ε
489 1009 634 1066 sedis
671 1007 981 1077 apostolica:
1010 1006 1234 1060 formant
1265 1014 1483 1060 secutus
1518 1018 1578 1057 es
1605 1008 1664 1055 ut
1692 1010 1744 1054 te
1774 1015 1804 1054 a
1834 998 2084 1054 damnata

491 1100 871 1156 communione
901 1097 1279 1169 suspenderes,
1312 1096 1383 1150 ita
1429 1094 1575 1149 beati
1623 1092 1765 1147 Petri
1793 1089 1944 1160 sequi
1996 1089 2088 1143 de-

494 1196 631 1252 betis
658 1193 984 1262 exemplum,
1010 1199 1067 1246 ut
1093 1189 1307 1260 quando
1332 1189 1447 1258 ejus
1474 1180 1791 1241 auctoritate
1815 1181 1976 1237 fuerit
1997 1196 2088 1237 re-

495 1288 603 1342 lata
632 1284 962 1351 communio,
995 1293 1121 1338 tunc
1144 1282 1223 1337 eis
1252 1281 1411 1336 etiam
1439 1286 1586 1333 tuum
1613 1276 1827 1332 noveris
1859 1274 2091 1328 miscen-

499 1383 624 1437 dum
656 1395 778 1436 esse
815 1379 1168 1435 consortium.
1217 1375 1326 1431 Nec
1371 1374 1650 1444 quisquam
1682 1368 1956 1425 dilectioni
1988 1376 2091 1422 tuae

499 1477 720 1530 unmino
769 1471 1084 1540 persuadeat
1110 1470 1218 1538 jam
1250 1477 1488 1523 nostram
1515 1464 1954 1522 communionem
1985 1460 2092 1516 illis

501 1567 743 1639 partibus
777 1565 939 1620 fuisse
965 1562 1332 1628 commissam,
1356 1574 1477 1615 cum
1504 1559 1688 1615 videas
1717 1557 1891 1612 adhuc
1920 1569 2008 1611 res
2039 1556 2093 1610 itt

503 1661 665 1716 dubio
704 1657 1041 1724 conStitutas,
1074 1665 1126 1710 et
1155 1653 1295 1724 apud
1337 1668 1433 1708 nos
1463 1652 1533 1708 de
1561 1651 1669 1707 illic
1696 1660 1879 1705 creato
1915 1645 2095 1718 ponti-

505 1754 604 1808 fice
634 1752 809 1806 omnia
841 1748 1025 1805 haberi
1057 1761 1275 1819 prorsus
1303 1747 1527 1802 incerta.
1560 1745 1742 1813 Neque
1769 1749 1951 1814 posset
1975 1754 2096 1796 cum

2188 528 2356 585 forma
2382 533 2569 604 synodi
2600 546 2928 604 memoratre,
2963 539 3192 594 similem
3222 551 3464 611 cunctos,
3494 561 3617 614 qua:
3641 561 3786 616 pra-

2190 619 2293 674 fixa
2340 621 2512 676 fuerat
2559 624 2850 693 pravitati,
2884 625 3243 682 damnationis
3280 629 3535 686 incidisse
3565 642 3789 689 senten-

2189 712 2315 766 tiam
2343 756 2356 779 ,
2391 715 2544 784 cujus
2584 729 2641 769 sc
2669 716 2949 786 elegerunt
2977 733 3099 773 esse
3138 732 3434 777 consortes.
3492 724 3644 781 Unde
3675 743 3793 784 me-

2189 804 2293 860 rito
2325 806 2611 875 pra-dictus
2657 809 2884 864 Aeacius
2934 813 3243 881 apostolicae
3281 815 3425 870 sedis
3448 858 3464 882 ,
3496 833 3621 886 qua:
3649 835 3790 879 nunc

2188 900 2492 953 exsecutrix
2541 899 2727 969 utique
2758 916 2903 971 stepe
2931 902 3056 958 dicti
3085 903 3542 964 Chalcedonensis
3571 912 3793 969 concilii

2191 1008 2290 1063 pro
2341 994 2445 1049 fide
2491 995 2754 1050 catholica
2798 1000 2924 1053 tunc
2954 1002 3164 1070 probati
3194 1016 3299 1056 non
3351 1001 3564 1069 defuit,
3601 1005 3790 1061 iterata

2192 1084 2301 1158 [die
2348 1087 2472 1142 Julii
2500 1088 2571 1143 28
2602 1104 2691 1143 an.
2734 1088 2865 1161 484]
2914 1094 3479 1151 excommunicatione
3532 1098 3793 1167 depulsus

2191 1186 2297 1246 est,
2331 1193 2399 1232 ne
2428 1192 2520 1248 per
2548 1193 2671 1234 eum
2698 1219 2714 1244 ,
2745 1179 2889 1250 quod
2920 1181 3096 1247 absit,
3131 1198 3230 1239 nos
3258 1200 3473 1255 quoque
3504 1186 3794 1240 reddantur

2193 1271 2485 1341 compliccs
2508 1272 2856 1341 perditorum.
2888 1273 3070 1345 Neque
3095 1275 3311 1332 Petrum
3342 1280 3629 1349 quisquam
3661 1280 3795 1350 legi-

2196 1362 2327 1417 time
2355 1363 2540 1419 credat
2568 1378 2689 1421 esse
2735 1375 3016 1436 purgatum
3043 1408 3059 1434 ,
3107 1369 3195 1438 qui
3243 1385 3350 1424 non
3387 1386 3418 1425 a
3458 1371 3601 1429 beati
3648 1372 3795 1428 Petri

2196 1457 2425 1526 apostoli
2453 1458 2581 1514 sede
2614 1469 2865 1531 receptus
2892 1473 2973 1516 est
2998 1501 3013 1526 ,
3056 1476 3160 1532 qua
3199 1463 3298 1518 fuit
3327 1464 3621 1521 mandante
3648 1467 3798 1538 deje-

2197 1560 2333 1605 ctus.
2361 1551 2505 1607 Bene
2524 1553 2666 1608 enim
2695 1553 3037 1611 dilectionem
3062 1565 3205 1612 tuam
3236 1573 3394 1614 nosse
3421 1573 3529 1614 non
3553 1560 3797 1631 ambigo,

2197 1644 2338 1715 quod
2369 1659 2651 1714 personam
2684 1645 2991 1715 hujusmodi
3013 1690 3028 1714 ,
3059 1664 3180 1705 cum
3205 1650 3277 1705 ita
3310 1651 3447 1707 ratio
3473 1653 3797 1720 postularet,

2201 1754 2307 1794 non
2335 1739 2438 1794 nisi
2467 1740 2847 1796 ecclesiasticae
2875 1742 3009 1811 legis
3047 1742 3238 1799 ordine
3262 1745 3626 1813 competenti,
3659 1747 3803 1802 sicut

504 1860 572 1901 eo
596 1845 792 1901 sociari
822 1841 1150 1909 communio,
1187 1840 1338 1909 cujus
1364 1838 1539 1893 adhuc
1562 1854 1592 1892 a
1620 1837 1775 1892 nobis
1804 1850 1903 1890 nec
1928 1836 2100 1889 honor
2128 1830 2179 1892 B
2203 1832 2460 1889 divinitus
2494 1835 2845 1889 constitutum
2875 1843 2957 1890 est
2979 1877 2994 1902 ,
3040 1836 3124 1892 vel
3160 1837 3367 1907 possint
3391 1881 3407 1905 ,
3448 1838 3531 1892 vel
3566 1838 3803 1894 debeant

505 1936 765 2006 probatur
806 1948 928 1990 esse
968 1943 1289 2001 susceptus,
1339 1945 1437 1986 nec
1483 1930 1619 1985 fides
1669 1937 1828 1997 atque
1875 1925 2100 1982 intentio

505 2027 874 2097 comprobata.
930 2012 1222 2096 Exspectet
1265 2038 1392 2093 ergo
1431 2022 1650 2077 dilectio
1679 2029 1766 2075 tua
1796 2020 1941 2074 sedis
1967 2033 2100 2088 apo-

509 2119 709 2174 stolicae
734 2117 1053 2187 jussionem,
1085 2127 1137 2171 et
1170 2116 1248 2171 sic
1278 2113 1531 2171 Ecclesia:
1555 2111 2104 2184 Constantinopolita-

511 2227 600 2267 na:
625 2225 778 2267 sacra
802 2226 863 2266 se
889 2209 1269 2265 communione
1299 2208 1592 2279 conjungat
1618 2249 1633 2272 ,
1665 2208 1708 2260 si
1739 2206 1792 2261 in
1823 2204 2106 2275 participa-

509 2305 656 2360 tione
683 2304 824 2358 beati
854 2303 1000 2358 Petri
1030 2312 1085 2356 et
1109 2300 1387 2356 catholica:
1418 2300 1657 2354 veritatis
1682 2299 1953 2353 desidera.
1979 2312 2103 2367 per-

509 2411 750 2451 manere.
783 2394 913 2449 Data
943 2393 1193 2449 calendas
1221 2393 1407 2458 Maias,
1431 2401 1457 2429 ει
1482 2391 1657 2447 Probo
1680 2400 1733 2447 et
1760 2389 1961 2445 Fausto
1991 2388 2102 2446 νγ.

511 2488 617 2544 CC.
679 2486 971 2542 indictione
1002 2501 1116 2539 xm.

1069 2638 1397 2697 EPISTOLA
1438 2636 1553 2694 XV.

622 2794 822 2836 PELICIS
872 2796 929 2835 Ill
969 2796 1115 2835 PAPE
1159 2796 1225 2834 AD
1264 2792 1637 2833 VETBANIONEI
1690 2789 1998 2831 εριεαορωι.

517 2916 734 2973 Dissidii
761 2915 1003 2989 Ecclesiae
1016 2914 1602 2989 ConstantinOpolitanw
1622 2926 1811 2989 causa:
1825 2928 2108 2989 exponens,

585 2991 822 3043 hortatur
849 2999 903 3041 ut
938 2987 1193 3042 Zenonem
1225 2988 1293 3041 ad
1333 2982 1569 3042 unionem
1609 2982 2004 3038 cum'Romana
2032 2984 2113 3037 in-

585 3060 924 3114 staurandum
955 3069 1262 3128 permoveat.

587 3197 735 3252 Felix
767 3186 1073 3252 Vetranioni
1101 3197 1376 3267 episcopo.

595 3308 750 3375 Quod
780 3310 999 3364 unitatis
1030 3310 1287 3367 Ecclesia:
1308 3310 1481 3381 plena
1510 3310 1755 3381 cupimus
1782 3310 2115 3383 redintegra-

524 3401 670 3458 tione
701 3403 901 3458 firmari
927 3444 942 3467 ,
977 3404 1267 3459 multorum
1296 3405 1555 3460 relatione
1595 3405 1956 3474 comperimus
1983 3406 2115 3461 dile-

520 3498 752 3553 ctionem
784 3506 959 3566 tuam,
996 3507 1052 3553 et
1093 3500 1320 3569 egregiis
1349 3499 1588 3554 moribus
1616 3500 1794 3555 divina
1824 3502 1992 3571 gratia
2020 3499 2117 3555 tri-
2171 3509 2181 3518 ‘

436 3647 445 3653 ,
519 3590 717 3646 bucnte
766 3588 993 3659 pollere,
1038 3600 1092 3644 ct
1118 3590 1320 3645 domini
1349 3590 1440 3645 filii
1481 3593 1648 3647 nostri
1676 3590 2117 3649 Christianissimi

520 3682 783 3753 principis
812 3682 1173 3738 familiaritate
1202 3684 1515 3750 subnixam;
1549 3697 1897 3756 paratamque
1925 3686 2117 3741 frater-

520 3778 747 3833 nitatem
789 3786 933 3832 tuam
961 3778 1242 3833 catholica:
1271 3777 1393 3832 ﬁdei
1426 3792 1666 3844 causam,
1698 3780 1740 3834 si
1784 3780 2117 3835 manifestius

518 3872 865 3943 panderetur,
897 3872 1067 3928 libere
1096 3883 1148 3927 et
1181 3871 1472 3943 prudenter
1519 3883 1783 3928 astruere.
1817 3873 2020 3938 Quibus
2046 3872 2119 3928 de

520 3977 611 4021 tua
643 3978 825 4022 mente
856 3966 1084 4037 sumptis
1115 3965 1347 4030 indiciis,
1381 3967 1540 4021 talem
1575 3975 1626 4021 te
1657 3968 1896 4021 veritatis
1928 3975 2117 4020 aucto-

520 4075 635 4115 rcm
669 4060 825 4131 [Lege
856 4058 1116 4130 actorem]
1143 4074 1265 4115 esse
1296 4058 1674 4128 perpendimus
1701 4101 1715 4127 ,
1766 4058 1973 4129 qualem
2011 4058 2119 4112 illic

522 4151 945 4205 desideravimns
980 4151 1239 4205 invenire.
1293 4150 1579 4205 Gratamur
1625 4152 1790 4219 igitur
1838 4150 1976 4220 quod
2011 4151 2120 4204 hm-

524 4242 817 4296 reditatem
859 4257 1009 4295 suam
1044 4257 1148 4295 non
1197 4257 1579 4311 usquequaque
1611 4243 1869 4297 Dominus
1898 4244 2120 4313 repulis-

527 4343 652 4399 set,
685 4333 780 4388 sed
812 4334 863 4387 in
891 4348 1075 4387 eorum
1107 4333 1360 4389 cordibus
1400 4334 1672 4389 flammam
1722 4344 1880 4393 rectae
1911 4335 2123 4392 confes-

528 4427 697 4482 sionis
744 4438 984 4481 servaret
1012 4427 1377 4482 absconditam
1402 4470 1418 4493 ,
1471 4427 1557 4497 qui
1590 4429 1704 4485 sive
1727 4445 1786 4485 se
1816 4446 1844 4484 a
1876 4445 2120 4486 comnm-

528 4520 689 4574 nione
718 4522 940 4574 confusa
984 4520 1193 4589 penitus
1219 4520 1588 4590 abstinerent,
1634 4522 1751 4577 sive
1796 4522 1848 4576 in
1877 4538 1994 4577 eam
2029 4539 2121 4593 per

2136 3214 2185 3278 C

2203 1912 2596 1982 convenienter
2631 1926 2932 1983 absolvere.
2987 1928 3140 1997 Quod
3188 1944 3310 1986 cum
3342 1929 3540 1985 factum
3571 1948 3676 1985 non
3708 1932 3801 1997 sit,

2204 2019 2545 2075 manifestum
2578 2028 2663 2075 est
2689 2022 2907 2077 Petrum
2939 2021 2992 2076 in
3018 2036 3082 2076 ea
3108 2037 3213 2091 qua
3242 2022 3449 2092 pridem
3478 2023 3658 2078 fuerat
3680 2039 3805 2094 per-

2206 2114 2460 2167 versitate
2488 2127 2550 2169 ac
2578 2112 2925 2170 damnatione
2952 2113 3203 2171 detineri.
3250 2115 3349 2182 Qui
3378 2117 3592 2172 etiamsi
3624 2118 3802 2187 legiti-

2208 2220 2295 2260 me
2324 2204 2516 2276 corrigi
2545 2206 2844 2270 voluisset,
2886 2206 3270 2276 indulgentiam
3309 2209 3567 2279 consequi
3596 2210 3800 2272 debuit,

2208 2313 2315 2354 non
2360 2299 2779 2355 ecclesiasticam
2828 2299 3142 2371 dignitatem
3180 2317 3195 2353 :
3231 2301 3355 2372 quia
3412 2300 3479 2355 ab
3534 2301 3803 2357 haereticis

2210 2391 2583 2459 damnatisque
2632 2390 2751 2447 falsi
2799 2392 3085 2448 sacerdotii
3131 2409 3329 2450 nomen
3367 2408 3674 2461 assumens,
3709 2394 3805 2448 Ec-

2210 2484 2391 2539 clesia:
2411 2482 2693 2539 catholica:
2723 2484 2882 2540 nullis
2908 2485 3107 2555 regulis
3137 2486 3309 2556 potuit
3334 2485 3648 2555 prtesidere.
3684 2486 3806 2542 Haec

2211 2586 2389 2632 autem
2440 2592 2560 2645 qua:
2601 2576 2669 2631 de
2713 2577 2985 2647 prazdictis
3030 2586 3180 2649 gesta
3223 2578 3606 2643 narravimus,
3645 2566 3805 2633 docu-

2212 2670 2411 2725 mentis
2441 2669 2563 2725 inde
2592 2670 2925 2727 venientibus
2953 2671 3339 2741 approbantur,
3369 2656 3513 2726 sicut
3541 2670 3804 2726 Constan-

2217 2761 2550 2843 tinopolitani
2602 2761 2782 2818 clerici
2831 2761 2921 2832 qui
2966 2761 3156 2818 directi
3209 2771 3375 2828 sunt,
3422 2770 3800 2833 agnoverunt;

2216 2858 2497 2927 palamque
2542 2864 2895 2912 monstratum
2922 2865 3007 2913 est
3030 2856 3285 2913 Acacium
3313 2871 3372 2912 se
3400 2871 3593 2912 eorum
3623 2857 3807 2911 fecisse

2216 2951 2537 3021 participem
2566 2965 2699 3019 quos
2730 2952 2842 3004 suis
2879 2950 3071 3006 litteris
3112 2948 3426 3013 hmreticos,
3456 2957 3513 3004 et
3550 2948 3809 3003 retulerat

2218 3049 2333 3116 ipse
2352 3046 2652 3101 damnatos.
2679 3045 2952 3115 Perceptis
2973 3058 3102 3114 ergo
3130 3042 3441 3098 summatim
3472 3040 3697 3097 dilectio
3725 3050 3807 3095 tua

2219 3157 2337 3212 quae
2366 3140 2612 3196 videntur
2643 3131 3003 3196 Ecclesiarum
3033 3138 3226 3194 fecisse
3252 3136 3536 3193 dissidium
3556 3178 3572 3202 ,
3603 3152 3807 3205 nosque

2217 3234 2558 3306 perpendens
2580 3250 2686 3290 non
2709 3234 2976 3289 immerito
2998 3249 3094 3301 pro
3116 3231 3220 3288 fide
3242 3230 3504 3287 catholica
3531 3229 3808 3285 exstitisse

2219 3326 2521 3390 sollicitos,
2564 3341 2671 3379 non
2716 3325 2890 3380 solum
2941 3324 3199 3394 deinceps
3246 3338 3306 3378 se
3355 3338 3383 3376 a
3426 3323 3801 3377 communione

2219 3421 2591 3475 damnatorum
2635 3418 2847 3474 studeat
2890 3418 3162 3473 custodire
3192 3435 3204 3471 :
3234 3418 3329 3474 sed
3369 3415 3561 3473 Christi
3589 3430 3805 3485 gregem

2219 3529 2320 3583 qua
2345 3513 2489 3569 valet
2518 3511 2780 3567 industria
2809 3513 3083 3568 retrahere
3110 3525 3217 3567 non
3239 3510 3501 3581 quiescat,
3531 3519 3586 3561 et
3613 3507 3810 3563 domno

2221 3606 2331 3663 filio
2362 3615 2549 3661 nostro
2577 3604 2895 3660 Christiana:
2923 3603 3119 3659 mentis
3146 3605 3388 3674 Angusto
3424 3600 3811 3655 incessabiliter

2220 3712 2512 3769 suggerere
2546 3712 2651 3753 non
2682 3697 2933 3762 omittat,
2976 3705 3034 3751 ιιι
3070 3696 3249 3766 operis
3284 3695 3365 3750 sui
3397 3707 3641 3759 memor,
3671 3691 3808 3763 quod

2221 3789 2324 3846 fide
2352 3790 2647 3855 catholica,
2680 3789 2973 3858 inspirante
3013 3789 3241 3844 Domino
3271 3796 3487 3855 nostro,
3519 3787 3810 3842 clementer

2222 3881 2417 3937 dicitur
2443 3892 2751 3946 exsecutus,
2781 3881 2995 3952 plenam
3029 3880 3357 3947 temporibus
3383 3882 3495 3934 suis
3524 3894 3732 3950 pacem,
3759 3885 3810 3933 et

2222 3972 2422 4029 Christi
2454 3974 2728 4028 veritatem
2761 3973 3045 4039 sinceram,
3078 3981 3132 4028 ut
3164 3972 3466 4043 praecipuus
3493 3986 3666 4026 sacra:
3692 3970 3809 4025 reli-

2221 4067 2397 4137 gionis
2438 4064 2599 4130 filius,
2631 4076 2686 4119 ct
2717 4065 2800 4134 pia
2848 4065 3133 4122 devotione
3160 4065 3500 4134 conspicuus,
3537 4063 3807 4133 tranquilla

2223 4157 2575 4226 dispositione
2620 4166 2922 4224 restauret,
2965 4166 3019 4211 et
3055 4157 3123 4212 de
3160 4155 3396 4212 Ecclesia
3437 4155 3815 4215 Constantina

2223 4250 2460 4318 politana
2511 4248 2653 4304 Petri
2706 4249 3051 4304 Alexandrini
3097 4248 3315 4305 nomine
3358 4248 3648 4318 Acaciique
3693 4246 3808 4301 sub-

2225 4342 2334 4397 lato
2358 4384 2374 4408 ,
2421 4355 2517 4407 pro
2559 4355 2666 4410 quo
2693 4350 2983 4411 tempestas
3028 4343 3202 4396 omnis
3231 4349 3416 4395 exorta
3456 4348 3562 4403 est,
3596 4340 3808 4394 inteme-

2224 4443 2393 4488 ratam
2425 4444 2661 4503 paterna:
2692 4433 2995 4488 traditionis
3037 4433 3157 4488 fidei
3194 4440 3312 4502 post
3341 4432 3629 4493 Dominum
3663 4431 3809 4485 beni-

2227 4540 2362 4593 gnus
2387 4525 2585 4581 efficiat
2616 4527 2893 4581 unitatem.
2936 4525 3067 4593 Quae
3114 4539 3383 4595 nunquam
3417 4524 3607 4579 fuisset
3636 4524 3809 4592 utique

526 4614 883 4684 ignorantiam
916 4612 1272 4677 recidissent‘.
1307 4613 1529 4670 mallent
1559 4624 1737 4669 tamen
1769 4623 1824 4670 et
1862 4615 2119 4672 declarari
2147 4600 2205 4663 Ῑ)
2232 4628 2510 4684 temerata,
2551 4620 2594 4674 si
2622 4620 2760 4675 hanc
2789 4618 3094 4689 imperatori
3129 4616 3591 4672 Christianissimo
3642 4614 3809 4670 ﬁdeli-

527 4726 649 4780 qua:
673 4704 818 4767 recta
848 4719 1013 4777 sunt,
1060 4718 1114 4764 et
1162 4709 1455 4764 secundum
1509 4709 1850 4765 traditionem
1879 4718 2119 4765 veterum

528 4802 875 4872 coiiiprobata
924 4801 1141 4856 sectari.
1202 4802 1378 4871 Atque
1425 4800 1544 4856 ideo
1590 4801 1790 4872 alloqui
1846 4802 2119 4857 caritatem

532 4907 674 4951 tuam
711 4906 893 4951 nostro
938 4895 1110 4949 modis
1152 4895 1401 4950 omnibus
1428 4894 1679 4951 sermone
1705 4896 2040 4961 curavinms,
2069 4905 2125 4951 et

531 4988 598 5044 de
628 4991 708 5043 bis
738 5004 856 5058 qua:
888 4989 1179 5043 Ecclesiam
1212 4986 1412 5042 Christi
1442 4986 1665 5043 fecerint
1690 4989 1952 5045 dissidere
1978 5005 2126 5045 com-

533 5091 776 5152 petenter
808 5083 1097 5137 instruere.
1132 5082 1185 5153 In
1215 5080 1639 5137 Chalcedonensi
1685 5082 1863 5152 itaque
1890 5084 2119 5155 synodo,

531 5190 652 5245 qua:
683 5174 751 5227 de
794 5174 1006 5228 concilii
1053 5173 1249 5229 Nicmni
1285 5183 1471 5229 tenore
1500 5176 1815 5244 procedens,
1847 5192 1941 5247 pro
1968 5177 2126 5233 Chri-

532 5270 723 5324 stiana:
752 5268 1108 5323 confessionis
1155 5269 1460 5339 integritate
1493 5270 1776 5335 servanda,
1806 5279 1911 5326 tam
1942 5281 2127 5328 aucto-

535 5362 693 5416 ritate
721 5361 866 5415 sedis
893 5360 1200 5428 apostolica:
1226 5376 1383 5432 quam
1416 5362 1731 5417 universalis
1767 5362 2019 5419 Ecclesiae
2045 5373 2128 5419 est

536 5451 801 5505 celebrata
826 5465 1113 5517 consensu,
1146 5451 1438 5524 Eutycbem
1470 5461 1629 5522 atque
1656 5454 1964 5509 Dioscorttm
1997 5472 2127 5511 con-

538 5550 642 5596 stat
675 5543 838 5597 fuisse
866 5543 1167 5598 damnatos.
1218 5542 1454 5611 Quorum
1496 5544 1811 5601 Timotheus
1856 5556 1905 5600 et
1938 5546 2125 5603 Petrus

538 5632 807 5688 exstitisse
827 5635 1091 5689 docentur
1114 5634 1295 5705 procul
1312 5634 1473 5689 dubio
1495 5646 1807 5701 sectatores,
1831 5652 2123 5707 eorumque
2146 5644 2147 5647 “

538 5737 600 5780 se
625 5727 987 5781 communioni
1014 5727 1231 5782 nefarizc
1256 5728 1555 5791 miscuisse,
1583 5730 1742 5782 etiam
1771 5746 1888 5785 cum
1920 5748 1945 5783 τι
1972 5732 2125 5787 nobis

612 5829 640 5860 λ
679 5819 1031 5875 Scribendum
1059 5822 1291 5889 Longino
1313 5832 1357 5879 et
1389 5822 1607 5891 Fausto,
1642 5842 1726 5879 an.
1760 5824 1883 5884 ιθο.

2232 4722 2314 4771 ter
2335 4712 2561 4769 Aeacius
2588 4713 2859 4768 insinuare
2884 4712 3160 4767 voluisset.
3184 4709 3288 4766 Sed
3313 4711 3439 4763 dum
3465 4708 3685 4764 Patrum
3710 4720 3807 4762 ter-

2233 4807 2408 4862 minos
2447 4804 2738 4861 transferre
2768 4803 3004 4869 molitur,
3050 4811 3105 4857 et
3134 4799 3514 4875 ambitionibus
3544 4800 3655 4854 suis
3684 4815 3810 4868 prc-

2232 4898 2572 4954 varicationis
2616 4896 2817 4951 aditum
2859 4894 3196 4965 impudenter
3224 4891 3478 4963 exquirit,
3531 4906 3629 4945 nec
3660 4905 3809 4943 reuc-

2234 4990 2420 5046 rabilia
2471 4988 2731 5043 dubitavit
2787 4987 3001 5043 decreta
3058 4986 3301 5051 calcare,
3357 4993 3414 5039 et
3476 4984 3620 5039 inter
3662 4996 3810 5035 curas

2233 5084 2473 5154 publicas
2510 5093 2771 5152 occupato
2827 5080 3056 5151 principi
3110 5077 3419 5136 venerando
3467 5076 3807 5133 dissimulavit

2231 5194 2349 5249 quae
2376 5187 2598 5233 noverat
2623 5191 2747 5232 vera
2790 5190 3076 5246 suggerere
3106 5192 3117 5230 :
3152 5174 3314 5230 talem
3344 5189 3404 5229 se
3433 5171 3723 5228 conscienti
3741 5184 3805 5221 nu

2231 5270 2371 5324 circa
2399 5268 2625 5322 salutem
2663 5267 2863 5337 regiam
2900 5276 3328 5336 potestatemque
3353 5274 3570 5336 gestare
3598 5264 3807 5318 demon-

2232 5372 2429 5426 strans,
2462 5363 2672 5431 qualern
2704 5361 2757 5415 in
2791 5360 3003 5430 negotio
3042 5360 3208 5428 ipsius
3244 5358 3522 5429 religionis
3556 5355 3804 5411 exhibuit.

2237 5454 2406 5521 Unde,
2438 5455 2579 5524 quod
2601 5469 2707 5509 non
2737 5455 2855 5509 sine
2878 5453 3041 5509 divini
3082 5450 3271 5523 judicii
3301 5459 3509 5507 terrore
3535 5448 3807 5506 dicendum

2236 5560 2310 5603 est
2333 5594 2345 5615 ,
2386 5549 2547 5603 etiam
2579 5547 2734 5603 nobis
2775 5547 2820 5602 si
2857 5547 3173 5617 requisisset
3198 5545 3539 5616 optantibus,
3596 5557 3699 5596 non
3736 5546 3808 5595 est

2237 5642 2534 5712 permissus
2578 5640 2800 5696 absolvi.
2848 5640 3128 5708 Quomodo
3171 5649 3349 5694 autem
3401 5638 3632 5693 domnus
3684 5633 3807 5687 filius

2238 5748 2420 5793 nOSter
2451 5733 2769 5789 venerabilis
2812 5734 3099 5803 imperator
3140 5746 3246 5787 non
3291 5730 3393 5785 hoc
3438 5730 3540 5787 sibi
3584 5727 3809 5798 judicare

4036 779 4039 923 1

4048 1298 4049 1390 1

4053 1574 4055 1659 1

4056 1664 4057 1745 1

4058 1756 4059 1841 1

4060 1848 4061 1927 1

4062 1940 4063 1991 1

4064 2032 4065 2087 1

4068 2214 4069 2271 1
