  <div class='ocr_page' id='page_1' title='image "/cluster/home/n/w/nwhite01/storage/ocr_20150623/58/hvd.32044015706401/494.png"; bbox 0 0 4090 6330; ppageno 0'>
   <div class='ocr_carea' id='block_1_1' title="bbox 277 290 375 345">
    <p class='ocr_par' dir='ltr' id='par_1_1' title="bbox 277 290 375 345">
     <span class='ocr_line' id='line_1_1' title="bbox 277 290 375 345; baseline -0.01 0"><span class='ocrx_word' id='word_1_1' title='bbox 277 290 375 345; x_wconf 78' lang='grc' dir='ltr'><strong>9Π</strong></span> 
     </span>
    </p>
   </div>
   <div class='ocr_carea' id='block_1_2' title="bbox 274 498 1849 588">
    <p class='ocr_par' dir='ltr' id='par_1_2' title="bbox 274 498 1849 588">
     <span class='ocr_line' id='line_1_2' title="bbox 274 498 1849 588; baseline 0.02 -41"><span class='ocrx_word' id='word_1_2' title='bbox 274 508 392 549; x_wconf 88' lang='lat' dir='ltr'><strong>cere</strong></span> <span class='ocrx_word' id='word_1_3' title='bbox 419 498 501 553; x_wconf 99' lang='lat' dir='ltr'><strong>vel</strong></span> <span class='ocrx_word' id='word_1_4' title='bbox 549 500 782 561; x_wconf 79' lang='lat' dir='ltr'><strong>docere?</strong></span> <span class='ocrx_word' id='word_1_5' title='bbox 821 508 1158 588; x_wconf 77' lang='lat' dir='ltr'><strong>Quapropter</strong></span> <span class='ocrx_word' id='word_1_6' title='bbox 1206 518 1455 588; x_wconf 88' lang='lat' dir='ltr'><strong>adjuncta</strong></span> <span class='ocrx_word' id='word_1_7' title='bbox 1512 536 1693 578; x_wconf 89' lang='lat' dir='ltr'><strong>secum</strong></span> <span class='ocrx_word' id='word_1_8' title='bbox 1730 538 1849 580; x_wconf 88' lang='lat' dir='ltr'><strong>mea</strong></span> 
     </span>
    </p>
   </div>
   <div class='ocr_carea' id='block_1_3' title="bbox 270 581 1851 673">
    <p class='ocr_par' dir='ltr' id='par_1_3' title="bbox 270 581 1851 673">
     <span class='ocr_line' id='line_1_3' title="bbox 270 581 1851 673; baseline 0.021 -35"><span class='ocrx_word' id='word_1_9' title='bbox 270 600 455 655; x_wconf 84' lang='lat' dir='ltr'><strong>prece,</strong></span> <span class='ocrx_word' id='word_1_10' title='bbox 497 589 711 651; x_wconf 92' lang='lat' dir='ltr'><strong>dilectio</strong></span> <span class='ocrx_word' id='word_1_11' title='bbox 749 606 835 655; x_wconf 91' lang='lat' dir='ltr'><strong>tua</strong></span> <span class='ocrx_word' id='word_1_12' title='bbox 863 581 1008 673; x_wconf 71' lang='lat' dir='ltr'><strong>saepe</strong></span> <span class='ocrx_word' id='word_1_13' title='bbox 1038 581 1234 663; x_wconf 81' lang='lat' dir='ltr'><strong>dictum</strong></span> <span class='ocrx_word' id='word_1_14' title='bbox 1263 581 1517 667; x_wconf 81' lang='lat' dir='ltr'><strong>domnum</strong></span> <span class='ocrx_word' id='word_1_15' title='bbox 1553 612 1720 668; x_wconf 88' lang='lat' dir='ltr'><strong>lilium</strong></span> <span class='ocrx_word' id='word_1_16' title='bbox 1752 629 1851 671; x_wconf 83' lang='lat' dir='ltr'><strong>no-</strong></span> 
     </span>
    </p>
   </div>
   <div class='ocr_carea' id='block_1_4' title="bbox 270 687 1852 779">
    <p class='ocr_par' dir='ltr' id='par_1_4' title="bbox 270 687 1852 779">
     <span class='ocr_line' id='line_1_4' title="bbox 270 687 1852 779; baseline 0.022 -47"><span class='ocrx_word' id='word_1_17' title='bbox 270 687 436 736; x_wconf 82' lang='lat' dir='ltr'><strong>strum</strong></span> <span class='ocrx_word' id='word_1_18' title='bbox 464 687 852 756; x_wconf 73' lang='lat' dir='ltr'><strong>supplicatione</strong></span> <span class='ocrx_word' id='word_1_19' title='bbox 881 712 983 766; x_wconf 88' lang='lat' dir='ltr'><strong>qua</strong></span> <span class='ocrx_word' id='word_1_20' title='bbox 1015 710 1217 770; x_wconf 83' lang='lat' dir='ltr'><strong>potest,</strong></span> <span class='ocrx_word' id='word_1_21' title='bbox 1248 713 1303 760; x_wconf 90' lang='lat' dir='ltr'><strong>et</strong></span> <span class='ocrx_word' id='word_1_22' title='bbox 1337 705 1693 779; x_wconf 84' lang='lat' dir='ltr'><strong>lacrymarum</strong></span> <span class='ocrx_word' id='word_1_23' title='bbox 1722 724 1852 779; x_wconf 84' lang='lat' dir='ltr'><strong>pro-</strong></span> 
     </span>
    </p>
   </div>
   <div class='ocr_carea' id='block_1_5' title="bbox 271 772 1850 868">
    <p class='ocr_par' dir='ltr' id='par_1_5' title="bbox 271 772 1850 868">
     <span class='ocr_line' id='line_1_5' title="bbox 271 772 1850 868; baseline 0.022 -44"><span class='ocrx_word' id='word_1_24' title='bbox 271 772 501 829; x_wconf 75' lang='lat' dir='ltr'><strong>lessione</strong></span> <span class='ocrx_word' id='word_1_25' title='bbox 537 778 853 849; x_wconf 73' lang='lat' dir='ltr'><strong>deprecetur</strong></span> <span class='ocrx_word' id='word_1_26' title='bbox 903 800 962 846; x_wconf 89' lang='lat' dir='ltr'><strong>ut</strong></span> <span class='ocrx_word' id='word_1_27' title='bbox 1011 794 1277 862; x_wconf 81' lang='lat' dir='ltr'><strong>patienter</strong></span> <span class='ocrx_word' id='word_1_28' title='bbox 1320 772 1592 868; x_wconf 80' lang='lat' dir='ltr'><strong>permittat</strong></span> <span class='ocrx_word' id='word_1_29' title='bbox 1648 802 1850 859; x_wconf 85' lang='lat' dir='ltr'><strong>abscidi</strong></span> 
     </span>
    </p>
   </div>
   <div class='ocr_carea' id='block_1_6' title="bbox 268 866 1853 952">
    <p class='ocr_par' dir='ltr' id='par_1_6' title="bbox 268 866 1853 952">
     <span class='ocr_line' id='line_1_6' title="bbox 268 866 1853 952; baseline 0.023 -35"><span class='ocrx_word' id='word_1_30' title='bbox 268 866 352 932; x_wconf 84' lang='lat' dir='ltr'><strong>qui</strong></span> <span class='ocrx_word' id='word_1_31' title='bbox 400 884 498 924; x_wconf 92' lang='lat' dir='ltr'><strong>nos</strong></span> <span class='ocrx_word' id='word_1_32' title='bbox 526 876 891 950; x_wconf 90' lang='lat' dir='ltr'><strong>conturbant,</strong></span> <span class='ocrx_word' id='word_1_33' title='bbox 942 900 1008 940; x_wconf 91' lang='lat' dir='ltr'><strong>ne</strong></span> <span class='ocrx_word' id='word_1_34' title='bbox 1038 886 1091 941; x_wconf 90' lang='lat' dir='ltr'><strong>in</strong></span> <span class='ocrx_word' id='word_1_35' title='bbox 1133 894 1533 949; x_wconf 86' lang='lat' dir='ltr'><strong>successoribus</strong></span> <span class='ocrx_word' id='word_1_36' title='bbox 1571 895 1853 952; x_wconf 69' lang='lat' dir='ltr'><strong>haeretico-</strong></span> 
     </span>
    </p>
   </div>
   <div class='ocr_carea' id='block_1_7' title="bbox 266 970 1850 1048">
    <p class='ocr_par' dir='ltr' id='par_1_7' title="bbox 266 970 1850 1048">
     <span class='ocr_line' id='line_1_7' title="bbox 266 970 1850 1048; baseline 0.023 -39"><span class='ocrx_word' id='word_1_37' title='bbox 266 970 380 1012; x_wconf 90' lang='lat' dir='ltr'><strong>rum</strong></span> <span class='ocrx_word' id='word_1_38' title='bbox 412 974 690 1030; x_wconf 83' lang='lat' dir='ltr'><strong>reparasse</strong></span> <span class='ocrx_word' id='word_1_39' title='bbox 724 970 998 1030; x_wconf 83' lang='lat' dir='ltr'><strong>videamur</strong></span> <span class='ocrx_word' id='word_1_40' title='bbox 1038 980 1180 1048; x_wconf 90' lang='lat' dir='ltr'><strong>quod</strong></span> <span class='ocrx_word' id='word_1_41' title='bbox 1221 982 1276 1035; x_wconf 91' lang='lat' dir='ltr'><strong>in</strong></span> <span class='ocrx_word' id='word_1_42' title='bbox 1316 986 1627 1043; x_wconf 88' lang='lat' dir='ltr'><strong>auctoribus</strong></span> <span class='ocrx_word' id='word_1_43' title='bbox 1660 1003 1850 1044; x_wconf 90' lang='lat' dir='ltr'><strong>eorum</strong></span> 
     </span>
    </p>
   </div>
   <div class='ocr_carea' id='block_1_8' title="bbox 263 1056 1851 1146">
    <p class='ocr_par' dir='ltr' id='par_1_8' title="bbox 263 1056 1851 1146">
     <span class='ocr_line' id='line_1_8' title="bbox 263 1056 1851 1146; baseline 0.023 -45"><span class='ocrx_word' id='word_1_44' title='bbox 263 1059 465 1106; x_wconf 87' lang='lat' dir='ltr'><strong>certum</strong></span> <span class='ocrx_word' id='word_1_45' title='bbox 492 1066 573 1109; x_wconf 89' lang='lat' dir='ltr'><strong>est</strong></span> <span class='ocrx_word' id='word_1_46' title='bbox 603 1056 769 1116; x_wconf 91' lang='lat' dir='ltr'><strong>fuisse</strong></span> <span class='ocrx_word' id='word_1_47' title='bbox 794 1062 1136 1137; x_wconf 89' lang='lat' dir='ltr'><strong>damnatum;</strong></span> <span class='ocrx_word' id='word_1_48' title='bbox 1173 1074 1516 1146; x_wconf 90' lang='lat' dir='ltr'><strong>priorumque</strong></span> <span class='ocrx_word' id='word_1_49' title='bbox 1539 1080 1851 1137; x_wconf 80' lang='lat' dir='ltr'><strong>consimiles</strong></span> 
     </span>
    </p>
   </div>
   <div class='ocr_carea' id='block_1_9' title="bbox 261 1146 1850 1243">
    <p class='ocr_par' dir='ltr' id='par_1_9' title="bbox 261 1146 1850 1243">
     <span class='ocr_line' id='line_1_9' title="bbox 261 1146 1850 1243; baseline 0.024 -47"><span class='ocrx_word' id='word_1_50' title='bbox 261 1146 564 1213; x_wconf 88' lang='lat' dir='ltr'><strong>opprimere</strong></span> <span class='ocrx_word' id='word_1_51' title='bbox 595 1167 699 1208; x_wconf 89' lang='lat' dir='ltr'><strong>non</strong></span> <span class='ocrx_word' id='word_1_52' title='bbox 741 1156 879 1212; x_wconf 88' lang='lat' dir='ltr'><strong>sinat</strong></span> <span class='ocrx_word' id='word_1_53' title='bbox 908 1163 1324 1222; x_wconf 87' lang='lat' dir='ltr'><strong>ecclesiasticam</strong></span> <span class='ocrx_word' id='word_1_54' title='bbox 1352 1169 1688 1240; x_wconf 82' lang='lat' dir='ltr'><strong>dignitatem,</strong></span> <span class='ocrx_word' id='word_1_55' title='bbox 1714 1192 1850 1243; x_wconf 85' lang='lat' dir='ltr'><strong>qua-</strong></span> 
     </span>
    </p>
   </div>
   <div class='ocr_carea' id='block_1_10' title="bbox 158 1240 1851 1334">
    <p class='ocr_par' dir='ltr' id='par_1_10' title="bbox 158 1240 1851 1334">
     <span class='ocr_line' id='line_1_10' title="bbox 158 1240 1851 1334; baseline 0.022 -46"><span class='ocrx_word' id='word_1_56' title='bbox 158 1240 171 1255; x_wconf 89' lang='lat'><strong><em>‘</em></strong></span> <span class='ocrx_word' id='word_1_57' title='bbox 261 1246 414 1293; x_wconf 91' lang='lat' dir='ltr'><strong>tenus</strong></span> <span class='ocrx_word' id='word_1_58' title='bbox 443 1245 733 1311; x_wconf 81' lang='lat' dir='ltr'><strong>apostolica</strong></span> <span class='ocrx_word' id='word_1_59' title='bbox 760 1265 891 1306; x_wconf 90' lang='lat' dir='ltr'><strong>voce</strong></span> <span class='ocrx_word' id='word_1_60' title='bbox 919 1253 1192 1312; x_wconf 85' lang='lat' dir='ltr'><strong>dicamus:</strong></span> <span class='ocrx_word' id='word_1_61' title='bbox 1226 1259 1288 1314; x_wconf 90' lang='lat' dir='ltr'><strong>Si</strong></span> <span class='ocrx_word' id='word_1_62' title='bbox 1308 1268 1412 1330; x_wconf 82' lang='lat' dir='ltr'><strong>qua</strong></span> <span class='ocrx_word' id='word_1_63' title='bbox 1436 1265 1592 1334; x_wconf 81' lang='lat' dir='ltr'><strong>igitur</strong></span> <span class='ocrx_word' id='word_1_64' title='bbox 1620 1266 1673 1320; x_wconf 87' lang='lat' dir='ltr'><strong>in</strong></span> <span class='ocrx_word' id='word_1_65' title='bbox 1702 1240 1851 1324; x_wconf 71' lang='lat' dir='ltr'><strong>Clari-</strong></span> 
     </span>
    </p>
   </div>
   <div class='ocr_carea' id='block_1_11' title="bbox 256 1338 1850 1428">
    <p class='ocr_par' dir='ltr' id='par_1_11' title="bbox 256 1338 1850 1428">
     <span class='ocr_line' id='line_1_11' title="bbox 256 1338 1850 1428; baseline 0.023 -47"><span class='ocrx_word' id='word_1_66' title='bbox 256 1338 330 1381; x_wconf 68' lang='grc' dir='ltr'><strong>διο</strong></span> <span class='ocrx_word' id='word_1_67' title='bbox 362 1348 493 1386; x_wconf 80' lang='lat' dir='ltr'><strong>nova</strong></span> <span class='ocrx_word' id='word_1_68' title='bbox 531 1348 803 1407; x_wconf 76' lang='lat' dir='ltr'><strong>creatura,</strong></span> <span class='ocrx_word' id='word_1_69' title='bbox 847 1354 1012 1400; x_wconf 81' lang='lat' dir='ltr'><strong>vetera</strong></span> <span class='ocrx_word' id='word_1_70' title='bbox 1051 1352 1395 1421; x_wconf 83' lang='lat' dir='ltr'><strong>transierunt,</strong></span> <span class='ocrx_word' id='word_1_71' title='bbox 1433 1372 1544 1412; x_wconf 84' lang='lat' dir='ltr'><strong>ecce</strong></span> <span class='ocrx_word' id='word_1_72' title='bbox 1567 1360 1704 1428; x_wconf 78' lang='lat' dir='ltr'><strong>facta</strong></span> <span class='ocrx_word' id='word_1_73' title='bbox 1732 1373 1850 1418; x_wconf 83' lang='lat' dir='ltr'><strong>sunt</strong></span> 
     </span>
    </p>
   </div>
   <div class='ocr_carea' id='block_1_12' title="bbox 257 1426 1846 1527">
    <p class='ocr_par' dir='ltr' id='par_1_12' title="bbox 257 1426 1846 1527">
     <span class='ocr_line' id='line_1_12' title="bbox 257 1426 1846 1527; baseline 0.025 -54"><span class='ocrx_word' id='word_1_74' title='bbox 257 1426 425 1478; x_wconf 84' lang='lat' dir='ltr'><strong>omnia</strong></span> <span class='ocrx_word' id='word_1_75' title='bbox 448 1443 577 1483; x_wconf 82' lang='lat' dir='ltr'><strong>nova</strong></span> <span class='ocrx_word' id='word_1_76' title='bbox 602 1430 657 1502; x_wconf 91' lang='grc' dir='ltr'><strong>(Ι</strong></span> <span class='ocrx_word' id='word_1_77' title='bbox 686 1432 807 1491; x_wconf 86' lang='lat' dir='ltr'><strong>Cor.</strong></span> <span class='ocrx_word' id='word_1_78' title='bbox 836 1454 888 1505; x_wconf 80' lang='grc' dir='ltr'><strong>ν,</strong></span> <span class='ocrx_word' id='word_1_79' title='bbox 923 1440 1031 1511; x_wconf 80' lang='lat' dir='ltr'><strong>l7).</strong></span> <span class='ocrx_word' id='word_1_80' title='bbox 1066 1442 1362 1502; x_wconf 86' lang='lat' dir='ltr'><strong>Ecclesiam</strong></span> <span class='ocrx_word' id='word_1_81' title='bbox 1390 1426 1846 1527; x_wconf 84' lang='lat' dir='ltr'><strong>Constantinopo-</strong></span> 
     </span>
    </p>
   </div>
   <div class='ocr_carea' id='block_1_13' title="bbox 253 1515 1846 1616">
    <p class='ocr_par' dir='ltr' id='par_1_13' title="bbox 253 1515 1846 1616">
     <span class='ocr_line' id='line_1_13' title="bbox 253 1515 1846 1616; baseline 0.023 -46"><span class='ocrx_word' id='word_1_82' title='bbox 253 1515 474 1575; x_wconf 89' lang='lat' dir='ltr'><strong>litanam</strong></span> <span class='ocrx_word' id='word_1_83' title='bbox 508 1526 681 1592; x_wconf 82' lang='lat' dir='ltr'><strong>nobis.</strong></span> <span class='ocrx_word' id='word_1_84' title='bbox 703 1530 845 1586; x_wconf 91' lang='lat' dir='ltr'><strong>sicut</strong></span> <span class='ocrx_word' id='word_1_85' title='bbox 883 1548 1117 1605; x_wconf 89' lang='lat' dir='ltr'><strong>semper,</strong></span> <span class='ocrx_word' id='word_1_86' title='bbox 1152 1539 1353 1595; x_wconf 88' lang='lat' dir='ltr'><strong>unitam</strong></span> <span class='ocrx_word' id='word_1_87' title='bbox 1387 1557 1482 1598; x_wconf 88' lang='lat' dir='ltr'><strong>sua</strong></span> <span class='ocrx_word' id='word_1_88' title='bbox 1528 1556 1647 1616; x_wconf 89' lang='lat' dir='ltr'><strong>post</strong></span> <span class='ocrx_word' id='word_1_89' title='bbox 1673 1515 1846 1606; x_wconf 45' lang='lat' dir='ltr'><strong>De-um</strong></span> 
     </span>
    </p>
   </div>
   <div class='ocr_carea' id='block_1_14' title="bbox 251 1612 1848 1707">
    <p class='ocr_par' dir='ltr' id='par_1_14' title="bbox 251 1612 1848 1707">
     <span class='ocr_line' id='line_1_14' title="bbox 251 1612 1848 1707; baseline 0.023 -42"><span class='ocrx_word' id='word_1_90' title='bbox 251 1612 561 1681; x_wconf 79' lang='lat' dir='ltr'><strong>placiditate</strong></span> <span class='ocrx_word' id='word_1_91' title='bbox 598 1624 876 1680; x_wconf 87' lang='lat' dir='ltr'><strong>concedat.</strong></span> <span class='ocrx_word' id='word_1_92' title='bbox 910 1628 1176 1696; x_wconf 83' lang='lat' dir='ltr'><strong>Quoniam</strong></span> <span class='ocrx_word' id='word_1_93' title='bbox 1202 1643 1256 1688; x_wconf 91' lang='lat' dir='ltr'><strong>et</strong></span> <span class='ocrx_word' id='word_1_94' title='bbox 1285 1635 1388 1691; x_wconf 87' lang='lat' dir='ltr'><strong>hoc</strong></span> <span class='ocrx_word' id='word_1_95' title='bbox 1416 1612 1696 1707; x_wconf 55' lang='lat' dir='ltr'><strong>praetentis</strong></span> <span class='ocrx_word' id='word_1_96' title='bbox 1729 1643 1848 1700; x_wconf 88' lang='lat' dir='ltr'><strong>feli-</strong></span> 
     </span>
    </p>
   </div>
   <div class='ocr_carea' id='block_1_15' title="bbox 250 1705 1845 1805">
    <p class='ocr_par' dir='ltr' id='par_1_15' title="bbox 250 1705 1845 1805">
     <span class='ocr_line' id='line_1_15' title="bbox 250 1705 1845 1805; baseline 0.021 -46"><span class='ocrx_word' id='word_1_97' title='bbox 250 1705 426 1763; x_wconf 88' lang='lat' dir='ltr'><strong>citatis</strong></span> <span class='ocrx_word' id='word_1_98' title='bbox 448 1710 566 1780; x_wconf 89' lang='lat' dir='ltr'><strong>ejus</strong></span> <span class='ocrx_word' id='word_1_99' title='bbox 605 1714 936 1775; x_wconf 89' lang='lat' dir='ltr'><strong>incrementa</strong></span> <span class='ocrx_word' id='word_1_100' title='bbox 984 1722 1315 1794; x_wconf 90' lang='lat' dir='ltr'><strong>desiderant,</strong></span> <span class='ocrx_word' id='word_1_101' title='bbox 1356 1739 1413 1786; x_wconf 88' lang='lat' dir='ltr'><strong>et</strong></span> <span class='ocrx_word' id='word_1_102' title='bbox 1456 1737 1845 1805; x_wconf 64' lang='lat' dir='ltr'><strong>consequentiae</strong></span> 
     </span>
    </p>
   </div>
   <div class='ocr_carea' id='block_1_16' title="bbox 1468 312 2341 379">
    <p class='ocr_par' dir='ltr' id='par_1_16' title="bbox 1468 312 2341 379">
     <span class='ocr_line' id='line_1_16' title="bbox 1468 312 2341 379; baseline 0.011 -10"><span class='ocrx_word' id='word_1_103' title='bbox 1468 312 1818 373; x_wconf 70' lang='lat' dir='ltr'><strong>EPISTOL/E</strong></span> <span class='ocrx_word' id='word_1_104' title='bbox 1859 315 1946 373; x_wconf 84' lang='lat' dir='ltr'><strong>ET</strong></span> <span class='ocrx_word' id='word_1_105' title='bbox 1988 318 2120 374; x_wconf 83' lang='lat' dir='ltr'><strong>DEC</strong></span> <span class='ocrx_word' id='word_1_106' title='bbox 2136 316 2341 379; x_wconf 77' lang='lat' dir='ltr'><strong>BETA.</strong></span> 
     </span>
    </p>
   </div>
   <div class='ocr_carea' id='block_1_17' title="bbox 275 405 1929 492">
    <p class='ocr_par' dir='ltr' id='par_1_17' title="bbox 275 405 1929 492">
     <span class='ocr_line' id='line_1_17' title="bbox 275 405 1929 492; baseline 0.024 -38"><span class='ocrx_word' id='word_1_107' title='bbox 275 410 453 471; x_wconf 80' lang='lat' dir='ltr'><strong>posset</strong></span> <span class='ocrx_word' id='word_1_108' title='bbox 475 405 775 469; x_wconf 82' lang='lat' dir='ltr'><strong>faciendum</strong></span> <span class='ocrx_word' id='word_1_109' title='bbox 796 454 811 483; x_wconf 92' lang='lat'><strong>,</strong></span> <span class='ocrx_word' id='word_1_110' title='bbox 844 418 985 488; x_wconf 89' lang='lat' dir='ltr'><strong>quod</strong></span> <span class='ocrx_word' id='word_1_111' title='bbox 1012 434 1259 481; x_wconf 83' lang='lat' dir='ltr'><strong>cerneret</strong></span> <span class='ocrx_word' id='word_1_112' title='bbox 1285 430 1614 487; x_wconf 85' lang='lat' dir='ltr'><strong>sacerdotem</strong></span> <span class='ocrx_word' id='word_1_113' title='bbox 1655 433 1739 486; x_wconf 96' lang='lat' dir='ltr'><strong>vel</strong></span> <span class='ocrx_word' id='word_1_114' title='bbox 1777 431 1850 487; x_wconf 81' lang='lat' dir='ltr'><strong>la-</strong></span> <span class='ocrx_word' id='word_1_115' title='bbox 1882 435 1929 492; x_wconf 77' lang='grc' dir='ltr'><strong>Α</strong></span> 
     </span>
    </p>
   </div>
   <div class='ocr_carea' id='block_1_18' title="bbox 3442 336 3546 400">
    <p class='ocr_par' dir='ltr' id='par_1_18' title="bbox 3442 336 3546 400">
     <span class='ocr_line' id='line_1_18' title="bbox 3442 336 3546 400; baseline 0.038 -4"><span class='ocrx_word' id='word_1_116' title='bbox 3442 336 3546 400; x_wconf 78' lang='lat'><strong>973</strong></span> 
     </span>
    </p>
   </div>
   <div class='ocr_carea' id='block_1_19' title="bbox 2585 442 2914 502">
    <p class='ocr_par' dir='ltr' id='par_1_19' title="bbox 2585 442 2914 502">
     <span class='ocr_line' id='line_1_19' title="bbox 2585 442 2914 502; baseline 0.021 -6"><span class='ocrx_word' id='word_1_117' title='bbox 2585 442 2914 502; x_wconf 85' lang='lat' dir='ltr'><strong>LIBELLUS</strong></span> 
     </span>
    </p>
   </div>
   <div class='ocr_carea' id='block_1_20' title="bbox 1983 542 3518 603">
    <p class='ocr_par' dir='ltr' id='par_1_20' title="bbox 1983 542 3518 603">
     <span class='ocr_line' id='line_1_20' title="bbox 1983 542 3518 603; baseline 0.016 -24"><span class='ocrx_word' id='word_1_118' title='bbox 1983 542 2011 579; x_wconf 78' lang='grc' dir='ltr'><strong>Α</strong></span> <span class='ocrx_word' id='word_1_119' title='bbox 2054 542 2237 583; x_wconf 77' lang='lat' dir='ltr'><strong>FELICE</strong></span> <span class='ocrx_word' id='word_1_120' title='bbox 2278 546 2407 586; x_wconf 80' lang='grc' dir='ltr'><strong>ΡΑΡΑ</strong></span> <span class='ocrx_word' id='word_1_121' title='bbox 2449 549 2688 589; x_wconf 76' lang='lat' dir='ltr'><strong>DECRETO</strong></span> <span class='ocrx_word' id='word_1_122' title='bbox 2728 550 2950 591; x_wconf 75' lang='lat' dir='ltr'><strong>CONCII.&quot;</strong></span> <span class='ocrx_word' id='word_1_123' title='bbox 2982 556 3047 593; x_wconf 76' lang='lat' dir='ltr'><strong>AD</strong></span> <span class='ocrx_word' id='word_1_124' title='bbox 3087 554 3327 599; x_wconf 74' lang='lat' dir='ltr'><strong>ZENONEI</strong></span> <span class='ocrx_word' id='word_1_125' title='bbox 3368 562 3518 603; x_wconf 67' lang='lat' dir='ltr'><strong>IMPE-</strong></span> 
     </span>
    </p>
   </div>
   <div class='ocr_carea' id='block_1_21' title="bbox 2447 620 3103 665">
    <p class='ocr_par' dir='ltr' id='par_1_21' title="bbox 2447 620 3103 665">
     <span class='ocr_line' id='line_1_21' title="bbox 2447 620 3103 665; baseline 0.012 -7"><span class='ocrx_word' id='word_1_126' title='bbox 2447 620 2695 660; x_wconf 70' lang='lat' dir='ltr'><strong>RATORI-3M</strong></span> <span class='ocrx_word' id='word_1_127' title='bbox 2734 623 3103 665; x_wconf 74' lang='lat' dir='ltr'><strong>TRANSIISSUS.</strong></span> 
     </span>
    </p>
   </div>
   <div class='ocr_carea' id='block_1_22' title="bbox 2025 690 3544 779">
    <p class='ocr_par' dir='ltr' id='par_1_22' title="bbox 2025 690 3544 779">
     <span class='ocr_line' id='line_1_22' title="bbox 2025 690 3544 779; baseline 0.017 -34"><span class='ocrx_word' id='word_1_128' title='bbox 2025 690 2155 746; x_wconf 89' lang='lat' dir='ltr'><strong>Cum</strong></span> <span class='ocrx_word' id='word_1_129' title='bbox 2185 692 2283 749; x_wconf 89' lang='lat' dir='ltr'><strong>sibi</strong></span> <span class='ocrx_word' id='word_1_130' title='bbox 2310 695 2571 752; x_wconf 87' lang='lat' dir='ltr'><strong>redditam</strong></span> <span class='ocrx_word' id='word_1_131' title='bbox 2597 714 2813 769; x_wconf 87' lang='lat' dir='ltr'><strong>pacem,</strong></span> <span class='ocrx_word' id='word_1_132' title='bbox 2846 708 3171 775; x_wconf 84' lang='lat' dir='ltr'><strong>compressis</strong></span> <span class='ocrx_word' id='word_1_133' title='bbox 3200 724 3297 779; x_wconf 90' lang='lat' dir='ltr'><strong>per</strong></span> <span class='ocrx_word' id='word_1_134' title='bbox 3316 714 3544 771; x_wconf 69' lang='lat' dir='ltr'><strong>voslite-</strong></span> 
     </span>
    </p>
   </div>
   <div class='ocr_carea' id='block_1_23' title="bbox 1954 783 3547 876">
    <p class='ocr_par' dir='ltr' id='par_1_23' title="bbox 1954 783 3547 876">
     <span class='ocr_line' id='line_1_23' title="bbox 1954 783 3547 876; baseline 0.018 -40"><span class='ocrx_word' id='word_1_135' title='bbox 1954 783 2162 846; x_wconf 89' lang='lat' dir='ltr'><strong>reticis,</strong></span> <span class='ocrx_word' id='word_1_136' title='bbox 2193 786 2279 856; x_wconf 90' lang='lat' dir='ltr'><strong>qui</strong></span> <span class='ocrx_word' id='word_1_137' title='bbox 2309 787 2678 846; x_wconf 88' lang='lat' dir='ltr'><strong>sentiebantur</strong></span> <span class='ocrx_word' id='word_1_138' title='bbox 2697 796 2903 864; x_wconf 83' lang='lat' dir='ltr'><strong>attolli,</strong></span> <span class='ocrx_word' id='word_1_139' title='bbox 2935 798 3258 859; x_wconf 82' lang='lat' dir='ltr'><strong>universalis</strong></span> <span class='ocrx_word' id='word_1_140' title='bbox 3288 808 3547 876; x_wconf 87' lang='lat' dir='ltr'><strong>gauderet</strong></span> 
     </span>
    </p>
   </div>
   <div class='ocr_carea' id='block_1_24' title="bbox 1954 874 3551 961">
    <p class='ocr_par' dir='ltr' id='par_1_24' title="bbox 1954 874 3551 961">
     <span class='ocr_line' id='line_1_24' title="bbox 1954 874 3551 961; baseline 0.018 -31"><span class='ocrx_word' id='word_1_141' title='bbox 1954 874 2223 945; x_wconf 83' lang='lat' dir='ltr'><strong>Ecclesia,</strong></span> <span class='ocrx_word' id='word_1_142' title='bbox 2258 889 2312 935; x_wconf 92' lang='lat' dir='ltr'><strong>et</strong></span> <span class='ocrx_word' id='word_1_143' title='bbox 2337 891 2530 937; x_wconf 78' lang='lat' dir='ltr'><strong>vestrae</strong></span> <span class='ocrx_word' id='word_1_144' title='bbox 2560 886 2770 953; x_wconf 84' lang='lat' dir='ltr'><strong>pietatis</strong></span> <span class='ocrx_word' id='word_1_145' title='bbox 2802 889 3086 961; x_wconf 89' lang='lat' dir='ltr'><strong>imperium</strong></span> <span class='ocrx_word' id='word_1_146' title='bbox 3130 874 3305 955; x_wconf 82' lang='lat' dir='ltr'><strong>etiam</strong></span> <span class='ocrx_word' id='word_1_147' title='bbox 3337 902 3405 957; x_wconf 93' lang='lat' dir='ltr'><strong>de</strong></span> <span class='ocrx_word' id='word_1_148' title='bbox 3447 903 3551 958; x_wconf 84' lang='lat' dir='ltr'><strong>iui-</strong></span> 
     </span>
    </p>
   </div>
   <div class='ocr_carea' id='block_1_25' title="bbox 1955 966 3543 1058">
    <p class='ocr_par' dir='ltr' id='par_1_25' title="bbox 1955 966 3543 1058">
     <span class='ocr_line' id='line_1_25' title="bbox 1955 966 3543 1058; baseline 0.019 -39"><span class='ocrx_word' id='word_1_149' title='bbox 1955 966 2105 1021; x_wconf 90' lang='lat' dir='ltr'><strong>micis</strong></span> <span class='ocrx_word' id='word_1_150' title='bbox 2134 969 2243 1023; x_wconf 91' lang='lat' dir='ltr'><strong>suis</strong></span> <span class='ocrx_word' id='word_1_151' title='bbox 2276 971 2552 1029; x_wconf 88' lang='lat' dir='ltr'><strong>victoriam</strong></span> <span class='ocrx_word' id='word_1_152' title='bbox 2602 990 2969 1051; x_wconf 83' lang='lat' dir='ltr'><strong>reportasset,</strong></span> <span class='ocrx_word' id='word_1_153' title='bbox 3017 997 3071 1041; x_wconf 89' lang='lat' dir='ltr'><strong>et</strong></span> <span class='ocrx_word' id='word_1_154' title='bbox 3111 1004 3205 1058; x_wconf 90' lang='lat' dir='ltr'><strong>per</strong></span> <span class='ocrx_word' id='word_1_155' title='bbox 3236 992 3543 1049; x_wconf 89' lang='lat' dir='ltr'><strong>universum</strong></span> 
     </span>
    </p>
   </div>
   <div class='ocr_carea' id='block_1_26' title="bbox 1953 1061 3543 1142">
    <p class='ocr_par' dir='ltr' id='par_1_26' title="bbox 1953 1061 3543 1142">
     <span class='ocr_line' id='line_1_26' title="bbox 1953 1061 3543 1142; baseline 0.018 -28"><span class='ocrx_word' id='word_1_156' title='bbox 1953 1061 2137 1116; x_wconf 91' lang='lat' dir='ltr'><strong>orbem</strong></span> <span class='ocrx_word' id='word_1_157' title='bbox 2161 1078 2258 1133; x_wconf 90' lang='lat' dir='ltr'><strong>pro</strong></span> <span class='ocrx_word' id='word_1_158' title='bbox 2287 1066 2459 1123; x_wconf 85' lang='lat' dir='ltr'><strong>salute</strong></span> <span class='ocrx_word' id='word_1_159' title='bbox 2488 1078 2685 1126; x_wconf 62' lang='lat' dir='ltr'><strong>vestrae</strong></span> <span class='ocrx_word' id='word_1_160' title='bbox 2706 1068 3010 1133; x_wconf 87' lang='lat' dir='ltr'><strong>serenitatis</strong></span> <span class='ocrx_word' id='word_1_161' title='bbox 3033 1084 3207 1137; x_wconf 88' lang='lat' dir='ltr'><strong>oratio</strong></span> <span class='ocrx_word' id='word_1_162' title='bbox 3226 1096 3543 1142; x_wconf 87' lang='lat' dir='ltr'><strong>cunctorum</strong></span> 
     </span>
    </p>
   </div>
   <div class='ocr_carea' id='block_1_27' title="bbox 1953 1156 3543 1245">
    <p class='ocr_par' dir='ltr' id='par_1_27' title="bbox 1953 1156 3543 1245">
     <span class='ocr_line' id='line_1_27' title="bbox 1953 1156 3543 1245; baseline 0.018 -38"><span class='ocrx_word' id='word_1_163' title='bbox 1953 1164 2131 1210; x_wconf 91' lang='lat' dir='ltr'><strong>oraret</strong></span> <span class='ocrx_word' id='word_1_164' title='bbox 2154 1156 2221 1211; x_wconf 92' lang='lat' dir='ltr'><strong>ad</strong></span> <span class='ocrx_word' id='word_1_165' title='bbox 2254 1159 2533 1216; x_wconf 89' lang='lat' dir='ltr'><strong>Dominum</strong></span> <span class='ocrx_word' id='word_1_166' title='bbox 2558 1166 2898 1222; x_wconf 85' lang='lat' dir='ltr'><strong>sacerdotum</strong></span> <span class='ocrx_word' id='word_1_167' title='bbox 2918 1185 2933 1235; x_wconf 88' lang='lat'><strong>;</strong></span> <span class='ocrx_word' id='word_1_168' title='bbox 2957 1179 3013 1225; x_wconf 91' lang='lat' dir='ltr'><strong>et</strong></span> <span class='ocrx_word' id='word_1_169' title='bbox 3032 1182 3206 1230; x_wconf 90' lang='lat' dir='ltr'><strong>vestra</strong></span> <span class='ocrx_word' id='word_1_170' title='bbox 3230 1177 3398 1245; x_wconf 89' lang='lat' dir='ltr'><strong>pietas</strong></span> <span class='ocrx_word' id='word_1_171' title='bbox 3423 1181 3543 1236; x_wconf 88' lang='lat' dir='ltr'><strong>lidei</strong></span> 
     </span>
    </p>
   </div>
   <div class='ocr_carea' id='block_1_28' title="bbox 1952 1252 3545 1341">
    <p class='ocr_par' dir='ltr' id='par_1_28' title="bbox 1952 1252 3545 1341">
     <span class='ocr_line' id='line_1_28' title="bbox 1952 1252 3545 1341; baseline 0.016 -40"><span class='ocrx_word' id='word_1_172' title='bbox 1952 1257 2130 1302; x_wconf 89' lang='lat' dir='ltr'><strong>custos</strong></span> <span class='ocrx_word' id='word_1_173' title='bbox 2186 1258 2240 1305; x_wconf 94' lang='lat' dir='ltr'><strong>et</strong></span> <span class='ocrx_word' id='word_1_174' title='bbox 2287 1252 2542 1310; x_wconf 83' lang='lat' dir='ltr'><strong>defensor</strong></span> <span class='ocrx_word' id='word_1_175' title='bbox 2591 1256 2962 1329; x_wconf 81' lang='lat' dir='ltr'><strong>orthodoxiae,</strong></span> <span class='ocrx_word' id='word_1_176' title='bbox 3014 1264 3116 1319; x_wconf 91' lang='lat' dir='ltr'><strong>sub</strong></span> <span class='ocrx_word' id='word_1_177' title='bbox 3148 1270 3337 1324; x_wconf 67' lang='lat' dir='ltr'><strong>aeterni</strong></span> <span class='ocrx_word' id='word_1_178' title='bbox 3384 1270 3545 1341; x_wconf 83' lang='lat' dir='ltr'><strong>Regis</strong></span> 
     </span>
    </p>
   </div>
   <div class='ocr_carea' id='block_1_29' title="bbox 1953 1342 3544 1431">
    <p class='ocr_par' dir='ltr' id='par_1_29' title="bbox 1953 1342 3544 1431">
     <span class='ocr_line' id='line_1_29' title="bbox 1953 1342 3544 1431; baseline 0.016 -36"><span class='ocrx_word' id='word_1_179' title='bbox 1953 1342 2328 1413; x_wconf 87' lang='lat' dir='ltr'><strong>propitiatione</strong></span> <span class='ocrx_word' id='word_1_180' title='bbox 2355 1358 2608 1418; x_wconf 83' lang='lat' dir='ltr'><strong>regnaret</strong></span> <span class='ocrx_word' id='word_1_181' title='bbox 2640 1368 2654 1404; x_wconf 89' lang='lat'><strong>:</strong></span> <span class='ocrx_word' id='word_1_182' title='bbox 2684 1353 2901 1422; x_wconf 90' lang='lat' dir='ltr'><strong>quando</strong></span> <span class='ocrx_word' id='word_1_183' title='bbox 2932 1361 3223 1415; x_wconf 87' lang='lat' dir='ltr'><strong>venerandi</strong></span> <span class='ocrx_word' id='word_1_184' title='bbox 3251 1363 3430 1431; x_wconf 86' lang='lat' dir='ltr'><strong>apices</strong></span> <span class='ocrx_word' id='word_1_185' title='bbox 3456 1381 3544 1419; x_wconf 82' lang='lat' dir='ltr'><strong>ve-</strong></span> 
     </span>
    </p>
   </div>
   <div class='ocr_carea' id='block_1_30' title="bbox 1952 1434 3544 1520">
    <p class='ocr_par' dir='ltr' id='par_1_30' title="bbox 1952 1434 3544 1520">
     <span class='ocr_line' id='line_1_30' title="bbox 1952 1434 3544 1520; baseline 0.013 -32"><span class='ocrx_word' id='word_1_186' title='bbox 1952 1434 2082 1503; x_wconf 88' lang='lat' dir='ltr'><strong>stri,</strong></span> <span class='ocrx_word' id='word_1_187' title='bbox 2116 1443 2170 1490; x_wconf 92' lang='lat' dir='ltr'><strong>et</strong></span> <span class='ocrx_word' id='word_1_188' title='bbox 2226 1436 2338 1491; x_wconf 89' lang='lat' dir='ltr'><strong>Deo</strong></span> <span class='ocrx_word' id='word_1_189' title='bbox 2379 1441 2624 1508; x_wconf 83' lang='lat' dir='ltr'><strong>proxima</strong></span> <span class='ocrx_word' id='word_1_190' title='bbox 2655 1456 2880 1500; x_wconf 89' lang='lat' dir='ltr'><strong>currens</strong></span> <span class='ocrx_word' id='word_1_191' title='bbox 2917 1446 2984 1502; x_wconf 92' lang='lat' dir='ltr'><strong>de</strong></span> <span class='ocrx_word' id='word_1_192' title='bbox 3016 1463 3169 1504; x_wconf 91' lang='lat' dir='ltr'><strong>sacro</strong></span> <span class='ocrx_word' id='word_1_193' title='bbox 3198 1463 3411 1520; x_wconf 89' lang='lat' dir='ltr'><strong>pectore</strong></span> <span class='ocrx_word' id='word_1_194' title='bbox 3442 1453 3544 1509; x_wconf 88' lang='lat' dir='ltr'><strong>fre-</strong></span> 
     </span>
    </p>
   </div>
   <div class='ocr_carea' id='block_1_31' title="bbox 1950 1532 3545 1615">
    <p class='ocr_par' dir='ltr' id='par_1_31' title="bbox 1950 1532 3545 1615">
     <span class='ocr_line' id='line_1_31' title="bbox 1950 1532 3545 1615; baseline 0.014 -35"><span class='ocrx_word' id='word_1_195' title='bbox 1950 1536 2177 1595; x_wconf 91' lang='lat' dir='ltr'><strong>quenter</strong></span> <span class='ocrx_word' id='word_1_196' title='bbox 2193 1532 2511 1599; x_wconf 86' lang='lat' dir='ltr'><strong>auctoritas,</strong></span> <span class='ocrx_word' id='word_1_197' title='bbox 2540 1534 2679 1591; x_wconf 90' lang='lat' dir='ltr'><strong>inter</strong></span> <span class='ocrx_word' id='word_1_198' title='bbox 2702 1538 2894 1606; x_wconf 87' lang='lat' dir='ltr'><strong>gaudia</strong></span> <span class='ocrx_word' id='word_1_199' title='bbox 2924 1543 3128 1612; x_wconf 87' lang='lat' dir='ltr'><strong>recepti</strong></span> <span class='ocrx_word' id='word_1_200' title='bbox 3160 1543 3409 1615; x_wconf 91' lang='lat' dir='ltr'><strong>imperii,</strong></span> <span class='ocrx_word' id='word_1_201' title='bbox 3444 1547 3545 1603; x_wconf 81' lang='lat' dir='ltr'><strong>Pe-</strong></span> 
     </span>
    </p>
   </div>
   <div class='ocr_carea' id='block_1_32' title="bbox 1952 1626 3546 1704">
    <p class='ocr_par' dir='ltr' id='par_1_32' title="bbox 1952 1626 3546 1704">
     <span class='ocr_line' id='line_1_32' title="bbox 1952 1626 3546 1704; baseline 0.016 -31"><span class='ocrx_word' id='word_1_202' title='bbox 1952 1626 2093 1674; x_wconf 92' lang='lat' dir='ltr'><strong>trum</strong></span> <span class='ocrx_word' id='word_1_203' title='bbox 2121 1633 2503 1679; x_wconf 88' lang='lat' dir='ltr'><strong>conversatum</strong></span> <span class='ocrx_word' id='word_1_204' title='bbox 2545 1642 2668 1682; x_wconf 90' lang='lat' dir='ltr'><strong>cum</strong></span> <span class='ocrx_word' id='word_1_205' title='bbox 2714 1629 3010 1698; x_wconf 76' lang='lat' dir='ltr'><strong>haereticis,</strong></span> <span class='ocrx_word' id='word_1_206' title='bbox 3048 1644 3102 1689; x_wconf 93' lang='lat' dir='ltr'><strong>et</strong></span> <span class='ocrx_word' id='word_1_207' title='bbox 3148 1638 3424 1704; x_wconf 68' lang='lat' dir='ltr'><strong>parricidae</strong></span> <span class='ocrx_word' id='word_1_208' title='bbox 3470 1641 3546 1701; x_wconf 85' lang='lat' dir='ltr'><strong>illi</strong></span> 
     </span>
    </p>
   </div>
   <div class='ocr_carea' id='block_1_33' title="bbox 1949 1708 3545 1796">
    <p class='ocr_par' dir='ltr' id='par_1_33' title="bbox 1949 1708 3545 1796">
     <span class='ocr_line' id='line_1_33' title="bbox 1949 1708 3545 1796; baseline 0.016 -32"><span class='ocrx_word' id='word_1_209' title='bbox 1949 1708 2231 1768; x_wconf 85' lang='lat' dir='ltr'><strong>Timotheo</strong></span> <span class='ocrx_word' id='word_1_210' title='bbox 2260 1714 2618 1773; x_wconf 67' lang='lat' dir='ltr'><strong>cohaerentem</strong></span> <span class='ocrx_word' id='word_1_211' title='bbox 2640 1758 2658 1786; x_wconf 89' lang='lat'><strong>,</strong></span> <span class='ocrx_word' id='word_1_212' title='bbox 2692 1736 2723 1775; x_wconf 89' lang='lat' dir='ltr'><strong>a</strong></span> <span class='ocrx_word' id='word_1_213' title='bbox 2750 1723 2996 1791; x_wconf 76' lang='lat' dir='ltr'><strong>profanis</strong></span> <span class='ocrx_word' id='word_1_214' title='bbox 3013 1726 3158 1796; x_wconf 87' lang='lat' dir='ltr'><strong>(quia</strong></span> <span class='ocrx_word' id='word_1_215' title='bbox 3189 1744 3288 1785; x_wconf 92' lang='lat' dir='ltr'><strong>nec</strong></span> <span class='ocrx_word' id='word_1_216' title='bbox 3327 1732 3394 1785; x_wconf 88' lang='lat' dir='ltr'><strong>ab</strong></span> <span class='ocrx_word' id='word_1_217' title='bbox 3424 1730 3545 1790; x_wconf 85' lang='lat' dir='ltr'><strong>aliis</strong></span> 
     </span>
    </p>
   </div>
   <div class='ocr_carea' id='block_1_34' title="bbox 247 1798 3545 1893">
    <p class='ocr_par' dir='ltr' id='par_1_34' title="bbox 247 1798 3545 1893">
     <span class='ocr_line' id='line_1_34' title="bbox 247 1798 3545 1893; baseline 0.021 -40"><span class='ocrx_word' id='word_1_218' title='bbox 247 1799 453 1858; x_wconf 81' lang='lat' dir='ltr'><strong>fructus</strong></span> <span class='ocrx_word' id='word_1_219' title='bbox 480 1810 797 1866; x_wconf 68' lang='lat' dir='ltr'><strong>aeternitatis</strong></span> <span class='ocrx_word' id='word_1_220' title='bbox 844 1818 1107 1883; x_wconf 80' lang='lat' dir='ltr'><strong>exposcit.</strong></span> <span class='ocrx_word' id='word_1_221' title='bbox 1157 1820 1511 1882; x_wconf 87' lang='lat' dir='ltr'><strong>Dilectiouem</strong></span> <span class='ocrx_word' id='word_1_222' title='bbox 1536 1798 1663 1884; x_wconf 78' lang='lat' dir='ltr'><strong>vero</strong></span> <span class='ocrx_word' id='word_1_223' title='bbox 1695 1839 1840 1887; x_wconf 89' lang='lat' dir='ltr'><strong>tuam</strong></span> <span class='ocrx_word' id='word_1_224' title='bbox 1871 1820 1920 1881; x_wconf 84' lang='grc' dir='ltr'><strong>Β</strong></span> <span class='ocrx_word' id='word_1_225' title='bbox 1950 1798 2062 1856; x_wconf 63' lang='lat' dir='ltr'><strong>ﬁeri</strong></span> <span class='ocrx_word' id='word_1_226' title='bbox 2083 1807 2317 1874; x_wconf 42' lang='lat' dir='ltr'><strong>pom-al)</strong></span> <span class='ocrx_word' id='word_1_227' title='bbox 2338 1808 2718 1866; x_wconf 48' lang='lat' dir='ltr'><strong>Ale‘andrina</strong></span> <span class='ocrx_word' id='word_1_228' title='bbox 2741 1812 2999 1872; x_wconf 48' lang='lat' dir='ltr'><strong>Ecclesia</strong></span> <span class='ocrx_word' id='word_1_229' title='bbox 3015 1818 3349 1890; x_wconf 54' lang='lat' dir='ltr'><strong>episcwum’</strong></span> <span class='ocrx_word' id='word_1_230' title='bbox 3374 1840 3545 1893; x_wconf 53' lang='lat' dir='ltr'><strong>quam</strong></span> 
     </span>
    </p>
   </div>
   <div class='ocr_carea' id='block_1_35' title="bbox 246 1896 1844 1991">
    <p class='ocr_par' dir='ltr' id='par_1_35' title="bbox 246 1896 1844 1991">
     <span class='ocr_line' id='line_1_35' title="bbox 246 1896 1844 1991; baseline 0.022 -45"><span class='ocrx_word' id='word_1_231' title='bbox 246 1896 557 1963; x_wconf 87' lang='lat' dir='ltr'><strong>specialiter</strong></span> <span class='ocrx_word' id='word_1_232' title='bbox 596 1917 913 1962; x_wconf 74' lang='lat' dir='ltr'><strong>commoneo</strong></span> <span class='ocrx_word' id='word_1_233' title='bbox 950 1922 1109 1982; x_wconf 90' lang='lat' dir='ltr'><strong>atque</strong></span> <span class='ocrx_word' id='word_1_234' title='bbox 1150 1925 1429 1974; x_wconf 88' lang='lat' dir='ltr'><strong>contestor</strong></span> <span class='ocrx_word' id='word_1_235' title='bbox 1470 1922 1647 1991; x_wconf 74' lang='lat' dir='ltr'><strong>inillo</strong></span> <span class='ocrx_word' id='word_1_236' title='bbox 1675 1926 1844 1982; x_wconf 88' lang='lat' dir='ltr'><strong>nostri</strong></span> 
     </span>
    </p>
   </div>
   <div class='ocr_carea' id='block_1_36' title="bbox 245 1986 1844 2076">
    <p class='ocr_par' dir='ltr' id='par_1_36' title="bbox 245 1986 1844 2076">
     <span class='ocr_line' id='line_1_36' title="bbox 245 1986 1844 2076; baseline 0.022 -36"><span class='ocrx_word' id='word_1_237' title='bbox 245 1986 547 2047; x_wconf 71' lang='lat' dir='ltr'><strong>Salvntoris</strong></span> <span class='ocrx_word' id='word_1_238' title='bbox 571 1998 818 2054; x_wconf 84' lang='lat' dir='ltr'><strong>examine</strong></span> <span class='ocrx_word' id='word_1_239' title='bbox 850 2000 1186 2062; x_wconf 87' lang='lat' dir='ltr'><strong>formidando</strong></span> <span class='ocrx_word' id='word_1_240' title='bbox 1216 2012 1477 2067; x_wconf 90' lang='lat' dir='ltr'><strong>rationem</strong></span> <span class='ocrx_word' id='word_1_241' title='bbox 1510 2016 1645 2073; x_wconf 76' lang='lat' dir='ltr'><strong>mihi</strong></span> <span class='ocrx_word' id='word_1_242' title='bbox 1668 2018 1844 2076; x_wconf 80' lang='lat' dir='ltr'><strong>modis</strong></span> 
     </span>
    </p>
   </div>
   <div class='ocr_carea' id='block_1_37' title="bbox 243 2083 1843 2178">
    <p class='ocr_par' dir='ltr' id='par_1_37' title="bbox 243 2083 1843 2178">
     <span class='ocr_line' id='line_1_37' title="bbox 243 2083 1843 2178; baseline 0.023 -45"><span class='ocrx_word' id='word_1_243' title='bbox 243 2083 497 2139; x_wconf 90' lang='lat' dir='ltr'><strong>omnibus</strong></span> <span class='ocrx_word' id='word_1_244' title='bbox 526 2088 874 2161; x_wconf 88' lang='lat' dir='ltr'><strong>reddituram,</strong></span> <span class='ocrx_word' id='word_1_245' title='bbox 900 2097 944 2150; x_wconf 89' lang='lat' dir='ltr'><strong>si</strong></span> <span class='ocrx_word' id='word_1_246' title='bbox 995 2114 1115 2170; x_wconf 64' lang='lat' dir='ltr'><strong>quae</strong></span> <span class='ocrx_word' id='word_1_247' title='bbox 1156 2117 1256 2176; x_wconf 89' lang='lat' dir='ltr'><strong>pro</strong></span> <span class='ocrx_word' id='word_1_248' title='bbox 1305 2106 1609 2178; x_wconf 78' lang='lat' dir='ltr'><strong>integritate</strong></span> <span class='ocrx_word' id='word_1_249' title='bbox 1652 2114 1843 2169; x_wconf 90' lang='lat' dir='ltr'><strong>salutis</strong></span> 
     </span>
    </p>
   </div>
   <div class='ocr_carea' id='block_1_38' title="bbox 241 2169 1842 2267">
    <p class='ocr_par' dir='ltr' id='par_1_38' title="bbox 241 2169 1842 2267">
     <span class='ocr_line' id='line_1_38' title="bbox 241 2169 1842 2267; baseline 0.024 -43"><span class='ocrx_word' id='word_1_250' title='bbox 241 2169 525 2247; x_wconf 63' lang='lat' dir='ltr'><strong>humanae,</strong></span> <span class='ocrx_word' id='word_1_251' title='bbox 557 2196 652 2250; x_wconf 92' lang='lat' dir='ltr'><strong>pro</strong></span> <span class='ocrx_word' id='word_1_252' title='bbox 675 2185 971 2244; x_wconf 80' lang='lat' dir='ltr'><strong>orthodoxa</strong></span> <span class='ocrx_word' id='word_1_253' title='bbox 1004 2169 1166 2263; x_wconf 81' lang='lat' dir='ltr'><strong>atque</strong></span> <span class='ocrx_word' id='word_1_254' title='bbox 1197 2198 1431 2267; x_wconf 87' lang='lat' dir='ltr'><strong>regulari</strong></span> <span class='ocrx_word' id='word_1_255' title='bbox 1454 2205 1842 2264; x_wconf 86' lang='lat' dir='ltr'><strong>constitutione</strong></span> 
     </span>
    </p>
   </div>
   <div class='ocr_carea' id='block_1_39' title="bbox 239 2268 1889 2360">
    <p class='ocr_par' dir='ltr' id='par_1_39' title="bbox 239 2268 1889 2360">
     <span class='ocr_line' id='line_1_39' title="bbox 239 2268 1889 2360; baseline 0.024 -42"><span class='ocrx_word' id='word_1_256' title='bbox 239 2268 547 2340; x_wconf 79' lang='lat' dir='ltr'><strong>maiorum,</strong></span> <span class='ocrx_word' id='word_1_257' title='bbox 582 2285 636 2331; x_wconf 90' lang='lat' dir='ltr'><strong>et</strong></span> <span class='ocrx_word' id='word_1_258' title='bbox 677 2281 853 2336; x_wconf 88' lang='lat' dir='ltr'><strong>veraci</strong></span> <span class='ocrx_word' id='word_1_259' title='bbox 902 2293 1063 2354; x_wconf 84' lang='lat' dir='ltr'><strong>atque</strong></span> <span class='ocrx_word' id='word_1_260' title='bbox 1113 2289 1323 2346; x_wconf 88' lang='lat' dir='ltr'><strong>sincera</strong></span> <span class='ocrx_word' id='word_1_261' title='bbox 1376 2296 1535 2351; x_wconf 89' lang='lat' dir='ltr'><strong>totius</strong></span> <span class='ocrx_word' id='word_1_262' title='bbox 1588 2298 1841 2357; x_wconf 61' lang='lat' dir='ltr'><strong>Ecclesia</strong></span> <span class='ocrx_word' id='word_1_263' title='bbox 1877 2346 1889 2360; x_wconf 79' lang='lat'><strong>.</strong></span> 
     </span>
    </p>
   </div>
   <div class='ocr_carea' id='block_1_40' title="bbox 238 2373 1841 2451">
    <p class='ocr_par' dir='ltr' id='par_1_40' title="bbox 238 2373 1841 2451">
     <span class='ocr_line' id='line_1_40' title="bbox 238 2373 1841 2451; baseline 0.021 -36"><span class='ocrx_word' id='word_1_264' title='bbox 238 2375 373 2431; x_wconf 82' lang='lat' dir='ltr'><strong>pace</strong></span> <span class='ocrx_word' id='word_1_265' title='bbox 408 2373 704 2437; x_wconf 86' lang='lat' dir='ltr'><strong>reparanda</strong></span> <span class='ocrx_word' id='word_1_266' title='bbox 743 2375 1021 2448; x_wconf 88' lang='lat' dir='ltr'><strong>delegavi,</strong></span> <span class='ocrx_word' id='word_1_267' title='bbox 1066 2385 1207 2451; x_wconf 90' lang='lat' dir='ltr'><strong>quod</strong></span> <span class='ocrx_word' id='word_1_268' title='bbox 1257 2386 1324 2442; x_wconf 92' lang='lat' dir='ltr'><strong>de</strong></span> <span class='ocrx_word' id='word_1_269' title='bbox 1361 2396 1446 2443; x_wconf 89' lang='lat' dir='ltr'><strong>tua</strong></span> <span class='ocrx_word' id='word_1_270' title='bbox 1505 2401 1683 2447; x_wconf 90' lang='lat' dir='ltr'><strong>mente</strong></span> <span class='ocrx_word' id='word_1_271' title='bbox 1732 2409 1841 2449; x_wconf 88' lang='lat' dir='ltr'><strong>non</strong></span> 
     </span>
    </p>
   </div>
   <div class='ocr_carea' id='block_1_41' title="bbox 237 2459 1132 2544">
    <p class='ocr_par' dir='ltr' id='par_1_41' title="bbox 237 2459 1132 2544">
     <span class='ocr_line' id='line_1_41' title="bbox 237 2459 1132 2544; baseline 0.023 -34"><span class='ocrx_word' id='word_1_272' title='bbox 237 2459 511 2518; x_wconf 85' lang='lat' dir='ltr'><strong>credimus</strong></span> <span class='ocrx_word' id='word_1_273' title='bbox 546 2469 763 2537; x_wconf 85' lang='lat' dir='ltr'><strong>segnius</strong></span> <span class='ocrx_word' id='word_1_274' title='bbox 793 2478 1132 2544; x_wconf 79' lang='lat' dir='ltr'><strong>exsequaris.</strong></span> 
     </span>
    </p>
   </div>
   <div class='ocr_carea' id='block_1_42' title="bbox 665 2603 1407 2688">
    <p class='ocr_par' dir='ltr' id='par_1_42' title="bbox 665 2603 1407 2688">
     <span class='ocr_line' id='line_1_42' title="bbox 665 2603 1407 2688; baseline 0.02 -31"><span class='ocrx_word' id='word_1_275' title='bbox 665 2603 767 2675; x_wconf 79' lang='lat' dir='ltr'><strong>(Ex</strong></span> <span class='ocrx_word' id='word_1_276' title='bbox 805 2608 991 2664; x_wconf 88' lang='lat' dir='ltr'><strong>codice</strong></span> <span class='ocrx_word' id='word_1_277' title='bbox 1031 2610 1407 2688; x_wconf 79' lang='lat' dir='ltr'><strong>Virdunensi.)</strong></span> 
     </span>
    </p>
   </div>
   <div class='ocr_carea' id='block_1_43' title="bbox 301 2711 1552 2794">
    <p class='ocr_par' dir='ltr' id='par_1_43' title="bbox 301 2711 1552 2794">
     <span class='ocr_line' id='line_1_43' title="bbox 301 2711 1552 2794; baseline 0.021 -29"><span class='ocrx_word' id='word_1_278' title='bbox 301 2711 465 2768; x_wconf 81' lang='lat' dir='ltr'><strong>Felix</strong></span> <span class='ocrx_word' id='word_1_279' title='bbox 504 2716 734 2773; x_wconf 67' lang='lat' dir='ltr'><strong>Andreae</strong></span> <span class='ocrx_word' id='word_1_280' title='bbox 772 2718 1027 2794; x_wconf 89' lang='lat' dir='ltr'><strong>episcopo</strong></span> <span class='ocrx_word' id='word_1_281' title='bbox 1058 2727 1552 2791; x_wconf 86' lang='lat' dir='ltr'><strong>Thcssalonicensi.</strong></span> 
     </span>
    </p>
   </div>
   <div class='ocr_carea' id='block_1_44' title="bbox 298 2805 1837 2901">
    <p class='ocr_par' dir='ltr' id='par_1_44' title="bbox 298 2805 1837 2901">
     <span class='ocr_line' id='line_1_44' title="bbox 298 2805 1837 2901; baseline 0.021 -43"><span class='ocrx_word' id='word_1_282' title='bbox 298 2805 465 2871; x_wconf 86' lang='lat' dir='ltr'><strong>Quod</strong></span> <span class='ocrx_word' id='word_1_283' title='bbox 491 2808 647 2877; x_wconf 89' lang='lat' dir='ltr'><strong>plene</strong></span> <span class='ocrx_word' id='word_1_284' title='bbox 667 2813 945 2871; x_wconf 75' lang='lat' dir='ltr'><strong>catholicae</strong></span> <span class='ocrx_word' id='word_1_285' title='bbox 971 2817 1093 2874; x_wconf 83' lang='lat' dir='ltr'><strong>lidei</strong></span> <span class='ocrx_word' id='word_1_286' title='bbox 1119 2823 1363 2892; x_wconf 90' lang='lat' dir='ltr'><strong>cupimus</strong></span> <span class='ocrx_word' id='word_1_287' title='bbox 1384 2829 1837 2901; x_wconf 79' lang='lat' dir='ltr'><strong>redintegratione</strong></span> 
     </span>
    </p>
   </div>
   <div class='ocr_carea' id='block_1_45' title="bbox 174 2896 1837 2991">
    <p class='ocr_par' dir='ltr' id='par_1_45' title="bbox 174 2896 1837 2991">
     <span class='ocr_line' id='line_1_45' title="bbox 174 2896 1837 2991; baseline 0.018 -40"><span class='ocrx_word' id='word_1_288' title='bbox 174 2972 177 2975; x_wconf 88' lang='lat'><em>_</em></span> <span class='ocrx_word' id='word_1_289' title='bbox 228 2896 477 2964; x_wconf 75' lang='lat' dir='ltr'><strong>ﬁrmari,</strong></span> <span class='ocrx_word' id='word_1_290' title='bbox 502 2902 919 2963; x_wconf 86' lang='lat' dir='ltr'><strong>sollicitudinem</strong></span> <span class='ocrx_word' id='word_1_291' title='bbox 966 2909 1270 2971; x_wconf 89' lang='lat' dir='ltr'><strong>dilectionis</strong></span> <span class='ocrx_word' id='word_1_292' title='bbox 1302 2925 1437 2985; x_wconf 72' lang='lat' dir='ltr'><strong>tum,</strong></span> <span class='ocrx_word' id='word_1_293' title='bbox 1466 2936 1568 2991; x_wconf 88' lang='lat' dir='ltr'><strong>qua</strong></span> <span class='ocrx_word' id='word_1_294' title='bbox 1600 2896 1666 2977; x_wconf 74' lang='lat' dir='ltr'><strong>ad</strong></span> <span class='ocrx_word' id='word_1_295' title='bbox 1693 2927 1837 2980; x_wconf 89' lang='lat' dir='ltr'><strong>sedis</strong></span> 
     </span>
    </p>
   </div>
   <div class='ocr_carea' id='block_1_46' title="bbox 228 2992 1835 3081">
    <p class='ocr_par' dir='ltr' id='par_1_46' title="bbox 228 2992 1835 3081">
     <span class='ocr_line' id='line_1_46' title="bbox 228 2992 1835 3081; baseline 0.017 -34"><span class='ocrx_word' id='word_1_296' title='bbox 228 2992 380 3051; x_wconf 89' lang='lat' dir='ltr'><strong>beati</strong></span> <span class='ocrx_word' id='word_1_297' title='bbox 414 2995 557 3052; x_wconf 89' lang='lat' dir='ltr'><strong>Petri</strong></span> <span class='ocrx_word' id='word_1_298' title='bbox 588 3003 1023 3062; x_wconf 89' lang='lat' dir='ltr'><strong>communionem</strong></span> <span class='ocrx_word' id='word_1_299' title='bbox 1051 3008 1234 3065; x_wconf 84' lang='lat' dir='ltr'><strong>venire</strong></span> <span class='ocrx_word' id='word_1_300' title='bbox 1261 3010 1537 3071; x_wconf 87' lang='lat' dir='ltr'><strong>desideras</strong></span> <span class='ocrx_word' id='word_1_301' title='bbox 1556 3011 1835 3081; x_wconf 73' lang='lat' dir='ltr'><strong>,‘libenter</strong></span> 
     </span>
    </p>
   </div>
   <div class='ocr_carea' id='block_1_47' title="bbox 225 3086 1831 3171">
    <p class='ocr_par' dir='ltr' id='par_1_47' title="bbox 225 3086 1831 3171">
     <span class='ocr_line' id='line_1_47' title="bbox 225 3086 1831 3171; baseline 0.019 -34"><span class='ocrx_word' id='word_1_302' title='bbox 225 3086 653 3157; x_wconf 87' lang='lat' dir='ltr'><strong>amplectimur;</strong></span> <span class='ocrx_word' id='word_1_303' title='bbox 711 3093 805 3149; x_wconf 90' lang='lat' dir='ltr'><strong>sed</strong></span> <span class='ocrx_word' id='word_1_304' title='bbox 832 3109 949 3151; x_wconf 88' lang='lat' dir='ltr'><strong>eam</strong></span> <span class='ocrx_word' id='word_1_305' title='bbox 1001 3100 1297 3171; x_wconf 86' lang='lat' dir='ltr'><strong>vellemus,</strong></span> <span class='ocrx_word' id='word_1_306' title='bbox 1339 3105 1476 3161; x_wconf 92' lang='lat' dir='ltr'><strong>sicut</strong></span> <span class='ocrx_word' id='word_1_307' title='bbox 1517 3109 1831 3167; x_wconf 78' lang='lat' dir='ltr'><strong>orthodoxa:</strong></span> 
     </span>
    </p>
   </div>
   <div class='ocr_carea' id='block_1_48' title="bbox 1951 1896 3544 1985">
    <p class='ocr_par' dir='ltr' id='par_1_48' title="bbox 1951 1896 3544 1985">
     <span class='ocr_line' id='line_1_48' title="bbox 1951 1896 3544 1985; baseline 0.016 -38"><span class='ocrx_word' id='word_1_308' title='bbox 1951 1904 2062 1948; x_wconf 92' lang='lat' dir='ltr'><strong>tum</strong></span> <span class='ocrx_word' id='word_1_309' title='bbox 2106 1896 2206 1950; x_wconf 87' lang='lat' dir='ltr'><strong>sibi</strong></span> <span class='ocrx_word' id='word_1_310' title='bbox 2272 1900 2711 1970; x_wconf 84' lang='lat' dir='ltr'><strong>existimaverat,</strong></span> <span class='ocrx_word' id='word_1_311' title='bbox 2771 1906 3118 1977; x_wconf 89' lang='lat' dir='ltr'><strong>ordinatum,</strong></span> <span class='ocrx_word' id='word_1_312' title='bbox 3168 1915 3544 1985; x_wconf 85' lang='lat' dir='ltr'><strong>acceptissima</strong></span> 
     </span>
    </p>
   </div>
   <div class='ocr_carea' id='block_1_49' title="bbox 1948 1986 3545 2080">
    <p class='ocr_par' dir='ltr' id='par_1_49' title="bbox 1948 1986 3545 2080">
     <span class='ocr_line' id='line_1_49' title="bbox 1948 1986 3545 2080; baseline 0.017 -40"><span class='ocrx_word' id='word_1_313' title='bbox 1948 1986 2059 2041; x_wconf 90' lang='lat' dir='ltr'><strong>Deo</strong></span> <span class='ocrx_word' id='word_1_314' title='bbox 2084 1992 2443 2061; x_wconf 54' lang='lat' dir='ltr'><strong>praeceptione</strong></span> <span class='ocrx_word' id='word_1_315' title='bbox 2466 1994 2777 2064; x_wconf 88' lang='lat' dir='ltr'><strong>dejecerat;</strong></span> <span class='ocrx_word' id='word_1_316' title='bbox 2805 2010 2859 2055; x_wconf 91' lang='lat' dir='ltr'><strong>et</strong></span> <span class='ocrx_word' id='word_1_317' title='bbox 2883 2005 3094 2073; x_wconf 84' lang='lat' dir='ltr'><strong>tyranni</strong></span> <span class='ocrx_word' id='word_1_318' title='bbox 3137 2006 3347 2063; x_wconf 89' lang='lat' dir='ltr'><strong>litteras</strong></span> <span class='ocrx_word' id='word_1_319' title='bbox 3364 2051 3379 2076; x_wconf 92' lang='lat'><strong>,</strong></span> <span class='ocrx_word' id='word_1_320' title='bbox 3408 2027 3545 2080; x_wconf 89' lang='lat' dir='ltr'><strong>quas</strong></span> 
     </span>
    </p>
   </div>
   <div class='ocr_carea' id='block_1_50' title="bbox 1947 2078 3542 2161">
    <p class='ocr_par' dir='ltr' id='par_1_50' title="bbox 1947 2078 3542 2161">
     <span class='ocr_line' id='line_1_50' title="bbox 1947 2078 3542 2161; baseline 0.018 -29"><span class='ocrx_word' id='word_1_321' title='bbox 1947 2078 1999 2134; x_wconf 93' lang='lat' dir='ltr'><strong>in</strong></span> <span class='ocrx_word' id='word_1_322' title='bbox 2030 2084 2367 2140; x_wconf 88' lang='lat' dir='ltr'><strong>eversionem</strong></span> <span class='ocrx_word' id='word_1_323' title='bbox 2395 2096 2583 2143; x_wconf 90' lang='lat' dir='ltr'><strong>contra</strong></span> <span class='ocrx_word' id='word_1_324' title='bbox 2608 2089 2687 2145; x_wconf 88' lang='lat' dir='ltr'><strong>fas</strong></span> <span class='ocrx_word' id='word_1_325' title='bbox 2712 2098 3111 2153; x_wconf 87' lang='lat' dir='ltr'><strong>etsacrosancti</strong></span> <span class='ocrx_word' id='word_1_326' title='bbox 3137 2099 3542 2161; x_wconf 82' lang='lat' dir='ltr'><strong>Chalcedonen-</strong></span> 
     </span>
    </p>
   </div>
   <div class='ocr_carea' id='block_1_51' title="bbox 1945 2173 3544 2267">
    <p class='ocr_par' dir='ltr' id='par_1_51' title="bbox 1945 2173 3544 2267">
     <span class='ocr_line' id='line_1_51' title="bbox 1945 2173 3544 2267; baseline 0.017 -41"><span class='ocrx_word' id='word_1_327' title='bbox 1945 2173 2022 2228; x_wconf 89' lang='lat' dir='ltr'><strong>sis</strong></span> <span class='ocrx_word' id='word_1_328' title='bbox 2058 2175 2273 2231; x_wconf 86' lang='lat' dir='ltr'><strong>concilii</strong></span> <span class='ocrx_word' id='word_1_329' title='bbox 2305 2178 2648 2238; x_wconf 85' lang='lat' dir='ltr'><strong>defmitiones</strong></span> <span class='ocrx_word' id='word_1_330' title='bbox 2686 2200 2839 2241; x_wconf 90' lang='lat' dir='ltr'><strong>mens</strong></span> <span class='ocrx_word' id='word_1_331' title='bbox 2877 2187 3064 2245; x_wconf 88' lang='lat' dir='ltr'><strong>insana</strong></span> <span class='ocrx_word' id='word_1_332' title='bbox 3097 2191 3419 2262; x_wconf 89' lang='lat' dir='ltr'><strong>dictaverat,</strong></span> <span class='ocrx_word' id='word_1_333' title='bbox 3444 2213 3544 2267; x_wconf 90' lang='lat' dir='ltr'><strong>pro</strong></span> 
     </span>
    </p>
   </div>
   <div class='ocr_carea' id='block_1_52' title="bbox 1945 2266 3542 2347">
    <p class='ocr_par' dir='ltr' id='par_1_52' title="bbox 1945 2266 3542 2347">
     <span class='ocr_line' id='line_1_52' title="bbox 1945 2266 3542 2347; baseline 0.018 -30"><span class='ocrx_word' id='word_1_334' title='bbox 1945 2266 2096 2334; x_wconf 86' lang='lat' dir='ltr'><strong>regni</strong></span> <span class='ocrx_word' id='word_1_335' title='bbox 2117 2267 2197 2321; x_wconf 88' lang='lat' dir='ltr'><strong>sui</strong></span> <span class='ocrx_word' id='word_1_336' title='bbox 2221 2272 2721 2342; x_wconf 87' lang='lat' dir='ltr'><strong>commendatione,</strong></span> <span class='ocrx_word' id='word_1_337' title='bbox 2748 2281 3059 2342; x_wconf 68' lang='lat' dir='ltr'><strong>fevacuavit.</strong></span> <span class='ocrx_word' id='word_1_338' title='bbox 3094 2283 3166 2337; x_wconf 90' lang='lat' dir='ltr'><strong>Ita</strong></span> <span class='ocrx_word' id='word_1_339' title='bbox 3214 2285 3410 2343; x_wconf 89' lang='lat' dir='ltr'><strong>deinde</strong></span> <span class='ocrx_word' id='word_1_340' title='bbox 3442 2290 3542 2347; x_wconf 83' lang='lat' dir='ltr'><strong>illi-</strong></span> 
     </span>
    </p>
   </div>
   <div class='ocr_carea' id='block_1_53' title="bbox 1943 2353 3543 2448">
    <p class='ocr_par' dir='ltr' id='par_1_53' title="bbox 1943 2353 3543 2448">
     <span class='ocr_line' id='line_1_53' title="bbox 1943 2353 3543 2448; baseline 0.017 -40"><span class='ocrx_word' id='word_1_341' title='bbox 1943 2353 2077 2409; x_wconf 88' lang='lat' dir='ltr'><strong>citas</strong></span> <span class='ocrx_word' id='word_1_342' title='bbox 2105 2357 2474 2416; x_wconf 87' lang='lat' dir='ltr'><strong>ordinationes</strong></span> <span class='ocrx_word' id='word_1_343' title='bbox 2502 2364 2646 2432; x_wconf 86' lang='lat' dir='ltr'><strong>ejus,</strong></span> <span class='ocrx_word' id='word_1_344' title='bbox 2682 2367 2763 2420; x_wconf 87' lang='lat' dir='ltr'><strong>vel</strong></span> <span class='ocrx_word' id='word_1_345' title='bbox 2802 2368 2964 2424; x_wconf 89' lang='lat' dir='ltr'><strong>etiam</strong></span> <span class='ocrx_word' id='word_1_346' title='bbox 3004 2372 3301 2441; x_wconf 81' lang='lat' dir='ltr'><strong>Timothei,</strong></span> <span class='ocrx_word' id='word_1_347' title='bbox 3333 2387 3388 2431; x_wconf 92' lang='lat' dir='ltr'><strong>ut</strong></span> <span class='ocrx_word' id='word_1_348' title='bbox 3418 2388 3543 2448; x_wconf 87' lang='lat' dir='ltr'><strong>pote</strong></span> 
     </span>
    </p>
   </div>
   <div class='ocr_carea' id='block_1_54' title="bbox 1945 2445 3541 2534">
    <p class='ocr_par' dir='ltr' id='par_1_54' title="bbox 1945 2445 3541 2534">
     <span class='ocr_line' id='line_1_54' title="bbox 1945 2445 3541 2534; baseline 0.018 -37"><span class='ocrx_word' id='word_1_349' title='bbox 1945 2445 2343 2517; x_wconf 74' lang='lat' dir='ltr'><strong>hmretlcorum,</strong></span> <span class='ocrx_word' id='word_1_350' title='bbox 2371 2452 2551 2507; x_wconf 89' lang='lat' dir='ltr'><strong>irritas</strong></span> <span class='ocrx_word' id='word_1_351' title='bbox 2582 2454 2737 2524; x_wconf 88' lang='lat' dir='ltr'><strong>fecit;</strong></span> <span class='ocrx_word' id='word_1_352' title='bbox 2771 2467 2931 2528; x_wconf 82' lang='lat' dir='ltr'><strong>atque</strong></span> <span class='ocrx_word' id='word_1_353' title='bbox 2961 2477 3075 2529; x_wconf 88' lang='lat' dir='ltr'><strong>eos,</strong></span> <span class='ocrx_word' id='word_1_354' title='bbox 3103 2470 3367 2534; x_wconf 88' lang='lat' dir='ltr'><strong>quantum</strong></span> <span class='ocrx_word' id='word_1_355' title='bbox 3389 2482 3541 2526; x_wconf 82' lang='lat' dir='ltr'><strong>extra</strong></span> 
     </span>
    </p>
   </div>
   <div class='ocr_carea' id='block_1_55' title="bbox 1945 2535 3276 2631">
    <p class='ocr_par' dir='ltr' id='par_1_55' title="bbox 1945 2535 3276 2631">
     <span class='ocr_line' id='line_1_55' title="bbox 1945 2535 3276 2631; baseline 0.016 -38"><span class='ocrx_word' id='word_1_356' title='bbox 1945 2535 2239 2596; x_wconf 85' lang='lat' dir='ltr'><strong>Ecclesiam</strong></span> <span class='ocrx_word' id='word_1_357' title='bbox 2262 2543 2483 2609; x_wconf 88' lang='lat' dir='ltr'><strong>fuerint,</strong></span> <span class='ocrx_word' id='word_1_358' title='bbox 2512 2546 2772 2616; x_wconf 88' lang='lat' dir='ltr'><strong>judicavit</strong></span> <span class='ocrx_word' id='word_1_359' title='bbox 2802 2550 2958 2624; x_wconf 74' lang='lat' dir='ltr'><strong>[Lege</strong></span> <span class='ocrx_word' id='word_1_360' title='bbox 2986 2554 3276 2631; x_wconf 86' lang='lat' dir='ltr'><strong>indicavit].</strong></span> 
     </span>
    </p>
   </div>
   <div class='ocr_carea' id='block_1_56' title="bbox 2015 2631 3540 2720">
    <p class='ocr_par' dir='ltr' id='par_1_56' title="bbox 2015 2631 3540 2720">
     <span class='ocr_line' id='line_1_56' title="bbox 2015 2631 3540 2720; baseline 0.018 -34"><span class='ocrx_word' id='word_1_361' title='bbox 2015 2631 2123 2687; x_wconf 86' lang='lat' dir='ltr'><strong>Sed</strong></span> <span class='ocrx_word' id='word_1_362' title='bbox 2153 2650 2294 2689; x_wconf 91' lang='lat' dir='ltr'><strong>nunc</strong></span> <span class='ocrx_word' id='word_1_363' title='bbox 2342 2652 2499 2702; x_wconf 90' lang='lat' dir='ltr'><strong>eum,</strong></span> <span class='ocrx_word' id='word_1_364' title='bbox 2551 2646 2770 2697; x_wconf 88' lang='lat' dir='ltr'><strong>mutatis</strong></span> <span class='ocrx_word' id='word_1_365' title='bbox 2797 2647 3034 2702; x_wconf 91' lang='lat' dir='ltr'><strong>omnium</strong></span> <span class='ocrx_word' id='word_1_366' title='bbox 3074 2653 3281 2720; x_wconf 87' lang='lat' dir='ltr'><strong>gaudiis</strong></span> <span class='ocrx_word' id='word_1_367' title='bbox 3322 2655 3374 2709; x_wconf 91' lang='lat' dir='ltr'><strong>in</strong></span> <span class='ocrx_word' id='word_1_368' title='bbox 3407 2672 3540 2715; x_wconf 73' lang='lat' dir='ltr'><strong>mm~</strong></span> 
     </span>
    </p>
   </div>
   <div class='ocr_carea' id='block_1_57' title="bbox 1943 2723 3534 2813">
    <p class='ocr_par' dir='ltr' id='par_1_57' title="bbox 1943 2723 3534 2813">
     <span class='ocr_line' id='line_1_57' title="bbox 1943 2723 3534 2813; baseline 0.019 -39"><span class='ocrx_word' id='word_1_369' title='bbox 1943 2736 2117 2776; x_wconf 90' lang='lat' dir='ltr'><strong>rorem</strong></span> <span class='ocrx_word' id='word_1_370' title='bbox 2134 2765 2149 2789; x_wconf 95' lang='lat'><strong>,</strong></span> <span class='ocrx_word' id='word_1_371' title='bbox 2174 2723 2429 2782; x_wconf 66' lang='lat' dir='ltr'><strong>Ecclesia:</strong></span> <span class='ocrx_word' id='word_1_372' title='bbox 2453 2729 2837 2788; x_wconf 69' lang='lat' dir='ltr'><strong>Alexandrina:</strong></span> <span class='ocrx_word' id='word_1_373' title='bbox 2860 2741 3207 2805; x_wconf 87' lang='lat' dir='ltr'><strong>cognovimus</strong></span> <span class='ocrx_word' id='word_1_374' title='bbox 3226 2746 3534 2813; x_wconf 76' lang='lat' dir='ltr'><strong>prtesidere.</strong></span> 
     </span>
    </p>
   </div>
   <div class='ocr_carea' id='block_1_58' title="bbox 1944 2809 3537 2904">
    <p class='ocr_par' dir='ltr' id='par_1_58' title="bbox 1944 2809 3537 2904">
     <span class='ocr_line' id='line_1_58' title="bbox 1944 2809 3537 2904; baseline 0.019 -41"><span class='ocrx_word' id='word_1_375' title='bbox 1944 2809 2097 2877; x_wconf 88' lang='lat' dir='ltr'><strong>Quod</strong></span> <span class='ocrx_word' id='word_1_376' title='bbox 2126 2813 2169 2867; x_wconf 92' lang='lat' dir='ltr'><strong>si</strong></span> <span class='ocrx_word' id='word_1_377' title='bbox 2200 2829 2384 2869; x_wconf 91' lang='lat' dir='ltr'><strong>verum</strong></span> <span class='ocrx_word' id='word_1_378' title='bbox 2412 2826 2496 2873; x_wconf 91' lang='lat' dir='ltr'><strong>est</strong></span> <span class='ocrx_word' id='word_1_379' title='bbox 2523 2818 2605 2892; x_wconf 93' lang='lat' dir='ltr'><strong>(ut</strong></span> <span class='ocrx_word' id='word_1_380' title='bbox 2627 2820 3090 2883; x_wconf 88' lang='lat' dir='ltr'><strong>Christianissimo</strong></span> <span class='ocrx_word' id='word_1_381' title='bbox 3108 2809 3337 2904; x_wconf 83' lang='lat' dir='ltr'><strong>principi</strong></span> <span class='ocrx_word' id='word_1_382' title='bbox 3354 2852 3537 2894; x_wconf 87' lang='lat' dir='ltr'><strong>coram</strong></span> 
     </span>
    </p>
   </div>
   <div class='ocr_carea' id='block_1_59' title="bbox 1941 2902 3538 3006">
    <p class='ocr_par' dir='ltr' id='par_1_59' title="bbox 1941 2902 3538 3006">
     <span class='ocr_line' id='line_1_59' title="bbox 1941 2902 3538 3006; baseline 0.021 -50"><span class='ocrx_word' id='word_1_383' title='bbox 1941 2902 2050 2959; x_wconf 89' lang='lat' dir='ltr'><strong>Deo</strong></span> <span class='ocrx_word' id='word_1_384' title='bbox 2092 2905 2416 2965; x_wconf 85' lang='lat' dir='ltr'><strong>lidncialiter</strong></span> <span class='ocrx_word' id='word_1_385' title='bbox 2441 2920 2524 2967; x_wconf 88' lang='lat' dir='ltr'><strong>est</strong></span> <span class='ocrx_word' id='word_1_386' title='bbox 2570 2912 2919 2990; x_wconf 87' lang='lat' dir='ltr'><strong>faciendum),</strong></span> <span class='ocrx_word' id='word_1_387' title='bbox 2965 2922 3149 2979; x_wconf 90' lang='lat' dir='ltr'><strong>divino</strong></span> <span class='ocrx_word' id='word_1_388' title='bbox 3173 2902 3377 2996; x_wconf 84' lang='lat' dir='ltr'><strong>judicio</strong></span> <span class='ocrx_word' id='word_1_389' title='bbox 3416 2948 3538 3006; x_wconf 66' lang='lat' dir='ltr'><strong>sug-u</strong></span> 
     </span>
    </p>
   </div>
   <div class='ocr_carea' id='block_1_60' title="bbox 1936 2997 3538 3085">
    <p class='ocr_par' dir='ltr' id='par_1_60' title="bbox 1936 2997 3538 3085">
     <span class='ocr_line' id='line_1_60' title="bbox 1936 2997 3538 3085; baseline 0.019 -34"><span class='ocrx_word' id='word_1_390' title='bbox 1936 2997 2172 3065; x_wconf 78' lang='lat' dir='ltr'><strong>gerimus</strong></span> <span class='ocrx_word' id='word_1_391' title='bbox 2230 3016 2335 3055; x_wconf 92' lang='lat' dir='ltr'><strong>non</strong></span> <span class='ocrx_word' id='word_1_392' title='bbox 2388 3002 2579 3062; x_wconf 87' lang='lat' dir='ltr'><strong>leviter</strong></span> <span class='ocrx_word' id='word_1_393' title='bbox 2638 3023 2759 3065; x_wconf 89' lang='lat' dir='ltr'><strong>esse</strong></span> <span class='ocrx_word' id='word_1_394' title='bbox 2811 3015 3179 3085; x_wconf 89' lang='lat' dir='ltr'><strong>pensandum,</strong></span> <span class='ocrx_word' id='word_1_395' title='bbox 3231 3023 3332 3077; x_wconf 89' lang='lat' dir='ltr'><strong>nisi</strong></span> <span class='ocrx_word' id='word_1_396' title='bbox 3374 3028 3538 3083; x_wconf 87' lang='lat' dir='ltr'><strong>certis</strong></span> 
     </span>
    </p>
   </div>
   <div class='ocr_carea' id='block_1_61' title="bbox 1937 3090 3536 3185">
    <p class='ocr_par' dir='ltr' id='par_1_61' title="bbox 1937 3090 3536 3185">
     <span class='ocr_line' id='line_1_61' title="bbox 1937 3090 3536 3185; baseline 0.02 -42"><span class='ocrx_word' id='word_1_397' title='bbox 1937 3090 2221 3160; x_wconf 88' lang='lat' dir='ltr'><strong>remediis,</strong></span> <span class='ocrx_word' id='word_1_398' title='bbox 2269 3096 2411 3165; x_wconf 90' lang='lat' dir='ltr'><strong>quod</strong></span> <span class='ocrx_word' id='word_1_399' title='bbox 2440 3099 2494 3153; x_wconf 92' lang='lat' dir='ltr'><strong>in</strong></span> <span class='ocrx_word' id='word_1_400' title='bbox 2536 3103 2915 3160; x_wconf 88' lang='lat' dir='ltr'><strong>contumeliam</strong></span> <span class='ocrx_word' id='word_1_401' title='bbox 2944 3105 3041 3163; x_wconf 89' lang='lat' dir='ltr'><strong>Dei</strong></span> <span class='ocrx_word' id='word_1_402' title='bbox 3077 3110 3272 3169; x_wconf 86' lang='lat' dir='ltr'><strong>factum</strong></span> <span class='ocrx_word' id='word_1_403' title='bbox 3318 3116 3536 3185; x_wconf 85' lang='lat' dir='ltr'><strong>dicitur,</strong></span> 
     </span>
    </p>
   </div>
   <div class='ocr_carea' id='block_1_62' title="bbox 224 3178 3538 3278">
    <p class='ocr_par' dir='ltr' id='par_1_62' title="bbox 224 3178 3538 3278">
     <span class='ocr_line' id='line_1_62' title="bbox 224 3178 3538 3278; baseline 0.021 -50"><span class='ocrx_word' id='word_1_404' title='bbox 224 3178 480 3234; x_wconf 83' lang='lat' dir='ltr'><strong>veritatis</strong></span> <span class='ocrx_word' id='word_1_405' title='bbox 508 3183 714 3239; x_wconf 85' lang='lat' dir='ltr'><strong>cautela</strong></span> <span class='ocrx_word' id='word_1_406' title='bbox 746 3184 1018 3259; x_wconf 89' lang='lat' dir='ltr'><strong>deposcit,</strong></span> <span class='ocrx_word' id='word_1_407' title='bbox 1052 3206 1115 3249; x_wconf 84' lang='lat' dir='ltr'><strong>ex</strong></span> <span class='ocrx_word' id='word_1_408' title='bbox 1163 3197 1307 3252; x_wconf 91' lang='lat' dir='ltr'><strong>omni</strong></span> <span class='ocrx_word' id='word_1_409' title='bbox 1340 3199 1452 3254; x_wconf 89' lang='lat' dir='ltr'><strong>lieri</strong></span> <span class='ocrx_word' id='word_1_410' title='bbox 1505 3212 1654 3271; x_wconf 89' lang='lat' dir='ltr'><strong>parte</strong></span> <span class='ocrx_word' id='word_1_411' title='bbox 1696 3222 1829 3263; x_wconf 83' lang='lat' dir='ltr'><strong>con-</strong></span> <span class='ocrx_word' id='word_1_412' title='bbox 1859 3207 1905 3270; x_wconf 90' lang='lat' dir='ltr'><strong>C</strong></span> <span class='ocrx_word' id='word_1_413' title='bbox 1937 3180 2099 3278; x_wconf 52' lang='lat' dir='ltr'><strong>mem</strong></span> <span class='ocrx_word' id='word_1_414' title='bbox 2138 3186 2435 3278; x_wconf 53' lang='grc' dir='ltr'><strong>βκρίθωηλ</strong></span> <span class='ocrx_word' id='word_1_415' title='bbox 2473 3189 2538 3246; x_wconf 63' lang='grc' dir='ltr'>Ει</span> <span class='ocrx_word' id='word_1_416' title='bbox 2575 3194 2701 3263; x_wconf 67' lang='lat' dir='ltr'><strong>quia</strong></span> <span class='ocrx_word' id='word_1_417' title='bbox 2733 3193 2893 3266; x_wconf 62' lang='grc'><strong>(⁸⁵⁸³⁸³⁸</strong></span> <span class='ocrx_word' id='word_1_418' title='bbox 2930 3204 3187 3271; x_wconf 55' lang='lat' dir='ltr'><strong>scriptum</strong></span> <span class='ocrx_word' id='word_1_419' title='bbox 3236 3208 3341 3278; x_wconf 68' lang='grc'><strong>⁸³³⁸)</strong></span> <span class='ocrx_word' id='word_1_420' title='bbox 3383 3212 3538 3266; x_wconf 62' lang='grc' dir='ltr'><strong>³⁸⁷⁸ί¹¹³</strong></span> 
     </span>
    </p>
   </div>
   <div class='ocr_carea' id='block_1_63' title="bbox 228 3273 488 3326">
    <p class='ocr_par' dir='ltr' id='par_1_63' title="bbox 228 3273 488 3326">
     <span class='ocr_line' id='line_1_63' title="bbox 228 3273 488 3326; baseline 0.031 -7"><span class='ocrx_word' id='word_1_421' title='bbox 228 3273 488 3326; x_wconf 71' lang='lat' dir='ltr'><strong>stantem.</strong></span> 
     </span>
    </p>
   </div>
   <div class='ocr_carea' id='block_1_64' title="bbox 839 3396 1209 3459">
    <p class='ocr_par' dir='ltr' id='par_1_64' title="bbox 839 3396 1209 3459">
     <span class='ocr_line' id='line_1_64' title="bbox 839 3396 1209 3459; baseline 0.024 -8"><span class='ocrx_word' id='word_1_422' title='bbox 839 3396 1209 3459; x_wconf 80' lang='lat' dir='ltr'><strong>DECRETUM</strong></span> 
     </span>
    </p>
   </div>
   <div class='ocr_carea' id='block_1_65' title="bbox 776 3524 1283 3573">
    <p class='ocr_par' dir='ltr' id='par_1_65' title="bbox 776 3524 1283 3573">
     <span class='ocr_line' id='line_1_65' title="bbox 776 3524 1283 3573; baseline 0.028 -13"><span class='ocrx_word' id='word_1_423' title='bbox 776 3524 972 3565; x_wconf 65' lang='lat' dir='ltr'><strong>FELICIS</strong></span> <span class='ocrx_word' id='word_1_424' title='bbox 1014 3530 1161 3570; x_wconf 66' lang='lat' dir='ltr'><strong>PAPE</strong></span> <span class='ocrx_word' id='word_1_425' title='bbox 1204 3534 1283 3573; x_wconf 82' lang='grc'><strong>111.</strong></span> 
     </span>
    </p>
   </div>
   <div class='ocr_carea' id='block_1_66' title="bbox 660 3618 1420 3693">
    <p class='ocr_par' dir='ltr' id='par_1_66' title="bbox 660 3618 1420 3693">
     <span class='ocr_line' id='line_1_66' title="bbox 660 3618 1420 3693; baseline 0.024 -30"><span class='ocrx_word' id='word_1_426' title='bbox 660 3624 754 3673; x_wconf 58' lang='lat' dir='ltr'><strong>rex</strong></span> <span class='ocrx_word' id='word_1_427' title='bbox 793 3618 1025 3670; x_wconf 85' lang='lat' dir='ltr'><strong>Gratiano</strong></span> <span class='ocrx_word' id='word_1_428' title='bbox 1058 3624 1420 3693; x_wconf 83' lang='lat' dir='ltr'><strong>desumptum.)</strong></span> 
     </span>
    </p>
   </div>
   <div class='ocr_carea' id='block_1_67' title="bbox 223 3731 1833 3823">
    <p class='ocr_par' dir='ltr' id='par_1_67' title="bbox 223 3731 1833 3823">
     <span class='ocr_line' id='line_1_67' title="bbox 223 3731 1833 3823; baseline 0.023 -38"><span class='ocrx_word' id='word_1_429' title='bbox 223 3731 295 3786; x_wconf 80' lang='lat' dir='ltr'><strong>In</strong></span> <span class='ocrx_word' id='word_1_430' title='bbox 330 3734 689 3793; x_wconf 77' lang='lat' dir='ltr'><strong>ecclesiasticis</strong></span> <span class='ocrx_word' id='word_1_431' title='bbox 730 3745 895 3797; x_wconf 80' lang='lat' dir='ltr'><strong>causis</strong></span> <span class='ocrx_word' id='word_1_432' title='bbox 925 3749 1065 3816; x_wconf 82' lang='lat' dir='ltr'><strong>regia</strong></span> <span class='ocrx_word' id='word_1_433' title='bbox 1106 3753 1337 3809; x_wconf 82' lang='lat' dir='ltr'><strong>voluntas</strong></span> <span class='ocrx_word' id='word_1_434' title='bbox 1366 3761 1713 3820; x_wconf 78' lang='lat' dir='ltr'><strong>sacerdotibus</strong></span> <span class='ocrx_word' id='word_1_435' title='bbox 1759 3778 1833 3823; x_wconf 83' lang='lat' dir='ltr'><strong>est</strong></span> 
     </span>
    </p>
   </div>
   <div class='ocr_carea' id='block_1_68' title="bbox 840 3823 1208 3887">
    <p class='ocr_par' dir='ltr' id='par_1_68' title="bbox 840 3823 1208 3887">
     <span class='ocr_line' id='line_1_68' title="bbox 840 3823 1208 3887; baseline 0.024 -19"><span class='ocrx_word' id='word_1_436' title='bbox 840 3823 1208 3887; x_wconf 81' lang='lat' dir='ltr'><strong>postponenda.</strong></span> 
     </span>
    </p>
   </div>
   <div class='ocr_carea' id='block_1_69' title="bbox 297 3959 1829 4055">
    <p class='ocr_par' dir='ltr' id='par_1_69' title="bbox 297 3959 1829 4055">
     <span class='ocr_line' id='line_1_69' title="bbox 297 3959 1829 4055; baseline 0.023 -43"><span class='ocrx_word' id='word_1_437' title='bbox 297 3959 529 4014; x_wconf 90' lang='lat' dir='ltr'><strong>Certum</strong></span> <span class='ocrx_word' id='word_1_438' title='bbox 562 3972 643 4018; x_wconf 87' lang='lat' dir='ltr'><strong>est</strong></span> <span class='ocrx_word' id='word_1_439' title='bbox 670 3963 769 4020; x_wconf 89' lang='lat' dir='ltr'><strong>hoc</strong></span> <span class='ocrx_word' id='word_1_440' title='bbox 793 3968 951 4025; x_wconf 81' lang='lat' dir='ltr'><strong>rebus</strong></span> <span class='ocrx_word' id='word_1_441' title='bbox 983 3976 1173 4029; x_wconf 89' lang='lat' dir='ltr'><strong>vestris</strong></span> <span class='ocrx_word' id='word_1_442' title='bbox 1197 3992 1314 4035; x_wconf 90' lang='lat' dir='ltr'><strong>esse</strong></span> <span class='ocrx_word' id='word_1_443' title='bbox 1341 3984 1574 4041; x_wconf 89' lang='lat' dir='ltr'><strong>salutare</strong></span> <span class='ocrx_word' id='word_1_444' title='bbox 1591 4030 1605 4055; x_wconf 92' lang='lat'><strong>,</strong></span> <span class='ocrx_word' id='word_1_445' title='bbox 1627 4000 1685 4043; x_wconf 89' lang='lat' dir='ltr'><strong>ut</strong></span> <span class='ocrx_word' id='word_1_446' title='bbox 1710 4008 1829 4049; x_wconf 80' lang='lat' dir='ltr'><strong>cum</strong></span> 
     </span>
    </p>
   </div>
   <div class='ocr_carea' id='block_1_70' title="bbox 220 4054 1832 4150">
    <p class='ocr_par' dir='ltr' id='par_1_70' title="bbox 220 4054 1832 4150">
     <span class='ocr_line' id='line_1_70' title="bbox 220 4054 1832 4150; baseline 0.022 -44"><span class='ocrx_word' id='word_1_447' title='bbox 220 4054 294 4110; x_wconf 83' lang='lat' dir='ltr'><strong>de</strong></span> <span class='ocrx_word' id='word_1_448' title='bbox 328 4056 513 4110; x_wconf 86' lang='lat' dir='ltr'><strong>causis</strong></span> <span class='ocrx_word' id='word_1_449' title='bbox 536 4056 631 4112; x_wconf 90' lang='lat' dir='ltr'><strong>Dei</strong></span> <span class='ocrx_word' id='word_1_450' title='bbox 661 4060 853 4129; x_wconf 81' lang='lat' dir='ltr'><strong>agitur,</strong></span> <span class='ocrx_word' id='word_1_451' title='bbox 890 4066 1040 4131; x_wconf 81' lang='lat' dir='ltr'><strong>juxta</strong></span> <span class='ocrx_word' id='word_1_452' title='bbox 1063 4068 1228 4136; x_wconf 90' lang='lat' dir='ltr'><strong>ipsius</strong></span> <span class='ocrx_word' id='word_1_453' title='bbox 1255 4078 1713 4150; x_wconf 85' lang='lat' dir='ltr'><strong>constitutionem,</strong></span> <span class='ocrx_word' id='word_1_454' title='bbox 1747 4102 1832 4142; x_wconf 86' lang='lat' dir='ltr'><strong>re-</strong></span> 
     </span>
    </p>
   </div>
   <div class='ocr_carea' id='block_1_71' title="bbox 218 4147 1832 4234">
    <p class='ocr_par' dir='ltr' id='par_1_71' title="bbox 218 4147 1832 4234">
     <span class='ocr_line' id='line_1_71' title="bbox 218 4147 1832 4234; baseline 0.021 -34"><span class='ocrx_word' id='word_1_455' title='bbox 218 4147 373 4217; x_wconf 85' lang='lat' dir='ltr'><strong>giam</strong></span> <span class='ocrx_word' id='word_1_456' title='bbox 406 4148 735 4206; x_wconf 87' lang='lat' dir='ltr'><strong>voluntatem</strong></span> <span class='ocrx_word' id='word_1_457' title='bbox 776 4157 1145 4216; x_wconf 86' lang='lat' dir='ltr'><strong>sacerdotibus</strong></span> <span class='ocrx_word' id='word_1_458' title='bbox 1175 4162 1371 4221; x_wconf 89' lang='lat' dir='ltr'><strong>Christi</strong></span> <span class='ocrx_word' id='word_1_459' title='bbox 1418 4173 1674 4230; x_wconf 80' lang='lat' dir='ltr'><strong>studentis</strong></span> <span class='ocrx_word' id='word_1_460' title='bbox 1698 4147 1832 4234; x_wconf 83' lang='lat' dir='ltr'><strong>sub-</strong></span> 
     </span>
    </p>
   </div>
   <div class='ocr_carea' id='block_1_72' title="bbox 223 4240 1830 4341">
    <p class='ocr_par' dir='ltr' id='par_1_72' title="bbox 223 4240 1830 4341">
     <span class='ocr_line' id='line_1_72' title="bbox 223 4240 1830 4341; baseline 0.024 -46"><span class='ocrx_word' id='word_1_461' title='bbox 223 4240 361 4297; x_wconf 86' lang='lat' dir='ltr'><strong>:lere</strong></span> <span class='ocrx_word' id='word_1_462' title='bbox 396 4256 502 4297; x_wconf 89' lang='lat' dir='ltr'><strong>non</strong></span> <span class='ocrx_word' id='word_1_463' title='bbox 526 4246 814 4314; x_wconf 69' lang='lat' dir='ltr'><strong>prmferre;</strong></span> <span class='ocrx_word' id='word_1_464' title='bbox 848 4260 903 4306; x_wconf 90' lang='lat' dir='ltr'><strong>et</strong></span> <span class='ocrx_word' id='word_1_465' title='bbox 930 4268 1271 4316; x_wconf 84' lang='lat' dir='ltr'><strong>sacrosancta</strong></span> <span class='ocrx_word' id='word_1_466' title='bbox 1297 4280 1391 4333; x_wconf 91' lang='lat' dir='ltr'><strong>per</strong></span> <span class='ocrx_word' id='word_1_467' title='bbox 1412 4284 1597 4327; x_wconf 90' lang='lat' dir='ltr'><strong>eorum</strong></span> <span class='ocrx_word' id='word_1_468' title='bbox 1626 4269 1830 4341; x_wconf 61' lang='lat' dir='ltr'><strong>praesu-</strong></span> 
     </span>
    </p>
   </div>
   <div class='ocr_carea' id='block_1_73' title="bbox 216 4334 1826 4425">
    <p class='ocr_par' dir='ltr' id='par_1_73' title="bbox 216 4334 1826 4425">
     <span class='ocr_line' id='line_1_73' title="bbox 216 4334 1826 4425; baseline 0.024 -38"><span class='ocrx_word' id='word_1_469' title='bbox 216 4334 302 4390; x_wconf 82' lang='lat' dir='ltr'><strong>les</strong></span> <span class='ocrx_word' id='word_1_470' title='bbox 340 4335 529 4405; x_wconf 90' lang='lat' dir='ltr'><strong>potius</strong></span> <span class='ocrx_word' id='word_1_471' title='bbox 560 4339 767 4397; x_wconf 90' lang='lat' dir='ltr'><strong>discere</strong></span> <span class='ocrx_word' id='word_1_472' title='bbox 807 4360 964 4415; x_wconf 89' lang='lat' dir='ltr'><strong>quam</strong></span> <span class='ocrx_word' id='word_1_473' title='bbox 1009 4349 1238 4420; x_wconf 90' lang='lat' dir='ltr'><strong>docere;</strong></span> <span class='ocrx_word' id='word_1_474' title='bbox 1266 4344 1680 4421; x_wconf 77' lang='lat' dir='ltr'><strong>ecclesiasdcam</strong></span> <span class='ocrx_word' id='word_1_475' title='bbox 1717 4369 1826 4425; x_wconf 88' lang='lat' dir='ltr'><strong>for-</strong></span> 
     </span>
    </p>
   </div>
   <div class='ocr_carea' id='block_1_74' title="bbox 214 4432 1825 4532">
    <p class='ocr_par' dir='ltr' id='par_1_74' title="bbox 214 4432 1825 4532">
     <span class='ocr_line' id='line_1_74' title="bbox 214 4432 1825 4532; baseline 0.024 -50"><span class='ocrx_word' id='word_1_476' title='bbox 214 4444 372 4484; x_wconf 87' lang='lat' dir='ltr'><strong>mam</strong></span> <span class='ocrx_word' id='word_1_477' title='bbox 406 4432 590 4502; x_wconf 89' lang='lat' dir='ltr'><strong>scqui,</strong></span> <span class='ocrx_word' id='word_1_478' title='bbox 625 4451 728 4491; x_wconf 91' lang='lat' dir='ltr'><strong>non</strong></span> <span class='ocrx_word' id='word_1_479' title='bbox 762 4437 914 4505; x_wconf 85' lang='lat' dir='ltr'><strong>huic,</strong></span> <span class='ocrx_word' id='word_1_480' title='bbox 961 4443 1269 4504; x_wconf 88' lang='lat' dir='ltr'><strong>humanitus</strong></span> <span class='ocrx_word' id='word_1_481' title='bbox 1296 4455 1676 4530; x_wconf 87' lang='lat' dir='ltr'><strong>obsequendo,</strong></span> <span class='ocrx_word' id='word_1_482' title='bbox 1708 4464 1825 4532; x_wconf 87' lang='lat' dir='ltr'><strong>jura</strong></span> 
     </span>
    </p>
   </div>
   <div class='ocr_carea' id='block_1_75' title="bbox 210 4522 1827 4611">
    <p class='ocr_par' dir='ltr' id='par_1_75' title="bbox 210 4522 1827 4611">
     <span class='ocr_line' id='line_1_75' title="bbox 210 4522 1827 4611; baseline 0.024 -38"><span class='ocrx_word' id='word_1_483' title='bbox 210 4522 549 4591; x_wconf 64' lang='lat' dir='ltr'><strong>prmiigere;</strong></span> <span class='ocrx_word' id='word_1_484' title='bbox 594 4542 765 4596; x_wconf 88' lang='lat' dir='ltr'><strong>neque</strong></span> <span class='ocrx_word' id='word_1_485' title='bbox 796 4531 846 4583; x_wconf 92' lang='lat' dir='ltr'><strong>in</strong></span> <span class='ocrx_word' id='word_1_486' title='bbox 879 4532 994 4601; x_wconf 85' lang='lat' dir='ltr'><strong>ejus</strong></span> <span class='ocrx_word' id='word_1_487' title='bbox 1021 4540 1385 4599; x_wconf 90' lang='lat' dir='ltr'><strong>sanctionibus</strong></span> <span class='ocrx_word' id='word_1_488' title='bbox 1417 4550 1554 4604; x_wconf 90' lang='lat' dir='ltr'><strong>velle</strong></span> <span class='ocrx_word' id='word_1_489' title='bbox 1585 4552 1827 4611; x_wconf 84' lang='lat' dir='ltr'><strong>domina-</strong></span> 
     </span>
    </p>
   </div>
   <div class='ocr_carea' id='block_1_76' title="bbox 208 4612 1824 4707">
    <p class='ocr_par' dir='ltr' id='par_1_76' title="bbox 208 4612 1824 4707">
     <span class='ocr_line' id='line_1_76' title="bbox 208 4612 1824 4707; baseline 0.024 -42"><span class='ocrx_word' id='word_1_490' title='bbox 208 4612 296 4676; x_wconf 90' lang='lat' dir='ltr'><strong>ri,</strong></span> <span class='ocrx_word' id='word_1_491' title='bbox 327 4622 356 4651; x_wconf 69' lang='grc'><strong>⁸</strong></span> <span class='ocrx_word' id='word_1_492' title='bbox 386 4616 548 4682; x_wconf 87' lang='lat' dir='ltr'><strong>cujus</strong></span> <span class='ocrx_word' id='word_1_493' title='bbox 576 4618 876 4678; x_wconf 63' lang='lat' dir='ltr'><strong>clementia:</strong></span> <span class='ocrx_word' id='word_1_494' title='bbox 901 4625 1037 4681; x_wconf 84' lang='lat' dir='ltr'><strong>Deus</strong></span> <span class='ocrx_word' id='word_1_495' title='bbox 1071 4631 1235 4687; x_wconf 87' lang='lat' dir='ltr'><strong>voluit</strong></span> <span class='ocrx_word' id='word_1_496' title='bbox 1258 4644 1361 4690; x_wconf 69' lang='lat' dir='ltr'><strong>tuae</strong></span> <span class='ocrx_word' id='word_1_497' title='bbox 1390 4639 1491 4707; x_wconf 62' lang='lat' dir='ltr'><strong>piae</strong></span> <span class='ocrx_word' id='word_1_498' title='bbox 1520 4642 1824 4704; x_wconf 89' lang='lat' dir='ltr'><strong>devotionis</strong></span> 
     </span>
    </p>
   </div>
   <div class='ocr_carea' id='block_1_77' title="bbox 207 4708 1823 4810">
    <p class='ocr_par' dir='ltr' id='par_1_77' title="bbox 207 4708 1823 4810">
     <span class='ocr_line' id='line_1_77' title="bbox 207 4708 1823 4810; baseline 0.025 -52"><span class='ocrx_word' id='word_1_499' title='bbox 207 4708 355 4761; x_wconf 89' lang='lat' dir='ltr'><strong>colla</strong></span> <span class='ocrx_word' id='word_1_500' title='bbox 391 4708 752 4769; x_wconf 87' lang='lat' dir='ltr'><strong>submittere:</strong></span> <span class='ocrx_word' id='word_1_501' title='bbox 781 4731 876 4785; x_wconf 89' lang='lat' dir='ltr'><strong>ne,</strong></span> <span class='ocrx_word' id='word_1_502' title='bbox 915 4717 1040 4775; x_wconf 91' lang='lat' dir='ltr'><strong>dum</strong></span> <span class='ocrx_word' id='word_1_503' title='bbox 1071 4737 1319 4781; x_wconf 88' lang='lat' dir='ltr'><strong>mensura</strong></span> <span class='ocrx_word' id='word_1_504' title='bbox 1351 4732 1583 4788; x_wconf 70' lang='lat' dir='ltr'><strong>cmlesds</strong></span> <span class='ocrx_word' id='word_1_505' title='bbox 1608 4738 1823 4810; x_wconf 83' lang='lat' dir='ltr'><strong>dispen-</strong></span> 
     </span>
    </p>
   </div>
   <div class='ocr_carea' id='block_1_78' title="bbox 209 4801 1819 4897">
    <p class='ocr_par' dir='ltr' id='par_1_78' title="bbox 209 4801 1819 4897">
     <span class='ocr_line' id='line_1_78' title="bbox 209 4801 1819 4897; baseline 0.022 -41"><span class='ocrx_word' id='word_1_506' title='bbox 209 4801 458 4856; x_wconf 83' lang='lat' dir='ltr'><strong>Sationis</strong></span> <span class='ocrx_word' id='word_1_507' title='bbox 488 4804 785 4874; x_wconf 88' lang='lat' dir='ltr'><strong>exceditur,</strong></span> <span class='ocrx_word' id='word_1_508' title='bbox 804 4819 958 4865; x_wconf 86' lang='lat' dir='ltr'><strong>eatur</strong></span> <span class='ocrx_word' id='word_1_509' title='bbox 986 4814 1040 4867; x_wconf 91' lang='lat' dir='ltr'><strong>in</strong></span> <span class='ocrx_word' id='word_1_510' title='bbox 1072 4822 1450 4878; x_wconf 88' lang='lat' dir='ltr'><strong>contumeliam</strong></span> <span class='ocrx_word' id='word_1_511' title='bbox 1468 4801 1819 4897; x_wconf 73' lang='lat' dir='ltr'><strong>disponentis.</strong></span> 
     </span>
    </p>
   </div>
   <div class='ocr_carea' id='block_1_79' title="bbox 284 4944 1351 5017">
    <p class='ocr_par' dir='ltr' id='par_1_79' title="bbox 284 4944 1351 5017">
     <span class='ocr_line' id='line_1_79' title="bbox 284 4944 1351 5017; baseline 0.024 -26"><span class='ocrx_word' id='word_1_512' title='bbox 284 4953 311 5017; x_wconf 59' lang='grc' dir='ltr'>ξι</span> <span class='ocrx_word' id='word_1_513' title='bbox 355 4944 465 5017; x_wconf 76' lang='lat' dir='ltr'><strong>Cui</strong></span> <span class='ocrx_word' id='word_1_514' title='bbox 492 4944 630 5000; x_wconf 85' lang='lat' dir='ltr'><strong>Deus</strong></span> <span class='ocrx_word' id='word_1_515' title='bbox 669 4949 827 5003; x_wconf 83' lang='lat' dir='ltr'><strong>voluit</strong></span> <span class='ocrx_word' id='word_1_516' title='bbox 858 4952 1169 5009; x_wconf 84' lang='lat' dir='ltr'><strong>clementiam</strong></span> <span class='ocrx_word' id='word_1_517' title='bbox 1210 4968 1351 5017; x_wconf 83' lang='lat' dir='ltr'><strong>tuam</strong></span> 
     </span>
    </p>
   </div>
   <div class='ocr_carea' id='block_1_80' title="bbox 214 5015 1303 5093">
    <p class='ocr_par' dir='ltr' id='par_1_80' title="bbox 214 5015 1303 5093">
     <span class='ocr_line' id='line_1_80' title="bbox 214 5015 1303 5093; baseline 0.018 -26"><span class='ocrx_word' id='word_1_518' title='bbox 214 5029 230 5067; x_wconf 78' lang='grc' dir='ltr'><strong>ι</strong></span> <span class='ocrx_word' id='word_1_519' title='bbox 267 5015 544 5071; x_wconf 82' lang='lat' dir='ltr'><strong>Gratiano</strong></span> <span class='ocrx_word' id='word_1_520' title='bbox 571 5017 744 5074; x_wconf 89' lang='lat' dir='ltr'><strong>aliove</strong></span> <span class='ocrx_word' id='word_1_521' title='bbox 774 5021 1106 5093; x_wconf 81' lang='lat' dir='ltr'><strong>decerptum.</strong></span> <span class='ocrx_word' id='word_1_522' title='bbox 1140 5029 1303 5086; x_wconf 68' lang='lat' dir='ltr'><strong>Lana.</strong></span> 
     </span>
    </p>
   </div>
   <div class='ocr_carea' id='block_1_81' title="bbox 1936 3275 3537 3370">
    <p class='ocr_par' dir='ltr' id='par_1_81' title="bbox 1936 3275 3537 3370">
     <span class='ocr_line' id='line_1_81' title="bbox 1936 3275 3537 3370; baseline 0.019 -44"><span class='ocrx_word' id='word_1_523' title='bbox 1936 3275 2146 3329; x_wconf 88' lang='lat' dir='ltr'><strong>membri</strong></span> <span class='ocrx_word' id='word_1_524' title='bbox 2174 3286 2332 3332; x_wconf 86' lang='lat' dir='ltr'><strong>totum</strong></span> <span class='ocrx_word' id='word_1_525' title='bbox 2379 3297 2562 3354; x_wconf 85' lang='lat' dir='ltr'><strong>corpus</strong></span> <span class='ocrx_word' id='word_1_526' title='bbox 2601 3287 2798 3356; x_wconf 81' lang='lat' dir='ltr'><strong>patitur</strong></span> <span class='ocrx_word' id='word_1_527' title='bbox 2827 3292 3086 3359; x_wconf 79' lang='lat' dir='ltr'><strong>passiones</strong></span> <span class='ocrx_word' id='word_1_528' title='bbox 3133 3296 3217 3367; x_wconf 87' lang='lat' dir='ltr'><strong>(Il</strong></span> <span class='ocrx_word' id='word_1_529' title='bbox 3257 3275 3379 3357; x_wconf 75' lang='lat' dir='ltr'><strong>Cor.</strong></span> <span class='ocrx_word' id='word_1_530' title='bbox 3417 3302 3537 3370; x_wconf 89' lang='grc' dir='ltr'>ιιι),</span> 
     </span>
    </p>
   </div>
   <div class='ocr_carea' id='block_1_82' title="bbox 1934 3366 3534 3460">
    <p class='ocr_par' dir='ltr' id='par_1_82' title="bbox 1934 3366 3534 3460">
     <span class='ocr_line' id='line_1_82' title="bbox 1934 3366 3534 3460; baseline 0.02 -42"><span class='ocrx_word' id='word_1_531' title='bbox 1934 3366 1986 3420; x_wconf 91' lang='lat' dir='ltr'><strong>in</strong></span> <span class='ocrx_word' id='word_1_532' title='bbox 2010 3381 2233 3435; x_wconf 90' lang='lat' dir='ltr'><strong>persona</strong></span> <span class='ocrx_word' id='word_1_533' title='bbox 2265 3370 2382 3441; x_wconf 90' lang='lat' dir='ltr'><strong>ejus</strong></span> <span class='ocrx_word' id='word_1_534' title='bbox 2402 3375 2637 3432; x_wconf 81' lang='lat' dir='ltr'><strong>Orientis</strong></span> <span class='ocrx_word' id='word_1_535' title='bbox 2662 3381 3043 3441; x_wconf 90' lang='lat' dir='ltr'><strong>concutiuntur</strong></span> <span class='ocrx_word' id='word_1_536' title='bbox 3072 3366 3352 3446; x_wconf 82' lang='lat' dir='ltr'><strong>Ecclesiae.</strong></span> <span class='ocrx_word' id='word_1_537' title='bbox 3379 3394 3534 3460; x_wconf 88' lang='lat' dir='ltr'><strong>Quod</strong></span> 
     </span>
    </p>
   </div>
   <div class='ocr_carea' id='block_1_83' title="bbox 1936 3458 3535 3552">
    <p class='ocr_par' dir='ltr' id='par_1_83' title="bbox 1936 3458 3535 3552">
     <span class='ocr_line' id='line_1_83' title="bbox 1936 3458 3535 3552; baseline 0.019 -42"><span class='ocrx_word' id='word_1_538' title='bbox 1936 3458 2154 3514; x_wconf 89' lang='lat' dir='ltr'><strong>fratrem</strong></span> <span class='ocrx_word' id='word_1_539' title='bbox 2186 3468 2243 3515; x_wconf 91' lang='lat' dir='ltr'><strong>et</strong></span> <span class='ocrx_word' id='word_1_540' title='bbox 2271 3465 2648 3538; x_wconf 89' lang='lat' dir='ltr'><strong>coepiscopum</strong></span> <span class='ocrx_word' id='word_1_541' title='bbox 2674 3486 2854 3528; x_wconf 91' lang='lat' dir='ltr'><strong>meum</strong></span> <span class='ocrx_word' id='word_1_542' title='bbox 2878 3458 3535 3552; x_wconf 81' lang='lat' dir='ltr'><strong>Constantinopolitauum</strong></span> 
     </span>
    </p>
   </div>
   <div class='ocr_carea' id='block_1_84' title="bbox 1934 3555 3532 3639">
    <p class='ocr_par' dir='ltr' id='par_1_84' title="bbox 1934 3555 3532 3639">
     <span class='ocr_line' id='line_1_84' title="bbox 1934 3555 3532 3639; baseline 0.018 -33"><span class='ocrx_word' id='word_1_543' title='bbox 1934 3555 2152 3623; x_wconf 88' lang='lat' dir='ltr'><strong>respicit</strong></span> <span class='ocrx_word' id='word_1_544' title='bbox 2212 3560 2580 3627; x_wconf 88' lang='lat' dir='ltr'><strong>sacerdotem,</strong></span> <span class='ocrx_word' id='word_1_545' title='bbox 2633 3566 2892 3624; x_wconf 89' lang='lat' dir='ltr'><strong>adversus</strong></span> <span class='ocrx_word' id='word_1_546' title='bbox 2943 3587 3103 3639; x_wconf 88' lang='lat' dir='ltr'><strong>quem</strong></span> <span class='ocrx_word' id='word_1_547' title='bbox 3164 3575 3216 3629; x_wconf 92' lang='lat' dir='ltr'><strong>in</strong></span> <span class='ocrx_word' id='word_1_548' title='bbox 3263 3587 3532 3635; x_wconf 86' lang='lat' dir='ltr'><strong>conventu</strong></span> 
     </span>
    </p>
   </div>
   <div class='ocr_carea' id='block_1_85' title="bbox 1936 3641 3532 3730">
    <p class='ocr_par' dir='ltr' id='par_1_85' title="bbox 1936 3641 3532 3730">
     <span class='ocr_line' id='line_1_85' title="bbox 1936 3641 3532 3730; baseline 0.019 -36"><span class='ocrx_word' id='word_1_549' title='bbox 1936 3641 2065 3696; x_wconf 87' lang='lat' dir='ltr'><strong>mihi</strong></span> <span class='ocrx_word' id='word_1_550' title='bbox 2088 3645 2156 3699; x_wconf 90' lang='lat' dir='ltr'><strong>ab</strong></span> <span class='ocrx_word' id='word_1_551' title='bbox 2174 3660 2238 3700; x_wconf 89' lang='lat' dir='ltr'><strong>eo</strong></span> <span class='ocrx_word' id='word_1_552' title='bbox 2254 3686 2271 3714; x_wconf 89' lang='lat'><strong>,</strong></span> <span class='ocrx_word' id='word_1_553' title='bbox 2294 3648 2444 3719; x_wconf 89' lang='lat' dir='ltr'><strong>cujus</strong></span> <span class='ocrx_word' id='word_1_554' title='bbox 2467 3651 2648 3706; x_wconf 87' lang='lat' dir='ltr'><strong>sedem</strong></span> <span class='ocrx_word' id='word_1_555' title='bbox 2673 3656 2924 3723; x_wconf 68' lang='lat' dir='ltr'><strong>praelatus</strong></span> <span class='ocrx_word' id='word_1_556' title='bbox 2950 3660 3119 3716; x_wconf 90' lang='lat' dir='ltr'><strong>fertur</strong></span> <span class='ocrx_word' id='word_1_557' title='bbox 3144 3672 3350 3730; x_wconf 89' lang='lat' dir='ltr'><strong>tenere,</strong></span> <span class='ocrx_word' id='word_1_558' title='bbox 3382 3668 3532 3725; x_wconf 87' lang='lat' dir='ltr'><strong>libel-</strong></span> 
     </span>
    </p>
   </div>
   <div class='ocr_carea' id='block_1_86' title="bbox 1940 3731 3534 3815">
    <p class='ocr_par' dir='ltr' id='par_1_86' title="bbox 1940 3731 3534 3815">
     <span class='ocr_line' id='line_1_86' title="bbox 1940 3731 3534 3815; baseline 0.019 -30"><span class='ocrx_word' id='word_1_559' title='bbox 1940 3731 2024 3786; x_wconf 89' lang='lat' dir='ltr'><strong>lus</strong></span> <span class='ocrx_word' id='word_1_560' title='bbox 2050 3734 2262 3791; x_wconf 88' lang='lat' dir='ltr'><strong>oblatus</strong></span> <span class='ocrx_word' id='word_1_561' title='bbox 2292 3748 2373 3793; x_wconf 90' lang='lat' dir='ltr'><strong>est</strong></span> <span class='ocrx_word' id='word_1_562' title='bbox 2396 3781 2409 3803; x_wconf 93' lang='lat'><strong>,</strong></span> <span class='ocrx_word' id='word_1_563' title='bbox 2456 3757 2615 3808; x_wconf 87' lang='lat' dir='ltr'><strong>quem</strong></span> <span class='ocrx_word' id='word_1_564' title='bbox 2644 3745 3106 3815; x_wconf 88' lang='lat' dir='ltr'><strong>deplorationibus</strong></span> <span class='ocrx_word' id='word_1_565' title='bbox 3150 3770 3284 3811; x_wconf 76' lang='lat' dir='ltr'><strong>mea:</strong></span> <span class='ocrx_word' id='word_1_566' title='bbox 3315 3757 3534 3815; x_wconf 82' lang='lat' dir='ltr'><strong>humili-</strong></span> 
     </span>
    </p>
   </div>
   <div class='ocr_carea' id='block_1_87' title="bbox 1937 3824 3532 3917">
    <p class='ocr_par' dir='ltr' id='par_1_87' title="bbox 1937 3824 3532 3917">
     <span class='ocr_line' id='line_1_87' title="bbox 1937 3824 3532 3917; baseline 0.02 -41"><span class='ocrx_word' id='word_1_567' title='bbox 1937 3824 2061 3878; x_wconf 89' lang='lat' dir='ltr'><strong>tatis</strong></span> <span class='ocrx_word' id='word_1_568' title='bbox 2090 3829 2356 3895; x_wconf 81' lang='lat' dir='ltr'><strong>annexui;</strong></span> <span class='ocrx_word' id='word_1_569' title='bbox 2392 3839 2450 3885; x_wconf 83' lang='lat' dir='ltr'><strong>ut</strong></span> <span class='ocrx_word' id='word_1_570' title='bbox 2493 3832 2632 3889; x_wconf 90' lang='lat' dir='ltr'><strong>idem</strong></span> <span class='ocrx_word' id='word_1_571' title='bbox 2678 3836 2842 3893; x_wconf 81' lang='lat' dir='ltr'><strong>frater</strong></span> <span class='ocrx_word' id='word_1_572' title='bbox 2879 3849 2932 3894; x_wconf 90' lang='lat' dir='ltr'><strong>et</strong></span> <span class='ocrx_word' id='word_1_573' title='bbox 2978 3845 3331 3917; x_wconf 90' lang='lat' dir='ltr'><strong>coepiscopus</strong></span> <span class='ocrx_word' id='word_1_574' title='bbox 3378 3867 3532 3910; x_wconf 85' lang='lat' dir='ltr'><strong>meus</strong></span> 
     </span>
    </p>
   </div>
   <div class='ocr_carea' id='block_1_88' title="bbox 1936 3919 3533 4008">
    <p class='ocr_par' dir='ltr' id='par_1_88' title="bbox 1936 3919 3533 4008">
     <span class='ocr_line' id='line_1_88' title="bbox 1936 3919 3533 4008; baseline 0.019 -35"><span class='ocrx_word' id='word_1_575' title='bbox 1936 3919 2163 3975; x_wconf 85' lang='lat' dir='ltr'><strong>Aeacius</strong></span> <span class='ocrx_word' id='word_1_576' title='bbox 2199 3924 2361 3991; x_wconf 89' lang='lat' dir='ltr'><strong>(sicut</strong></span> <span class='ocrx_word' id='word_1_577' title='bbox 2407 3927 2785 3986; x_wconf 82' lang='lat' dir='ltr'><strong>ecclesiasticis</strong></span> <span class='ocrx_word' id='word_1_578' title='bbox 2833 3949 3053 3992; x_wconf 87' lang='lat' dir='ltr'><strong>necesse</strong></span> <span class='ocrx_word' id='word_1_579' title='bbox 3080 3950 3194 4008; x_wconf 91' lang='lat' dir='ltr'><strong>est,</strong></span> <span class='ocrx_word' id='word_1_580' title='bbox 3246 3952 3300 3998; x_wconf 90' lang='lat' dir='ltr'><strong>et</strong></span> <span class='ocrx_word' id='word_1_581' title='bbox 3340 3948 3533 4003; x_wconf 86' lang='lat' dir='ltr'><strong>vestris</strong></span> 
     </span>
    </p>
   </div>
   <div class='ocr_carea' id='block_1_89' title="bbox 1936 4010 3531 4100">
    <p class='ocr_par' dir='ltr' id='par_1_89' title="bbox 1936 4010 3531 4100">
     <span class='ocr_line' id='line_1_89' title="bbox 1936 4010 3531 4100; baseline 0.02 -39"><span class='ocrx_word' id='word_1_582' title='bbox 1936 4010 2142 4080; x_wconf 90' lang='lat' dir='ltr'><strong>legibus</strong></span> <span class='ocrx_word' id='word_1_583' title='bbox 2186 4012 2301 4067; x_wconf 86' lang='lat' dir='ltr'><strong>fieri</strong></span> <span class='ocrx_word' id='word_1_584' title='bbox 2332 4015 2510 4087; x_wconf 83' lang='lat' dir='ltr'><strong>decet)</strong></span> <span class='ocrx_word' id='word_1_585' title='bbox 2541 4020 2606 4073; x_wconf 91' lang='lat' dir='ltr'><strong>ad</strong></span> <span class='ocrx_word' id='word_1_586' title='bbox 2642 4020 2757 4077; x_wconf 66' lang='lat' dir='ltr'><strong>haec</strong></span> <span class='ocrx_word' id='word_1_587' title='bbox 2783 4039 2902 4093; x_wconf 64' lang='lat' dir='ltr'><strong>quae</strong></span> <span class='ocrx_word' id='word_1_588' title='bbox 2932 4028 2998 4081; x_wconf 92' lang='lat' dir='ltr'><strong>de</strong></span> <span class='ocrx_word' id='word_1_589' title='bbox 3045 4044 3104 4085; x_wconf 92' lang='lat' dir='ltr'><strong>se</strong></span> <span class='ocrx_word' id='word_1_590' title='bbox 3135 4034 3374 4100; x_wconf 85' lang='lat' dir='ltr'><strong>pervidet</strong></span> <span class='ocrx_word' id='word_1_591' title='bbox 3406 4038 3531 4093; x_wconf 86' lang='lat' dir='ltr'><strong>inti-</strong></span> 
     </span>
    </p>
   </div>
   <div class='ocr_carea' id='block_1_90' title="bbox 1938 4103 3534 4189">
    <p class='ocr_par' dir='ltr' id='par_1_90' title="bbox 1938 4103 3534 4189">
     <span class='ocr_line' id='line_1_90' title="bbox 1938 4103 3534 4189; baseline 0.02 -35"><span class='ocrx_word' id='word_1_592' title='bbox 1938 4103 2103 4169; x_wconf 90' lang='lat' dir='ltr'><strong>mari,</strong></span> <span class='ocrx_word' id='word_1_593' title='bbox 2136 4105 2272 4173; x_wconf 86' lang='lat' dir='ltr'><strong>apud</strong></span> <span class='ocrx_word' id='word_1_594' title='bbox 2306 4106 2674 4167; x_wconf 83' lang='lat' dir='ltr'><strong>beatissimum</strong></span> <span class='ocrx_word' id='word_1_595' title='bbox 2707 4114 2924 4171; x_wconf 90' lang='lat' dir='ltr'><strong>Petrum</strong></span> <span class='ocrx_word' id='word_1_596' title='bbox 2969 4103 3272 4189; x_wconf 71' lang='lat' dir='ltr'><strong>apostolum</strong></span> <span class='ocrx_word' id='word_1_597' title='bbox 3319 4127 3534 4187; x_wconf 84' lang='lat' dir='ltr'><strong>diluere</strong></span> 
     </span>
    </p>
   </div>
   <div class='ocr_carea' id='block_1_91' title="bbox 1934 4195 3531 4280">
    <p class='ocr_par' dir='ltr' id='par_1_91' title="bbox 1934 4195 3531 4280">
     <span class='ocr_line' id='line_1_91' title="bbox 1934 4195 3531 4280; baseline 0.019 -31"><span class='ocrx_word' id='word_1_598' title='bbox 1934 4195 2251 4255; x_wconf 87' lang='lat' dir='ltr'><strong>obedienter</strong></span> <span class='ocrx_word' id='word_1_599' title='bbox 2280 4212 2560 4271; x_wconf 87' lang='lat' dir='ltr'><strong>procuret,</strong></span> <span class='ocrx_word' id='word_1_600' title='bbox 2592 4221 2691 4263; x_wconf 91' lang='lat' dir='ltr'><strong>nec</strong></span> <span class='ocrx_word' id='word_1_601' title='bbox 2717 4209 2829 4264; x_wconf 91' lang='lat' dir='ltr'><strong>ullo</strong></span> <span class='ocrx_word' id='word_1_602' title='bbox 2871 4212 3034 4268; x_wconf 91' lang='lat' dir='ltr'><strong>modo</strong></span> <span class='ocrx_word' id='word_1_603' title='bbox 3073 4216 3347 4275; x_wconf 85' lang='lat' dir='ltr'><strong>existimet</strong></span> <span class='ocrx_word' id='word_1_604' title='bbox 3373 4222 3531 4280; x_wconf 66' lang='lat' dir='ltr'><strong>diffe-</strong></span> 
     </span>
    </p>
   </div>
   <div class='ocr_carea' id='block_1_92' title="bbox 1935 4288 3532 4381">
    <p class='ocr_par' dir='ltr' id='par_1_92' title="bbox 1935 4288 3532 4381">
     <span class='ocr_line' id='line_1_92' title="bbox 1935 4288 3532 4381; baseline 0.018 -40"><span class='ocrx_word' id='word_1_605' title='bbox 1935 4288 2181 4347; x_wconf 90' lang='lat' dir='ltr'><strong>rendum.</strong></span> <span class='ocrx_word' id='word_1_606' title='bbox 2230 4292 2329 4361; x_wconf 90' lang='lat' dir='ltr'><strong>Qui</strong></span> <span class='ocrx_word' id='word_1_607' title='bbox 2377 4297 2422 4349; x_wconf 89' lang='lat' dir='ltr'><strong>si</strong></span> <span class='ocrx_word' id='word_1_608' title='bbox 2472 4297 2944 4367; x_wconf 88' lang='lat' dir='ltr'><strong>(quemadmodum</strong></span> <span class='ocrx_word' id='word_1_609' title='bbox 2998 4306 3344 4381; x_wconf 78' lang='lat' dir='ltr'><strong>confidimus)</strong></span> <span class='ocrx_word' id='word_1_610' title='bbox 3391 4313 3532 4371; x_wconf 89' lang='lat' dir='ltr'><strong>bene</strong></span> 
     </span>
    </p>
   </div>
   <div class='ocr_carea' id='block_1_93' title="bbox 1935 4382 3526 4472">
    <p class='ocr_par' dir='ltr' id='par_1_93' title="bbox 1935 4382 3526 4472">
     <span class='ocr_line' id='line_1_93' title="bbox 1935 4382 3526 4472; baseline 0.02 -38"><span class='ocrx_word' id='word_1_611' title='bbox 1935 4382 2182 4438; x_wconf 90' lang='lat' dir='ltr'><strong>conscius</strong></span> <span class='ocrx_word' id='word_1_612' title='bbox 2228 4395 2337 4453; x_wconf 86' lang='lat' dir='ltr'><strong>est,</strong></span> <span class='ocrx_word' id='word_1_613' title='bbox 2384 4392 2735 4458; x_wconf 91' lang='lat' dir='ltr'><strong>apostolicum</strong></span> <span class='ocrx_word' id='word_1_614' title='bbox 2767 4411 2871 4451; x_wconf 92' lang='lat' dir='ltr'><strong>non</strong></span> <span class='ocrx_word' id='word_1_615' title='bbox 2901 4397 3061 4456; x_wconf 88' lang='lat' dir='ltr'><strong>debet</strong></span> <span class='ocrx_word' id='word_1_616' title='bbox 3099 4402 3356 4472; x_wconf 89' lang='lat' dir='ltr'><strong>judicium</strong></span> <span class='ocrx_word' id='word_1_617' title='bbox 3404 4424 3526 4465; x_wconf 92' lang='lat' dir='ltr'><strong>cum</strong></span> 
     </span>
    </p>
   </div>
   <div class='ocr_carea' id='block_1_94' title="bbox 1934 4478 3529 4567">
    <p class='ocr_par' dir='ltr' id='par_1_94' title="bbox 1934 4478 3529 4567">
     <span class='ocr_line' id='line_1_94' title="bbox 1934 4478 3529 4567; baseline 0.019 -39"><span class='ocrx_word' id='word_1_618' title='bbox 1934 4478 2410 4536; x_wconf 88' lang='lat' dir='ltr'><strong>consacerdotibus</strong></span> <span class='ocrx_word' id='word_1_619' title='bbox 2441 4484 2555 4538; x_wconf 92' lang='lat' dir='ltr'><strong>suis</strong></span> <span class='ocrx_word' id='word_1_620' title='bbox 2595 4496 2649 4541; x_wconf 92' lang='lat' dir='ltr'><strong>et</strong></span> <span class='ocrx_word' id='word_1_621' title='bbox 2695 4491 3119 4549; x_wconf 79' lang='lat' dir='ltr'><strong>moderationem</strong></span> <span class='ocrx_word' id='word_1_622' title='bbox 3173 4499 3440 4567; x_wconf 85' lang='lat' dir='ltr'><strong>abjicere;</strong></span> <span class='ocrx_word' id='word_1_623' title='bbox 3471 4515 3529 4560; x_wconf 93' lang='lat' dir='ltr'><strong>ut</strong></span> 
     </span>
    </p>
   </div>
   <div class='ocr_carea' id='block_1_95' title="bbox 1852 4568 3530 4651">
    <p class='ocr_par' dir='ltr' id='par_1_95' title="bbox 1852 4568 3530 4651">
     <span class='ocr_line' id='line_1_95' title="bbox 1852 4568 3530 4651; baseline 0.02 -35"><span class='ocrx_word' id='word_1_624' title='bbox 1852 4586 1907 4647; x_wconf 72' lang='grc' dir='ltr'><strong>Β</strong></span> <span class='ocrx_word' id='word_1_625' title='bbox 1933 4568 2355 4627; x_wconf 86' lang='lat' dir='ltr'><strong>sacerdotalibus</strong></span> <span class='ocrx_word' id='word_1_626' title='bbox 2389 4576 2594 4631; x_wconf 87' lang='lat' dir='ltr'><strong>actibus</strong></span> <span class='ocrx_word' id='word_1_627' title='bbox 2634 4589 2689 4634; x_wconf 91' lang='lat' dir='ltr'><strong>ct</strong></span> <span class='ocrx_word' id='word_1_628' title='bbox 2717 4585 3155 4651; x_wconf 80' lang='lat' dir='ltr'><strong>comprobatione</strong></span> <span class='ocrx_word' id='word_1_629' title='bbox 3207 4591 3349 4645; x_wconf 89' lang='lat' dir='ltr'><strong>lideli</strong></span> <span class='ocrx_word' id='word_1_630' title='bbox 3380 4608 3530 4649; x_wconf 84' lang='lat' dir='ltr'><strong>com-</strong></span> 
     </span>
    </p>
   </div>
   <div class='ocr_carea' id='block_1_96' title="bbox 1896 4660 3526 4752">
    <p class='ocr_par' dir='ltr' id='par_1_96' title="bbox 1896 4660 3526 4752">
     <span class='ocr_line' id='line_1_96' title="bbox 1896 4660 3526 4752; baseline 0.019 -42"><span class='ocrx_word' id='word_1_631' title='bbox 1896 4680 1897 4683; x_wconf 51' lang='grc' dir='ltr'><strong>η</strong></span> <span class='ocrx_word' id='word_1_632' title='bbox 1932 4660 2188 4726; x_wconf 87' lang='lat' dir='ltr'><strong>probatus</strong></span> <span class='ocrx_word' id='word_1_633' title='bbox 2217 4664 2444 4732; x_wconf 91' lang='lat' dir='ltr'><strong>primum</strong></span> <span class='ocrx_word' id='word_1_634' title='bbox 2477 4666 2675 4723; x_wconf 87' lang='lat' dir='ltr'><strong>Christi</strong></span> <span class='ocrx_word' id='word_1_635' title='bbox 2716 4671 2929 4729; x_wconf 82' lang='lat' dir='ltr'><strong>Domini</strong></span> <span class='ocrx_word' id='word_1_636' title='bbox 2972 4679 3171 4744; x_wconf 90' lang='lat' dir='ltr'><strong>nostri,</strong></span> <span class='ocrx_word' id='word_1_637' title='bbox 3220 4691 3379 4752; x_wconf 87' lang='lat' dir='ltr'><strong>atque</strong></span> <span class='ocrx_word' id='word_1_638' title='bbox 3409 4700 3526 4740; x_wconf 84' lang='lat' dir='ltr'><strong>om-</strong></span> 
     </span>
    </p>
   </div>
   <div class='ocr_carea' id='block_1_97' title="bbox 1932 4753 3526 4852">
    <p class='ocr_par' dir='ltr' id='par_1_97' title="bbox 1932 4753 3526 4852">
     <span class='ocr_line' id='line_1_97' title="bbox 1932 4753 3526 4852; baseline 0.018 -45"><span class='ocrx_word' id='word_1_639' title='bbox 1932 4753 2097 4809; x_wconf 84' lang='lat' dir='ltr'><strong>nium.</strong></span> <span class='ocrx_word' id='word_1_640' title='bbox 2128 4759 2495 4852; x_wconf 60' lang='lat' dir='ltr'><strong>sacerdotum,</strong></span> <span class='ocrx_word' id='word_1_641' title='bbox 2532 4778 2594 4819; x_wconf 90' lang='lat' dir='ltr'><strong>ac</strong></span> <span class='ocrx_word' id='word_1_642' title='bbox 2631 4764 2828 4823; x_wconf 90' lang='lat' dir='ltr'><strong>deinde</strong></span> <span class='ocrx_word' id='word_1_643' title='bbox 2876 4769 3089 4839; x_wconf 87' lang='lat' dir='ltr'><strong>pietatis</strong></span> <span class='ocrx_word' id='word_1_644' title='bbox 3128 4784 3317 4833; x_wconf 72' lang='lat' dir='ltr'><strong>vestra:</strong></span> <span class='ocrx_word' id='word_1_645' title='bbox 3355 4782 3526 4849; x_wconf 88' lang='lat' dir='ltr'><strong>gratia</strong></span> 
     </span>
    </p>
   </div>
   <div class='ocr_carea' id='block_1_98' title="bbox 1932 4845 2540 4919">
    <p class='ocr_par' dir='ltr' id='par_1_98' title="bbox 1932 4845 2540 4919">
     <span class='ocr_line' id='line_1_98' title="bbox 1932 4845 2540 4919; baseline 0.018 -22"><span class='ocrx_word' id='word_1_646' title='bbox 1932 4845 2198 4913; x_wconf 88' lang='lat' dir='ltr'><strong>gloriosus</strong></span> <span class='ocrx_word' id='word_1_647' title='bbox 2233 4845 2540 4919; x_wconf 79' lang='lat' dir='ltr'><strong>perfruatur</strong></span> 
     </span>
    </p>
   </div>
   <div class='ocr_carea' id='block_1_99' title="bbox 1392 4967 3518 5072">
    <p class='ocr_par' dir='ltr' id='par_1_99' title="bbox 1392 4967 3518 5072">
     <span class='ocr_line' id='line_1_99' title="bbox 1392 4967 3518 5072; baseline 0.025 -53"><span class='ocrx_word' id='word_1_648' title='bbox 1392 4967 1492 5036; x_wconf 74' lang='lat' dir='ltr'><strong>piae</strong></span> <span class='ocrx_word' id='word_1_649' title='bbox 1520 4969 1796 5030; x_wconf 79' lang='lat' dir='ltr'><strong>devotionis</strong></span> <span class='ocrx_word' id='word_1_650' title='bbox 1826 4981 1962 5037; x_wconf 80' lang='lat' dir='ltr'><strong>colla</strong></span> <span class='ocrx_word' id='word_1_651' title='bbox 1990 4984 2301 5043; x_wconf 80' lang='lat' dir='ltr'><strong>submittere.</strong></span> <span class='ocrx_word' id='word_1_652' title='bbox 2327 4988 2461 5049; x_wconf 83' lang='lat' dir='ltr'><strong>Vide</strong></span> <span class='ocrx_word' id='word_1_653' title='bbox 2485 5006 2645 5064; x_wconf 85' lang='lat' dir='ltr'><strong>supra</strong></span> <span class='ocrx_word' id='word_1_654' title='bbox 2671 4996 2828 5067; x_wconf 82' lang='lat' dir='ltr'><strong>epist.</strong></span> <span class='ocrx_word' id='word_1_655' title='bbox 2854 5002 2906 5070; x_wconf 90' lang='lat'><strong>9,</strong></span> <span class='ocrx_word' id='word_1_656' title='bbox 2935 5003 3077 5062; x_wconf 88' lang='lat' dir='ltr'><strong>unde</strong></span> <span class='ocrx_word' id='word_1_657' title='bbox 3101 5006 3203 5065; x_wconf 91' lang='lat' dir='ltr'><strong>hoc</strong></span> <span class='ocrx_word' id='word_1_658' title='bbox 3240 5010 3518 5072; x_wconf 85' lang='lat' dir='ltr'><strong>decretum</strong></span> 
     </span>
    </p>
   </div>
  </div>
