4090 6330
1782 268 2118 353 GENNADII
2158 273 2622 332 MASSILIENSIS

591 382 781 390 ..ωυκ
984 388 1569 398 μ---,--,,,...-.....
1954 396 3036 413 ______._______ﬁ__..._.

1814 518 1980 561 ANNO
2024 518 2257 563 DOMINI
2302 520 2611 565 CCCCXCII.

1164 563 3257 981 GENNADIUS

1644 1055 2238 1112 MASSILIENS‘IS
2276 1062 2807 1118 PRESBYTER.

1767 1318 1980 1391 PRO
1995 1322 2620 1396 LEGOMENA.

1084 1438 1221 1510 (Ex.
1252 1441 1411 1496 Guill.
1442 1444 1630 1519 Cave.)

637 1523 971 1593 Gennadius,
1023 1540 1171 1601 gente
1208 1533 1427 1603 Gallus,
1477 1542 1736 1613 presbyter
1780 1544 2154 1614 Massiliensis,

566 1622 693 1682 non,
707 1626 763 1671 ut
783 1620 1044 1676 maleJac.
1061 1620 1300 1681 Gaddius
1317 1628 1418 1699 (De
1434 1632 1629 1705 Script.
1648 1651 1747 1689 non
1767 1640 1943 1693 eccles‘.
1962 1648 2083 1694 tom.
2104 1640 2157 1709 Ι,

564 1726 687 1805 pag.
715 1710 841 1782 22%)
873 1722 921 1768 et
945 1713 1149 1771 Gaddio
1188 1718 1339 1791 longe
1377 1727 1689 1795 antiquiores
1718 1730 2019 1802 Sigebertus
2053 1734 2155 1805 (De

563 1800 757 1897 Script.
783 1806 960 1858 eccles.
987 1823 1102 1877 cap.
1130 1811 1220 1880 50)
1246 1820 1291 1866 et
1320 1813 1528 1871 Platina
1552 1818 1601 1888 (1
1610 1836 1642 1873 n
1666 1800 1795 1876 Vita:
1813 1800 2152 1897 Symmaclti),

561 1891 822 1963 presbyter
848 1911 910 1949 ac
939 1897 1125 1953 deinde
1154 1902 1365 1958 antistes
1399 1906 1762 1967 Massiliensis.
1796 1891 1995 1969 Claruit
2020 1891 2155 1973 anno

558 1984 693 2048 495,
736 2003 836 2057 quo
865 1986 1170 2062 Catalogum
1205 2012 1354 2050 suum
1380 1998 1568 2055 clausit
1608 2015 1655 2057 et
1697 2006 1886 2061 librum
1927 2010 1991 2062 de
2020 2008 2156 2067 Fide

558 2076 626 2128 ad
649 2073 914 2170 Gelasium
945 2099 1135 2151 papam
1166 2088 1324 2141 misit.
1378 2088 1456 2145 De
1482 2095 1654 2150 studio
1681 2096 1818 2151 illius
1850 2115 1969 2170 erga
1997 2102 2152 2169 [idem

556 2165 861 2224 catholicam
902 2175 1201 2246 discrepant
1239 2189 1341 2234 tam
1379 2192 1604 2240 veterum
1633 2205 1786 2257 quam
1818 2194 2152 2248 recentiorum

555 2259 770 2325 iudicia.
805 2263 943 2319 Viris
979 2272 1315 2328 sanctissimis
1344 2276 1475 2345 geum
1506 2295 1810 2337 annumerat
1843 2285 2149 2343 Hadrianus

558 2364 695 2419 papa
726 2352 915 2423 (Epist.
944 2359 1013 2412 ad
1044 2358 1286 2417 Caralum
1313 2364 1626 2443 Magnum);
1672 2376 1803 2430 inter
1840 2376 2148 2448 Pelagianos

2185 1458 2463 1526 Areponit
2514 1455 2745 1512 Ecclesia
2799 1456 3162 1529 Lugdunensis
3218 1455 3372 1529 (Lib.
3427 1456 3549 1509 adv.
3600 1457 3851 1511 Joannem

2268 1549 2502 1619 Scotum)
2525 1558 2639 1603 ante
2667 1564 2827 1603 annos
2854 1549 3188 1621 octingentos.
3231 1547 3715 1603 Prwdestinationis
3743 1566 3847 1603 eum

2268 1643 2471 1711 quidem
2501 1641 2765 1695 inimicum
2795 1643 2953 1713 fuisse
2985 1650 3119 1696 certa
3148 1649 3365 1710 constat,
3395 1657 3551 1711 eoque
3581 1640 3738 1693 etiam
3768 1658 3849 1695 no-

2269 1734 2402 1788 mine
2432 1736 2493 1787 de
2526 1733 2585 1790 S.
2617 1734 2903 1805 Augustino
2934 1744 2981 1789 et
3013 1731 3272 1803 Prospero
3301 1735 3466 1787 minus
3492 1733 3618 1787 bene
3640 1732 3848 1787 sensisse

2268 1828 2467 1880 videtur
2494 1825 2653 1897 (Vide
2681 1825 2916 1898 Catalog.
2950 1822 3187 1896 cap."58,
3217 1825 3309 1897 84)
3341 1842 3456 1879 cum
3486 1826 3549 1879 ab
3578 1826 3640 1880 iis
3670 1826 3848 1897 dogma

2267 1919 2782 1975 Prwdestinatianum
2813 1921 3130 1991 propugnari
3162 1923 3293 1974 male
3317 1928 3561 1976 censeret.
3607 1919 3844 1989 Pelagia-

2259 2016 2412 2067 nismi
2445 2018 2611 2067 tamen
2643 2005 2762 2068 nota
2791 2014 3020 2068 eximunt
3054 2013 3174 2069 libri
3203 2014 3263 2067 ab
3293 2030 3350 2067 eo
3380 2022 3559 2067 contra
3581 2011 3844 2085 Pelagium

2257 2108 2431 2173 scripti
2458 2123 2475 2161 :
2507 2123 2596 2161 nec
2621 2108 2797 2179 gratia:
2825 2108 3181 2178 praeaenientis
3209 2107 3561 2161 necessitatem
3589 2107 3655 2160 ab
3682 2123 3741 2160 eo
3770 2124 3843 2161 su-

2258 2202 2447 2265 blatam
2473 2218 2580 2256 esse
2601 2202 2741 2272 (qua:
2765 2204 2973 2274 propria
3000 2212 3109 2256 erat
3132 2199 3662 2272 Semipelagianismi)
3692 2218 3842 2253 rnam-

2230 2295 2386 2362 .festo
2416 2296 2569 2366 liquet
2594 2311 2611 2347 :
2641 2295 2768 2349 adeo
2798 2303 2852 2349 ut
2880 2293 3221 2366 scriptoribus
3238 2292 3506 2348 catholicis
3531 2294 3646 2363 iure
3673 2309 3838 2347 accen-

2257 2388 2357 2438 δέ»νὶ
2388 2395 2557 2454 queat.

562 2493 3815 2542 ————§____,_____________________

1482 2614 2113 2700 TESTIMONIA
2166 2624 2297 2701 DE
2349 2625 2901 2742 GENNADIO.

1995 2791 2403 2807 ἡ

968 2888 1422 2950 WALAFRIDUS
1457 2893 1634 2950 STRA
1646 2894 1749 2949 ΒΟ.

916 3000 990 3057 De
1038 3001 1217 3059 Rebus
1260 3007 1457 3063 eccles.
1509 3024 1626 3077 cap.
1680 3008 1817 3079 20.)

623 3086 928 3145 Gennadius
959 3091 1305 3151 Massiliensis
1333 3099 1600 3171 presbyter
1627 3101 1683 3155 in
1721 3102 1955 3172 dogmate
1981 3103 2141 3156 eccle-

550 3177 781 3245 siastico,
803 3184 947 3250 quasi
972 3184 1103 3239 inter
1125 3197 1314 3244 veteres
1344 3200 1391 3244 et
1410 3194 1643 3261 juniores
1672 3195 1867 3248 medius
1897 3196 2136 3264 existens,

552 3267 854 3336 huiusmodi
899 3275 1168 3335 libramine
1212 3284 1516 3338 sententiam
1563 3301 1711 3339 suam
1758 3296 2034 3357 temperat,
2086 3298 2140 3341 ut

550 3362 905 3428 quotidianam
930 3371 1255 3429 eucharistiw
1291 3377 1665 3446 perceptionem
1690 3394 1781 3432 nec
1811 3377 2025 3435 laudare
2050 3398 2139 3434 nec

546 3452 837 3510 vituaerare
861 3474 915 3514 se
943 3460 1105 3519 dicat.

1174 3559 1515 3620 ALGERUS.

724 3634 827 3713 (De
857 3644 1210 3707 Sacramento
1245 3656 1469 3713 euchar.
1503 3658 1596 3714 lib.
1624 3674 1661 3729 ι,
1695 3674 1814 3731 cap.
1843 3661 1962 3732 22.)

613 3753 882 3813 Invenitur
906 3763 960 3816 in
991 3763 1121 3819 libro
1143 3766 1399 3825 Gennadii
1425 3774 1489 3827 de
1529 3774 1886 3831 ecclesiasticis
1912 3777 2139 3850 Dogma-

520 3840 521 3845 “
548 3846 681 3902 tibus
703 3865 723 3904 :
763 3871 781 3903 ι
830 3853 1070 3919 Quotidie
1098 3863 1420 3919 eucharistite
1444 3872 1849 3925 communionem
1878 3871 2137 3941 percipere

542 3952 638 3991 nec
664 3940 821 3996 laudo
852 3961 941 4001 nec
968 3949 1219 4018 vitupero,
1248 3974 1265 4005 ι
1296 3964 1400 4010 etc.

964 4065 1235 4125 PETRUS
1274 4072 1712 4133 LOMBARDUS.

897 4156 1183 4227 (Sentent.
1230 4162 1323 4219 lib.
1357 4181 1416 4229 ιι,
1465 4167 1589 4222 dist.
1642 4168 1777 4238 20.)

2174 2898 2224 2957 B

2726 2902 3005 2963 THOMAS
3042 2906 3362 2974 AQUINAS.

2662 2992 2951 3059 (Quodlib.
2990 2997 3058 3051 12
3084 3039 3099 3064 ,
3150 3008 3251 3055 art.
3299 3000 3390 3057 Η.

2322 3082 2469 3138 Liber
2516 3085 2579 3139 de
2628 3085 2965 3157 Dogmatibus
3013 3093 3366 3147 ecclesiasticis
3408 3109 3511 3148 non
3554 3105 3631 3148 est
3664 3094 3829 3164 Augst-

2247 3177 2403 3244 stini,
2444 3181 2531 3234 sed
2560 3177 2849 3249 Gennadii,
2890 3184 2980 3251 qui
3010 3184 3195 3240 claruit
3222 3187 3316 3240 sub
3347 3186 3620 3242 Anastasio
3652 3188 3824 3256 imper.

2249 3287 2384 3324 anno
2433 3256 2643 3325 Domini
2682 3272 2788 3330 490
2839 3275 3184 3346 (Trithemius
3228 3282 3291 3333 de
3333 3279 3584 3349 Scriptor.
3627 3283 3821 3344 eccles.,

2247 3364 2342 3432 [οῖ’
2372 3362 2523 3433 256')
2886 3422 3200 3495 PLATINA.

2700 3530 2786 3598 (In
2824 3530 3150 3603 Symmacho
3179 3530 3283 3587 PP.
3312 3533 3393 3602 1.)

2317 3620 2498 3694 Hujus
2543 3632 2768 3692 tempore
2810 3623 3100 3678 Ecclesiam
3145 3624 3240 3679 Dei
3285 3626 3497 3680 multum
3538 3628 3670 3699 juuit
3697 3625 3829 3681 Gen-

2245 3713 2436 3767 nudius
2468 3712 2815 3768 Massiliensis
2842 3719 3135 3787 episcopus,
3168 3718 3387 3790 diligens
3416 3720 3687 3792 Augustini
3718 3721 3830 3774 inti-
3934 3752 3937 3755 λ

2245 3811 2402 3882 tato‘r,
2449 3808 2534 3876 qui
2580 3807 2766 3860 librum
2794 3808 2855 3861 de
2890 3807 3223 3879 Dogmatibus
3266 3813 3582 3879 composuit,
3625 3824 3672 3867 et
3705 3814 3828 3882 quid

2244 3877 2425 3967 cuique
2454 3897 2520 3950 ad
2547 3900 2760 3952 salutem
2794 3902 3136 3955 necessarium
3166 3912 3313 3967 esset,
3344 3903 3641 3959 declaravit.

2704 4012 2956 4069 CIESAR
3004 4014 3367 4073 BARONIUS.

2376 4104 2551 4175 (Tom.
2586 4105 2627 4159 ll
2657 4105 2851 4160 Annal.
2882 4108 3076 4162 eccles.
3108 4110 3173 4164 ad
3202 4125 3296 4166 an.
3317 4112 3517 4167 Christi
3547 4112 3703 4182 265.)

2316 4194 2614 4250 Gennadius
2649 4197 2988 4254 Massiliensis
3014 4201 3068 4253 in
3096 4205 3456 4257 commentario
3485 4205 3547 4259 de
3580 4203 3825 4257 Ecclesia-

613 4261 910 4321 Gennadius
939 4271 992 4321 in
1021 4272 1405 4340 deﬁnitionibus
1432 4279 1894 4335 ecclesiasticarum
1919 4285 2131 4355 dogma-
2157 4288 2205 4352 (ζ
2236 4289 2376 4342 sticis
2402 4289 2742 4359 dogmatibus,
2789 4293 2877 4363 qui
2922 4292 3184 4347 interdum
3228 4298 3392 4350 sancti
3418 4298 3697 4368 Augustini
3724 4312 3826 4366 ,ηο-

542 4364 651 4410 tum
680 4358 750 4411 ait
776 4375 793 4413 :
824 4378 841 4411 ‹
874 4360 1145 4418 Dazmones
1188 4383 1277 4437 per
1305 4372 1565 4441 energiam
1596 4390 1696 4429 non
1732 4376 1986 4430 credimus
2016 4378 2133 4431 sub-

540 4450 851 4506 stantialiter
877 4453 1024 4508 illabi
1053 4458 1271 4524 animle,
1302 4478 1322 4513 ι
1354 4472 1461 4518 etc.

2243 4384 2379 4437 mine
2400 4400 2667 4453 perperam
2690 4387 2941 4440 invenitur
2962 4404 3068 4441 esse
3090 4390 3299 4457 citatus,
3322 4393 3568 4461 scriptum
3588 4392 3825 4463 reliquit:

2248 4494 2265 4525 ι
2298 4474 2449 4528 Nihil
2478 4487 2700 4530 creatum
2733 4487 2818 4531 aut
2848 4479 3090 4547 serviens,
3124 4500 3141 4531 ι
3174 4492 3274 4536 etc.

570 4592 1869 4629 W—

1876 4620 2339 4636 Ἥ-

2348 4622 3795 4652 v———-—————_—v——_—___———_—___1‘

1043 4719 1978 4843 GENNADII
2069 4733 3328 4857 MASSILIENSIS

2054 4928 2059 4945 τ
2096 4907 2284 4962 LIBER

741 5017 933 5130 DE
1019 5021 2364 5217 ECCLESIAsTIeIs
2452 5041 3583 5205 DOGMATIBUS.

1802 5212 1894 5275 (Ex
1918 5214 2141 5264 editione
2163 5214 2559 5279 Elmenhorstii.)

1011 5476 1055 5544 ι
1082 5470 1307 5531 CAPUT
1349 5477 1630 5536 PRIMUM.

587 5554 870 5661 Fredimus
902 5577 1066 5618 unum
1102 5580 1221 5621 esse
1247 5568 1415 5625 Deum
1450 5572 1687 5643 Patrem,
1720 5586 1773 5631 et
1807 5577 2021 5646 Filium,
2056 5591 2112 5637 et
2225 5592 2550 5639 coaeternus.
2584 5584 2745 5642 Pater
2774 5604 2902 5659 ergo
2935 5593 3255 5663 principium
3285 5554 3653 5674 Deitatiszqui
3688 5608 3830 5665 sicut

514 5647 774 5768 ggiritum
810 5667 1056 5768 saucium
1090 5678 1102 5714 :
1133 5661 1346 5718 Patrem
1396 5680 1461 5719 eo
1500 5668 1638 5735 quod
1673 5670 1841 5726 ﬁlium
1876 5672 2108 5739 habeat;
2222 5693 2492 5746 nunquam
2518 5678 2615 5734 fuit
2638 5695 2743 5736 non
2769 5647 3032 5751 Deus,'ita
3063 5647 3337 5765 utinquam
3372 5697 3469 5753 [υίι
3493 5647 3591 5755 ιιυὲ
3632 5698 3825 5768 Pater,

512 5733 713 5801 Filium
736 5759 801 5801 eo
826 5749 967 5815 quod
994 5762 1201 5818 patrem
1227 5754 1444 5823 habeat;
1470 5733 1724 5827 spiritum
1754 5774 2001 5824 sanctum
2037 5784 2105 5825 eo
2201 5785 2248 5855 ,η
2276 5733 2383 5839 qui;
2414 5769 2580 5829 Filius
2608 5782 2788 5845 natus,
2815 5790 2843 5831 a
2866 5733 2972 5847 cito
2992 5733 3475 5848 Spirituis‘f;ahnc:u;
3493 5733 3603 5848 23in
