4090 6330
252 352 351 410 98f

1187 350 1272 405 DE
1312 346 1855 405 ECCLESIASTICIS
1895 346 2325 407 DOGMATIBUS
2366 348 2565 404 LIBER

3410 345 3510 407 982

250 464 372 530 quia
405 479 509 517 non
555 473 634 517 est
666 463 826 527 lilius,
860 477 1032 533 neque
1084 463 1380 530 ingenitus;
1433 462 1554 531 quia
1594 475 1696 513 non
1742 467 1822 513 est
1851 460 2053 524 Lsua,
2079 472 2131 515 et
2160 478 2285 517 caro
2334 480 2453 519 cum
2509 466 2753 519 sensibus
2803 466 2913 518 suis
2947 482 2956 516 :
2995 478 3087 531 per
3138 479 3271 531 quos
3318 479 3509 521 sensus

251 552 442 620 Pater,
492 573 664 626 neque
707 556 895 624 lactus,
926 559 1046 627 quia
1073 574 1176 613 non
1200 567 1281 613 est
1310 573 1373 613 ex
1418 556 1610 623 nihilo,
1636 556 1732 611 sed
1762 569 1827 609 ex

249 647 357 702 Deo
388 647 544 702 Patre
570 660 621 701 et
655 648 760 703 Deo
795 649 929 703 Filio
961 650 1098 713 Deus
1127 648 1442 718 procedens.
1479 648 1635 701 Pater
1663 654 1827 700 atter-

248 736 365 801 nus,
400 753 465 791 eo
496 738 636 808 quod
667 750 922 799 alternum
954 739 1146 794 habeat
1176 738 1391 804 Filium,
1418 739 1570 806 cujus
1595 746 1827 792 aéternus

247 826 315 882 sit
345 827 522 882 Pater.
563 830 613 903 2
666 816 832 882 Filius
864 836 1120 894 :rternus,
1172 844 1237 883 eo
1268 827 1408 897 quod
1454 831 1522 882 sit
1566 828 1709 882 Patri
1737 842 1827 883 co-

246 929 501 973 u‘tetnus.
531 919 762 987 Spiritus
783 929 999 973 sanctus
1031 931 1283 985 :eternus,
1315 934 1380 973 eo
1410 918 1550 991 quod
1587 918 1655 972 sit
1684 918 1827 973 Patri

244 1020 298 1063 et
331 1009 469 1063 Filio
497 1020 819 1064 eoa-ternos.
852 1010 966 1065 Non
995 1010 1214 1066 confusa
1247 1010 1300 1064 in
1330 1024 1431 1064 una
1462 1024 1687 1077 persona
1710 1010 1826 1064 Tri-

154 1157 163 1166 _
245 1103 406 1166 nitas,
440 1112 497 1155 ut
528 1102 787 1157 Sabellius
810 1102 967 1165 dicit;
999 1118 1171 1172 neque
1192 1112 1433 1173 separata
1460 1112 1549 1157 aut
1576 1103 1743 1157 divisa
1772 1102 1824 1157 in

246 1202 433 1247 natura
472 1195 734 1249 Divinitas
754 1236 767 1259 ,
798 1203 855 1249 ut
899 1197 1056 1250 Arius
1086 1196 1450 1266 bla5pltemat;
1481 1196 1573 1251 sed
1605 1197 1741 1252 alter
1770 1198 1822 1253 in

244 1274 475 1357 persona
502 1287 689 1353 Pater,
721 1288 853 1343 alter
885 1289 936 1342 in
973 1304 1198 1357 persona
1230 1289 1428 1356 Filius,
1460 1290 1593 1344 alter
1623 1291 1673 1344 in
1694 1306 1825 1365 per-

241 1395 373 1434 sona
407 1380 636 1449 Spittitus
685 1392 921 1436 sanctus.
958 1383 1103 1437 Unus
1135 1391 1320 1437 natura
1349 1382 1401 1437 in
1433 1393 1614 1438 sancta
1646 1384 1817 1441 Trini«

239 1479 349 1527 tate
377 1472 517 1529 Deus
542 1481 713 1544 pater,
738 1487 792 1529 et
820 1473 1009 1540 Filius,
1034 1484 1087 1530 et
1107 1475 1339 1545 Spiritus
1369 1485 1607 1532 sanctus.

863 1566 1090 1621 CAPUT
1131 1567 1190 1621 ll.

313 1656 428 1711 Non
458 1666 607 1727 pater
635 1674 849 1713 carnem
898 1662 1206 1730 assumpsit,
1239 1678 1411 1732 neque
1440 1664 1666 1733 Spiritus
1699 1680 1821 1718 san-

238 1755 379 1811 ctus,
414 1747 506 1802 sed
538 1747 701 1803 Filius
731 1760 939 1806 tantum
966 1772 977 1801 :
1013 1762 1069 1806 ut
1095 1755 1183 1823 qui
1206 1764 1321 1809 erat
1347 1755 1699 1811 indivinitate
1731 1756 1821 1811 Dei

239 1838 415 1893 Patris
448 1838 636 1906 Filius,
671 1842 783 1909 ipse
824 1841 975 1898 fieret
1007 1846 1055 1897 in
1110 1844 1322 1900 homine
1365 1846 1596 1901 hominis
1638 1848 1823 1902 matris

238 1930 423 1997 illius;
458 1946 523 1987 ne
553 1933 648 1987 ﬁlii
692 1950 884 1990 nomen
914 1936 977 1991 ad
1024 1938 1250 1993 alterum
1284 1939 1555 2005 transiret,
1586 1940 1676 2011 qui
1720 1956 1823 1994 non

236 2032 384 2077 esset
411 2033 607 2079 aeterna
652 2028 924 2083 nativitate
968 2029 1123 2084 filius.
1157 2030 1248 2085 Dei
1296 2047 1423 2102 ergo
1457 2032 1621 2087 Filius
1654 2031 1823 2088 lactus

235 2126 323 2170 est
352 2116 582 2172 hominis
611 2119 767 2188 filius,
796 2130 950 2176 natus
981 2123 1272 2178 secundum
1306 2126 1582 2181 veritatem
1620 2136 1823 2180 naturzc

176 2252 180 2259 .
233 2223 304 2263 ex
330 2207 441 2263 Deo
469 2209 558 2264 Dei
592 2210 777 2278 Filius,
806 2223 858 2268 et
888 2217 1179 2295 srcundum
1208 2218 1483 2273 veritatem
1520 2230 1721 2274 naturae
1751 2234 1818 2273 ex

233 2301 458 2357 homine
498 2304 727 2361 hominis
759 2305 922 2362 Filius
955 2329 966 2360 :
1003 2320 1055 2365 ut
1088 2312 1283 2365 veritas
1330 2313 1496 2381 geniti
1546 2328 1649 2366 non
1694 2313 1823 2367 ado-

232 2395 425 2463 ptione
447 2439 462 2461 ,
508 2411 610 2451 non
640 2400 1022 2469 appellatione,
1064 2402 1156 2457 sed
1190 2403 1242 2457 in
1293 2414 1518 2474 utraque
1549 2406 1822 2461 nativitate

230 2487 334 2542 ﬁlii
377 2503 573 2543 nomen
604 2492 872 2546 nascendo
929 2495 1175 2561 haberet,
1210 2505 1263 2550 et
1310 2508 1451 2552 esset
1482 2514 1637 2552 verus
1685 2498 1821 2554 Deus

228 2590 290 2638 et
326 2597 482 2638 verus
526 2584 683 2638 homo
728 2602 864 2641 unus
896 2587 1053 2642 lilius.
1089 2588 1203 2643 Non
1232 2606 1360 2660 ergo
1386 2591 1520 2645 duos
1543 2590 1819 2659 Christus,

230 2682 415 2742 neque
463 2672 596 2728 duos
646 2674 785 2731 illius
832 2677 1079 2742 fatemur,
1129 2680 1221 2733 sed
1256 2681 1418 2735 Deum
1466 2691 1519 2734 et
1550 2681 1820 2735 hominem

228 2780 406 2819 unum
436 2764 623 2820 lilium.
647 2766 814 2834 Quem
840 2778 1120 2839 propterea
1145 2779 1198 2824 et
1222 2771 1551 2839 unigenitum
1574 2772 1819 2837 dicimus,

229 2866 546 2912 manentem
595 2856 645 2913 iu
696 2859 901 2914 duabus
946 2860 1298 2926 subStantiis,
1342 2863 1476 2917 sicut
1519 2864 1567 2917 ei
1621 2872 1822 2915 natura:

228 2949 438 3004 veritas
468 2952 709 3016 contulit,
754 2953 803 3023 3
834 2968 938 3007 non
966 2954 1205 3009 confusis
1249 2955 1451 3009 naturis
1472 2997 1484 3017 ,
1516 2970 1687 3025 neque
1726 2956 1820 3008 im-

228 3043 441 3112 mixtis,
472 3044 609 3098 sicut
634 3044 959 3100 Timotbiani
982 3048 1185 3111 vo‘lunt,
1217 3048 1311 3102 sed
1353 3048 1609 3101 societate
1638 3047 1817 3101 unitis.

228 3122 535 3205 Deus'ergo
557 3134 825 3192 hominem
855 3139 1165 3207 assumpsit,
1194 3124 1356 3193 homo
1380 3139 1433 3193 in
1458 3138 1620 3193 Deum
1650 3148 1822 3192 trans-

227 3222 359 3289 ivit,
394 3239 500 3280 uon
540 3236 743 3282 naturae
785 3228 1163 3293 versibilitate,
1202 3231 1341 3284 sicut
1370 3240 1395 3267 ⁸
1425 3230 1819 3300 Apollinaristte

227 3315 445 3382 dicunt,
481 3318 571 3372 sed
604 3318 695 3374 Dei
724 3318 1031 3389 dignatione
1063 3336 1077 3373 :
1123 3330 1179 3375 ut
1210 3336 1307 3376 nec
1341 3321 1483 3376 Deus
1529 3329 1823 3375 mutaretur

228 3407 287 3463 in
341 3408 626 3464 humanam
679 3409 705 3448 ι’
740 3412 1093 3468 substantiam
1122 3456 1136 3478 ,
1165 3413 1487 3469 assumendo
1518 3413 1784 3467 hominem
1808 3454 1820 3477 ,

228 3514 345 3558 nec
384 3501 543 3555 homo
586 3503 639 3556 in
689 3494 923 3557 divinam
972 3504 1297 3574 gloriﬁcatus
1347 3509 1397 3560 in
1458 3507 1621 3560 Deum
1658 3525 1670 3559 :
1705 3507 1824 3574 Quia

229 3593 470 3648 mutatio
499 3592 581 3645 vel
632 3591 953 3648 versibilitas
1001 3605 1206 3650 natura:
1238 3605 1292 3650 et
1336 3596 1746 3651 diminutionem
1776 3605 1829 3647 et

231 3681 588 3738 abolitionem
630 3684 943 3739 substanlize
992 3686 1134 3741 facit.
1174 3688 1425 3743 Creditur
1467 3703 1494 3741 a
1526 3688 1681 3743 nobis
1712 3690 1829 3742 sine

229 3772 563 3828 confusione
604 3774 889 3843 conjuncta
923 3784 1101 3830 sancta
1153 3776 1417 3843 Trinitas',
1451 3778 1567 3832 sine
1610 3793 1828 3847 separa-

233 3868 398 3922 tione
429 3863 704 3919 distincta.
732 3865 896 3921 Natus
923 3875 1005 3922 est
1031 3882 1158 3938 ergo
1187 3867 1281 3924 Dei
1307 3868 1470 3923 Filius
1492 3883 1555 3924 et
1589 3868 1825 3935 homine,

233 3967 297 4015 et
329 3971 435 4012 non
468 3971 559 4025 per
588 3957 855 4013 hominem
892 3958 984 4013 :id
1012 3970 1113 4020 est.
1144 3976 1248 4014 non
1275 3976 1340 4016 ex
1366 3960 1466 4015 viri
1497 3961 1665 4025 coitu,
1696 3961 1831 4014 sicut

234 4050 421 4106 Ebiou
444 4048 601 4121 dicit;
627 4049 721 4104 sed
750 4064 965 4105 carnem
992 4065 1056 4105 ex
1087 4051 1306 4122 virginis
1332 4066 1559 4121 corpore
1587 4053 1829 4116 trahens,

234 4153 299 4201 et
327 4158 434 4198 non
461 4144 528 4198 de
555 4146 692 4200 coelo
719 4160 899 4201 secum
922 4145 1173 4215 aﬂerens,
1199 4147 1337 4200 sicut
1362 4145 1618 4209 Marcion,
1648 4144 1835 4213 Orige-

236 4248 347 4289 ncs
396 4241 452 4289 et
504 4235 773 4307 Eutyches
819 4234 1107 4291 afﬁrmant.
1140 4238 1320 4306 Neque
1373 4238 1424 4291 in
1449 4238 1748 4307 phantasia,
1780 4236 1830 4290 id

235 4335 355 4393 eSI,
386 4327 587 4396 absque
617 4342 811 4392 carne,
857 4328 995 4383 sicut
1022 4328 1332 4383 Valentinus
1358 4329 1570 4392 asserit,
1607 4339 1627 4367 ε
1660 4343 1834 4398 neque

235 4418 316 4473 de
348 4417 509 4484 thesi,
541 4417 593 4472 id
643 4429 745 4489 est,
797 4420 1033 4489 putative
1082 4422 1450 4488 imaginatum,
1500 4422 1592 4475 sed
1639 4435 1833 4490 corpus

237 4525 459 4566 verum.
494 4507 522 4547 ἀ
552 4511 666 4566 Non
696 4521 900 4566 tantum
930 4528 1145 4568 carnem
1188 4528 1252 4568 ex
1288 4528 1479 4581 carne,
1531 4514 1667 4567 sicut
1694 4512 1835 4566 Mar-

1847 3191 1901 3254 C

1936 566 2089 608 veros
2132 554 2183 608 in
2212 556 2480 623 passione,
2508 567 2561 612 et
2580 564 2705 613 ante
2736 557 3037 627 passionem
3064 571 3175 611 sua:
3205 556 3381 611 carnis
3405 557 3503 612 do-

1932 643 2074 699 lores
2101 645 2369 701 sustinuit.

2518 739 2572 810 τι
2590 739 2813 796 CAPUT
2854 741 2938 796 ιιι.

2004 828 2185 900 Neque
2206 831 2284 884 sic
2312 838 2393 885 est
2419 841 2572 885 natus
2604 830 2623 867 ί
2654 846 2721 886 ex
2759 831 3000 902 virgine,
3033 841 3092 886 ut
3137 839 3191 888 et
3218 830 3509 905 divinitatis

1930 916 2138 973 initium
2170 918 2329 974 homo
2362 920 2633 975 nascendo
2683 923 2970 990 acceperit,
3018 923 3170 992 quasi
3223 929 3507 992 antequam

1930 1021 2241 1066 nasceretur
2286 1027 2352 1067 ex
2381 1012 2584 1082 virgine
2630 1012 2770 1067 Deus
2799 1027 2904 1068 non
2948 1012 3139 1080 fuerit,
3165 1013 3305 1069 sicut
3346 1015 3507 1067 Arte-

1930 1120 2075 1169 mon,
2103 1114 2156 1158 et
2196 1104 2452 1173 Berillus,
2486 1112 2540 1158 et
2572 1112 2596 1152 ι
2641 1102 2940 1169 Marcellus,
2988 1105 3321 1160 docuerunt:
3356 1100 3382 1139 ιι
3412 1101 3509 1158 sed

1928 1204 2161 1250 aeternus
2187 1205 2242 1251 et
2271 1196 2409 1251 Deus
2439 1206 2493 1250 et
2515 1196 2677 1251 homo
2705 1211 2770 1250 ex
2798 1196 3001 1266 virgine
3028 1205 3182 1251 natus
3210 1205 3313 1261 est,
3349 1192 3366 1232 ί
3397 1209 3508 1251 non

1929 1289 2177 1344 amittens
2208 1289 2347 1358 quod
2379 1298 2512 1355 erat,
2546 1288 2795 1358 dignatus
2828 1301 2948 1345 esse
2989 1287 3129 1357 quod
3162 1302 3269 1342 non
3298 1294 3432 1343 erat.

2541 1425 2767 1483 CAPUT
2810 1424 2898 1481 IV.

1997 1543 2138 1598 Nihil
2164 1555 2397 1600 creatum
2422 1553 2513 1599 aut
2532 1544 2771 1599 serviens
2794 1543 2847 1598 in
2868 1541 3131 1598 Trinitate
3159 1554 3173 1591 ι
3203 1541 3504 1610 credamus,
3527 1544 3530 1550 λ

1925 1642 1982 1686 ιιι
2009 1634 2120 1688 vult
2150 1635 2431 1706 Dionysius
2459 1637 2577 1690 fons
2599 1635 2710 1689 Arii
2732 1652 2753 1698 ;
2779 1632 2803 1669 ¹ι
2835 1633 2966 1687 nihil
3000 1632 3286 1705 inaequale,
3310 1643 3367 1687 ut
3392 1632 3508 1687 vult

1929 1724 2254 1791 liunomius;
2287 1727 2417 1781 nihil
2448 1725 2707 1797 inmquale
2731 1726 3010 1795 gratia),ut
3037 1726 3148 1780 vult
3172 1726 3385 1790 Aetius;
3417 1727 3500 1778 ni-

1854 1822 1903 1889 Β
1931 1817 2002 1873 hil
2040 1822 2278 1875 anterius
2324 1820 2655 1889 posteriusve
2702 1804 2792 1872 aut
2820 1800 3012 1881 minus,
3047 1825 3103 1870 ut
3145 1814 3329 1879 Arius;
3374 1814 3506 1869 nihil

1931 1919 2243 1967 extraneum
2268 1922 2358 1965 aut
2382 1909 2399 1947 ι
2426 1909 2654 1965 ofllciale
2674 1910 2851 1972 alteri,
2881 1920 2937 1962 ut
2972 1905 3338 1971 Macedonius;
3369 1905 3499 1959 nihil

1932 2012 1968 2037 ’τ’
2018 2005 2333 2072 pervasione
2377 2013 2468 2058 aut
2515 2002 2851 2073 surreptione
2892 2001 3145 2055 insertum
3172 2041 3187 2064 ,
3230 2009 3286 2051 ut
3341 1996 3506 2052 Mani-

1928 2094 2141 2160 chacus;
2169 2095 2297 2149 nihil
2345 2110 2683 2165 corporeum,
2726 2103 2781 2147 ut
2827 2093 3003 2147 Melito
3029 2102 3083 2146 et
3110 2089 3503 2152 Tertullianus,

1929 2187 2061 2241 nihil
2106 2187 2457 2254 corporaliter
2501 2186 2817 2257 etﬁgiatum,
2859 2193 2917 2239 ut
2970 2180 3506 2251 Anthropomorphus

1926 2291 1981 2336 et
2008 2288 2035 2315 υ
2065 2279 2375 2350 Vadianus;
2402 2278 2537 2333 nihil
2567 2278 2667 2332 sibi
2717 2276 2980 2331 invisibile
3023 2290 3051 2327 a
3099 2270 3358 2327 creaturis
3384 2312 3398 2335 ,
3451 2280 3505 2324 ut

1925 2369 2213 2441 Origenes;
2267 2369 2398 2423 nihil
2446 2370 2707 2441 creaturis
2755 2367 2993 2429 visibile,
3046 2375 3102 2418 ut
3149 2363 3503 2427 Fortunatus;

1926 2463 2059 2519 nihil
2110 2463 2348 2518 moribus
2375 2462 2459 2516 vel
2507 2462 2777 2521 voluntate
2818 2461 3109 2524 diversum,
3144 2466 3201 2510 ut
3226 2455 3496 2520 Marcion;

1927 2557 2058 2612 nihil
2081 2572 2145 2611 ex
2177 2555 2451 2610 Trinitatis
2482 2555 2712 2609 essentia
2742 2553 2807 2607 ad
2860 2561 3224 2607 creaturarum
3258 2559 3504 2602 naturam

1927 2651 2235 2713 deductum,
2272 2658 2327 2704 ut
2359 2646 2509 2702 Plato
2532 2656 2584 2703 et
2613 2646 3004 2709 Tertullianus;
3041 2643 3167 2697 nihil
3197 2641 3373 2695 ollicio
3400 2640 3506 2693 sin-

1926 2744 2115 2812 gulare
2143 2758 2241 2798 nec
2267 2742 2417 2797 alteri
2447 2739 2911 2802 communicabile,
2946 2748 3004 2790 ut
3056 2736 3341 2803 Origenes;
3375 2733 3506 2786 nihil

1927 2833 2241 2897 confusum,
2273 2841 2330 2887 ut
2357 2831 2654 2895 Sabellius;
2686 2831 2777 2885 sed
2824 2840 2990 2883 totum
3043 2826 3356 2897 perlectum,
3387 2829 3508 2894 quia

1929 2924 1980 2996 5
2010 2932 2180 2978 totum
2212 2938 2275 2977 ex
2307 2938 2437 2987 uno,
2470 2930 2523 2977 et
2553 2938 2717 2975 unum
2748 2936 2815 2974 ex
2847 2930 2957 2974 ιοιο
2990 2935 3002 2972 :
3039 2933 3143 2971 non
3177 2925 3351 2971 tamen
3381 2915 3507 2969 soli-

1930 3017 2140 3079 tarium,
2176 3026 2232 3070 ut
2283 3022 2612 3084 praesumunt
2643 3012 2877 3066 Praxeas
2906 3021 2959 3066 et
2986 3010 3282 3081 Sylvanus,
3314 3007 3508 3062 Penta-

1927 3107 2157 3176 politaua
2186 3105 2505 3161 damnabilis
2534 3104 2619 3158 illa
2642 3103 2904 3159 doctrina.

2547 3215 2771 3271 CAPUT
2812 3215 2875 3270 V.

1958 3300 1961 3301 ν
2000 3316 2297 3385 Ὀμοούσιος
2320 3324 2467 3380 ergo,
2500 3309 2550 3362 id
2580 3317 2682 3374 est,
2714 3303 3083 3362 cnessentialis
3126 3304 3178 3359 in
3232 3303 3510 3358 divinitate

1928 3403 2072 3460 Patri
2122 3400 2316 3466 Filius;
2362 3400 2625 3476 ὁμοούσιος
2680 3397 2821 3451 Patri
2867 3404 2923 3450 et
2950 3394 3088 3448 Filio
3119 3392 3348 3464 Spiritus
3391 3407 3511 3447 san-

1930 3498 2085 3562 ctus;
2120 3498 2383 3564 ὁμοηύσιος
2432 3493 2539 3546 Deo
2568 3499 2622 3546 et
2654 3489 2853 3545 homini
2885 3503 3020 3543 unus
3054 3487 3240 3552 Filius,
3290 3501 3511 3540 manens

1932 3589 2075 3643 Deus
2104 3589 2157 3642 in
2207 3586 2423 3639 homine
2454 3599 2551 3636 suo
2583 3584 2634 3635 in
2682 3582 2851 3650 gloria
2899 3580 3100 3642 Patris,
3142 3576 3513 3633 desiderabilis

1934 3679 2101 3733 videri
2151 3677 2218 3731 ab
2256 3674 2457 3746 angelis
2500 3656 2676 3727 :sicut
2722 3671 2881 3725 Pater
2923 3679 2977 3724 et
3024 3668 3255 3747 Spiritus
3299 3678 3514 3721 sanctus

1934 3769 2189 3823 adorator
2230 3767 2298 3820 ab
2328 3764 2531 3833 angelis
2560 3769 2614 3816 et
2643 3761 2710 3815 ab
2739 3759 2882 3815 omni
2914 3768 3188 3823 creatura;
3222 3773 3324 3812 non
3355 3758 3515 3817 homo

1935 3861 2108 3915 factus
2156 3869 2347 3929 praeter
2378 3855 2567 3922 Deum,
2616 3861 2640 3889 ο
2673 3853 2755 3906 vel
2786 3850 3028 3906 Christus
3057 3864 3176 3905 cum
3210 3850 3339 3913 Deo,
3372 3850 3509 3903 sicut

1937 3952 2269 4023 blasphemat
2294 3946 2595 4011 Nestorius,
2624 3943 2717 3998 sed
2751 3943 2910 3997 homo
2940 3940 2995 3994 in
3044 3940 3172 4005 Deo,
3207 3950 3259 3994 et
3295 3939 3433 3994 Deus
3463 3938 3513 3991 in

1939 4045 2177 4100 homine.
2632 4112 2637 4117 η

2541 4128 2764 4186 CAPUT
2806 4127 2890 4182 Vl.

2011 4233 2128 4288 Erit
2174 4228 2497 4286 resurrectio
2546 4235 2879 4287 mortuorum
2924 4220 3160 4276 omnium
3220 4219 3512 4281 hominum,

1938 4327 2031 4383 sed
2062 4341 2161 4380 una
2190 4332 2245 4379 et
2271 4321 2482 4377 insimul
2509 4331 2562 4375 et
2588 4319 2775 4373 semel.
2811 4316 2926 4371 Non
2954 4315 3122 4384 prima
3148 4313 3434 4382 justorum,
3463 4320 3516 4365 et

1937 4417 2167 4475 secunda
2199 4425 2560 4487 peccatorum,
2587 4420 2641 4464 ut
2670 4411 2849 4465 fabula
2876 4418 2957 4463 est
2976 4405 3391 4471 somniatorum;
3424 4404 3517 4457 sed

1936 4524 2042 4565 una
2079 4510 2335 4563 omnium.
2374 4507 2435 4559 Et
2466 4505 2507 4558 si
2554 4503 2604 4557 id
2630 4515 2911 4569 resurgere
2937 4500 3148 4559 dicitur,
3177 4495 3317 4564 quod
3351 4492 3513 4559 cadit,

236 4601 460 4668 cianus,
490 4603 585 4657 sed
609 4618 770 4657 verus
804 4603 942 4657 Deus
971 4618 1033 4657 ex
1066 4603 1365 4670 divinitate,
1397 4612 1451 4658 et
1470 4618 1629 4658 verus
1673 4604 1833 4657 homo
1860 4562 1914 4623 Β
1941 4617 2066 4657 caro
2087 4616 2212 4669 ergo
2244 4606 2420 4652 nostra
2452 4597 2503 4649 iu
2536 4596 2759 4647 veritate
2782 4590 3028 4659 resurgit,
3055 4589 3190 4642 sicut
3216 4588 3267 4640 in
3298 4585 3518 4638 veritate

236 4711 313 4751 ex
346 4708 529 4759 carne,
558 4702 581 4731 ⁸
632 4709 766 4747 unus
799 4692 894 4748 Dei
944 4692 1142 4760 Filius,
1176 4694 1229 4747 in
1270 4694 1549 4748 divinitate
1601 4692 1833 4748 Verbum

240 4787 433 4843 Patris
457 4796 506 4841 et
545 4787 709 4852 Deus,
739 4788 789 4841 in
824 4788 1041 4842 homine
1070 4787 1245 4841 anima
1268 4798 1320 4841 et
1342 4802 1487 4843 caro.
1519 4787 1704 4842 Anima
1731 4804 1835 4843 non

240 4878 460 4946 absque
508 4891 666 4932 sensu
696 4886 750 4933 et
772 4879 995 4943 ratione,
1046 4886 1105 4932 ut
1132 4878 1482 4947 Apollinaris,
1514 4894 1687 4947 neque
1712 4894 1839 4935 caro

241 4966 462 5037 absque
486 4968 682 5035 anima,
708 4977 766 5023 ut
795 4966 1121 5034 Eunomius;
1146 4969 1239 5025 sed
1270 4970 1445 5024 anima
1476 4983 1596 5025 cum
1628 4968 1838 5025 ratione

330 5175 362 5203 ⁸
388 5165 488 5220 Ms.
512 5165 631 5220 cod.
661 5164 920 5232 Florent.,
938 5164 1276 5220 Tertullianus
1297 5164 1747 5235 «Apollinarium
1763 5165 1844 5218 di-

246 5245 405 5295 αιηι.

336 5307 369 5345 δ
404 5308 524 5375 Ms.,
557 5306 920 5376 sufficientiam.

338 5389 365 5417 ο
395 5378 469 5432 ita
497 5392 598 5432 ms.
626 5378 745 5432 cod.
772 5377 1111 5433 Florentinus
1143 5376 1386 5433 biblioth.
1420 5376 1483 5430 D.
1516 5376 1697 5431 Marci.

336 5446 366 5485 ἀ
400 5449 522 5515 Ms.,
551 5465 653 5503 non
696 5449 945 5516 inaequale
964 5492 979 5515 ,
1014 5459 1068 5502 ut
1095 5447 1379 5503 Eunomia:
1401 5487 1417 5508 .
1451 5446 1580 5501 nihil
1610 5462 1697 5515 per
1722 5462 1838 5516 gra-

251 5523 415 5585 tiam,
444 5536 529 5574 car
555 5529 721 5574 tamen
751 5535 987 5585 carnem;
1019 5534 1181 5576 sensu
1211 5518 1359 5573 nullo

340 5599 371 5629 ο
396 5591 509 5645 Vox
538 5589 633 5645 Dei
657 5606 726 5657 ex
753 5604 851 5644 ms.
884 5599 985 5646 est.

349 5659 369 5697 ί
401 5662 500 5717 Ms.
529 5661 670 5718 deiet
697 5676 760 5715 ea:
786 5662 995 5731 uirgine.

344 5743 371 5779 ἐς
401 5733 516 5787 Vox
553 5732 826 5786 Marcellus
849 5737 997 5786 deest
1021 5732 1074 5785 in
1103 5744 1203 5787 ms.
1628 5762 1631 5773 ι

344 5804 375 5863 μ
406 5805 526 5862 Ms...
554 5806 641 5858 sed
668 5816 887 5857 ωιενιιιιε
916 5813 1035 5855 ante
1063 5801 1250 5860 secula
1274 5799 1430 5859 Dm.
1462 5798 1631 5862 homo,
1665 5807 1768 5853 etc.

1941 4695 2099 4750 cadit.
2138 4694 2199 4746 Et
2227 4706 2330 4745 non
2362 4686 2651 4743 secundum
2688 4686 2971 4754 Urigenem
3006 4679 3299 4735 immutatio
3327 4692 3517 4746 corpo-

1943 4786 2060 4842 rum
2092 4784 2211 4847 erit,
2236 4780 2287 4838 id
2310 4789 2411 4842 est,
2437 4777 2574 4832 aliud
2609 4792 2804 4831 novum
2838 4787 3030 4842 corpus
3048 4785 3154 4853 pro
3180 4783 3342 4824 carne
3377 4785 3391 4825 :
3424 4766 3531 4822 sed-

1945 4877 2134 4932 eadem
2175 4885 2302 4926 caro
2348 4866 2713 4935 corruptibilis
2758 4879 2872 4934 quae
2920 4861 3061 4917 cadit
3108 4870 3212 4914 tam
3256 4858 3519 4930 justorum

1945 4984 2103 5041 quam
2146 4966 2461 5034 injusterum
2512 4955 2928 5041 incorruptibilis
2974 4962 3238 5024 resurget,
3270 4964 3389 5022 qua:
3431 4949 3515 5002 vel

2030 5173 2045 5198 ι
2082 5160 2201 5215 Non
2230 5161 2467 5212 amittens
2491 5156 2625 5227 quod
2660 5163 2798 5220 erat,
2830 5153 3067 5224 dignatus
3112 5165 3219 5227 esse
3258 5147 3392 5201 aitod
3422 5164 3522 5201 non

1954 5242 2085 5299 erat,
2120 5232 2231 5284 haee
2253 5231 2371 5283 loco
2398 5220 2666 5281 suo'mota
2693 5239 2759 5280 ex
2789 5220 2902 5278 ms.’
2923 5220 3158 5292 reposui.

2026 5303 2038 5352 i
2079 5301 2198 5367 his,
2223 5301 2547 5371 credendum.
2652 5367 2662 5371 _
2761 5364 2773 5371 _
3038 5361 3050 5371 ,
3114 5362 3159 5371 ,.
3201 5360 3212 5371 .

2024 5372 2049 5409 ¹ί
2085 5361 2229 5425 Nihil
2252 5370 2500 5438 inrequale
2529 5367 2729 5437 gratiae,
2761 5364 2875 5420 haec
2904 5377 3004 5417 ms.
3038 5361 3260 5416 inducit.

2027 5440 2043 5479 ι
2078 5443 2197 5506 Ms.,
2229 5440 2444 5508 difﬁcile.

2025 5523 2063 5549 ω
2094 5513 2163 5565 Ita
2186 5502 2340 5565 recte
2366 5525 2501 5573 ms.;
2533 5507 2620 5561 alii
2648 5505 2995 5577 persuasione,
3016 5502 3212 5577 inepte.

2025 5592 2051 5617 ιι
2105 5583 2199 5637 Ms.
2252 5567 2572 5642 Nadicinns,
2615 5567 2791 5631 tnale.‘
2822 5576 3053 5637 Danzeus
3090 5567 3162 5639 su
3207 5571 3431 5640 August.
3461 5567 3522 5630 de

1957 5655 2157 5710 Haeres.
2183 5667 2299 5717 cap.
2334 5651 2403 5705 50
2434 5650 2561 5719 legit
2585 5648 2873 5703 Audianos.

2027 5733 2051 5759 ο
2078 5723 2199 5779 Με..
2230 5720 2337 5776 sed.

2027 5733 2051 5759 ο
2078 5733 2199 5790 Ms.,
2230 5733 2337 5776 sea.
