4090 6330
527 206 631 265 985
1359 215 1365 243 ί

532 429 730 474 ειμι-ηε
746 430 963 472 manere
987 429 1082 485 pro
1110 412 1335 468 meritis.
1428 448 1437 457 .
1490 454 1499 463 .

1082 490 1397 579 e‘caeur
1439 505 1545 560 vn.

598 602 846 658 Omnium
906 600 1048 656 enim
1099 598 1373 655 hominum
1418 598 1523 653 erit
1569 596 1917 653 resurrectio.
1972 604 1997 630 ⁸
2051 592 2107 680 Si

531 698 768 753 omnium
809 694 930 760 erit,
961 708 1089 764 ergo
1134 706 1323 748 omnes
1364 692 1665 747 moriuntur
1695 730 1711 757 ,
1754 699 1811 744 ut
1856 702 2004 743 mors
2043 685 2111 741 ab

534 789 701 845 Adam
732 786 758 826 ι)
784 786 941 842 ducta
979 785 1228 840 omnibus
1250 782 1373 838 ﬁliis
1402 787 1517 852 ejus
1545 782 1880 845 dominetur;
1913 786 1969 835 et
1992 793 2112 833 ma-

533 876 814 935 neatiliud
843 876 1175 948 privilegium
1198 876 1251 929 in
1278 873 1527 937 Domino,
1555 872 1698 944 quod
1721 871 1789 926 de
1812 885 1878 926 eo
1901 870 2113 939 specia-

533 973 655 1027 liter
675 970 890 1026 dicitur.
932 968 1053 1023 Non
1097 968 1241 1022 dabis
1283 978 1518 1022 sanctum
1560 976 1701 1020 tuum
1737 965 1905 1019 videre
1933 979 2113 1018 corru-

536 1065 755 1133 ptionem
799 1061 972 1134 (Psal.
1013 1048 1134 1129 ἀνι,
1181 1058 1349 1131 ‘10)c.
1386 1060 1533 1113 lianc
1572 1058 1835 1113 rationem
1882 1055 2113 1110 maxima

536 1154 752 1208 Patrum
776 1152 928 1207 turba
958 1142 1202 1206 tradente
1230 1150 1582 1217 suscepimus.
1621 1147 1817 1203 Verum
1844 1144 1963 1216 quia
1992 1153 2120 1200 sunt

539 1258 596 1304 et
634 1247 722 1301 alii
760 1260 911 1315 aeque
950 1242 1197 1299 catholici
1249 1251 1303 1296 et
1343 1240 1536 1295 eruditi
1582 1239 1681 1294 viri
1721 1239 1811 1309 qui
1852 1238 2116 1304 credunt,

540 1342 715 1397 anima
748 1340 801 1394 in
828 1352 1053 1407 corpore
1080 1332 1365 1399 manente,’
1384 1332 1745 1388 immutandos
1775 1330 1841 1385 ad
1879 1333 2122 1386 incorru-

540 1433 777 1503 ptionem
799 1441 853 1485 et
874 1420 1326 1485 immortalitatem
1347 1440 1441 1482 eos
1459 1427 1548 1496 qui
1579 1425 1633 1479 in
1657 1424 1890 1479 adventu
1910 1420 2123 1477 Domini

542 1525 649 1581 vivi
679 1520 983 1579 inveniendi
1030 1530 1177 1585 sunt,
1205 1529 1261 1574 et
1285 1518 1388 1573 hoc
1431 1518 1510 1574 eis
1537 1517 1773 1587 reputari
1809 1532 1908 1588 pro
1947 1530 2129 1577 resur-_

543 1618 783 1682 rectione
804 1631 869 1671 ex
901 1614 1149 1679 mortuis,
1197 1612 1338 1683 quod
1371 1610 1748 1667 mortalitatem
1780 1606 1807 1645 ά
1842 1606 2127 1679 praesentis

1736 194 2051 253 GENNADII
2093 192 2557 250 MASSILIENSIS

529 340 744 398 poenam
790 322 1011 379 sufferre
1040 322 1207 391 possit
1254 335 1350 390 pro
1381 319 1647 390 peccatis,
1697 318 1779 373 vel
1830 316 1881 370 in
1933 313 2103 385 gloria
2131 315 2187 373 Α

3685 195 3781 251 98ι

2817 315 3039 371 CAPUT
3089 314 3177 370 XI.

2282 406 2421 462 Nihil
2451 408 2821 478 incorporeum
2846 419 2901 464 et
2930 408 3198 465 invisibile
3218 404 3245 445 ιι
3273 408 3327 463 in
3348 415 3537 463 natura
3560 406 3786 464 creden-

2212 499 2359 567 dum,
2391 501 2489 556 nisi
2517 502 2688 556 solum
2720 501 2907 567 Deum,
2938 500 2990 555 id
3019 508 3103 557 est
3138 488 3375 565 Patrem,
3407 509 3462 556 et
3490 498 3707 565 Filium,
3732 509 3789 556 et

2215 594 2470 667 Spiritum
2501 604 2767 650 sanctum.
2800 595 2905 661 Qui
2936 593 3056 651 ideo
3087 604 3233 650 recte
3277 594 3633 665 incorporeus
3657 605 3788 648 cre-

2213 688 2377 752 ditur,
2409 687 2530 758 quia
2560 687 2757 757 ubique
2800 695 2912 771 est:
2941 695 2995 742 et
3020 685 3203 742 omnia
3232 685 3423 758 implet
3462 693 3791 755 atquecon-

2214 783 2448 853 stringit.
2502 781 2626 837 Ideo
2654 790 2707 836 et
2738 780 3019 837 invisibilis
3046 779 3299 836 omnibus
3340 777 3633 845 creaturis,
3660 776 3787 847 quia

2217 875 2563 947 incorporeus
2591 884 2693 931 est.
3794 856 3795 859 I

2702 987 2714 991 ·
2816 966 3042 1024 CAPUT
3080 965 3191 1023 XII.

2288 1062 2541 1118 Creatura
2565 1060 2740 1116 omnis
2773 1074 3033 1130 corporea
3059 1068 3159 1127 est,
3192 1057 3368 1129 angeli
3396 1064 3453 1115 et
3480 1069 3671 1113 omnes
3690 1068 3802 1111 cte-

2222 1154 2389 1209 lestes
2415 1153 2640 1207 virtutes
2666 1166 2964 1222 corporeae,
3006 1152 3130 1208 licet
3160 1167 3266 1208 non
3290 1165 3456 1208 carne
3481 1147 3799 1205 subsistant.

2224 1245 2304 1301 Ex
2333 1261 2398 1301 eo
2423 1255 2599 1301 autem
2635 1260 2923 1317 corporeas
2952 1258 3072 1300 esse
3100 1243 3372 1300 credimus
3412 1240 3807 1299 intellectuales

2223 1347 2517 1405 creaturas,
2546 1337 2689 1409 quod
2723 1337 2963 1393 localiter
3004 1336 3556 1401 circumscribuntur,
3588 1335 3731 1389 sicut
3751 1341 3807 1387 et

2225 1428 2403 1485 anima
2428 1443 2547 1498 qua:
2571 1444 2733 1484 carne
2759 1428 3043 1498 clauditur,
3064 1438 3119 1486 et
3138 1428 3412 1485 daemones
3430 1428 3521 1499 qui
3550 1442 3647 1498 per
3672 1424 3806 1481 suh-

2228 1522 2478 1576 stantiam
2510 1521 2767 1591 angelicae
2796 1531 3001 1576 naturae
3022 1530 3166 1577 sunt.

2817 1614 3042 1671 CAPUT
3080 1613 3219 1678 XIII.

544 1712 668 1766 vine
713 1708 1087 1765 immutatione
1116 1707 1411 1777 deponant,
1460 1721 1565 1760 non
1616 1714 1789 1759 morte
1832 1722 1843 1755 :
1885 1701 2125 1772 quolibet

2300 1708 2633 1766 ImmortaIes
2663 1724 2782 1765 esse
2830 1708 3101 1764 credimus
3140 1704 3534 1763 intellectuales
3563 1711 3808 1771 naturas,

543 1803 665 1875 quis
710 1800 1015 1871 acquiescat
1047 1797 1239 1866 modo,
1288 1811 1392 1853 non
1419 1804 1504 1852 est
1530 1795 1850 1862 haereticus,
1910 1793 2011 1849 nisi
2058 1808 2125 1849 ex

545 1893 888 1950 contentione
916 1891 1200 1947 liazreticus
1225 1889 1333 1944 ﬁat.
1378 1888 1587 1945 Sufﬁcit
1612 1889 1756 1945 enim
1787 1888 1840 1942 in
1870 1884 2127 1941 Ecclesia:

547 1990 664 2058 lege
721 1986 899 2042 carnis
963 1982 1414 2041 resurrectionem
1491 1979 1717 2037 credere
1772 1979 2004 2034 futuram
2059 1976 2128 2032 de

549 2090 741 2137 morte.

1136 2147 1361 2205 CAPUT
1405 2145 1538 2205 VIII.

620 2266 770 2334 Quod
803 2274 982 2322 autem
1025 2264 1255 2320 dicimus
1282 2265 1336 2317 in
1375 2262 1641 2333 symbolo,
1674 2260 1730 2315 in
1759 2259 1995 2316 adventu
2025 2259 2133 2315 Do-

551 2357 683 2410 mini
708 2355 860 2410 vivos
884 2369 947 2410 ac
969 2364 1206 2409 mortuos
1229 2350 1574 2422 iudicandos,
1602 2365 1707 2406 non
1753 2350 1925 2404 solum
1956 2349 2132 2419 jnstos

550 2458 604 2505 ct
648 2457 975 2543 pecc\atores_
1008 2446 1316 2518 signiﬁcari,
1348 2446 1486 2501 sicut
1536 2445 1797 2499 Diodorus
1828 2452 1996 2513 putat,
2037 2441 2131 2499 sed

551 2551 605 2596 et
635 2535 793 2597 vivos“
811 2557 907 2597 eos
952 2538 1043 2611 qui
1074 2542 1127 2596 in
1158 2555 1320 2597 carne
1362 2538 1663 2595 inveniendi
1695 2548 1819 2592 sunt
1839 2535 2129 2604 credimus,

550 2635 637 2702 qui
694 2632 869 2688 adhuc
920 2633 1162 2688 morituri
1215 2633 1263 2702 7
1327 2632 1649 2697 creduntur;
1698 2630 1778 2685 vel
1818 2628 2133 2684 immutandi

551 2734 696 2791 sunt,
723 2735 781 2781 ut
806 2726 895 2780 alii
941 2727 1144 2791 volunt,
1187 2734 1245 2779 ut
1273 2724 1512 2780 suscitati
1552 2723 1819 2779 continuo
1846 2721 1929 2778 vel
1959 2720 2133 2777 refor-

552 2820 676 2874 mati
708 2834 827 2872 cmn
859 2826 986 2874 ante
1017 2816 1245 2872 mortuis
1273 2815 1605 2886 iudicentur.

1160 2908 1388 2965 CAPUT
1425 2908 1518 2963 IX.

624 3002 751 3057 Post
800 3003 1250 3057 resurrectionem
1282 3010 1331 3055 ct
1372 2999 1634 3068 judicium
1686 3014 1792 3054 non
1848 3012 2133 3054 credamus

555 3096 949 3151 restitutionem
1001 3096 1256 3160 futuram,
1287 3109 1444 3165 quam
1492 3093 1752 3163 Origenes
1795 3091 2027 3156 delirat;
2078 3100 2136 3145 ut

555 3190 829 3246 dmmones
857 3190 938 3245 vel
958 3188 1103 3260 impii
1133 3188 1377 3243 homines
1405 3195 1525 3257 post
1547 3194 1811 3242 tormenta
1835 3186 1987 3257 quasi
2009 3200 2137 3256 sup-

554 3282 727 3349 pliciis
756 3282 1054 3352 expurgati,
1083 3281 1168 3336 vel
1188 3280 1271 3334 illi
1295 3278 1347 3333 in
1376 3280 1670 3348 angelicam
1694 3293 1798 3349 qua
1824 3279 1990 3334 creati
2011 3286 2138 3333 sunt

556 3373 780 3428 redeant
809 3374 1118 3443 dignitatem
1140 3418 1154 3440 ,
1199 3373 1282 3428 vel
1313 3380 1336 3408 ο
1371 3372 1551 3438 injusti
1580 3371 1846 3441 iustorum
1892 3371 2137 3427 societati

557 3468 856 3523 donentur:
889 3482 955 3523 eo
983 3468 1123 3537 quod
1154 3466 1255 3523 hoc
1282 3465 1481 3521 divinae
1508 3466 1793 3521 conveniat
1822 3464 2037 3536 pietati,
2070 3480 2139 3521 ne

557 3561 679 3631 quid
711 3577 776 3617 ex
808 3560 1159 3631 rationalibus
1188 3569 1372 3630 pereat
1420 3560 1702 3626 creaturis,
1750 3558 1849 3614 sed
1896 3558 2139 3629 quolibet

556 3653 716 3708 modo
740 3653 998 3708 salvetur.
1025 3652 1131 3709 Sed
1151 3668 1248 3708 nos
1269 3653 1554 3708 credamus
1580 3653 1681 3721 ipsi
1708 3652 1872 3723 judici
1896 3651 2135 3707 omnium

561 3745 581 3782 ί
616 3745 922 3801 retributori
949 3746 1218 3814 justorum
1249 3746 1337 3814 qui
1368 3744 1542 3800 dixit:
1568 3741 1723 3799 Ibant
1752 3744 1899 3815 impii
1927 3746 1982 3798 in
2015 3760 2141 3813 sup—

555 3839 767 3911 plicium
793 3848 1056 3905 rrternum,
1090 3842 1213 3908 iusti
1242 3849 1409 3894 autem
1459 3840 1513 3894 in
1538 3841 1714 3913 “vitam
1762 3847 2029 3906 wternam,
2082 3846 2141 3891 ut

557 3932 838 4000 percipiant
867 3932 1091 4002 fructum
1113 3947 1324 3998 aperum
1351 3948 1559 3987 suorum
1601 3930 1816 4004 (Matth.
1858 3947 1987 3997 xxv,
2019 3929 2135 4000 46).

560 4032 585 4070 κ
623 4023 688 4076 Et
720 4022 915 4077 iterum
944 4040 955 4075 :
987 4022 1070 4076 Ite
1111 4022 1165 4077 in
1195 4025 1366 4095 ignem
1409 4034 1675 4091 (uernum,
1709 4025 1799 4094 qui
1839 4032 2047 4094 paratus
2066 4008 2159 4080 est

560 4114 761 4167 diabolo
792 4122 838 4167 et
865 4113 1059 4181 angelis
1088 4117 1199 4185 ejus
1227 4114 1416 4185 (Ibid.,
1441 4115 1554 4185 41).

1182 4204 1407 4261 CAPUT
1448 4205 1516 4259 Χ.
2166 4272 2167 4277 γ

634 4297 687 4350 1η
738 4297 998 4367 principio
1024 4297 1227 4353 creavit
1257 4298 1399 4353 Deus
1445 4297 1674 4363 omium,
1722 4307 1776 4354 et
1817 4306 2012 4355 terram
2037 4340 2055 4368 ,
2086 4310 2142 4357 et

559 4406 749 4461 aquam
802 4406 867 4446 cx
924 4390 1111 4446 nihilo.
1176 4391 1241 4446 Et
1292 4407 1413 4448 cum
1463 4391 1636 4446 adhuc
1677 4392 1910 4448 tenebrae
1962 4397 2134 4465 ipsam

560 4499 753 4552 aquam
776 4484 1131 4550 occultarent,
1155 4495 1209 4539 et
1230 4499 1364 4554 aqua
1389 4492 1585 4540 terram
1609 4484 1989 4552 absconderet,
2011 4486 2136 4542 facti

558 4586 683 4630 sunt
709 4576 881 4646 angeli
912 4586 966 4631 et
1003 4590 1191 4631 omnes
1216 4578 1465 4633 cmlestes
1496 4577 1745 4642 virtutes,
1774 4586 1833 4632 ut
1861 4594 1967 4633 non
1992 4562 2167 4635 esset'

559 4667 728 4720 otiosa
757 4666 850 4720 Dei
878 4667 1109 4733 bonitas,
1136 4669 1193 4739 8
1221 4669 1318 4725 sed
1338 4669 1561 4726 haberet
1591 4672 1642 4725 in
1667 4671 1857 4741 quibus
1882 4687 1978 4741 per
2001 4673 2141 4728 mul-

561 4768 611 4811 ta
636 4768 759 4812 ante
784 4761 955 4829 spatia
983 4759 1275 4817 bonitatem
1305 4778 1455 4817 suam
1485 4765 1795 4821 ostenderet
1822 4784 1833 4819 :
1863 4778 1916 4822 et
1948 4767 2021 4821 ita
2050 4767 2140 4823 hic

559 4847 784 4903 visibilis
812 4851 1043 4907 mundus
1066 4868 1131 4908 ex
1172 4856 1394 4911 materia
1423 4871 1541 4926 qum
1567 4872 1595 4911 a
1624 4858 1733 4913 Deo
1760 4859 1898 4915 facta
1937 4861 2134 4927 fuerat,

559 4945 732 4997 factus
756 4954 840 5000 est
859 4954 913 5002 et
938 4958 1177 5003 ornatus.

2145 5078 2172 5125 ἒ

631 5198 656 5225 ι
684 5188 806 5253 Ms.,
837 5203 953 5242 amo
979 5203 1113 5258 quoa
1146 5186 1372 5245 omnium
1400 5193 1516 5247 erit.

630 5258 657 5297 ι)
682 5259 800 5322 Μέρη
832 5259 977 5312 data.

632 5340 654 5367 ε
684 5330 740 5383 In
770 5327 925 5383 editis
950 5328 1191 5399 sequitur
1220 5334 1329 5401 ejus
1352 5334 1484 5388 enim
1522 5352 1640 5389 caro
1673 5353 1771 5391 non
1802 5338 1922 5392 vidit
1954 5353 2137 5393 corru-

556 5404 802 5469 pliartem,
835 5414 954 5468 quae
982 5414 1049 5455 ex
1080 5415 1180 5455 ms.
1206 5402 1397 5458 delevi.

626 5471 651 5507 ιι
679 5468 1116 5547 ζἠεεεηείξλίὶιιξ,
1144 5471 1265 5547 lucc
1290 5488 1353 5547 ex
1383 5490 1480 5529 ms.
1514 5476 1702 5547 adjeci.

631 5550 653 5577 ε
688 5539 760 5592 Ita
784 5554 885 5592 ms.
916 5539 1042 5607 Alii,
1070 5541 1152 5594 isti
1179 5558 1196 5605 ;
1229 5545 1386 5599 male.

634 5610 653 5693 ξ
682 5608 883 5693 λης.
908 5610 1283 5693 Alii,_omnit_tm
1316 5626 1364 5667 et
1393 5617 1685 5671 retributori
1707 5622 1878 5689 justo.

628 5690 651 5727 s
682 5677 748 5731 Et
767 5677 949 5732 iterum
976 5696 993 5732 :
1028 5681 1052 5733 Ι
1064 5691 1110 5734 te
1134 5685 1184 5736 in
1207 5686 1370 5753 ignem
1400 5697 1663 5758 retentum,
1694 5677 1780 5760 (iui
1811 5698 2030 5760 paratus
2058 5700 2132 5748 est

2165 4440 2223 4503 D

2229 1806 2351 1876 quia
2380 1818 2541 1862 carne
2562 1812 2767 1873 carent,
2799 1816 2898 1859 nec
2924 1802 3122 1857 habent
3160 1814 3266 1871 quo
3292 1798 3508 1865 cadant,
3535 1807 3595 1853 ut
3629 1811 3809 1853 resur-

2230 1898 2468 1955 rectione
2498 1905 2691 1967 egeant
2713 1904 2834 1966 post
2857 1895 3069 1949 ruinam
3103 1891 3120 1930 ί
3157 1891 3483 1948 necessaria.

2764 1991 2820 2060 9
2856 1986 3081 2044 CAPUT
3133 1972 3271 2041 xw.

2304 2087 2525 2143 Animas
2553 2083 2827 2139 hominum
2858 2095 2965 2137 non
3005 2094 3126 2136 esse
3154 2078 3224 2135 ab
3252 2078 3403 2134 initio
3433 2078 3573 2133 inter
3592 2085 3815 2131 caeteras

2232 2179 2621 2237 intellectuales
2674 2185 2889 2231 naturas
2920 2216 2936 2242 ,
2992 2187 3093 2228 nec
3140 2170 3301 2227 simul
3364 2179 3617 2234 creatas,
3677 2169 3818 2224 sicut

2234 2273 2493 2342 Origenes
2523 2271 2710 2342 fingit;
2753 2282 2925 2338 neque
2966 2281 3088 2320 cum
3120 2264 3434 2334 corporibus
3483 2278 3579 2333 per
3607 2262 3810 2316 coitum

2239 2373 2253 2420 t
2291 2369 2603 2434 seminatas,
2634 2365 2775 2421 sicut
2803 2359 3149 2427 Luciferiani,
3182 2357 3410 2430 Cyrillus
3435 2368 3491 2412 et
3519 2355 3682 2424 aliqui
3717 2353 3820 2407 La-

2236 2464 2467 2519 tinorum
2499 2466 2914 2530 praesumptores
2941 2454 3249 2517 afﬁrmant,
3280 2450 3431 2520 quasi
3462 2457 3668 2502 natura:
3689 2461 3818 2501 cono

2236 2556 2573 2627 sequentiam
2602 2558 2899 2607 servantes.
2932 2546 3036 2605 Sed
3067 2543 3294 2601 dicimus
3334 2540 3662 2599 creationem
3707 2537 3819 2590 ani~

2237 2665 2341 2706 mae
2366 2649 2538 2704 solum
2566 2644 2879 2701 Creatorem
2910 2640 3151 2696 omnium
3182 2651 3362 2701 nosse,
3391 2643 3446 2689 et
3472 2644 3671 2701 corpus
3698 2638 3817 2682 tan-

2239 2753 2349 2799 tum
2382 2757 2478 2811 per
2503 2739 2735 2809 coniugii
2760 2736 3012 2807 copulam
3040 2726 3320 2795 seminari,
3348 2726 3445 2782 Dei
3469 2740 3600 2781 vero
3618 2720 3817 2793 judicio

2237 2831 2507 2904 coagulari
2531 2832 2583 2885 in
2612 2829 2769 2884 vulva
2800 2837 2855 2883 et
2878 2823 3143 2895 compingi
3167 2830 3325 2892 atque
3348 2815 3594 2880 fofmari,
3628 2828 3689 2869 ac
3712 2812 3816 2866 l‘or-

2239 2935 2383 2982 mato
2403 2925 2512 2994 jam
2542 2936 2770 2992 corpore
2797 2918 3030 2975 animam
3056 2914 3226 2972 creari
3256 2920 3311 2968 et
3338 2908 3566 2973 infundi,
3594 2915 3653 2960 ut
3679 2905 3819 2959 vivat

2240 3018 2293 3073 in
2318 3026 2467 3072 utero
2491 3016 2651 3070 homo
2672 3028 2738 3068 ex
2761 3011 2936 3067 anima
2965 3016 3220 3067 constans
3244 3014 3300 3061 et
3320 3016 3574 3071 corpore.
3595 3008 3651 3055 et
3671 3010 3817 3067 egre-

2239 3109 2417 3165 diatur
2445 3106 2597 3162 vivus
2621 3121 2685 3162 ex
2718 3114 2869 3161 utero
2891 3100 3080 3170 plenus
3101 3098 3334 3153 humana
3355 3090 3673 3149 substantia.

2847 3193 3075 3250 CAPUT
3119 3189 3230 3247 XV.

2314 3293 2496 3362 Neque
2524 3291 2656 3346 duas
2685 3289 2889 3344 animas
2919 3299 3039 3341 esse
3086 3282 3317 3341 dicimus
3345 3280 3398 3336 in
3424 3292 3525 3333 uno
3553 3274 3768 3331 homine
3790 3314 3810 3339 ,

2241 3386 2380 3444 sicut
2406 3386 2633 3441 Jacobus
2658 3392 2713 3440 et
2736 3382 2825 3437 alii
2852 3380 2877 3419 ¹ί
2897 3380 3155 3452 Syrorum
3177 3377 3533 3447 disputatores
3548 3369 3815 3435 scribunt,

2243 3494 2400 3535 unam
2431 3475 2717 3533 animalem
2738 3488 2840 3543 qua
2865 3472 3134 3526 animetur
3160 3481 3378 3537 corpus,
3406 3471 3464 3520 et
3490 3461 3730 3517 immixta
3748 3458 3817 3514 sit

2241 3570 2508 3640 sanguini,
2533 3577 2587 3623 ct
2616 3566 2839 3621 alteram
2871 3561 3164 3633 spiritalem
3203 3572 3325 3629 quae
3362 3556 3631 3613 rationem
3659 3551 3813 3608 inini-

2241 3673 2408 3729 stret;
2442 3660 2538 3717 sed
2567 3659 2791 3715 dicimus
2823 3669 2980 3711 unam
3029 3669 3147 3709 esse
3184 3651 3539 3715 eamdemque
3588 3646 3814 3702 animam

2242 3758 2297 3813 in
2319 3756 2556 3820 nomine,
2587 3767 2705 3823 qua:
2747 3759 2803 3806 et
2830 3762 3022 3817 corpus
3051 3760 3146 3801 sua
3169 3744 3428 3799 societate
3454 3738 3690 3795 viviﬁcet
3709 3779 3723 3803 ,
3762 3743 3815 3790 et

2243 3852 2585 3921 semetipsam
2611 3861 2706 3902 sua
2728 3844 2936 3901 ratione
2956 3841 3225 3911 disponat,
3262 3835 3468 3891 habens
3488 3835 3546 3887 in
3569 3847 3632 3889 se
3658 3830 3813 3886 liber-

2244 3954 2405 4002 tatem
2435 3942 2665 4009 arbitrii,
2697 3950 2753 3995 ut
2782 3940 2834 3994 in
2857 3951 2969 3994 suae
2984 3930 3296 3991 substantia:
3316 3928 3483 4000 eligat
3501 3922 3815 3996 cogitatione

2243 4036 2387 4109 quod
2419 4036 2551 4090 vult.

2706 4172 2711 4179 .
2764 4122 2867 4193 ιο
2901 4116 3124 4176 οΑΡυτ
3161 4113 3303 4172 xvr.

2314 4218 2497 4275 Solum
2547 4212 2820 4270 hominem
2872 4209 3141 4267 credimus
3187 4205 3388 4261 habere
3415 4200 3652 4258 animam
3688 4196 3811 4253 sub-

2244 4312 2553 4376 stantivam,
2580 4322 2698 4377 qua:
2724 4312 2883 4361 exuta
2925 4315 3155 4372 corpore
3192 4297 3347 4362 vivit,
3371 4305 3427 4352 et
3452 4306 3646 4350 sensus
3689 4302 3811 4345 suos

2245 4413 2406 4475 atque
2436 4400 2644 4471 ingenia
2672 4397 2927 4452 vivaciter
2965 4403 3132 4449 tenet.
3163 4390 3279 4447 Non
3302 4402 3424 4445 cum
3455 4398 3681 4455 corpore
3705 4395 3812 4436 mo-

2250 4472 2405 4561 ritur,
2436 4495 2575 4550 sicut
2604 4495 2800 4547 Aratus
2829 4488 2847 4525 1
2898 4496 2990 4543 aut
3039 4485 3301 4553 Epicurea
3354 4480 3563 4536 vanitas
3594 4472 3812 4536 asserit;

2252 4582 2425 4659 neque
2454 4595 2574 4658 post
2592 4585 2858 4641 modicum
2902 4579 3262 4653 intervallum,
3290 4577 3426 4631 sicut
3456 4573 3638 4628 Zenon
3663 4567 3811 4631 dicit,

2249 4682 2373 4737 uuia
2401 4689 2439 4716 ω
2471 4675 2894 4734 substantialiter
2925 4673 3076 4738 vivit,
3106 4680 3160 4725 et
3184 4669 3448 4725 rationem
3476 4680 3624 4721 suam
3652 4668 3812 4717 tenet.

2815 4764 3044 4823 CAPUT
3084 4761 3250 4819 XVII.

2322 4862 2648 4920 Animalium
2682 4873 2811 4916 vero
2841 4857 3035 4911 animae
3059 4868 3165 4910 non
3196 4862 3320 4910 sunt
3341 4847 3697 4911 substantive,
3715 4844 3814 4899 sed

2247 4972 2371 5013 cum
2401 4968 2563 5011 carne
2591 4953 2706 5023 ipsa
2745 4959 2773 4988 ιλ
2799 4948 2977 5006 carnis
3009 4948 3063 5002 in
3105 4945 3382 5003 nativitate
3431 4948 3729 5003 nascuntur,
3765 4946 3815 4993 et

2256 5195 2463 5251 diabolo
2487 5206 2532 5249 et
2553 5194 2746 5267 angelis
2762 5195 2896 5267 ejus.
2919 5192 2995 5249 Ita
3024 5206 3128 5249 ms.
3150 5190 3271 5248 cod.
3300 5187 3656 5249 Florentinus.

2320 5268 2351 5305 ³³
2383 5267 2480 5322 Ms.
2512 5265 2809 5322 nonhabet
2835 5265 2908 5320 in.
2974 5324 2975 5327 η

2330 5338 2343 5373 ί
2377 5336 2472 5392 Ms.
2506 5336 2651 5393 delet
2675 5337 2975 5391 necessaria.

2326 5407 2972 5478 iVulgati,seminantur.
3070 5476 3078 5478 ᾗ
3385 5472 3396 5478 _
3464 5472 3519 5478 __

2326 5478 2346 5515 ³⁸
2388 5472 2641 5548 Syrorum
2666 5478 3040 5548 disputatores;
3067 5476 3139 5531 ita
3166 5491 3267 5532 ms.
3297 5472 3809 5548 cod._.fjflorentinus.

2329 5548 2343 5585 ¹
2381 5542 2505 5603 Haec
2534 5558 2623 5602 aut
2654 5542 2906 5618 Epicurea
2934 5542 3223 5615 vanitaslex
3252 5561 3353 5601 ms.
3383 5542 3580 5600 addidi.

2324 5629 2361 5654 ἰι
2394 5620 2465 5673 Ita
2495 5634 2594 5691 ms.
2620 5618 2747 5691 cod.
2778 5617 3138 5691 Florentinus.
3190 5658 3195 5667 .

2326 5698 2351 5725 υ
2377 5691 2449 5745 Ita
2469 5688 2569 5744 ms.
2604 5688 2728 5746 Alii.
2761 5689 2928 5744 carnis
2954 5689 3234 5744 vivacitate.
