4090 6330
327 289 424 341 985

1234 287 1316 340 DE
1355 281 1908 342 ECCLESIASTICIS
1949 281 2383 345 DOGMATIBUS
2424 289 2645 345 LIBER.

3471 294 3578 350 980

325 413 440 450 cum
471 410 643 448 canus
672 403 840 449 morte
871 395 1120 449 liniuntur
1142 407 1195 449 et
1225 398 1546 462 moriuntur,
1571 409 1625 451 et
1646 397 1765 452 ideo
1794 410 1891 451 nec
1919 396 1972 453 Δ
1998 401 2194 469 adepto
2239 405 2428 459 saluus
2458 420 2701 472 munere,
2743 406 3117 462 sollicitudinis
3159 415 3353 462 nostra:
3403 419 3485 463 est
3520 422 3575 466 et

325 487 528 542 ratione
558 497 842 555 reguntur,
878 496 900 522 ⁸
929 502 1027 541 nec
1065 489 1279 555 vivunt,
1331 490 1471 544 sicut
1499 489 1650 544 Plato
1689 497 1744 542 et
1769 488 1895 542 Ale-

325 581 524 637 xander
551 581 577 617 ι»
608 591 810 650 putant,
841 581 935 637 sed
981 582 1047 637 ad
1089 583 1265 638 omnia
1312 593 1514 639 natura:
1548 583 1889 639 incitamenta

321 675 603 729 ducuntur.

872 768 1096 826 CAPUT
1138 767 1320 824 XVIII.

390 863 580 917 Anima
627 866 856 918 humana
912 879 1016 917 non
1065 878 1186 918 cum
1216 877 1379 919 carne
1430 862 1677 928 moritur,
1720 873 1739 899 ε
1772 863 1892 932 quia

320 970 425 1011 non
455 971 574 1011 cum
597 959 807 1025 ;carne,
852 965 908 1009 ut
941 957 1186 1025 superius
1227 956 1478 1018 diximus,
1507 952 1533 990 ἀ
1568 955 1890 1021 seminatur;

317 1048 408 1104 sed
444 1048 669 1103 formato
721 1048 772 1102 in
820 1057 1005 1102 ventre
1046 1048 1230 1102 matris
1267 1062 1515 1116 corpore,
1561 1046 1653 1102 Dei
1690 1047 1894 1116 judicio

316 1147 528 1193 creatur
554 1149 607 1193 et
638 1137 952 1202 infunditur,
1001 1147 1058 1192 ut
1087 1138 1230 1192 vivat
1272 1137 1432 1192 homo
1461 1138 1602 1193 intus
1634 1139 1685 1194 in
1718 1147 1890 1202 utero,

315 1244 369 1289 et
390 1235 468 1289 sic
500 1233 749 1303 procedat
780 1233 1059 1287 nativitate
1086 1234 1137 1286 in
1169 1231 1444 1287 mundum.

889 1321 1115 1378 CAPUT
1165 1321 1303 1377 XIX.

387 1415 602 1470 Duabus
628 1414 940 1470 substantiis
970 1423 1171 1468 tantum
1198 1420 1406 1468 constat
1429 1412 1609 1479 homo,
1633 1413 1810 1468 anima
1837 1423 1894 1469 et

316 1517 339 1544 ε
368 1521 618 1576 corpore.
661 1507 850 1562 Anima
883 1521 1003 1559 cum
1051 1505 1258 1559 ratione
1285 1508 1382 1575 ιι
1408 1520 1502 1559 sua
1523 1545 1538 1570 ,
1571 1513 1626 1559 et
1663 1520 1893 1574 corpore

310 1613 432 1652 cum
461 1596 707 1652 sensibus
729 1596 840 1650 suis
875 1593 918 1648 τ.
947 1596 1091 1663 Quos
1122 1605 1297 1650 tamen
1329 1610 1518 1650 sensus
1546 1595 1746 1666 absque
1769 1597 1890 1650 ani-

310 1703 416 1745 mas
455 1689 713 1743 societate
766 1704 872 1742 non
907 1697 1140 1755 movet!
1183 1702 1402 1757 corpus.
1451 1687 1645 1744 Anima
1677 1704 1804 1745 vero
1836 1698 1893 1744 et

308 1777 336 1817 ιι
367 1781 488 1838 sine
513 1795 737 1850 corpore
755 1780 1017 1836 rationale
1042 1795 1197 1835 suum
1222 1789 1386 1836 tenet.

405 1902 429 1930 ο
903 1872 1128 1929 CAPUT
1169 1873 1289 1929 XX.

379 1969 496 2023 Non
519 1979 602 2024 est
638 1967 652 2005 ί
685 1968 870 2024 tertius
899 1968 950 2022 in
981 1968 1278 2024 substantia
1311 1968 1543 2024 hominis
1577 1970 1590 2022 ι
1632 1970 1851 2040 spiritus
1871 2015 1886 2039 ,

304 2072 449 2117 sicut
473 2061 730 2132 Didymus
750 2061 1045 2128 contendit,
1075 2061 1167 2116 sed
1208 2061 1431 2131 spiritus
1463 2063 1575 2132 ipsa
1603 2071 1685 2118 est
1712 2062 1888 2117 anima

303 2165 407 2222 pro
432 2151 656 2220 spiritali
699 2159 910 2216 natura,
944 2151 1025 2205 vel
1067 2166 1162 2220 pro
1192 2165 1257 2206 eo
1289 2151 1432 2220 quod
1477 2153 1644 2220 spiret
1673 2153 1724 2206 in
1769 2167 1889 2208 cor-

303 2260 441 2314 pore
469 2245 689 2315 spiritus
718 2245 1035 2315 appellatur.
1067 2245 1257 2300 Anima
1298 2263 1425 2302 vero
1453 2265 1519 2302 ex
1548 2263 1616 2304 eo
1642 2258 1882 2316 vocatur,

301 2337 448 2408 quod
472 2338 534 2392 ad
561 2339 842 2393 vivendum
868 2339 951 2394 vel
971 2338 1037 2393 ad
1054 2339 1429 2394 viviﬁcandum
1451 2341 1651 2396 animet
1668 2357 1884 2410 corpus.

300 2431 523 2487 Tertius
552 2445 678 2486 vero
729 2431 817 2502 qui
847 2431 914 2485 ab
960 2432 1217 2502 Apostolo
1246 2431 1297 2504 (Ι
1335 2431 1512 2488 Thess.
1544 2449 1582 2500 ι,
1624 2433 1716 2502 22)
1764 2448 1886 2488 cum

301 2525 486 2580 anima
517 2533 572 2578 et
592 2538 816 2592 corpore
845 2523 1112 2578 inducitur
1135 2525 1377 2594 Spiritus,
1406 2525 1632 2594 gratiam
1657 2526 1888 2594 Spiritus

301 2618 480 2674 sancti
503 2633 621 2673 esse
648 2618 1027 2687 intelligamus,
1060 2632 1217 2685 quam
1249 2627 1367 2674 orat
1405 2618 1692 2686 Apostolus
1721 2629 1772 2672 ut
1803 2635 1887 2673 tn-

301 2718 454 2780 tegra
483 2718 790 2778 perseveret
816 2709 866 2761 in
896 2708 1070 2772 nobis,
1106 2723 1172 2762 ne
1199 2718 1383 2762 nostro
1403 2709 1532 2762 vitio
1561 2717 1653 2762 aut
1682 2710 1890 2782 minuaf

302 2814 418 2867 tur,
449 2814 538 2857 aut
585 2801 793 2871 fugetur
822 2816 852 2856 a
897 2801 1070 2867 nobis,
1101 2802 1223 2871 quia
1254 2801 1486 2869 Spiritus
1510 2811 1727 2857 sanctus
1754 2801 1889 2857 etfu-

302 2898 416 2966 giet
444 2895 620 2950 fictum
657 2893 810 2963 (Sap.
837 2909 872 2959 ι,
902 2893 978 2962 4).

895 2983 1121 3040 CAPUT
1161 2983 1302 3039 XXI.

380 3080 634 3134 Libertati
666 3079 870 3134 arbitrii
912 3079 994 3132 sui
1047 3078 1368 3132 commissus
1397 3085 1481 3133 est
1511 3077 1671 3133 homo
1710 3075 1886 3132 statim

2000 490 2236 546 caelestis
2261 495 2460 562 pariter
2485 497 2768 566 adjutorii;
2793 508 2849 554 ut
2879 498 3142 563 labamur,
3173 500 3451 568 potestatis
3482 516 3577 555 no-

1999 591 2125 638 straz
2149 592 2230 638 est
2249 593 2301 640 et
2329 587 2550 655 ignavia:
2576 599 2631 642 P:
2667 606 2771 645 non
2803 600 2980 646 tamen
3001 591 3068 646 ad
3090 591 3432 646 obtinendam
3463 594 3579 648 sine

2001 675 2114 741 illo,
2142 678 2232 747 qui
2282 689 2584 747 quaerentes
2633 681 2758 738 facit
2803 684 3078 748 invenire,
3126 684 3215 754 qui
3246 683 3580 753 pulsantibus

1997 767 2200 836 aperit,
2246 769 2334 838 qui
2386 771 2686 838 petentibus
2715 771 2880 828 donat
2925 772 3140 842 (Matth.
3182 789 3288 838 vn,
3320 773 3396 842 7).
3430 773 3579 828 Sicut

1997 874 2126 930 ergo
2170 859 2380 914 initium
2411 861 2600 916 salutis
2633 871 2828 918 nostra:
2858 864 2969 920 Deo
2999 865 3288 920 miserante
3317 873 3370 919 et
3414 864 3578 934 inspi-

1998 959 2150 1006 rante
2195 951 2395 1008 trahere
2445 966 2543 1006 nos
2589 953 2891 1021 credimus,
2943 955 3013 1010 ita
3050 956 3326 1010 arbitrium
3377 968 3576 1010 nostra:

1997 1051 2204 1098 natura:
2229 1059 2430 1115 sequax
2458 1059 2578 1102 esse
2600 1045 2796 1100 divinae
2825 1045 3190 1116 inspirationis
3220 1047 3384 1104 libere
3403 1049 3573 1104 conti-

1998 1143 2178 1192 temur
2761 1122 2766 1126 ’

2071 1238 2099 1279 (ι
2127 1229 2291 1298 Igitur
2322 1238 2380 1284 ut
2409 1245 2516 1286 non
2541 1230 2781 1287 labamur
2810 1246 2842 1285 a
2883 1231 3027 1288 bono
3071 1230 3156 1286 vel
3204 1238 3442 1296 naturae,
3486 1231 3574 1286 vel

1995 1320 2194 1386 meriti,
2244 1321 2619 1378 sollicitudinis
2647 1332 2846 1379 nostrae
2887 1332 2969 1378 est
3006 1330 3063 1378 et
3098 1322 3333 1378 caelestis
3373 1322 3574 1392 pariter

1997 1412 2244 1483 adjutorii
2271 1431 2284 1480 ;
2320 1422 2376 1469 ut
2405 1415 2666 1480 labamur,
2694 1415 2974 1486 potestatis
2995 1424 3192 1471 nostrae
3219 1423 3276 1474 et
3301 1415 3545 1486 ignaviae.

2501 1509 2601 1580 ιθ
2639 1507 2864 1565 CAPUT
2911 1509 3076 1564 xxu.

2068 1597 2401 1654 Firmissime
2425 1599 2750 1655 credendum
2779 1608 2863 1656 est
2897 1601 2949 1654 in
2980 1598 3419 1669 praevaricatione
3443 1595 3575 1652 Ade

1997 1705 2184 1746 omnes
2208 1692 2455 1748 homines
2483 1693 2781 1747 naturalem
2809 1691 3213 1764 possibilitatem
3235 1700 3291 1747 et
3316 1692 3573 1746 innocen-

1921 1779 1971 1838 B
2000 1783 2126 1838 tiam
2158 1783 2456 1852 perdidisse
2484 1803 2494 1835 :
2525 1793 2580 1839 et
2605 1785 2872 1841 neminem
2903 1784 2972 1839 de
3002 1783 3266 1855 profundo
3295 1782 3438 1839 illius
3464 1781 3573 1837 rui-

1996 1891 2078 1930 nae
2108 1891 2201 1946 per
2240 1876 2466 1932 liberum
2519 1877 2797 1932 arbitrium
2861 1892 3019 1947 posse
3060 1892 3428 1948 consurgere,
3470 1876 3574 1931 nisi

1998 1983 2118 2022 eum
2169 1968 2341 2038 gratia
2374 1969 2464 2023 Dei
2513 1970 2824 2026 miserantis
2874 1970 3144 2026 erexerit:
3175 1969 3399 2024 liberum
3429 1966 3574 2024 enim

1993 2060 2270 2115 arbitrium
2301 2061 2392 2116 ille
2423 2077 2708 2131 perpessus
2730 2107 2745 2132 ,
2796 2063 2924 2118 dum
2954 2063 3067 2117 suis
3092 2061 3444 2118 inconsultius
3467 2060 3573 2115 uti-

1995 2163 2079 2207 tur
2109 2161 2131 2191 τ
2161 2155 2336 2218 bonis,
2369 2154 2568 2210 cadens
2600 2156 2652 2210 in
2685 2157 3150 2226 praevaricationis
3170 2155 3455 2228 profunda,
3479 2155 3574 2211 de—

1993 2260 2202 2300 mersus
2228 2253 2340 2310 est;
2368 2255 2422 2301 et
2451 2247 2579 2301 nihil
2629 2248 3079 2317 quemadmodum
3129 2247 3322 2303 exinde
3352 2259 3574 2316 surgere

1994 2349 2175 2406 posset
2201 2338 2427 2404 invenit,
2449 2354 2652 2409 suaque
2674 2339 2729 2394 in
2747 2350 3007 2396 aeternum
3026 2340 3271 2395 libertate
3291 2339 3571 2408 deceptus,

1993 2430 2152 2500 hujus
2183 2433 2335 2486 ruina
2360 2430 2608 2488 latuisset
2626 2447 2935 2503 oppressus,
2962 2432 3066 2487 nisi
3093 2447 3215 2488 eum
3235 2441 3354 2502 post
3373 2430 3572 2486 Christi

1994 2537 2092 2592 pro
2117 2538 2211 2578 sua
2230 2524 2400 2592 gratia
2432 2524 2723 2579 relevasset
2750 2523 3035 2588 adventus,
3066 2523 3156 2593 qui
3185 2537 3282 2593 per
3311 2537 3462 2578 nove
3487 2537 3575 2577 re-

1992 2617 2350 2684 generationis
2395 2617 2818 2685 puriﬁcationem
2841 2631 3001 2672 omne
3034 2617 3361 2687 praeteritum
3384 2616 3572 2673 vitium

1994 2709 2074 2760 sui
2107 2706 2440 2778 baptismatis
2463 2707 2678 2761 lavacro
2705 2709 2971 2777 purgavit.

2551 2796 2778 2853 CAPUT
2832 2797 2998 2853 XXIII

2065 2887 2344 2943 Neminem
2373 2901 2494 2943 esse
2524 2903 2620 2957 per
2651 2889 2998 2959 semetipsum
3025 2889 3250 2958 bonum,
3283 2891 3383 2947 nisi
3411 2891 3572 2960 parti-

1994 2981 2315 3050 cipationem
2344 2980 2424 3036 sui
2459 2980 2545 3035 ille
2573 2988 2593 3015 ³
2630 2981 2930 3047 donaverit,
2963 2981 3052 3050 qui
3081 2982 3229 3037 solus
3258 2991 3340 3039 est
3381 2982 3571 3038 bonus.

2555 3071 2782 3128 CAPUT
2822 3067 3012 3128 XXIV.

305 3175 357 3227 in
403 3173 570 3242 prima
596 3171 620 3208 ¹ί
651 3171 834 3226 mundi
884 3170 1217 3234 conditione,
1251 3179 1310 3224 ut
1349 3169 1363 3206 ι
1418 3171 1564 3225 salva
1618 3170 1889 3240 vigilantia
1914 3154 1962 3219 C
2068 3165 2346 3221 Neminem
2377 3165 2539 3220 etiam
2563 3165 2899 3235 baptismatis
2929 3167 3097 3236 gratia
3122 3178 3434 3223 renovatum
3464 3167 3574 3222 ido-

305 3266 503 3321 mentis
525 3275 562 3300 ηι
589 3264 861 3319 adnitente
888 3262 1049 3318 etiam
1073 3271 1098 3297 η
1130 3264 1182 3315 in
1215 3263 1469 3332 prmeepti
1501 3261 1737 3317 custodia
1771 3277 1889 3332 per-

306 3366 602 3423 severaret,
629 3357 671 3410 si
713 3357 890 3422 vellet,
918 3356 969 3409 in
994 3370 1058 3410 eo
1079 3353 1221 3424 quod
1244 3364 1456 3409 creatus
1483 3354 1657 3409 fuerat
1680 3369 1892 3424 perma-

308 3465 457 3504 nere.
496 3449 779 3517 Postquam
812 3461 937 3500 vero
967 3446 1283 3501 seductione
1311 3447 1580 3514 serpentis
1602 3461 1695 3515 per
1719 3446 1888 3501 Evam

309 3542 502 3597 cecidit
533 3540 686 3610 (Gen.
715 3555 792 3604 ιιι,
823 3541 900 3606 6),
946 3547 1148 3592 natura:
1179 3539 1376 3593 bonum
1410 3539 1660 3607 perdidit,
1691 3541 1891 3608 pariter

311 3642 366 3687 et
397 3633 632 3702 vigorem
660 3631 864 3685 arbitrii
891 3646 906 3694 ;
939 3644 1044 3684 non
1077 3639 1252 3684 tamen
1280 3631 1599 3685 electionem
1625 3671 1642 3695 ,
1688 3647 1756 3687 ne
1782 3647 1892 3687 non

311 3734 459 3780 esset
503 3739 655 3778 suum
687 3722 827 3792 quod
860 3731 883 3756 ο
912 3721 1140 3777 evitaret
1178 3725 1277 3793 12
1315 3731 1614 3791 peccatum,
1649 3738 1747 3778 nec
1777 3739 1894 3780 me-

309 3821 418 3876 rito
448 3818 810 3887 indulgeretur
859 3816 999 3886 quod
1029 3830 1135 3870 non
1162 3815 1382 3871 arbitrio
1403 3817 1667 3871 diluisset.
1715 3818 1896 3874 Manet

309 3913 492 3981 itaque
513 3911 577 3965 ad
601 3909 938 3980 quaerendam
965 3908 1190 3964 salutem
1214 3908 1420 3962 arbitrii
1446 3907 1682 3978 libertas,
1709 3909 1761 3964 id
1788 3920 1891 3973 est,

311 4001 590 4058 rationalis
615 4001 880 4068 voluntas,
913 3999 1009 4056 sed
1034 3999 1360 4056 admonente
1387 4001 1532 4078 prius
1563 4001 1692 4067 Deo,
1725 4011 1781 4056 et
1809 4002 1896 4057 in-

311 4098 515 4151 vitante
542 4095 607 4149 ad
636 4095 900 4162 salutem,
935 4103 990 4148 ut
1016 4094 1100 4148 vel
1130 4093 1322 4164 eligat,
1350 4093 1434 4148 vel
1484 4103 1767 4164 sequatur,
1808 4095 1895 4151 vel

311 4199 437 4259 agat
463 4189 745 4244 occasione
786 4188 998 4253 salutis,
1045 4187 1145 4242 hoc
1165 4197 1268 4255 est,
1305 4188 1654 4257 inspiratione
1677 4189 1791 4243 Dei.
1826 4188 1898 4245 Ut

310 4292 492 4339 autem
541 4292 899 4352 consequatur
927 4280 1069 4351 quod
1120 4281 1296 4352 eligit,
1345 4284 1424 4336 vel
1457 4283 1597 4352 quod
1628 4285 1888 4354 sequitur,

311 4376 398 4432 vel
428 4374 568 4444 quod
597 4375 879 4428 occasione
908 4375 1035 4442 agit,
1071 4372 1163 4427 Dei
1195 4387 1315 4428 esse
1343 4373 1510 4429 libere
1549 4376 1893 4431 confitemur.

312 4467 526 4521 Initium
557 4481 686 4536 ergo
711 4466 894 4520 salutis
917 4474 1114 4519 nostra;
1144 4464 1254 4519 Deo
1283 4465 1570 4520 miserante
1593 4467 1888 4533 habemus;

310 4567 369 4614 ut
392 4557 794 4627 acquiescamus
814 4557 1101 4611 salutifera:
1123 4556 1488 4627 inspirationi,
1518 4570 1712 4613 nostra:
1742 4570 1895 4630 pote-
1923 4537 1975 4597 Ῑ)

307 4650 465 4706 statis
485 4659 596 4713 est;
620 4648 1049 4718 utadipiscamur
1069 4648 1211 4718 quod
1237 4650 1628 4718 acquiescendo
1655 4653 1899 4710 admoni-

311 4740 446 4797 tioni
473 4743 740 4810 cupimus,
766 4740 931 4795 divini
954 4750 1034 4796 est
1062 4740 1332 4806 muneris;
1359 4750 1415 4796 ut
1435 4757 1538 4797 non
1571 4744 1809 4802 labamur
1835 4751 1890 4806 in

382 4932 409 4958 ιι
442 4921 616 4976 Voces
639 4937 728 4975 nec
755 4920 922 4974 vivunt
943 4933 1009 4974 ex
1041 4931 1142 4974 ms.
1176 4918 1494 4989 desumptte.

379 4992 408 5030 ι)
434 4992 556 5062 Ms.,
585 4993 868 5062 disputant.
1411 5026 1417 5032 .

386 5075 408 5103 ⁸
436 5062 558 5131 Ms.,
591 5063 713 5133 quia
742 5079 830 5116 nec
859 5062 1046 5116 carnis.

380 5133 406 5171 ἀ
440 5135 563 5200 Ms.,
594 5150 764 5187 semen
807 5143 897 5186 est.

386 5218 408 5242 ε
437 5205 534 5259 llic
559 5213 612 5260 et
635 5204 772 5275 intra
804 5219 903 5258 ms.
940 5202 1097 5258 habet
1117 5219 1266 5257 carne
1289 5217 1382 5275 pro
1413 5220 1644 5275 corpore.

389 5275 406 5312 τ
438 5275 537 5331 Ms.
580 5274 767 5331 addit:
803 5275 855 5326 id
902 5286 974 5328 est
1008 5275 1142 5339 visu,
1177 5274 1392 5341 auditu,
1445 5274 1618 5347 gustu,
1653 5283 1896 5352 odoratu,

311 5359 475 5406 tactu.

387 5431 411 5463 κ
441 5419 558 5483 Μς.,
591 5433 730 5471 caro.

383 5488 414 5562 ᾗ
441 5491 567 5562 his,
589 5492 701 5562 sine,
720 5505 868 5542 carne
890 5488 1133 5542 rationem
1155 5507 1298 5544 suam
1326 5492 1572 5562 integram
1602 5504 1754 5548 tenet.

394 5561 405 5596 ί
435 5561 558 5628 Ms.,
589 5561 811 5614 tertium.

391 5634 402 5679 ι
441 5631 510 5684 Ita
541 5648 641 5685 ms.
667 5631 792 5694 Alii,
824 5631 1074 5699 spiritum.

388 5703 407 5737 ι
440 5701 547 5755 Vox
581 5703 758 5755 mundi
785 5701 996 5755 additur
1020 5717 1082 5757 ex
1112 5720 1208 5758 rus.

391 5770 408 5808 Ἰ
444 5773 514 5827 lta
545 5789 642 5828 Ius.
679 5773 802 5832 Alii.
830 5771 988 5826 salva.

1995 3276 2152 3315 neum
2169 3275 2289 3316 esse
2305 3260 2370 3315 ad
2399 3259 2728 3330 superandus
2750 3259 2946 3314 diaboli
2975 3259 3194 3314 insidias
3214 3267 3268 3314 et
3292 3259 3357 3314 ad
3401 3262 3417 3296 ι
3458 3260 3576 3312 vin-

1994 3356 2194 3412 cendas
2219 3357 2398 3411 carnis
2423 3354 2916 3425 concupiscentias,
2949 3352 3052 3408 nisi
3081 3368 3176 3424 per
3205 3351 3574 3424 quotidianum

1993 3448 2318 3518 adiutorium
2351 3447 2447 3504 Dei
2477 3447 2926 3518 perseverantiam
2972 3445 3126 3501 bona:
3150 3443 3576 3501 conversationis

1996 3540 2288 3610 acceperit.

2507 3632 2608 3704 ιι.
2643 3631 2870 3686 CAPUT
2917 3630 3082 3684 xxv.

2067 3724 2221 3792 Quod
2256 3737 2414 3780 neruo
2435 3724 2536 3779 nisi
2560 3732 2586 3759 ιι
2618 3738 2715 3794 per
2743 3722 3018 3778 Christum
3043 3721 3213 3777 libero
3237 3721 3372 3775 bene
3404 3728 3578 3774 utatur

1997 3819 2243 3884 arbitrio,
2277 3819 2416 3873 idem
2455 3816 2709 3887 magister
2763 3817 2814 3870 in
2854 3806 3079 3885 epistola
3111 3815 3174 3868 ad
3217 3814 3581 3869 Milevitanum

1951 3929 1958 3934 ί
1997 3911 2284 3968 concilium
2317 3911 2440 3965 data
2490 3907 2767 3978 prtedicat,
2800 3908 3027 3963 dicens:
3069 3906 3301 3961 Adverte
3342 3904 3580 3971 tandem,

1998 4020 2032 4061 ο
2060 4005 2497 4075 pravissimarum
2523 4001 2782 4057 mentium
2817 4010 2844 4038 ν
2874 4014 3123 4070 perversa
3148 3999 3411 4066 doctrina,
3439 3996 3581 4068 quod

2000 4097 2230 4167 primum
2260 4095 2534 4150 hominem
2565 4094 2636 4149 ita
2662 4093 2883 4148 libertas
2930 4092 3046 4161 ipsa
3077 4091 3320 4161 decepit,
3352 4099 3408 4144 ut
3454 4089 3582 4148 dum

1998 4188 2361 4259 indulgentius
2390 4187 2558 4243 frenis
2596 4185 2714 4256 ejus
2765 4183 2953 4250 utitur,
3001 4183 3054 4238 in
3091 4183 3582 4255 praevaricationem

2001 4286 2421 4355 prmsumptione
2449 4281 2730 4352 incideret.
2760 4279 2868 4335 Nec
2893 4294 2960 4335 ex
2988 4278 3087 4333 hac
3112 4279 3283 4348 potuit
3305 4277 3448 4340 erui,
3475 4276 3580 4331 nisi

1998 4380 2046 4434 ei
2075 4377 2406 4448 providentia
2434 4374 2858 4445 regenerationis
2895 4380 3092 4427 statum
3130 4372 3368 4441 pristinas
3406 4370 3570 4426 Iiber-

2002 4472 2127 4528 tatis
2157 4469 2361 4526 Christi
2386 4467 2595 4524 Domini
2618 4466 2966 4522 reformasset
2995 4465 3278 4519 adventus.

2569 4555 2796 4612 CAPUT
2832 4552 3021 4608 XXVI.

2077 4655 2231 4726 Quod
2260 4651 2438 4709 omnia
2464 4647 2640 4705 studia
2668 4657 2723 4702 et
2750 4645 2927 4700 omnia
2955 4659 3117 4714 opera
3145 4658 3207 4698 ac
3233 4643 3422 4700 merita
3465 4657 3580 4696 san-

2008 4763 2217 4808 ctorum
2248 4746 2315 4801 ad
2347 4744 2440 4800 Dei
2487 4742 2711 4814 gloriam
2744 4738 3064 4809 laudemque
3094 4736 3377 4794 referenda
3401 4745 3424 4772 ι
3452 4736 3582 4802 sint,

2073 4940 2112 4966 ω
2140 4929 2214 4983 Ita
2243 4941 2346 4983 ms.
2380 4925 2505 4988 Alii,
2530 4923 2846 4990 admittente,
2883 4919 3040 4975 male.

2071 5009 2099 5036 η
2122 5000 2248 5066 Alii,
2279 4998 2537 5068 pracepti.

2080 5080 2102 5105 τ’
2125 5071 2231 5141 ιΜε.
2243 5111 2256 5136 ,
2287 5070 2596 5141 emendaret,

2078 5152 2104 5189 P
2125 5133 2414 5195 'Ms.'addit
2439 5140 2492 5191 id
2518 5147 2590 5192 est
2619 5135 2940 5189 rationabilis
2973 5133 3264 5186 voluntatis.

2078 5212 2274 5290 ‘1_Ha3c
2325 5209 2575 5264 videntur
2636 5207 2911 5261 abundare
2965 5215 3030 5290 et
3072 5215 3196 5259 sunt
3247 5201 3478 5257 tollenda
3533 5212 3586 5259 ut

2006 5297 2210 5407 span]:
2229 5351 2438 5407 collect.
2462 5348 2822 5404 Conciliorum
2855 5347 3040 5403 lsidori
3065 5345 3393 5411 Men-storis,
3420 5346 3586 5399 dorus.

2088 5436 2109 5460 ε
2144 5423 2403 5486 Isidorus,
2433 5421 2604 5474 donet.
3567 5431 3570 5436 '

2088 5497 2106 5530 ¹
2143 5494 2309 5558 Idem,
2343 5493 2663 5546 evincendas.

2083 5575 2107 5600 υ
2139 5565 2308 5630 Idem,
2336 5579 2424 5633 per
2453 5563 2672 5632 gratiam
2704 5561 2914 5617 Christi.

2083 5647 2106 5672 ν
2141 5637 2214 5689 Ita
2242 5643 2389 5689 recte
2416 5633 2672 5687 Isidorus.

2087 5717 2109 5740 κ
2137 5706 2388 5771 Isidorus,
2415 5712 2551 5758 sunt.

4067 5479 4069 5518 Ι

4067 5563 4069 5606 Ι

4067 5641 4069 5672 Ι

4067 5679 4069 5722 Ι

4067 5723 4069 5832 Ι

4067 5837 4069 5862 |

4067 5945 4069 5968 |

4067 6013 4069 6066 Ι

4067 6079 4069 6108 Ι
