4090 6330
511 311 615 369 981

1714 300 2037 358 GENNADII
2076 299 2542 360 MASSILIENSIS

3662 313 3761 372 988

505 428 629 498 quia
658 438 815 481 nemo
853 420 1065 477 aliunde
1105 421 1156 477 ei
1187 420 1411 491 placeat,
1449 418 1551 476 nisi
1593 434 1658 475 ex
1686 433 1753 475 eo
1778 420 1917 489 quod
1969 419 2085 487 ipse
2111 420 2159 475 Δ
2194 424 2290 473 bus
2319 425 2547 476 donetur
2576 423 2727 489 ﬁdes,
2772 412 2842 479 ut“
2874 414 3166 481 idololatria
3206 441 3271 481 ao
3319 444 3425 499 imp
3448 433 3605 485 etatis
3656 448 3763 487 suae

505 519 815 576 donaverit:
845 518 897 571 in
928 530 1085 586 quam
1115 529 1211 570 nos
1232 515 1557 571 sententiam
1586 513 1770 584 dirigit
1807 515 1974 570 beatas
2004 528 2082 569 re-

504 612 825 669 cordationis
865 623 1013 681 papae
1061 608 1259 664 Zosimi
1281 609 1544 677 regularis
1595 610 1884 663 auctoritas
1909 647 1924 673 ,
1958 621 2078 660 cum

504 705 743 763 scribens
781 704 847 757 ad
896 705 1057 758 totius
1091 696 1236 755 orbis
1276 702 1560 772 episcopos
1601 702 1712 770 ait:
1746 700 1853 756 Nos
1903 709 2079 755 autem

503 799 756 854 instinctu
782 796 875 851 Dei
904 794 1105 867 (omnia
1131 794 1275 849 enim
1304 794 1442 849 bona
1487 793 1554 849 ad
1602 804 1875 851 auctorem
1920 809 2075 849 suum

501 888 782 948 referenda
805 897 929 943 sunt
957 886 1097 943 unde
1125 881 1460 957 nascuntur),
1490 887 1553 942 ad
1576 886 1799 943 fratrum
1817 897 1871 942 et
1891 891 2041 960 coepi
2056 920 2078 932 -

504 996 785 1053 scoporum
823 990 1125 1036 nostrorum
1167 980 1547 1035 conscientiam
1591 981 1837 1035 universa
1888 982 2082 1036 retuli-

502 1089 638 1132 mus.
671 1074 820 1128 Hunc
846 1083 1022 1128 autem
1057 1088 1363 1127 sermonem
1413 1073 1790 1128 sincerissima:
1835 1076 2080 1130 veritatis

504 1172 622 1228 luce
665 1170 1144 1225 radiantemianto
1175 1168 1285 1223 Afri
1314 1160 1551 1236 episcopi
1584 1168 1791 1223 honore
1837 1170 2077 1223 venerati

503 1274 647 1329 sunt,
668 1271 728 1319 ut
750 1267 819 1318 ita
848 1262 912 1315 ad
938 1262 1181 1317 eumdem
1208 1262 1378 1315 virum
1402 1269 1427 1297 ιι
1448 1262 1744 1316 scriberent
1769 1279 1780 1314 :
1815 1263 1915 1333 15
1946 1261 2077 1316 Illud

503 1366 636 1413 vero
665 1355 806 1425 quod
838 1355 893 1407 in
921 1353 1113 1408 litteris
1164 1367 1297 1421 quas
1343 1353 1408 1406 ad
1456 1354 1727 1407 universas
1780 1354 2078 1421 provincias

504 1446 703 1503 curaSti
745 1459 865 1500 esse
913 1442 1200 1499 mittendas
1239 1443 1480 1513 posuisti,
1513 1444 1733 1500 dicens:
1763 1444 1872 1500 Nos
1900 1455 2076 1503 tamen

505 1538 762 1593 instinctu
782 1536 899 1600 Dei,
917 1545 1048 1601 elc.,
1078 1533 1155 1588 sic
1177 1534 1468 1603 accipimus
1494 1534 1721 1601 dictum,
1758 1549 1811 1591 ut
1841 1538 1962 1592 illos
1986 1539 2077 1608 qui

506 1628 1161 1698 CentraDeiadjutorium
1208 1628 1470 1682 extollunt
1516 1628 1733 1682 humani
1757 1630 1962 1685 arbitrii
2009 1630 2075 1684 Ii-

507 1725 806 1791 b‘erlatem,
858 1721 1101 1777 districto
1151 1720 1330 1790 gladio
1386 1721 1624 1776 veritatis
1676 1723 1823 1777 velut
1874 1725 2071 1779 cursim

2188 516 2483 573 liberentur
2505 519 2796 585 erroribus,
2822 522 2920 591 l7
2943 528 2999 575 ut
3020 521 3237 588 Judmis,
3266 523 3441 578 ablato
3462 524 3641 579 cordi:
3675 540 3764 579 ιεμ

2186 610 2405 675 lumine,
2433 611 2518 665 lux
2542 613 2781 668 veritatis
2812 624 3084 683 appareat,
3133 623 3188 668 ut
3220 615 3455 670 haeretici
3484 617 3762 672 catholica:

2188 701 2308 757 ﬁdei
2336 706 2679 773 perceptione
2712 706 3047 775 resipiscant,
3073 716 3127 758 ut
3154 706 3475 762 schismatici
3504 708 3759 775 Spiritum

2185 795 2434 850 rediviva:
2462 798 2699 851 carilatis
2739 782 3019 867 accipiant,
3050 806 3104 853 ut
3133 798 3297 867 lapsis
3322 800 3649 867 poenitentia:
3679 816 3763 857 re-

2186 887 2359 942 media
2402 888 2766 956 conferantur,
2798 897 2857 944 ut
2883 890 3113 960 denique
3147 890 3545 948 catechumeuis
3580 894 3647 949 ad
3677 911 3734 951 re

2183 983 2543 1050 generationis
2572 994 2904 1037 sacramenta
2936 983 3224 1052 perductis,
3272 986 3505 1041 caelestis
3551 988 3757 1042 miseri-

2183 1072 2380 1127 cordiae
2410 1074 2527 1126 aula
2565 1071 2584 1110 ί
2619 1086 2904 1130 reseretur.
2941 1075 3066 1130 Haec
3093 1084 3269 1131 autem
3316 1092 3422 1131 non
3455 1080 3759 1148 perfuncto-

2184 1165 2262 1219 rie
2306 1180 2475 1235 neque
2521 1166 2750 1222 inaniter
2790 1182 2817 1220 a
2852 1166 3074 1223 Domino
3113 1170 3239 1239 peti,
3294 1183 3471 1225 rerum
3520 1171 3758 1241 ipsarum

2183 1264 2445 1310 monstrat
2475 1256 2715 1325 eliectus,
2762 1258 3187 1328 quandoquidem
3231 1274 3295 1313 ex
3326 1262 3471 1316 omni
3514 1277 3757 1316 errorum
3836 1312 3843 1317 .

2180 1363 2378 1418 genere
2410 1349 2667 1416 plurimos
2713 1350 2851 1405 Deus
2877 1352 3125 1420 dignatur
3151 1353 3442 1421 attrahere,
3464 1370 3611 1425 quos
3638 1370 3763 1409 eru-
3840 1334 3851 1373 ί

2184 1444 2266 1494 tes
2315 1441 2382 1494 de
2434 1450 2694 1510 potestate
2741 1444 3077 1497 tenebrarum
3112 1444 3399 1500 transferat
3446 1446 3495 1498 in
3536 1430 3759 1516 regnum

2184 1531 2299 1587 Filii
2329 1534 2567 1587 caritatis
2596 1549 2726 1599 suae,
2750 1545 2805 1590 et
2833 1549 2897 1589 ex
2921 1536 3061 1589 vasis
3084 1537 3177 1592 ira:
3206 1537 3364 1592 faciat
3394 1552 3518 1593 vasa
3552 1540 3765 1593 miseri-

2183 1627 2398 1680 cordiaa.
2432 1628 2582 1695 Quod
2611 1628 2745 1684 adeo
2777 1637 2943 1683 totum
2973 1614 3137 1686 divini
3169 1633 3344 1701 operis
3366 1647 3487 1688 esse
3509 1635 3760 1697 sentitur,

2184 1722 2238 1769 nt
2284 1718 2397 1773 haec
2440 1718 2704 1773 el‘llciente
2748 1719 2857 1775 Deo
2886 1724 3175 1790 gratiarum
3225 1738 3440 1792 semper
3478 1725 3619 1780 actio
3649 1726 3765 1780 lau-

509 1816 773 1873 transiens
802 1821 1125 1887 amputares.
1158 1813 1295 1879 Quid
1327 1814 1465 1868 enim
1511 1824 1616 1869 tam
1646 1815 1814 1870 libero
1844 1815 1869 1853 b
1905 1816 2076 1872 fecisti
2104 1792 2156 1853 Β
2184 1808 2372 1879 disque
2421 1810 2692 1866 confessio
2720 1827 2817 1882 pro
2846 1813 3235 1871 illuminatione
3266 1817 3446 1872 talium
3480 1819 3561 1873 vel
3589 1834 3766 1873 corre-

506 1910 746 1975 arhitrio,
779 1908 938 1979 Quam
983 1907 1124 1978 quod
1172 1908 1419 1962 universa
1452 1908 1503 1961 in
1536 1917 1732 1963 nostra:
1763 1909 2077 1967 humilitatis

505 2002 882 2060 conscientiam
914 2012 938 2040 ο
974 2000 1247 2055 rctulisti?
1278 2009 1329 2054 et
1360 2008 1536 2055 tamen
1580 2000 1833 2057 instinctu
1878 2002 1970 2057 Dei
2003 2003 2078 2057 ra-

505 2104 646 2151 clum
679 2107 799 2150 esse
826 2092 1055 2148 fideliter
1081 2093 1456 2163 sapienterque
1480 2094 1681 2159 vidisti,
1722 2100 1990 2151 veraciter
2014 2096 2078 2149 ii—

504 2192 797 2259 dentcrquc
826 2188 1026 2243 dixisti.
1077 2186 1201 2241 Ideo
1230 2187 1432 2257 utique,
1465 2189 1587 2259 quia
1620 2199 1949 2258 pra-paratur
1983 2206 2081 2245 vo-

506 2284 681 2341 luntas
710 2296 739 2336 a
763 2281 1006 2336 Domino.
1040 2278 1105 2333 Et
1142 2287 1202 2333 ut
1250 2280 1373 2337 boni
1419 2280 1617 2350 aliquid
1648 2290 1809 2352 agant
1847 2286 2079 2352 paternis

506 2376 940 2449 in’spirationibus
966 2390 1182 2431 suorum
1206 2375 1322 2445 ipse
1370 2383 1550 2446 tangat
1578 2376 1739 2431 corda
1767 2372 1794 2413 τι
1829 2376 2075 2435 ﬁliorum.

508 2470 763 2538 Quotquot
778 2470 908 2523 enim
919 2469 1097 2541 spiritu
1111 2465 1207 2522 Dei
1220 2477 1461 2539 aguntur,
1484 2469 1537 2521 lii
1553 2469 1649 2537 ﬁlii
1663 2467 1756 2523 Dei
1768 2482 1884 2524 sunt
1900 2470 1917 2542 (
1928 2471 2075 2525 Rom.

509 2568 624 2626 vni,
644 2563 733 2630 I5)
749 2578 763 2627 ;
782 2570 839 2616 ut
862 2576 959 2616 nec
982 2570 1221 2616 nostrum
1246 2560 1437 2616 deesse
1458 2562 1751 2616 sentiamus
1773 2563 2076 2631 arbitrium,

434 2678 435 2681 η
506 2662 557 2709 et
590 2653 644 2707 in
680 2652 833 2708 bonis
877 2652 1173 2723 quibusque
1219 2652 1507 2708 voluntatis
1557 2653 1804 2709 humanae
1852 2655 2081 2727 singulis

507 2748 762 2815 motibus,
789 2748 957 2819 magis
974 2748 1113 2803 illius
1136 2748 1315 2804 valere
1330 2763 1441 2803 non
1464 2747 1769 2805 dubitemus
1800 2750 2077 2805 auxilium.

1062 2841 1289 2915 parur
1326 2841 1537 2898 xxvn.

534 3005 543 3011 .
580 2933 651 2987 Ita
679 2932 818 2988 Deus
848 2948 913 2987 ex
943 2931 1195 2988 cordibus
1224 2932 1519 3003 hominum,
1551 2942 1710 3002 atque
1736 2944 1758 2971 θ
1788 2934 1842 2989 in
1880 2935 1992 3003 ipso
2022 2935 2083 2989 Ii-

509 3025 638 3083 bero
687 3036 939 3096 Operalur
984 3024 1226 3097 arbitrio,
1276 3037 1335 3083 ut
1378 3038 1561 3084 sancta
1608 3028 1891 3099 cogitatio,
1940 3030 2081 3098 pium

2182 1904 2358 1960 ctione
2388 1906 2704 1962 referantur.

2748 1997 2977 2057 CAPUT
3018 2002 3207 2056 XXXI.

2256 2088 2386 2144 Illud
2430 2092 2591 2146 etiam
2638 2093 2780 2162 quod
2825 2095 2967 2150 circa
3013 2095 3360 2164 baptizandos
3408 2098 3461 2152 in
3512 2099 3766 2152 universo

2183 2182 2383 2235 mundo
2413 2191 2593 2238 sancta
2633 2183 2871 2241 Ecclesia
2922 2187 3257 2243 uniformiter
3300 2190 3408 2258 agit
3454 2204 3560 2243 non
3592 2191 3765 2244 otioso

2184 2276 2609 2344 contemplamur
2638 2279 2847 2333 intuitu.
2903 2280 3034 2335 Cum
3067 2282 3179 2337 sive
3211 2283 3437 2352 parvuli,
3470 2283 3584 2337 sive
3607 2284 3764 2352 juve-

2185 2379 2279 2419 nes
2322 2366 2388 2420 ad
2439 2372 2863 2437 regenerationis
2915 2375 3132 2429 veniunt
3176 2384 3609 2442 sacramentum,
3656 2392 3761 2432 non

2184 2462 2330 2528 prius
2358 2460 2555 2518 fontem
2585 2465 2705 2519 vitae
2736 2467 2948 2532 adeant,
2978 2483 3136 2536 quam
3168 2470 3485 2525 exorcismis
3514 2478 3569 2525 et
3590 2472 3765 2526 exsut-

2185 2548 2491 2606 Ilationibus
2521 2556 2836 2611 clericorum
2869 2558 3086 2628 spiritus
3114 2560 3181 2615 ab
3211 2562 3290 2615 eis
3320 2562 3628 2616 immundus
3654 2562 3767 2617 ah?-

2183 2652 2377 2712 gatur;
2437 2657 2492 2702 ut
2541 2656 2666 2704 tunc
2713 2665 2839 2705 vere
2887 2662 3140 2720 appareat
3189 2662 3213 2700 ε
3258 2652 3472 2723 quando
3520 2656 3766 2722 princeps

2184 2740 2366 2794 mundi
2400 2742 2502 2812 ιε
2545 2742 2701 2812 hujus
2742 2744 2982 2799 mittatur
3024 2746 3164 2799 foras
3204 2744 3383 2812 (Joan.
3436 2760 3530 2808 tm,
3567 2744 3679 2815 51),
3710 2753 3763 2799 et

2184 2833 2452 2900 quomodo
2484 2835 2629 2901 prius
2655 2835 2901 2906 alligetur
2931 2836 3104 2903 fortis,
3134 2845 3188 2891 et
3209 2837 3463 2905 deinceps
3495 2852 3619 2890 vasa
3650 2838 3764 2906 ejus

2185 2924 2500 2994 diripiantur
2527 2925 2743 2995 (Matth.
2773 2943 2864 2991 xu,
2897 2927 3015 2999 29),
3050 2929 3099 2982 in
3138 2929 3536 2998 possessionem
3595 2938 3765 2983 trans-

2186 3017 2291 3071 lata
2323 3019 2559 3081 victoris,
2604 3020 2691 3089 qui
2719 3021 2971 3089 captivam
3010 3021 3148 3073 ducit
3190 3021 3568 3090 captivitatem,
3602 3030 3647 3075 et
3674 3026 3761 3074 dat

509 3121 812 3187 consilium,
843 3120 1121 3203 omnisque
1150 3128 1324 3176 motus
1355 3121 1509 3177 bona‘.
1540 3123 1827 3178 voluntatis
1868 3139 1935 3179 ex
1974 3124 2081 3179 Deo

2189 3112 2326 3164 dona
2356 3111 2646 3166 hominibus
2678 3112 2893 3183 (Ep/tes.
2924 3129 2996 3179 iv,
3031 3113 3108 3183 8).

509 3215 580 3269 sit
609 3232 620 3267 :
649 3214 767 3283 quia
803 3226 896 3284 per
932 3213 1080 3269 illum
1122 3212 1320 3287 aliquid
1351 3214 1474 3270 boni
1507 3230 1807 3287 possumus,
1835 3215 1951 3272 sine
1981 3230 2085 3287 quo

511 3303 639 3360 nihil
668 3318 967 3375 possumus.

1047 3399 1274 3456 CAPUT
1312 3397 1542 3454 XXVIII.

580 3488 888 3559 Quicunque
929 3489 1120 3545 dixerit
1165 3491 1389 3561 gratiam
1423 3491 1540 3560 Dei,
1587 3506 1688 3561 qua
1735 3490 2087 3558 jusriticamur

511 3596 607 3651 per
633 3580 811 3636 Jesum
844 3581 1111 3637 Christum
1145 3582 1427 3638 Dominum
1473 3592 1736 3650 nostrum,
1772 3584 1873 3654 ιθ
1902 3582 1966 3637 ad
1997 3597 2086 3637 so-

512 3672 617 3727 lam
648 3672 1020 3728 remissionem
1047 3680 1384 3742 peccatorum
1427 3673 1606 3727 valere
1636 3689 1752 3741 qua:
1778 3674 1887 3743 jam
1936 3688 2084 3727 com-

512 3759 673 3819 inissa
702 3772 845 3831 sunt,
877 3780 982 3820 non
1012 3766 1174 3833 etiam
1201 3764 1266 3820 ad
1311 3765 1632 3836 adjutorium
1663 3765 1846 3836 gratiae
1895 3772 1951 3819 ιιι
1979 3779 2084 3820 non

512 3856 933 3925 committantur,
959 3857 1239 3912 anathema
1264 3857 1353 3911 sit.

1065 3948 1293 4004 CAPUT
1336 3947 1525 4004 XXIX.

580 4041 829 4111 Quisquis
856 4039 1050 4115 dixerit
1076 4041 1301 4111 gratiam
1329 4040 1419 4097 Dei
1453 4054 1547 4110 per
1591 4040 1770 4096 Jesum
1818 4038 2086 4094 Christum

513 4138 729 4201 prepter
759 4133 863 4185 hoc
886 4140 1088 4185 tantum
1115 4146 1211 4186 nos
1232 4131 1487 4199 adjuvare
1510 4131 1577 4185 ad
1608 4145 1712 4184 non
1738 4129 2087 4199 peccandum,

512 4224 635 4291 quia
667 4210 763 4292 per
787 4222 959 4291 ipsum
991 4223 1144 4278 nobis
1164 4222 1432 4278 revelatur
1460 4232 1516 4278 et
1534 4225 1772 4292 aperitur
1791 4224 2090 4293 intelligen-

513 4315 585 4371 tia
613 4315 1006 4381 mandatorum,
1041 4326 1098 4371 ut
1142 4317 1373 4371 sciamus
1403 4316 1528 4387 quid
1560 4325 1833 4385 appetere,
1866 4324 1919 4371 et
1962 4316 2089 4386 quid

512 4407 684 4463 vitare
727 4406 1036 4473 debeamus,
1068 4423 1174 4463 non
1214 4418 1390 4463 autem
1439 4422 1535 4478 per
1573 4408 1715 4463 illam
1757 4408 1911 4463 nobis
1953 4424 2089 4477 prae-

513 4498 641 4556 stari
690 4508 746 4554 ut
791 4496 933 4570 quod
978 4498 1274 4555 faciendum
1324 4500 1669 4571 cognovimus
1714 4500 1874 4556 etiam
1915 4496 2091 4556 facere

511 4593 793 4664 diligamus
821 4600 981 4664 atque
1004 4592 1295 4659 valeamus,
1326 4593 1608 4648 anathema
1640 4596 1728 4648 sit.

520 4694 523 4699 '
1086 4683 1310 4741 CAPUT
1351 4684 1518 4740 XXX.

585 4775 1021 4832 Obsecrationum
1051 4790 1260 4847 quoque
1306 4777 1715 4833 sacerdotalium
1756 4786 2090 4833 sacramenta

519 4867 885 4938 respiciamus,
903 4882 1023 4939 quae
1044 4867 1111 4921 ab
1146 4867 1403 4936 apostolis
1430 4868 1620 4923 tradita
1641 4868 1694 4923 in
1728 4878 1838 4922 toto
1870 4866 2086 4931 mundo,

515 4971 673 5032 atque
713 4962 765 5016 in
804 4960 953 5016 omni
997 4959 1258 5015 catholica
1303 4957 1541 5015 Ecclesia
1585 4954 1919 5014 uniformiter
1944 4959 2090 5013 cele-

516 5053 757 5119 brantur,
788 5061 849 5106 ut
877 5051 1048 5121 legem
1076 5050 1354 5118 credendi,
1388 5051 1470 5105 lex
1500 5058 1699 5106 statuat
1738 5048 2089 5119 supplicandi.

515 5141 647 5200 Cum
672 5141 815 5198 enim
846 5152 1149 5199 sanctarum
1178 5141 1411 5211 plebium
1444 5141 1699 5211 praesules
1740 5140 1983 5195 mandata
2016 5139 2091 5194 si-

514 5233 681 5291 bimet
709 5234 974 5304 legatione
995 5234 1279 5305 fungantur
1303 5233 1443 5303 apud
1473 5232 1704 5288 divinam
1726 5234 2089 5300 clementiam,

517 5325 731 5387 humani
759 5327 972 5398 generis
1002 5335 1165 5397 agunt
1206 5342 1442 5393 causam,
1474 5335 1528 5382 et
1561 5334 1668 5382 tota
1699 5340 1877 5382 secum
1908 5324 2093 5381 Eccle-

519 5419 596 5474 sia
618 5422 1048 5491 congemiscente
1077 5419 1346 5489 postulant
1376 5430 1425 5475 et
1469 5428 1751 5489 precantur
1779 5429 1837 5473 ut
1864 5418 2089 5473 inﬁdeli-

592 5588 618 5615 ⁸
644 5580 898 5647 Isidorus,
925 5581 1267 5637 rescriberem-

592 5647 616 5687 ⁸³
646 5649 895 5721 Isidorus,
931 5653 1141 5721 fecistis.

598 5730 619 5759 ο
653 5719 905 5786 Isidorus,
932 5719 1193 5778 retulistis.

593 5789 619 5828 ά
646 5789 898 5849 Isidorus,
936 5793 1179 5845 ﬁdelium.

2734 3205 2961 3262 CAPUT
2999 3205 3212 3260 XXXII.

2164 3300 2169 3305 ’
2260 3299 2507 3354 Omnium
2550 3298 2809 3355 bonorum
2868 3301 3151 3356 achcluum
3198 3309 3356 3371 atque
3400 3317 3651 3371 operum,
3703 3313 3755 3357 et

2192 3391 2427 3445 omnium
2460 3390 2753 3447 studiorum
2788 3393 3135 3464 omniumque
3184 3394 3436 3447 virtutum
3475 3394 3660 3463 quibus
3690 3393 3756 3447 ab

2190 3482 2342 3539 initio
2369 3482 2486 3539 tidei
2509 3483 2574 3537 ad
2595 3484 2757 3539 Deum
2785 3485 3034 3549 tenditur,
3060 3484 3223 3540 Deum
3249 3484 3562 3555 proﬁtemur
3587 3495 3763 3540 aucto-

2192 3593 2327 3632 rem.
2354 3577 2424 3632 Et
2452 3591 2553 3632 non
2584 3576 2886 3633 dubitamus
2915 3579 2980 3633 ah
3010 3579 3173 3648 ipsius
3194 3582 3361 3649 gratia
3392 3580 3569 3634 omnia
3600 3578 3767 3633 homi-

2192 3670 2274 3724 nis
2304 3660 2489 3725 merita
2534 3671 2835 3738 praeveniri,
2865 3685 2962 3739 per
2985 3685 3141 3740 quem
3175 3670 3229 3723 lit
3258 3680 3311 3724 ut
3336 3670 3532 3740 aliquid
3566 3670 3689 3724 boni
3720 3684 3766 3724 et

2193 3763 2331 3818 velle
2360 3761 2674 3833 incipiamus
2701 3770 2753 3817 ει
2780 3763 2973 3817 facere.
2997 3762 3113 3829 Quo
3136 3763 3316 3831 utique
3346 3763 3547 3817 auxilio
3578 3773 3629 3817 ct
3652 3778 3764 3816 mn-

2193 3868 2323 3909 nere
2345 3854 2437 3909 Dei
2469 3869 2572 3908 non
2600 3853 2839 3908 aufertur
2862 3854 3087 3908 liberum
3120 3854 3420 3921 arbitrium,
3455 3853 3549 3907 sed
3583 3855 3765 3907 libera-

2130 3940 2149 3955 “
2192 3957 2301 4011 tur,
2329 3954 2385 4001 ut
2413 3934 2481 4001 de
2511 3948 2799 4003 tenebroso
2829 3947 3084 4012 lucidum,
3119 3947 3187 4002 de
3234 3961 3400 4015 pravo
3446 3956 3672 4009 rectum,
3705 3946 3763 3998 de

2193 4037 2442 4106 Ianguido
2472 4052 2682 4103 sanum,
2713 4038 2782 4093 de
2802 4038 3143 4107 imprudente
3169 4039 3239 4093 sit
3270 4037 3574 4105 providum.
3606 4038 3763 4091 Tanta

2194 4128 2335 4184 enim
2362 4138 2441 4183 est
2472 4143 2592 4198 erga
2620 4144 2807 4184 omnes
2841 4129 3085 4184 homines
3113 4129 3321 4186 bonitas
3361 4128 3475 4195 Dei,
3507 4138 3563 4182 ut
3595 4136 3762 4182 nostra

2194 4219 2321 4274 velit
2347 4232 2467 4273 esse
2492 4221 2678 4275 merita
2710 4235 2827 4290 qua:
2873 4230 2997 4275 sunt
3025 4222 3192 4290 ipsius
3234 4221 3395 4289 dona,
3446 4229 3500 4274 et
3547 4235 3643 4290 pro
3687 4220 3761 4273 Itis

2193 4326 2313 4381 quae
2350 4311 2567 4381 largitus
2597 4322 2679 4367 est
2705 4322 2904 4369 aeterna
2934 4315 3149 4384 prazmia
3188 4315 3256 4369 sit
3285 4314 3603 4368 donaturns.
3650 4313 3762 4382 Agit

2194 4404 2390 4476 quippe
2420 4405 2472 4459 in
2504 4406 2657 4461 nobis
2688 4414 2745 4459 nt
2784 4409 2922 4475 quod
2956 4408 3064 4461 vult
3092 4416 3140 4463 et
3171 4410 3396 4463 velimus
3427 4418 3481 4463 et
3510 4423 3755 4478 agamus;

2196 4513 2294 4552 nec
2321 4499 2493 4553 otiosa
2523 4513 2643 4553 esse
2672 4500 2724 4552 in
2758 4499 2911 4553 nobis
2956 4500 3153 4569 patitur
3188 4516 3304 4567 quae
3330 4501 3633 4554 exercenda
3664 4513 3757 4551 non

2196 4593 2505 4663 negligenda
2537 4594 2800 4647 donavit:
2835 4601 2892 4646 ut
2936 4604 2989 4647 et
3034 4609 3129 4647 nos
3178 4603 3555 4662 cooperatores
3607 4593 3757 4645 simus

2192 4688 2376 4759 gratia:
2406 4688 2519 4754 Dei,
2550 4701 2611 4741 ac
2638 4687 2681 4739 si
2723 4687 2847 4756 quid
2892 4686 2947 4740 in
2979 4686 3128 4742 nobis
3156 4703 3217 4741 ex
3252 4696 3433 4742 nostra
3482 4685 3755 4739 viderimus

2193 4780 2509 4834 remissione
2538 4778 2901 4847 languescere,
2954 4777 3017 4831 ad
3065 4777 3211 4832 illum
3256 4777 3485 4832 sollicite
3530 4790 3747 4831 recurra-

2195 4887 2333 4937 mns,
2358 4874 2443 4940 qui
2470 4882 2615 4926 sanat
2643 4887 2811 4925 omnes
2835 4871 3104 4939 languores
3144 4880 3365 4936 nostros,
3396 4878 3443 4922 et
3472 4869 3663 4922 redimit
3697 4868 3750 4917 de

2194 4965 2400 5018 interitu
2432 4964 2532 5033 19
2574 4963 2725 5015 vitam
2758 4970 2985 5014 nostram
3030 4958 3199 5031 (Psat.
3245 4975 3355 5023 cm,
3390 4960 3442 5021 5,
3475 4961 3561 5028 υς
3590 4968 3637 5013 et
3671 4957 3745 5010 cui

2194 5053 2429 5125 quotidie
2457 5044 2685 5107 dicimus
2713 5070 2725 5104 :
2755 5051 2835 5104 Ne
2861 5069 2952 5113 nos
2979 5052 3191 5106 inducas
3218 5052 3269 5105 in
3298 5052 3637 5114 teutatiouem,
3672 5047 3752 5103 sui

2194 5149 2351 5202 libera
2382 5164 2472 5201 nos
2496 5164 2526 5200 a
2547 5145 2681 5199 malo
2703 5144 2914 5214 (Matth.
2952 5159 3019 5209 \‘I,
3053 5144 3129 5212 Ξ).

2737 5236 2963 5291 CAPUT
3002 5235 3235 5290 XXXIII.

2228 5320 2232 5325 ’
2267 5330 2581 5400 Quicunque
2602 5329 2727 5384 dicit
2750 5329 2860 5383 Ada
2885 5349 2913 5381 ιι
2944 5331 3168 5399 primum
3194 5330 3462 5383 hominem
3491 5326 3754 5381 mortalem

2198 5426 2416 5489 factum,
2447 5423 2519 5477 ita
2552 5432 2606 5475 ut
2634 5423 2743 5475 sive
2775 5431 3038 5490 peccaret,
3071 5421 3180 5476 sive
3215 5435 3318 5476 non
3365 5428 3623 5489 peccaret,
3649 5435 3757 5471 tuu—

2282 5594 2305 5621 ο
2336 5584 2587 5651 Isidorus,
2612 5584 2686 5637 in.

2280 5655 2297 5691 τ
2330 5655 2583 5719 Isidorus,
2610 5658 2829 5723 referam
2862 5692 2877 5706 .

2276 5736 2299 5773 ε
2333 5725 2583 5790 Isidorus,
2614 5725 2881 5795 quomodo.
