4090 6330
253 366 351 423 989

1176 363 1260 418 DE
1299 362 1843 421 ECCLESIAS'I’ICIS
1882 362 2324 424 DOGMA'I'IBUS
2364 368 2586 424 LIBER.

3410 374 3512 427 990

252 488 475 541 rcrctur,
521 494 571 531 Ill
612 493 832 547 corpore
865 477 985 543 hoc,
1031 477 1083 532 id
1123 468 1223 544 est,
1254 478 1321 534 de
1351 494 1578 550 corpore
1624 480 1817 543 exiret,
1848 476 2119 548 Ajustus,
2147 496 2266 535 cum
2297 482 2349 535 in
2392 483 2632 536 oratione
2678 483 2951 549 pntraliter
2981 483 3183 538 diceret
3218 503 3227 536 ε
3267 483 3510 540 Peccavi-

253 589 353 629 non
404 572 604 640 peccati
652 572 861 638 merito,
920 569 1015 627 sed
1059 573 1379 628 necessitate
1428 584 1652 639 naturae,
1699 585 1825 625 ana—

251 669 425 722 thema
453 668 543 722 sit.
826 734 829 737 _

802 758 1025 817 CAPUT
1064 761 1303 817 XXXIV.

313 852 628 921 Quicunque
674 851 926 920 parvulos
970 863 1214 908 recentes
1262 853 1331 911 ab
1387 854 1552 909 uteris
1593 860 1824 907 matrum

247 944 589 1016 baptizandos
616 953 791 1014 negat,
819 954 910 999 aut
950 944 1075 1001 dicit
1112 948 1164 1000 in
1207 947 1582 1002 remissionem
1612 947 1823 1017 quidem

247 1045 581 1107 peccatorum
612 1051 707 1092 eos
736 1036 1013 1106 baptizari,
1044 1038 1137 1094 sed
1169 1039 1297 1093 nihil
1330 1054 1395 1094 ex
1422 1040 1588 1094 Adam
1612 1041 1827 1095 trahere

245 1128 517 1198 originalis
561 1130 786 1197 peccati,
833 1130 973 1199 quod
1025 1130 1237 1186 lavacro
1284 1132 1710 1201 regenerationis
1733 1146 1827 1187 ex-

243 1220 441 1291 pietur,
470 1219 608 1275 uude
627 1221 698 1275 sit
723 1235 1057 1290 consequens
1079 1232 1135 1277 ut
1153 1225 1203 1277 in
1226 1224 1305 1278 eis
1332 1223 1504 1279 forma
1536 1225 1827 1292 baptisma-

245 1313 310 1366 tis
356 1312 412 1366 in
461 1314 831 1367 remissionem
867 1322 1205 1382 peccatorum
1241 1330 1346 1368 non
1389 1332 1536 1387 vera,
1570 1317 1662 1372 sed
1695 1317 1825 1372 falsa

242 1402 585 1472 intelligatur,
611 1403 892 1458 anathema
937 1405 1026 1459 sit.
1056 1406 1317 1473 Quoniam
1351 1423 1456 1462 non
1484 1398 1829 1465 aliter’intel-

241 1494 511 1564 ligendum
534 1506 617 1552 est
643 1497 786 1565 quod
815 1497 1229 1568 aitApostolus:
1262 1498 1364 1554 Per
1388 1517 1547 1555 unum
1574 1501 1827 1556 hominem

241 1599 505 1656 peccatum
530 1590 735 1641 intravit
774 1590 826 1642 in
855 1591 1120 1664 mundum,
1166 1602 1213 1644 et
1246 1607 1335 1662 per
1362 1605 1621 1663 peccatum
1655 1611 1825 1659 mors;

242 1688 285 1730 et
307 1679 389 1731 ita
414 1679 466 1732 in
497 1695 668 1733 omnes
705 1678 931 1734 homines
971 1683 1262 1749 pertransiit
1286 1684 1343 1736 in
1374 1700 1474 1753 quo
1503 1701 1673 1739 omnes
1706 1699 1827 1755 pec-

239 1781 479 1823 caverunt
509 1770 685 1841 (Rom.
719 1787 769 1835 v,
806 1770 926 1839 1'2);
976 1774 1075 1827 uisi
1103 1776 1555 1843 quemadmodum
1590 1775 1825 1830 Ecclesia

1932 588 2065 637 mus,
2097 573 2408 642 iniquitatem
2441 577 2648 643 fecimus
2669 574 2829 645 (Dan.
2863 590 2935 640 Ix,
2957 575 3035 645 5),
3070 586 3122 631 et
3150 587 3363 645 caetera,
3394 595 3512 649 qua:

1930 664 2001 718 ibi
2044 666 2307 718 veraciter
2360 675 2412 720 et
2453 667 2725 724 humiliter
2774 671 3060 725 conﬁtetur
3104 687 3169 727 ne
3213 682 3509 743 putaretur,

1927 756 2380 826 quemadmodum
2427 759 2639 827 quidam
2691 763 2948 826 sentiunt,
2998 763 3098 818 hoc
3142 781 3245 818 non
3275 766 3340 821 de
3379 768 3510 833 suis,

1928 847 2023 902 sed
2048 847 2117 903 de
2138 849 2316 918 populi
2344 851 2424 903 sui
2456 848 2655 905 dixisse
2678 858 2904 920 peccatis
2929 874 2944 919 ;
2977 866 3157 925 postea
3187 858 3358 914 dixit:
3382 855 3510 913 Cum

1929 956 2127 993 orarem
2157 952 2201 995 et
2231 943 2496 1010 conﬁterer
2526 954 2732 1011 peccata
2758 963 2869 1000 mea
2896 959 2942 1001 et
2969 960 3175 1018 peccata
3209 950 3387 1021 pepuli
3416 953 3512 1006 mei

1932 1032 2154 1086 Domino
2186 1031 2293 1086 Deo
2317 1050 2425 1087 meo
2456 1033 2643 1105 (Ibid,
2668 1036 2801 1104 20):
2853 1039 3021 1093 noluit
3068 1041 3245 1096 dicere
3296 1051 3511 1111 peccata

1930 1134 2114 1179 nostra
2134 1165 2148 1188 ,
2180 1125 2271 1179 sed
2303 1126 2479 1194 populi
2510 1127 2590 1180 sui
2620 1126 2757 1181 dixit
2783 1139 2835 1182 ct
2864 1144 2954 1183 sua
2977 1171 2991 1195 ,
3024 1134 3273 1201 quoniam
3307 1133 3512 1189 futuros

1931 1215 2062 1270 istos
2082 1216 2172 1285 qui
2205 1226 2310 1270 tam
2341 1217 2479 1272 male
2509 1216 2534 1255 ι»
2560 1219 2917 1289 intelligerent
2957 1231 3203 1293 tanquam
3254 1226 3510 1297 propheta

1932 1307 2197 1377 praevidit.
2520 1328 2521 1331 η
3110 1340 3113 1341 ν

2383 1406 2489 1474 22
2527 1403 2755 1459 CAPUT
2796 1405 3061 1459 XXXVII.

2000 1492 2315 1562 Quicunque
2347 1493 2459 1562 ipsa
2488 1495 2646 1547 verba
2688 1495 2970 1550 dominica:
3008 1497 3267 1555 orationis
3313 1499 3401 1554 ubi
3433 1499 3511 1556 di~

1932 1584 2105 1639 cimus
2136 1602 2147 1636 :
2182 1584 2393 1641 Dimitte
2421 1587 2565 1640 nobis
2591 1587 2759 1641 debita
2805 1598 2999 1656 nostra,
3034 1590 3103 1645 ita
3129 1591 3313 1646 volunt
3338 1606 3364 1646 a
3388 1607 3511 1647 san-

1931 1679 2034 1735 ctis
2062 1679 2189 1744 dici,
2219 1691 2274 1733 ut
2293 1680 2567 1735 humiliter
2589 1697 2693 1735 non
2716 1683 2978 1737 veraciter
3005 1682 3105 1737 hoc
3126 1684 3352 1749 dicatur,
3378 1701 3508 1740 ana-

1934 1772 2113 1825 thema
2142 1771 2229 1825 sit.
2264 1771 2394 1839 Quis
2420 1772 2561 1826 enim
2608 1773 2745 1828 ierat
2772 1783 3036 1840 orantem,
3064 1790 3169 1830 non
3204 1776 3508 1831 hominibus

239 1863 500 1917 catholica
548 1864 742 1932 ubique
786 1864 977 1918 dill'usa
1006 1880 1220 1932 semper
1262 1868 1541 1921 intellexit.
1598 1868 1822 1936 Propter
1852 1863 2020 1925 Baeti
2073 1864 2172 1933 ipSi
2223 1863 2450 1919 Domino
2500 1867 2875 1930 mentientem.
2905 1866 2993 1936 qui
3046 1866 3200 1921 labiis
3240 1867 3339 1922 sibi
3387 1867 3512 1923 dicit

239 1955 383 2008 hanc
410 1954 554 2009 enim
605 1955 725 2010 ﬁdei
756 1958 991 2027 regulam
1024 1958 1184 2012 etiam
1231 1960 1455 2027 parvuli,
1489 1960 1599 2031 20
1625 1961 1711 2029 qui
1744 1961 1825 2015 ni-

238 2045 308 2100 hil
339 2057 685 2117 peccatortun
710 2048 763 2102 in
792 2059 814 2084 ι·
843 2050 1038 2118 seipsis
1065 2050 1238 2104 adhuc
1261 2054 1598 2107 committere
1630 2062 1820 2122 potue-

237 2147 389 2200 runt,
417 2136 538 2192 ideo
567 2138 618 2192 in
652 2149 994 2206 peccatorum
1034 2141 1406 2197 remissionem
1438 2147 1700 2200 veraciter
1733 2145 1825 2201 ba-

238 2232 532 2300 ptizantur,
582 2243 635 2286 ut
684 2233 735 2286 in
772 2232 850 2288 eis
890 2235 1294 2304 regeneratione
1330 2237 1825 2309 mundetur,.quod

236 2323 592 2393 generatione
621 2334 918 2380 traxerunt.

790 2416 1017 2474 CAPUT
1061 2418 1274 2474 XXXV.

306 2511 468 2578 Quod
495 2511 809 2565 aitsanctus
838 2511 1075 2568 Joannes
1102 2513 1378 2583 apostolus
1403 2530 1416 2567 :
1446 2514 1508 2569 Si
1547 2514 1831 2567 dixerimus

235 2604 360 2671 quia
416 2612 673 2671 peccatum
708 2620 807 2657 non
856 2605 1117 2670 habemus,
1160 2621 1252 2658 nos
1281 2606 1418 2672 ipsos
1448 2605 1755 2669 seducimus,
1786 2615 1833 2658 et
1862 2610 1871 2619 ’

235 2698 432 2750 veritas
457 2696 511 2749 in
539 2697 680 2750 nobis
709 2713 809 2750 non
837 2706 909 2752 est
955 2696 1003 2769 (I
1031 2695 1187 2750 Joan.
1212 2713 1252 2761 ι,
1276 2698 1354 2765 8),
1384 2699 1627 2767 quisquis
1647 2699 1724 2752 sic
1744 2713 1833 2752 ac-

234 2786 553 2857 cipiendum
595 2788 881 2856 putaverit,
933 2798 992 2842 ut
1036 2787 1179 2843 dicat
1219 2798 1438 2857 propter
1478 2788 1832 2842 humilitatem

235 2893 346 2933 non
385 2889 634 2946 Oportere
662 2878 788 2942 dici,
840 2893 937 2933 nos
981 2893 1085 2933 non
1137 2877 1336 2934 habere
1377 2887 1676 2948 peccatum,
1728 2893 1833 2931 non

235 2972 369 3041 quia
417 2972 613 3028 veritas
640 2980 743 3035 est,
794 2972 1075 3027 anathema
1107 2973 1193 3026 sit.
1224 2971 1476 3041 Sequitur
1525 2973 1668 3027 enim
1702 2986 1834 3041 apo-

236 3064 423 3118 stolus
450 3074 503 3118 et
531 3063 772 3134 adjungit
796 3081 810 3118 :
845 3064 907 3120 Si
927 3075 1096 3118 autem
1114 3065 1336 3134 confessi
1366 3065 1614 3132 fuerimus
1634 3073 1837 3134 peccata

239 3165 448 3218 nostra,
480 3155 647 3222 ﬁdelis
673 3166 747 3211 est
774 3167 823 3210 et
857 3158 1030 3227 justus
1067 3157 1156 3225 qui
1191 3156 1414 3211 remittat
1460 3157 1603 3211 nobis
1630 3166 1839 3226 peccata

1929 1958 2124 2013 dimitti
2169 1959 2345 2023 velle,
2392 1968 2447 2014 et
2485 1960 2646 2014 corde
2686 1959 2815 2015 dicit
2866 1975 2984 2031 qurc
3034 1960 3132 2015 sihi
3182 1961 3513 2016 dimittantur

1929 2050 2105 2106 debita
2137 2065 2243 2106 non
2279 2051 2502 2107 habere.

2458 2141 2689 2200 CAPUT
2732 2143 3019 2199 XXXVIII.

2004 2234 2059 2290 Si
2085 2234 2203 2303 quis
2240 2249 2337 2304 per
2359 2234 2616 2289 offensam
2650 2234 3104 2304 pravaricationis
3135 2236 3262 2292 Adae
3290 2252 3396 2291 non
3426 2247 3510 2292 to-

1933 2334 2067 2393 tum,
2093 2325 2143 2379 id
2170 2335 2272 2389 est,
2295 2324 2592 2380 secundum
2623 2340 2818 2394 corpus
2846 2334 2901 2381 et
2929 2325 3164 2381 animam
3193 2327 3244 2381 in
3277 2328 3515 2383 deterius

1931 2415 2065 2469 dicit
2111 2417 2380 2471 hominem
2433 2425 2861 2481 commutatum,
2920 2417 3015 2472 sed
3054 2419 3519 2475 animmlibertato

1934 2505 2099 2561 illaesa
2125 2506 2385 2573 durante,
2422 2522 2618 2576 corpus
2651 2509 3024 2564 tantummodo
3046 2511 3375 2581 corruptioni
3404 2525 3521 2564 crc-

1935 2598 2012 2652 dit
2068 2598 2381 2666 obnoxium,
2426 2599 2626 2669 Pelagii
2678 2614 2865 2671 errore
2915 2600 3169 2670 deceptus
3208 2601 3521 2656 adversatur

1940 2691 2234 2759 Scriptura:
2258 2691 2455 2746 dicenti
2488 2709 2498 2741 :
2532 2691 2714 2745 Anima
2743 2707 2856 2761 qua!
2877 2693 3177 2760 peccaverit,
3208 2693 3322 2762 ipsa
3343 2693 3521 2746 morie.

1938 2793 2021 2838 tur
2051 2781 2264 2853 (Each.
2296 2797 2442 2849 xvut,
2474 2782 2556 2851 4),
2577 2791 2633 2836 et
2662 2799 2676 2835 :
2718 2782 2943 2838 Nescitis
2974 2784 3214 2854 quoniam
3243 2787 3325 2838 cui
3354 2785 3522 2838 obedi-

1938 2875 2041 2939 tis,
2092 2883 2137 2928 et
2173 2890 2207 2927 α
2248 2889 2350 2945 quo
2394 2875 2507 2944 quis
2561 2883 2852 2944 superatur,
2908 2876 3018 2946 ejus
3059 2892 3232 2931 servus
3284 2877 3524 2948 adjicitur

1936 2964 2118 3035 (Rana.
2148 2980 2200 3019 v1
2223 3005 2237 3030 ,
2265 2965 2396 3034 16)?
2943 2978 2953 2989 '

2130 3042 2135 3045 ’
2481 3056 2708 3123 CAPUT
2747 3058 2991 3115 XXXIX.

2012 3147 2070 3204 Si
2090 3148 2209 3218 quis
2227 3148 2326 3203 soli
2349 3147 2478 3204 Adae
2509 3150 3001 3219 praevaricationem
3033 3165 3207 3219 suam,
3239 3165 3342 3205 non
3366 3151 3524 3206 etiam

245 3259 292 3303 et
319 3249 530 3303 mandet
558 3265 650 3305 nos
669 3250 732 3303 ab
754 3250 891 3305 omni
910 3249 1197 3319 iniquitate.
1226 3248 1321 3305 Ubi
1341 3251 1470 3304 satis
1491 3259 1710 3318 apparet
1733 3249 1836 3305 hoc

1941 3240 2056 3310 ejus
2084 3240 2365 3311 propagini
2410 3243 2604 3297 asserit
2651 3241 2921 3308 nocuisse,
2963 3250 3054 3298 aut
3099 3251 3249 3297 certe
3297 3252 3523 3297 mortem

245 3354 362 3394 non
392 3348 593 3395 tantum
620 3341 914 3413 humiliter,
950 3341 1043 3396 sed
1076 3343 1238 3397 etiam
1287 3345 1555 3398 veraciter
1580 3342 1704 3398 dici.
1738 3343 1840 3397 Po-

246 3438 397 3485 terat
422 3430 564 3486 enirn
595 3432 868 3499 apostolus
895 3432 1113 3503 dicerel:
1140 3432 1201 3489 Si
1230 3432 1522 3489 dixerimus
1556 3452 1568 3486 :
1603 3433 1718 3490 Non
1748 3435 1841 3489 ha-

244 3522 451 3576 bemus
473 3532 767 3591 peccatum,
801 3537 897 3579 nos
935 3524 1082 3592 ipsos
1110 3526 1439 3588 extollimus.
1481 3535 1535 3580 et
1568 3526 1840 3581 humilitas

244 3612 305 3665 in
338 3610 497 3664 nobis
541 3627 644 3666 non
674 3621 776 3667 est.
804 3612 909 3668 Sed
939 3629 1061 3669 cum
1086 3613 1196 3668 ait:
1230 3613 1341 3667 Nos
1369 3616 1506 3683 ipsos
1534 3618 1838 3683 decipimus,

244 3710 297 3758 et
329 3704 515 3757 veritas
542 3696 595 3757 in
624 3704 768 3759 nobis
798 3721 898 3759 non
925 3715 1020 3771 est,
1062 3708 1195 3761 satis
1219 3707 1457 3782 ostendit
1485 3723 1607 3762 eum
1635 3710 1723 3777 qui
1755 3708 1842 3762 di-

242 3795 401 3851 xerit
431 3807 490 3849 se
520 3809 625 3850 non
658 3794 858 3851 habere
885 3805 1183 3865 peccatum,
1215 3811 1320 3852 non
1351 3812 1535 3852 verum
1558 3798 1723 3868 loqui,
1748 3799 1842 3856 sed

245 3888 475 3944 falsum.

800 3980 1025 4038 CAPUT
1067 3981 1307 4041 XXXVI.

326 4076 653 4146 Quicunque
678 4076 876 4132 dixerit
898 4076 950 4131 in
971 4078 1216 4133 oratione
1234 4077 1501 4133 dominica
1523 4076 1645 4133 ideo
1664 4077 1847 4133 dicere

244 4177 478 4224 sanctos
503 4185 515 4221 :
544 4166 748 4225 Dimitte
772 4168 913 4222 nobis
937 4167 1103 4222 debita
1119 4170 1221 4239 ει
1243 4175 1417 4223 nostra
1435 4165 1651 4238 (Matth.
1670 4182 1741 4233 vr,
1761 4167 1843 4238 Ξ),

243 4269 315 4316 ut
342 4275 456 4316 non
497 4274 591 4329 pro
622 4260 815 4329 seipsis
846 4260 948 4315 hoc
976 4260 1173 4325 dicant,
1205 4260 1324 4328 quia
1356 4274 1464 4315 non
1490 4268 1576 4315 est
1615 4260 1693 4316 eis
1734 4260 1846 4329 jam

245 4352 570 4408 necessaria
600 4352 699 4406 ista
732 4351 940 4420 petitio,
969 4350 1065 4407 sed
1093 4366 1190 4421 pro
1223 4351 1344 4407 aliis
1372 4352 1462 4422 qui
1500 4360 1628 4408 sunt
1669 4352 1723 4407 in
1749 4367 1849 4408 suo

241 4441 466 4515 populo
487 4452 795 4510 peccatores
817 4459 831 4508 ;
857 4451 911 4496 et
933 4442 1053 4498 ideo
1074 4457 1180 4498 non
1210 4442 1394 4499 dicere
1414 4458 1850 4514 unumquemque

241 4540 594 4595 sanctorum,
625 4533 834 4589 dimitte
862 4533 992 4588 mihi
1021 4534 1201 4590 debita
1228 4550 1370 4599 mea,
1400 4535 1493 4591 sed
1519 4536 1728 4592 dimitte
1755 4550 1850 4591 ao-

241 4627 337 4683 bis
368 4634 592 4696 peccata
623 4633 828 4688 nostra,
861 4634 920 4680 ut
950 4624 1053 4681 hoc
1081 4641 1177 4695 pro
1203 4626 1321 4681 aliis
1353 4627 1530 4697 potius
1558 4643 1719 4698 quam
1751 4642 1848 4697 pro
1872 4607 1929 4670 D

239 4733 307 4774 se
329 4717 524 4788 justus
552 4723 737 4784 petere
783 4716 1131 4786 intelligatur,
1165 4720 1449 4774 anathema
1480 4722 1569 4773 sit.
1618 4719 1848 4775 Sanctus

240 4809 403 4863 enim
437 4814 492 4860 et
514 4806 691 4876 justus
719 4815 834 4862 erat
875 4809 1150 4877 apostolus
1175 4807 1408 4864 Jacobus
1449 4824 1569 4865 cum
1595 4809 1843 4867 dicebat:

238 4900 317 4954 In
350 4898 532 4954 multis
574 4899 707 4954 enim
744 4898 1048 4967 oﬂendimus
1101 4916 1272 4955 omnes
1319 4898 1457 4971 (Jac.
1492 4917 1570 4970 ιιι,
1601 4903 1684 4972 2).
1716 4902 1850 4960 Nam

237 4989 693 5063 quaregadditum
721 4999 823 5055 est,
851 5004 1058 5057 omnes,
1089 4992 1189 5047 nisi
1221 5000 1278 5047 ut
1310 4993 1405 5048 ista
1436 4995 1699 5049 sententia
1721 5009 1850 5050 con-

235 5087 475 5139 veniret
521 5082 726 5151 psalmo
759 5082 851 5138 ubi
899 5082 1135 5153 legitur:
1171 5083 1254 5138 Ne
1295 5086 1451 5139 intres
1500 5087 1554 5138 in
1591 5088 1851 5156 judicium

239 5191 374 5229 cum
408 5189 553 5227 servo
585 5182 692 5241 tuo,
714 5173 956 5242 quoniam
981 5190 1082 5230 non
1102 5176 1476 5248 justiﬁcabitur
1497 5178 1550 5230 in
1580 5188 1853 5246 conspectu

239 5278 339 5321 tuo
385 5265 556 5320 omnis
584 5265 751 5321 virens
773 5263 944 5337 (Psal.
974 5282 1158 5335 cxutt,
1190 5268 1290 5339 '5)?
1323 5268 1390 5324 Et
1416 5270 1471 5324 in
1500 5270 1743 5325 oratione
1768 5285 1854 5325 sa-

239 5358 587 5430 pientissimi
619 5358 961 5415 Salomonis:
994 5358 1117 5414 Non
1147 5368 1221 5415 est
1251 5362 1399 5415 homo
1426 5363 1513 5431 qui
1541 5379 1648 5417 non
1683 5372 1855 5431 peccet

124 5522 137 5533 .
241 5450 466 5522 (Eccle.
498 5448 721 5519 vuum).
754 5450 820 5505 Et
854 5451 905 5506 in
936 5450 1072 5507 libro
1095 5452 1266 5507 sancti
1295 5452 1396 5509 Job
1424 5470 1438 5506 :
1470 5451 1536 5507 In
1563 5470 1718 5508 manu
1746 5471 1855 5508 omo
1909 5478 1923 5487 -

241 5543 329 5595 nis
355 5540 587 5595 hominis
614 5544 800 5613 signat,
846 5552 899 5596 ut
936 5546 1064 5598 sciat
1099 5545 1260 5598 omnis
1307 5545 1458 5597 homo
1499 5546 1852 5614 inﬁrmitatem

239 5648 407 5686 suam
441 5630 577 5695 (Job.
610 5648 810 5699 xxsvu,
843 5634 917 5704 7).
946 5634 1100 5693 Unde
1128 5635 1293 5693 etiam
1324 5635 1512 5694 Daniel
1539 5648 1759 5695 sanctus
1797 5649 1881 5697 ett

1427 5756 1455 5771 ν

323 5818 352 5846 ιι
390 5806 657 5885 Isidorus,
684 5821 837 5866 semet
861 5812 1003 5880 ipsis.

1945 3343 2151 3390 tantum
2177 3335 2417 3404 corporis
2437 3349 2557 3406 qua:
2582 3349 2739 3405 poma
2772 3337 2973 3407 peccati
2996 3345 3098 3403 est,
3134 3352 3242 3392 non
3265 3345 3441 3392 autem
3474 3345 3527 3392 et

1888 3443 1893 3451 ‘
1946 3437 2222 3499 peccatum
2248 3472 2263 3496 ,
2294 3428 2437 3499 quod
2468 3443 2613 3484 mors
2646 3439 2728 3484 est
2757 3430 2987 3499 animae,
3017 3444 3114 3499 per
3142 3444 3306 3485 unum
3350 3430 3527 3484 homi-

1947 3536 2069 3576 nem
2102 3523 2151 3575 in
2178 3536 2338 3576 omne
2361 3536 2532 3591 genus
2550 3522 2655 3591 23
2682 3521 2972 3577 humanum
2999 3524 3259 3577 transisse
3280 3529 3523 3583 testatur,

1947 3611 2259 3681 iniustitiam
2276 3610 2387 3665 Deo
2404 3610 2570 3675 dabit,
2593 3612 2971 3667 contradicens
3002 3613 3262 3681 Apostolo
3290 3611 3524 3666 dicenti:

1948 3702 2053 3756 Per
2072 3718 2231 3755 unum
2258 3702 2512 3757 honrinem
2549 3713 2809 3769 peceatum
2839 3705 3046 3757 intrauit
3076 3706 3132 3757 in
3159 3702 3411 3757 mundum
3430 3743 3443 3767 ,
3474 3711 3524 3756 et

1948 3812 2038 3864 per
2066 3804 2325 3866 peccatum
2355 3811 2511 3863 mors,
2544 3807 2590 3849 et
2622 3796 2696 3850 ita
2723 3798 2779 3850 in
2814 3812 2989 3851 omnes
3014 3797 3243 3851 homines
3270 3806 3528 3867 pertrans-

1946 3888 2036 3953 iit,
2058 3888 2113 3941 in
2141 3903 2239 3967 quo
2274 3902 2445 3942 onum
2481 3887 2708 3942 homines
2748 3897 3076 3958 peccaverunt
3105 3887 3277 3959 (Rom.
3324 3902 3375 3955 v,
3417 3886 3524 3952 12).

2552 3980 2777 4037 CAPUT
2818 3981 2930 4037 XL.

2020 4072 2075 4127 Si
2098 4071 2218 4143 quis
2247 4072 2583 4129 invocatione
2609 4073 2842 4129 humana
2858 4073 3084 4144 gratiam
3109 4073 3202 4129 Dei
3218 4072 3347 4129 dicit
3374 4086 3531 4146 posse

1950 4162 2204 4228 conferri,
2238 4178 2343 4220 non
2371 4150 2549 4219 autem
2572 4165 2742 4233 ipsam
2763 4166 2987 4234 gratiam
3018 4165 3197 4222 facere
3225 4175 3283 4221 ut
3313 4165 3529 4220 invoce-

1952 4266 2037 4310 tur
2064 4272 2093 4310 a
2125 4255 2307 4323 nobis,
2352 4255 2673 4312 contradicit
2719 4257 2892 4312 Esaia:
2923 4257 3195 4327 prephetae
3224 4298 3238 4322 ,
3274 4256 3355 4311 vel
3384 4256 3529 4324 Apo-

1952 4349 2092 4406 SlOIO
2134 4349 2274 4406 idem
2302 4349 2504 4406 dicenti
2535 4367 2549 4404 :
2592 4348 2834 4405 Inventus
2862 4368 2979 4405 sum
3005 4368 3038 4405 tt
3066 4367 3169 4406 non
3195 4349 3532 4421 quarentibus

1951 4460 2052 4511 me,
2084 4444 2258 4516 palam
2279 4445 2498 4516 apparati
2519 4444 2599 4500 his
2624 4444 2711 4514 qui
2731 4460 2812 4499 me
2839 4459 2940 4499 non
2962 4446 3339 4515 interrogabant
3364 4441 3553 4513 (Esai..

1952 4551 2075 4602 va,
2109 4538 2172 4601 I;
2204 4536 2353 4592 Rom.
2381 4553 2432 4603 ι,
2455 4535 2568 4606 20).

2544 4626 2772 4684 CAPUT
2813 4628 2926 4683 XLI

2024 4721 2082 4777 Si
2109 4721 2230 4791 quis
2255 4730 2361 4776 uta
2395 4728 2616 4791 peccato
2645 4734 2933 4791 purgemur
2953 4719 3279 4775 voluntatem
3299 4727 3536 4775 nostram

1956 4812 2124 4868 Deum
2152 4821 2465 4880 exspectare
2484 4809 2782 4878 contendit,
2812 4826 2915 4867 non
2939 4820 3116 4866 autem
3144 4819 3201 4865 ut
3225 4811 3383 4866 etiam
3412 4824 3537 4879 pur-

1956 4904 2068 4974 gari
2093 4903 2335 4971 velimus,
2366 4918 2460 4973 per
2478 4904 2648 4959 sancti
2673 4904 2905 4973 Spiritus
2930 4902 3249 4959 infusionem
3270 4913 3325 4958 et
3348 4916 3538 4971 opera-

1960 4994 2157 5049 tionem
2204 4993 2257 5048 in
2287 4992 2441 5049 nobis
2462 4993 2575 5048 ﬁeri
2601 4995 2920 5059 conﬁtetur,
2955 4994 3159 5050 resistit
3187 4994 3286 5060 ipsi
3309 4992 3534 5063 Spiritui

1958 5096 2165 5154 sancto,
2201 5102 2295 5157 per
2319 5086 2657 5144 Salomonem
2685 5087 2884 5144 dicenti
2908 5105 2921 5142 :
2952 5086 3285 5160 Praeparetur
3309 5086 3540 5142 voluntas

1957 5197 1989 5235 a
2016 5178 2275 5247 Domino;
2311 5190 2366 5236 et
2398 5181 2660 5251 Apostolo
2704 5180 2990 5237 salubriter
3020 5180 3326 5250 praedicanti
3359 5197 3370 5233 :
3404 5177 3543 5233 Deus

1958 5284 2032 5330 est
2060 5276 2145 5346 qui
2174 5286 2415 5346 operatur
2442 5277 2496 5330 in
2542 5276 2687 5331 nobis
2714 5285 2761 5331 et
2787 5273 2916 5331 velle
2943 5284 2993 5330 et
3018 5276 3261 5346 perﬁcere
3288 5289 3382 5345 pro
3409 5272 3545 5327 bona

1959 5368 2217 5423 voluntate
2240 5367 2467 5440 (Philip.
2498 5384 2537 5424 ll
2565 5411 2579 5434 ,
2617 5364 2727 5438 I5).

2100 5510 2107 5515 .
2545 5460 2773 5517 CAPUT
2812 5459 2968 5515 XLII.

1973 5570 1978 5575 ε
2034 5552 2093 5613 Si
2130 5554 2252 5623 quis
2271 5553 2415 5609 sicut
2443 5561 2785 5623 augmentum
2816 5596 2831 5621 ,
2864 5555 2937 5608 ita
2962 5561 3121 5608 etiam
3150 5550 3361 5605 initium
3386 5548 3545 5616 ﬁdei,

1963 5644 2246 5713 ipsumque
2293 5644 2624 5701 credulitatis
2664 5645 2914 5701 aﬂ’cctum
2941 5684 2957 5714 ,
2997 5658 3104 5715 quo
3132 5642 3187 5699 in
3216 5657 3339 5699 eum
3369 5640 3545 5696 credi-

2034 5821 2075 5903 ιδ
2098 5822 2349 5887 Isidorus.
2382 5823 2694 5885 intelligant.
