4090 6330
508 295 600 351 991
1725 281 2041 338 GENNADII
2082 279 2546 336 MASSILIENSIS

509 421 626 461 Inus
647 407 732 475 qui
760 403 1011 474 justiﬁeat
1033 400 1252 470 impium
1275 397 1451 471 (Rom.
1480 413 1551 459 tv,
1584 397 1661 468 5),
1685 406 1740 450 et
1764 396 1830 451 ad
1861 410 2084 465 regene-
2110 394 2162 453 Α

509 498 768 552 rationem
824 495 963 549 sacri
1011 491 1346 563 baptismatis
1395 488 1502 561 24
1558 489 1929 559 pervenimus,
1986 503 2091 542 non

507 587 691 657 gratia:
728 586 953 650 donum,
1006 584 1059 639 id
1107 593 1209 648 est,
1265 598 1361 652 per
1404 576 1810 651 inspirationem
1860 580 2092 649 Spiritus

507 681 678 736 sancti
717 679 1071 751 corrigentem
1105 678 1438 733 voluntatem
1483 684 1723 731 nostram
1766 674 1834 730 ab
1864 673 2088 730 inﬁdeli-

507 781 617 829 tate
640 771 913 840 adﬁdem,
946 771 1014 826 ab
1040 770 1316 841 impietate
1344 769 1409 824 ad
1441 770 1718 839 pietatem,
1749 768 1843 825 sed
1875 775 2095 822 natura-

508 866 632 921 liter
660 864 814 920 nobis
865 865 1042 919 inesse
1078 863 1241 929 dicit,
1271 861 1601 933 apostolicis
1628 860 1969 931 dogmatibus
1998 860 2095 916 ad-

506 959 780 1015 versarius
808 957 1157 1028 approbatur,
1189 956 1347 1013 beato
1365 956 1613 1026 apostolo
1646 953 1810 1009 Paulo
1836 954 2048 1010 dicente
2074 966 2089 1009 ξ

507 1050 824 1122 Conﬁdimus
851 1050 973 1120 quia
1000 1050 1088 1119 qui
1126 1049 1275 1118 coepit
1319 1049 1375 1101 in
1415 1048 1553 1101 vobis
1579 1046 1765 1100 bonum
1787 1061 1916 1116 apus
1940 1044 2095 1117 perti-

506 1146 601 1199 ciet
622 1161 784 1215 usque
813 1144 866 1197 in
888 1144 1023 1197 diem
1048 1141 1237 1197 Christi
1252 1140 1376 1196 Jesu
1399 1139 1628 1209 (Philip.
1660 1138 1786 1210 1,6).
1814 1139 1880 1194 Et
1910 1138 2037 1192 illud
2075 1156 2088 1192 :

513 1234 673 1290 Vobis
716 1237 893 1290 datum
917 1246 993 1289 est
1025 1250 1117 1304 pro
1161 1233 1383 1298 Christo,
1434 1248 1535 1286 nun
1579 1232 1767 1299 solum,
1810 1241 1863 1284 ut
1891 1233 1945 1285 in
1978 1247 2095 1286 eum

509 1327 751 1391 credatis,
777 1344 949 1381 rerum
971 1327 1123 1379 etiam
1166 1334 1220 1379 ut
1262 1342 1358 1394 pro
1398 1325 1491 1378 illo
1518 1324 1788 1395 patiamini
1820 1322 2091 1395 (Ibidem).

510 1418 577 1471 Et
608 1437 619 1471 ε
653 1417 838 1472 Gratia
869 1418 1001 1472 salvi
1038 1419 1163 1490 {acti
1204 1418 1322 1472 estis
1349 1433 1438 1486 per
1474 1417 1660 1483 ﬁdem,
1692 1425 1741 1470 et
1776 1415 1872 1470 hoc
1905 1432 2007 1470 non
2032 1432 2096 1470 ea:

507 1512 678 1567 vobis:
711 1511 806 1566 Dei
833 1513 970 1566 enim
1014 1511 1206 1564 donum
1261 1518 1333 1563 est
1379 1508 1595 1580 (Ep/tes.
1619 1524 1678 1574 ll,
1710 1507 1785 1578 5).
1812 1507 1917 1575 Qui
1948 1509 2093 1563 enim

512 1603 672 1659 ﬁdem
702 1603 889 1673 qua-in
924 1603 1087 1658 Deum
1115 1601 1385 1673 credimus
1412 1601 1599 1656 dicunt
1624 1615 1746 1656 esse
1771 1601 2088 1666 naturalem,
2134 1634 2137 1637 -

508 1710 696 1750 omnes
731 1710 825 1750 eos
853 1696 941 1763 qui
972 1695 1039 1749 ab
1070 1693 1311 1748 Ecclesia
1358 1692 1558 1759 Christi
1592 1692 1750 1749 alieni
1782 1700 1925 1759 sunt,
1959 1707 2088 1763 quo-

509 1788 792 1844 dammodo
822 1788 1009 1844 ﬁdeles
1038 1801 1161 1843 esse
1183 1787 1466 1842 deﬁniunt.

1071 1879 1298 1936 CAPUT
1341 1879 1503 1935 XLIII

575 1972 633 2029 Si
676 1974 797 2044 quis
844 1974 959 2030 sine
987 1973 1156 2045 gratia
1186 1972 1282 2028 Dei
1322 1972 1667 2029 credentibus
1693 2016 1707 2041 ,
1752 1974 2056 2031 volentibus
2077 2018 2093 2043 ,

508 2066 956 2130 desiderantibus,
982 2066 1328 2135 conantibus,
1357 2066 1702 2121 studentibus
1720 2110 1734 2131 ,
1755 2068 2060 2139 petentibus
2077 2110 2093 2136 ,

507 2159 901 2230 quaerentibus,
925 2158 1263 2230 pulsantibus
1281 2200 1297 2226 ,
1323 2158 1479 2214 nobis
1510 2160 1936 2215 misericordiam
1969 2160 2098 2215 dicit

507 2250 740 2306 conferri
768 2251 1186 2319 divinitus,non
1215 2261 1393 2306 autem
1428 2261 1487 2307 ut
1509 2251 1811 2318 credamus,
1844 2252 2095 2318 velimus,

508 2342 596 2397 vel
629 2342 744 2397 haec
787 2344 967 2396 omnia
996 2343 1135 2397 sicut
1161 2352 1375 2411 oportet
1401 2357 1558 2411 agere
1587 2343 1861 2397 valeamus
1894 2358 1987 2412 per
2018 2345 2099 2397 in-

510 2434 776 2489 lusionem
807 2444 862 2489 et
906 2432 1314 2505 inspirationem
1355 2434 1528 2489 sancti
1580 2434 1813 2504 Spiritus
1844 2436 1897 2489 in
1945 2436 2100 2491 nobis

512 2527 627 2581 ﬁeri
650 2527 965 2593 conﬁtetur;
992 2536 1047 2582 et
1072 2535 1164 2581 aut
1198 2526 1487 2582 humilitati
1518 2536 1610 2582 aut
1642 2527 1967 2583 obedientiaa
1997 2528 2098 2582 hu-

511 2633 685 2673 manae
710 2618 985 2689 subiungit
1008 2620 1197 2689 gratia:
1233 2602 1559 2689 adjutorium
1579 2659 1594 2685 ,
1629 2636 1728 2675 nec
1757 2629 1815 2674 ut
1845 2621 2101 2676 obedien-

512 2718 594 2765 tes
614 2719 670 2766 et
697 2710 925 2767 humiles
951 2712 1122 2766 simus
1145 2751 1161 2777 ,
1205 2712 1375 2781 ipsius
1400 2712 1584 2783 gratim
1617 2714 1721 2785 25
1747 2712 1949 2768 donum
1980 2728 2102 2769 esse

512 2805 799 2871 consentit,
860 2803 1062 2860 resistit
1092 2805 1350 2875 Apostolo
1396 2804 1594 2860 dicenti
1622 2823 1636 2859 :
1665 2806 1803 2871 Quid
1828 2807 1963 2860 enim
2002 2808 2101 2861 ha-

514 2884 599 2953 bes
619 2899 757 2969 quod
792 2904 893 2951 non”
925 2898 1164 2968 accepisti
1199 2896 1254 2969 (Ι
1283 2896 1401 2953 Cor.
1432 2913 1504 2966 ιν,
1530 2898 1626 2970 7)?
1655 2907 1711 2954 et
1742 2916 1757 2953 :
1788 2897 1975 2953 Gratia
2006 2898 2103 2953 Dei

512 3010 624 3046 sum
658 2994 712 3047 id
735 2995 871 3064 quod
889 3010 1003 3048 sum
1031 2991 1084 3063 (1
1115 2994 1233 3049 Cor.
1266 3009 1355 3061 xv,
1390 2994 1502 3062 10).
1592 3044 1595 3049 ,

1086 3084 1310 3141 CAPUT
1341 3085 1527 3141 XLIV.

3673 284 3777 338 592

2757 391 2984 447 CAPUT
3026 390 3209 447 XLVI.

2270 487 2563 543 Arbitrium
2587 485 2877 542 voluntatis
2900 486 2952 541 in
2987 486 3160 556 primo
3182 486 3400 542 homine
3430 486 3779 559 inﬁrmatam,

2198 580 2297 634 nisi
2333 595 2426 648 per
2453 580 2677 650 gratiam
2708 579 2959 650 baptismi
2988 596 3095 636 non
3135 588 3309 650 potest
3335 582 3597 650 reparari.
3630 582 3783 650 Quod

2196 671 2453 726 amissum
2484 673 2584 727 nisi
2615 688 2645 727 a
2695 687 2804 743 quo
2848 673 3020 743 potuit
3063 671 3179 727 dari
3231 687 3337 727 non
3381 682 3559 743 potest
3613 676 3782 733 reddi.

2201 765 2356 821 Unde
2387 766 2599 822 Veritas
2646 767 2821 825 dicit:
2867 767 2929 823 Si
2973 782 3063 821 vos
3096 765 3266 821 Filius
3316 766 3621 838 liberaverit,
3669 776 3789 826 utne

2195 876 2309 917 vere
2338 861 2483 941 liberi
2510 861 2653 917 eritis
2679 860 2858 934 (Joan.
2897 876 3011 928 vm,
3043 861 3154 932 30).
3556 872 3559 875 '

2487 946 2494 951 ’
2758 954 2986 1011 CAPUT
3025 954 3229 1010 XLVII.
3286 1016 3293 1029 ,

2268 1045 2465 1101 Natura
2497 1046 2730 1102 humana
2774 1047 2983 1102 etiamsi
3033 1047 3087 1102 in
3136 1047 3225 1103 illa
3264 1047 3572 1120 integritate
3604 1052 3658 1106 in
3690 1068 3790 1122 qua

2199 1147 2282 1194 est
2301 1139 2518 1195 condita
2542 1140 3064 1210 permaneret,nullo
3089 1140 3248 1196 modo
3278 1142 3514 1212 seipsam
3545 1153 3793 1202 creatore

2199 1246 2298 1286 suo
2320 1247 2427 1287 non
2454 1233 2741 1301 adiuvante
2770 1243 3033 1288 servaret.
3071 1232 3225 1290 Unde
3254 1251 3377 1291 cum
3403 1224 3641 1293 sine’Dei
3670 1254 3795 1309 gra-

2198 1326 2270 1380 tia
2298 1326 2524 1382 salutem
2556 1342 2663 1383 non
2693 1337 2875 1397 posset
2899 1326 3173 1382 custodire
3202 1344 3362 1399 quam
3385 1333 3621 1402 accepit,
3655 1349 3795 1403 quo-

2199 1417 2359 1474 modo
2382 1418 2499 1474 sine
2520 1418 2615 1475 Dei
2645 1420 2814 1490 gratia
2839 1419 3039 1488 poterit
3066 1436 3322 1492 reparare
3349 1422 3491 1493 quod
3515 1424 3794 1494 perdidit?

2733 1510 2959 1567 CAPUT
2996 1511 3229 1588 _xt.vut.

2270 1604 2420 1681 Sicut
2448 1604 2528 1660 eis
2570 1604 2660 1675 qui
2684 1604 2929 1661 volentes
2966 1606 3019 1661 in
3051 1606 3169 1677 lege
3208 1606 3491 1674 iustiﬁcari
3540 1623 3570 1662 a
3622 1612 3797 1679 gratia

2196 1696 2513 1752 exciderunt
2542 1698 2822 1753 verissime
2858 1699 2989 1755 dicit
3018 1700 3307 1769 Apostolus
3331 1718 3345 1755 :
3380 1701 3442 1757 Si
3469 1702 3525 1756 in
3553 1704 3659 1773 27
3687 1704 3799 1774 lege

2124 1778 2174 1839 B
2189 1791 2400 1863 justitia'
2429 1801 2534 1859 est,
2554 1808 2674 1863 ergo
2701 1792 2940 1848 Christus
2960 1795 3120 1864 gratis
3149 1805 3379 1849 mortuus
3408 1805 3482 1850 est
3506 1796 3705 1867 (Galat.
3736 1813 3799 1863 ιι,

2198 1883 2294 1951 2t)
2328 1902 2339 1936 :
2369 1884 2447 1937 sic
2470 1884 2550 1939 eis
2578 1885 2669 1953 qui
2695 1885 2919 1953 gratiam
2951 1900 3113 1956 quam
3150 1888 3500 1942 commendat
3540 1898 3595 1943 et
3618 1890 3804 1958 perci-

2199 1974 2280 2044 pit
2310 1973 2443 2030 ﬁdes
2468 1972 2667 2029 Christi
2716 1984 2903 2045 putant
2943 1992 3064 2032 esse
3111 1988 3359 2033 naturam
3404 1980 3682 2037 verissime
3714 1982 3804 2037 di-

2200 2068 2340 2123 citur
2365 2086 2380 2123 :
2403 2068 2458 2124 Si
2491 2084 2586 2136 per
2616 2078 2857 2123 naturam
2883 2070 3090 2137 iustitia
3126 2078 3249 2138 est,
3280 2086 3409 2143 ergo
3447 2076 3615 2144 gratis
3642 2073 3803 2131 Chri-

2201 2172 2318 2216 stus
2346 2170 2590 2225 mortuus
2619 2171 2723 2218 est.
2750 2162 2867 2218 lam
2895 2164 2981 2219 hic
3021 2163 3162 2219 enim
3194 2176 3312 2221 erat
3340 2165 3461 2232 lex,
3497 2176 3552 2223 et
3582 2183 3687 2223 non
3708 2169 3802 2238 iu-

2202 2255 2497 2322 stiticabat;
2526 2256 2637 2325 jam
2668 2258 2754 2313 hic
2780 2268 2897 2314 erat
2919 2268 2973 2314 et
2996 2269 3203 2327 natura,
3233 2271 3285 2317 et
3309 2276 3413 2317 non
3434 2262 3797 2331 justiﬁcabat:

2203 2348 2323 2402 ideo
2351 2344 2593 2404 Christus
2624 2364 2729 2404 non
2778 2351 2946 2420 gratis
2970 2361 3213 2408 mortuus
3240 2363 3363 2419 est;
3396 2364 3454 2408 ut
3494 2363 3552 2410 et
3579 2355 3664 2411 lex
3697 2370 3798 2424 per

2202 2438 2351 2493 illum
2398 2438 2711 2509 impleretur
2752 2440 2841 2512 qui
2876 2442 3012 2497 dixit
3042 2461 3054 2496 :
3090 2442 3210 2497 Non
3234 2445 3347 2498 veni
3377 2444 3574 2500 solvere
3606 2446 3791 2516 legent,

2202 2531 2293 2584 sed
2340 2531 2554 2603 implere
2598 2532 2810 2603 (Matth.
2866 2550 2937 2598 ν,
2973 2536 3064 2604 17)
3097 2554 3109 2588 :
3163 2546 3218 2592 et
3258 2546 3449 2591 natura
3501 2554 3601 2608 per
3631 2540 3800 2599 Adam

2206 2624 2433 2693 perdita,
2482 2640 2577 2695 per
2608 2626 2759 2680 illum
2799 2624 3142 2697 repararetur
3183 2629 3276 2700 qui
3301 2629 3458 2696 dixit,
3493 2631 3708 2687 venisse
3739 2647 3799 2687 se

2205 2732 2448 2786 quaerere
2476 2727 2530 2773 et
2556 2717 2769 2775 salvare
2793 2719 2936 2786 quod
2969 2720 3205 2789 perierat
3233 2720 3387 2792 (Luc.
3418 2738 3533 2790 xu,
3569 2725 3647 2795 7).

2766 2809 2996 2868 CAPUT
3035 2812 3223 2867 XLIX.

2279 2901 2586 2958 Secundum
2637 2903 2974 2974 supradictas
3037 2912 3340 2960 sanctarum
3395 2907 3796 2977 Scripturarum

2104 3034 2107 3037 ς
2206 2995 2522 3059 sententias,
2549 2995 2634 3050 vel
2659 2995 3000 3065 antiquorum
3031 2996 3247 3052 Patrum
3276 2996 3644 3066 deﬁnitiones,
3672 3001 3790 3067 hoc,

2210 3086 2321 3141 Deo
2363 3086 2688 3157 propitiante
2714 3126 2730 3154 ,
2764 3096 2819 3142 et
2852 3086 3149 3157 praedicare
3176 3088 3436 3145 debemus
3460 3101 3514 3145 et
3554 3090 3794 3158 credere,
3836 3086 3839 3089 “

586 3177 644 3233 Si
673 3178 792 3247 quis
822 3193 917 3247 per
964 3187 1168 3234 natura:
1198 3177 1435 3248 vigorem
1477 3178 1676 3233 bonum
1715 3178 1929 3251 aliquod
1959 3180 2099 3251 quod
2129 3166 2177 3231 C
2209 3178 2349 3248 quod
2379 3193 2476 3249 per
2504 3187 2779 3249 peccatum
2812 3178 2970 3247 primi
3003 3179 3235 3235 hominis
3275 3181 3344 3235 ita
3392 3195 3560 3251 genus
3608 3182 3791 3236 hama.

514 3271 580 3325 ad
607 3271 831 3327 salutent
856 3274 1085 3342 pertinet
1116 3272 1236 3327 vitae
1255 3282 1494 3337 aeternio,
1520 3274 1753 3342 cogitare
1784 3283 1841 3329 ut
1857 3274 2097 3343 expedit,
2140 3282 2141 3285 ‘

514 3374 607 3418 aut
630 3364 852 3439 eligere,
882 3365 1001 3421 sive
1028 3366 1270 3433 salutari,
1291 3364 1344 3419 id
1372 3375 1474 3431 est,
1500 3367 1819 3435 evangelica:
1845 3367 2103 3437 prmdica-

514 3456 645 3511 tioni
677 3456 986 3511 consentire
1015 3472 1176 3527 posse
1226 3458 1547 3523 conﬁrmat,
1580 3459 1785 3530 absque
1834 3460 2103 3517 illumina-

515 3548 660 3603 tionc
684 3557 741 3603 et
766 3548 1115 3617 inspiratione
1136 3550 1369 3619 Spiritus
1392 3551 1599 3616 sancti,‘
1616 3553 1706 3621 qui
1735 3552 1827 3606 dat
1852 3553 2102 3609 omnibus

512 3644 830 3699 suavitatem
855 3644 907 3697 in
925 3644 1316 3699 consentiendo
1338 3654 1389 3699 et
1420 3646 1471 3699 in
1496 3645 1766 3700 credendo
1795 3648 2097 3716 veritatem,

513 3737 770 3793 haeretico
798 3737 998 3792 fallitur
1035 3739 1262 3809 spiritu,
1293 3754 1400 3794 non
1428 3738 1728 3809 intelligens
1767 3754 1954 3796 vocem
2005 3741 2097 3794 Dei

512 3831 566 3885 in
612 3829 902 3900 Evangelio
932 3829 1162 3885 dicentis
1191 3849 1206 3885 :
1252 3830 1379 3885 Sine
1414 3847 1494 3884 me
1522 3830 1651 3884 nihil
1690 3834 1909 3901 potestis
1934 3832 2103 3901 facere

513 3923 692 3995 (loan.
722 3940 811 3989 xv,
863 3925 940 3994 6).
996 3925 1063 3978 Et
1092 3923 1218 3979 illud
1251 3925 1492 3994 Apostoli
1523 3941 1537 3977 ι
1569 3922 1690 3979 Non
1741 3925 1880 3995 quod
1926 3925 2102 3979 idonei

512 4037 688 4074 sumus
730 4019 953 4091 cogitare
1002 4020 1198 4089 aliquid
1248 4036 1279 4071 a
1325 4019 1469 4073 nobis
1516 4020 1756 4093 quasiex
1797 4020 1963 4086 ttobis,
2008 4020 2099 4074 sed

511 4094 810 4181 suﬂicientia
838 4121 1015 4165 nostra
1039 4128 1103 4165 ea:
1124 4111 1232 4165 Deo
1263 4121 1336 4165 est
1367 4110 1451 4183 (II
1481 4110 1599 4165 Cor.
1625 4128 1701 4178 Ill,
1732 4115 1809 4181 5).

1085 4202 1310 4259 CAPUT
1350 4203 1513 4259 XLV.

584 4291 642 4348 Si
690 4294 811 4363 quis
858 4294 993 4349 alios
1037 4310 1132 4363 per
1174 4295 1600 4351 misericordiam
1628 4339 1642 4364 ,
1677 4296 1815 4352 alios
1845 4312 1973 4352 vero
2006 4314 2101 4365 per

513 4386 741 4448 liberum
766 4386 1047 4442 arbitrium
1069 4428 1084 4453 ,
1108 4388 1248 4458 quod
1283 4389 1334 4443 in
1362 4389 1612 4445 omnibus
1633 4392 1718 4458 qui
1752 4390 1818 4445 de
1847 4394 2099 4460 praevari-

511 4482 721 4537 catione
760 4481 919 4552 primi
948 4464 1194 4536 hominis
1226 4483 1335 4537 nati
1375 4489 1501 4537 sunt
1546 4492 1757 4538 constat
1796 4499 1917 4539 esse
1946 4486 2099 4539 vitia-

2209 3286 2337 3325 num
2388 3270 2462 3325 sit
2500 3270 2847 3336 inclinatum,
2903 3281 2960 3325 ut
2989 3272 3166 3326 nullus
3218 3280 3400 3342 postea
3439 3282 3526 3327 aut
3563 3273 3786 3343 diligere

2208 3364 2378 3418 Deum
2411 3364 2545 3418 sicut
2573 3364 2830 3434 oportuit,
2865 3374 2957 3419 aut
2982 3365 3205 3420 credere
3236 3364 3290 3419 in
3319 3366 3485 3421 Deum
3514 3410 3526 3431 ,
3548 3376 3642 3421 aut
3661 3380 3791 3435 ope-

2208 3459 2314 3513 rari
2341 3468 2559 3529 propter
2589 3458 2756 3513 Deum
2797 3458 2941 3529 quod
2973 3458 3170 3513 bonum
3201 3467 3284 3513 est
3312 3460 3521 3529 possit,
3550 3461 3654 3515 nisi
3672 3476 3794 3516 eum

2205 3550 2374 3619 gratia
2398 3550 2782 3605 misericordiae
2803 3550 2997 3605 divine
3029 3552 3366 3619 praavenerit.
3396 3551 3554 3608 Unde
3580 3563 3635 3606 et
3659 3552 3789 3607 Abel

2200 3642 2347 3711 justo
2377 3651 2432 3697 et
2461 3642 2591 3706 Noe,
2617 3651 2673 3698 ct
2701 3642 2913 3713 Abram,
2944 3652 2997 3697 et
3028 3642 3197 3711 Isaac,
3227 3653 3281 3700 et
3306 3643 3501 3712 Jacob,
3545 3646 3799 3716 omnique

2206 3740 2545 3809 antiquorum
2574 3747 2880 3793 sanctorum
2910 3738 3233 3793 multitudini
3284 3738 3429 3793 illam
3480 3740 3796 3811 przeclaram

2209 3830 2387 3897 ﬁdem,
2438 3845 2596 3900 quam
2653 3830 2703 3884 in
2757 3831 2994 3900 ipsorum
3026 3830 3183 3886 laude
3228 3830 3485 3900 praedicat
3523 3833 3796 3900 apostolus

2207 3921 2404 3976 Paulus
2438 3920 2625 3991 (Hebr.
2662 3938 2717 3976 XI
2740 3963 2755 3989 ,
2788 3922 2841 3988 4,
2873 3923 2928 3987 7,
2958 3922 3044 3991 8),
3085 3932 3190 3977 non
3217 3937 3311 3992 per
3340 3922 3543 3977 bonum
3573 3932 3793 3990 natura,

2204 4014 2348 4085 quod
2376 4016 2483 4085 28
2510 4014 2658 4083 prius
2686 4015 2738 4068 in
2770 4011 2937 4069 Adam
2970 4014 3146 4070 fuerat
3178 4008 3393 4080 datum,
3416 4014 3512 4069 sed
3548 4030 3647 4086 per
3671 4030 3794 4086 gra-

2120 4128 2141 4179 η
2209 4109 2335 4161 tiam
2390 4108 2484 4163 Dei
2524 4106 2794 4162 credimus
2845 4106 3007 4163 fuisse
3052 4107 3323 4162 collatam.
3355 4105 3526 4175 Quam
3570 4108 3793 4175 gratiam

2203 4202 2365 4255 etiam
2413 4210 2531 4270 post
2578 4200 2867 4256 adventum
2898 4200 3104 4256 Domini
3134 4201 3382 4255 omnibus
3409 4202 3501 4272 qui
3534 4200 3793 4271 baptizari

2202 4293 2543 4361 desiderant,
2578 4308 2682 4348 non
2707 4296 2760 4350 in
2788 4293 2960 4349 libero
2982 4295 3206 4349 arbitrio
3235 4294 3439 4360 haberi,
3476 4295 3571 4351 sed
3595 4294 3795 4351 Christi

2202 4388 2447 4441 nmimns
2477 4388 2635 4441 simul
2666 4396 2716 4442 et
2747 4386 3016 4442 credimus
3048 4387 3292 4457 largitate
3312 4388 3569 4454 conferri,
3603 4401 3794 4442 secun-

2208 4480 2335 4534 dum
2386 4477 2513 4533 illud
2552 4480 2694 4548 quod
2734 4479 2843 4548 jam
2895 4493 3037 4545 saepe
3090 4479 3291 4533 dictum
3322 4487 3404 4535 est
3460 4487 3513 4533 et
3546 4480 3797 4549 pradicet

471 4597 484 4611 -
511 4582 623 4628 tum
645 4615 660 4640 ,
684 4547 1015 4643 ad-gratiam
1048 4573 1297 4644 baptismi
1327 4590 1485 4645 posse
1515 4576 1701 4630 venire
1730 4577 2037 4643 contendit,
2071 4593 2098 4631 a
2131 4547 2185 4606 D
2210 4571 2403 4625 Paulus
2426 4547 2698 4640 apostolus
2718 4547 2906 4625 {Vobis
2934 4556 3183 4625 donatum
3210 4580 3284 4625 est
3310 4586 3404 4641 pro
3433 4547 3662 4635 Christo,
3694 4588 3794 4624 non

511 4677 655 4723 recta
705 4668 809 4722 ﬁde
840 4668 1097 4736 probatur
1127 4668 1356 4724 alienus.
1406 4669 1500 4724 Ille
1527 4670 1667 4723 enim
1702 4685 1809 4725 non
1859 4671 2097 4725 omnium

509 4758 736 4814 liberum
761 4759 1037 4814 arbitrium
1073 4774 1167 4827 per
1197 4770 1475 4829 peccatum
1502 4760 1657 4830 primi
1693 4760 1925 4816 hominis
1955 4776 2100 4817 asse-

511 4852 583 4905 rit
612 4850 936 4906 inﬁrtnatum
962 4869 975 4915 ;
1006 4861 1097 4905 aut
1128 4860 1275 4906 certe
1305 4852 1379 4906 ita
1405 4852 1589 4907 laesum
1612 4862 1785 4923 putat,
1830 4864 1886 4907 ut
1921 4864 2096 4910 tamen

509 4942 723 5012 quidam
750 4942 1088 5013 valeant26
1108 4944 1226 4997 sine
1251 4942 1581 4999 revelatione
1614 4943 1706 4999 Dei
1738 4946 2093 5001 ministerium
2136 4970 2137 4973 η

509 5035 697 5089 salutis
741 5044 958 5089 :eternm
1018 5050 1112 5105 per
1170 5036 1492 5105 semetipsos
1544 5050 1702 5104 posse
1754 5040 2095 5106 conquirere.

510 5129 661 5197 Quod
718 5131 994 5197 quam‘sit
1050 5130 1376 5184 contrarium
1430 5129 1542 5199 ipse
1600 5130 1857 5185 Dominus
1906 5133 2097 5200 prohat

511 5219 686 5289 (Joan.
718 5237 765 5274 vt
799 5262 814 5285 ,
839 5219 965 5287 44),
993 5219 1082 5289 qui
1123 5235 1227 5273 non
1260 5219 1487 5289 aliquos,
1518 5220 1610 5275 sed
1643 5222 1910 5276 neminem
1943 5222 2007 5276 ad
2038 5236 2096 5276 se

511 5328 669 5382 posse
693 5312 873 5367 venire
906 5320 1150 5376 testatur,
1170 5310 1268 5366 nisi
1302 5301 1461 5382 quem
1500 5312 1657 5366 Pater
1682 5317 1981 5367 attraxerit.
2010 5314 2096 5367 Si-

511 5414 603 5458 cut
625 5415 678 5457 et
708 5405 864 5459 Petro
892 5404 1021 5459 dicit
1055 5421 1067 5456 :
1101 5402 1292 5458 Beatus
1336 5421 1407 5470 es,
1453 5405 1632 5459 Simon
1665 5405 1766 5458 Bar
1790 5406 1947 5472 Jona,
1975 5408 2094 5477 quia

513 5512 631 5548 caro
662 5506 708 5549 et
737 5501 951 5569 sanguis
991 5513 1092 5551 non
1118 5498 1356 5551 revelarit
1381 5498 1470 5551 tibi
1488 5539 1502 5561 ,
1525 5499 1612 5552 sed
1638 5496 1793 5552 Pater
1813 5515 1974 5562 meus,
2009 5499 2095 5566 qui

512 5587 565 5640 in
586 5588 721 5639 caelis
744 5598 812 5641 est
836 5588 1049 5659 (Matth.
1077 5605 1194 5653 tm,
1228 5589 1340 5658 I7).
1373 5590 1437 5643 Et
1468 5591 1757 5659 Apostolus
1783 5608 1794 5644 :
1822 5589 1983 5645 Nemo
2006 5608 2097 5659 po-

515 5686 607 5730 test
642 5678 808 5730 dicere
862 5678 1112 5735 Dominus
1166 5680 1318 5734 lesus
1349 5720 1365 5745 ,
1419 5682 1518 5736 nisi
1566 5683 1618 5735 in
1676 5682 1875 5751 Spiritu
1922 5693 2095 5737 saneto

519 5769 563 5827 (ι
584 5767 703 5823 Cor.
738 5784 830 5826 xu.
858 5768 931 5827 ὅ).

1980 5924 2061 5943 ...ο
2078 5929 2122 5951 ,θ’

2205 4665 2375 4717 solum
2404 4671 2457 4715 ut
2485 4663 2539 4715 in
2564 4678 2677 4715 eum
2709 4662 2930 4717 credatis
2951 4704 2963 4727 ,
3006 4663 3099 4717 sed
3142 4664 3297 4716 etiam
3327 4671 3385 4716 ut
3421 4679 3517 4733 pro
3542 4680 3599 4717 eo
3629 4665 3795 4733 patia-

2206 4757 2332 4809 mini
2355 4754 2580 4827 (Philip.
2617 4770 2655 4819 ι,
2687 4754 2800 4821 ‘29).
2830 4755 2892 4807 Et
2916 4753 3041 4808 illud
3079 4774 3090 4807 :
3123 4748 3379 4822 Deus'qui
3403 4755 3553 4824 cmpit
3578 4756 3629 4808 in
3658 4754 3795 4808 vobis

2206 4851 2389 4902 bonum
2421 4864 2551 4917 aptis
2576 4889 2588 4912 ,
2623 4848 2847 4914 perficiet
2887 4864 3045 4917 usque
3091 4848 3144 4901 in
3193 4848 3327 4901 diem
3378 4846 3590 4902 Domini
3631 4849 3795 4901 nostri

2204 4942 2389 5013 (Ibid.,
2420 4940 2494 5008 6).
2525 4940 2587 4994 Et
2619 4939 2745 4994 illud
2773 4958 2783 4994 :
2817 4938 2999 4994 Gratia
3030 4939 3159 4994 salvi
3190 4940 3314 5010 facti
3343 4942 3460 4995 estis
3495 4958 3582 5008 per
3612 4941 3791 5009 ﬁdem.

2202 5044 2246 5088 et
2276 5034 2370 5087 hoc
2396 5049 2497 5086 non
2524 5049 2588 5086 ea:
2629 5033 2767 5086 vobis
2789 5074 2802 5097 ,
2854 5032 2948 5085 Dei
2978 5034 3110 5086 enim
3150 5034 3341 5087 donum
3371 5044 3445 5087 est
3479 5032 3696 5106 (Epltes.
3732 5049 3793 5095 tt,

2203 5128 2281 5197 8).
2321 5128 2384 5181 Et
2426 5126 2568 5195 quod
2611 5126 2676 5180 de
2702 5122 2881 5194 seipso
2912 5129 2985 5180 ait
3014 5127 3301 5196 Apostolus
3334 5146 3345 5179 :
3386 5125 3797 5181 Misericordiam

2200 5232 2499 5275 consecutus
2530 5237 2679 5285 sum,
2702 5229 2756 5273 ut
2783 5220 2951 5287 ﬁdelis
2982 5236 3138 5274 essent
3168 5218 3222 5288 (I
3254 5219 3373 5274 Cor.
3407 5235 3502 5286 vn,
3531 5220 3644 5287 ΕΒ).
3675 5219 3793 5271 Non

2200 5313 2334 5365 divit
2355 5313 2477 5381 quia
2509 5327 2655 5366 eram
2684 5354 2698 5378 ,
2725 5310 2817 5365 scd
2844 5319 2900 5363 ut
2929 5326 3120 5365 essem.
3156 5312 3216 5365 Et
3249 5310 3376 5366 illud
3416 5329 3427 5363 :
3470 5311 3604 5375 Quid
3629 5309 3788 5362 habes

2201 5406 2336 5475 quod
2384 5421 2481 5458 non
2534 5386 2792 5474 accepisti.
2826 5401 2880 5472 (Ι
2918 5402 3040 5457 Cor.
3076 5420 3145 5469 tv,
3190 5404 3266 5473 7).
3310 5403 3373 5458 Et
3420 5403 3549 5458 illud
3583 5420 3595 5454 :
3629 5402 3795 5455 Omne

2203 5500 2380 5551 datum
2427 5498 2645 5562 bonum,
2678 5507 2725 5550 et
2776 5511 2923 5550 omne
2966 5497 3155 5550 donum
3197 5498 3476 5569 perfectum
3523 5496 3793 5548 desursum

2204 5600 2297 5659 est,
2322 5589 2630 5643 descendens
2648 5604 2677 5639 a
2702 5585 2856 5640 I’atre
2881 5586 3130 5641 luminum
3156 5588 3296 5657 (Jac.
3327 5603 3364 5652 ι,
3392 5586 3503 5655 16).
3532 5585 3598 5639 Et
3620 5584 3789 5639 illud:

2208 5682 2373 5737 Nemo
2403 5681 2548 5735 habet
2588 5678 2862 5750 quidquam
2895 5680 2993 5733 nisi
3038 5680 3119 5734 illi
3149 5679 3329 5732 datum
3371 5679 3526 5747 fuerit
3573 5677 3791 5745 desuper

2230 5776 2384 5831 Joatt.
2416 5791 2473 5833 ιιι
2490 5816 2505 5838 ,
2534 5774 2647 5844 27).
