4090 6330
235 346 333 406 995

848 463 1073 521 CAPUT
1112 464 1174 519 L.

301 555 413 610 lloc
442 555 602 612 etiam
631 558 922 611 secundum
965 558 1123 612 Iidem
1153 557 1471 612 catholicam
1509 554 1811 618 credimus,

237 648 365 721 quod
398 658 520 716 post
552 660 824 718 acceptam
857 652 1109 721 baptismi
1138 653 1386 719 gratiam,
1419 664 1608 706 omnes
1635 650 1812 719 bapti-

238 743 353 806 zati,
383 740 597 797 Christo
626 743 915 799 auxiliante
943 754 998 798 et
1030 752 1384 813 cooperante,
1414 758 1536 814 qua:
1565 742 1633 797 ad
1665 741 1811 796 salu-

1146 346 1233 402 DE
1272 343 1821 402 ECCLESIASTICIS
1861 342 2303 402 DUCMATIBUS
2342 344 2563 400 LIBER.

3381 342 3486 402 99‘

1836 462 1891 521 Α
1915 456 2019 512 don
2050 467 2105 512 et
2132 458 2396 523 Marcion;
2428 460 2508 514 vel
2550 456 2813 513 contraria
2835 498 2850 521 ,
2898 464 2955 511 ut
3001 454 3356 521 Manichzcus;
3405 455 3491 514 vel

1922 563 1943 590 ο
1974 553 2072 606 tria
2104 561 2158 607 et
2193 552 2420 607 barbara
2448 595 2462 618 ,
2507 563 2561 608 ut
2592 555 2836 608 Sctianus
2870 562 2924 608 et
2953 554 2977 589 α
3008 553 3368 617 Theodosius;
3409 552 3496 608 vel

1921 651 1943 679 θ
1976 644 2166 711 multa,
2202 654 2257 697 nt
2281 644 2620 711 Valentinus;
2652 646 2732 699 vel
2761 644 3030 701 Christum
3084 646 3354 700 hominem
3393 645 3499 717 31

1918 734 2082 790 fuisse
2112 735 2313 804 absque
2339 735 2469 802 Deo,
2498 746 2551 790 ut
2574 737 2885 804 Cerinthus,
2916 738 3107 806 Ebion,
3137 738 3417 801 ArtemOn,
3447 746 3501 791 et

239 846 336 890 tcm
373 836 563 889 animm
588 830 884 905 pertinent,
918 837 1125 904 possint
1152 846 1209 892 et
1230 836 1488 901 debeant,
1518 835 1563 890 si
1587 833 1818 890 ﬁdeliter
1916 825 2199 882 Photinus.
2232 828 2307 881 Ex
2336 828 2489 894 istis,
2524 829 2771 898 inquam,
2823 830 2867 884 si
2893 830 2979 899 qni
3009 829 3076 884 ad
3107 846 3203 884 nos
3234 828 3500 897 venerint,

240 930 477 984 laborare
508 930 805 993 voluerint,
840 929 946 999 29
970 929 1292 997 adimplere.
1328 927 1552 998 Aliquos
1582 940 1711 981 vero
1750 925 1818 979 ad

240 1020 431 1076 malum
474 1020 650 1073 divina
684 1028 948 1089 potestate
993 1020 1407 1089 prmdestinatos
1436 1034 1559 1075 esse
1591 1034 1696 1074 non
1731 1033 1819 1072 so-

240 1112 339 1167 lum
398 1127 501 1166 non
533 1112 803 1168 credimus
832 1159 849 1185 ,
893 1113 987 1170 sed
1037 1115 1197 1170 etiam
1238 1115 1282 1169 si
1328 1121 1453 1169 sunt
1491 1100 1819 1185 qui-tantum

241 1204 361 1259 mali
389 1204 609 1259 credere
637 1205 822 1270 velint,
852 1221 973 1261 cum
996 1207 1144 1262 omni
1175 1206 1531 1284 detestatione
1560 1206 1668 1262 illis
1694 1220 1824 1261 ana-

242 1298 415 1354 thctna
443 1299 689 1354 dicimus.

851 1389 1079 1448 CAPUT
1118 1392 1181 1448 LI

309 1482 365 1535 In
398 1482 545 1536 omni
575 1496 737 1551 opere
761 1482 902 1538 bono
933 1498 1040 1538 non
1070 1499 1169 1539 nos
1197 1484 1513 1552 incipimus,
1546 1493 1601 1540 et
1636 1493 1823 1554 postea

242 1586 330 1645 per
366 1574 459 1629 Dei
510 1574 929 1630 misericordiam
968 1575 1313 1646 adjuvamur;
1348 1577 1441 1633 sed
1484 1578 1598 1646 ipse
1638 1578 1824 1645 nobis,

246 1668 406 1723 nullis
437 1666 862 1737 praecedentibus
884 1667 1038 1722 bonis
1068 1669 1303 1733 meritis,
1335 1677 1389 1724 et
1411 1667 1570 1723 fidem
1601 1678 1653 1722 et
1674 1683 1825 1722 amo-

242 1775 352 1815 rcm
385 1760 468 1814 sui
505 1760 651 1829 prius
690 1758 916 1829 inspirat
955 1778 967 1813 :
1016 1769 1075 1814 ut
1103 1768 1155 1815 ct
1201 1760 1449 1831 baptismi
1491 1772 1827 1815 sacramenta

1922 936 2026 975 non
2057 920 2437 990 requirendum
2468 921 2535 976 ab
2565 922 2629 976 iis
2654 930 2830 976 utrum
2864 922 3116 992 baptizati
3146 924 3251 977 sint
3272 939 3339 976 an
3373 937 3501 986 non,

1919 1012 2014 1068 sed
2045 1013 2146 1068 hoc
2176 1021 2404 1077 tantum,
2437 1013 2483 1068 si
2526 1013 2751 1068 credant
2798 1014 3052 1070 Ecclesia:
3082 1014 3265 1083 fidem,
3317 1026 3370 1069 ct
3413 1014 3505 1069 ba-

1924 1109 2194 1180 ptizcntur
2231 1110 2598 1166 ecclesiastico
2631 1108 2649 1147 τ
2686 1110 3025 1179 baptismate.

2518 1202 2744 1260 CAPUT
2786 1203 2918 1258 LIII.

2000 1294 2253 1363 Quotidie
2298 1306 2322 1343 ε
2362 1295 2704 1352 eucharistia:
2751 1294 3183 1351 communionem
3234 1294 3510 1365 percipere

1926 1404 2026 1444 nec
2074 1388 2260 1452 laudo,
2315 1404 2413 1444 nec.
2443 1386 2469 1425 ιι
2500 1391 2766 1458 vitupero.
2798 1388 3057 1443 Omnibus
3109 1397 3286 1441 tamen
3343 1386 3505 1439 doini-

1929 1482 2065 1537 nicis
2110 1482 2298 1537 diebus
2329 1483 2835 1537 communicandum
2876 1482 3076 1537 suadeo
3105 1489 3159 1536 et
3206 1483 3418 1543 hortor,
3469 1480 3512 1534 si

1933 1585 2111 1629 tamen
2157 1590 2308 1630 mens
2356 1575 2514 1630 lsine
2552 1573 2741 1629 afl‘octu
2782 1573 3036 1645 peccandi
3069 1574 3082 1623 i
3121 1573 3211 1627 sit.
3264 1571 3395 1626 Nam
3424 1570 3515 1623 ha-

1931 1668 2145 1724 bentem
2192 1668 2369 1723 adhuc
2393 1669 2720 1724 voluntatem
2756 1667 3048 1737 peccandi,
3095 1663 3306 1736 gravari
3348 1663 3517 1732 magis

1932 1763 2055 1818 dico
2085 1762 2427 1819 eucharistia:
2468 1763 2814 1833 perceptione
2862 1778 3023 1832 quam
3052 1760 3078 1799 ιι
3120 1760 3410 1829 purificari.
3457 1759 3521 1812 Et

240 1848 477 1905 ﬁdeliter
510 1848 875 1919 requiramus,
912 1858 965 1904 et
993 1859 1115 1919 post
1142 1850 1466 1920 baptismum
1507 1865 1627 1903 cum
1667 1850 1833 1919 ipsius
1865 1840 1914 1902 Β
1941 1854 2062 1911 ideo
2087 1856 2331 1927 quamvis
2364 1855 2482 1925 quis
2518 1863 2739 1924 peccato
2768 1854 3094 1920 mordeatur,
3129 1851 3381 1922 peccandi
3414 1864 3520 1904 non

242 1943 514 2011 adjutorio
543 1957 604 1997 ea
635 1957 755 2013 quae
782 1942 883 1997 sibi
914 1950 1043 1997 sunt
1069 1944 1262 2013 placita
1292 1943 1515 2012 implere
1540 1944 1827 2012 possimus.

244 2036 401 2092 Unde
445 2034 880 2091 manifestissime
930 2036 1257 2092 credendum
1294 2046 1376 2092 est
1422 2037 1563 2107 quod
1597 2048 1651 2092 et
1694 2038 1833 2092 illius

242 2130 473 2185 latronis
509 2145 665 2200 quem
710 2129 966 2185 Dominus
996 2130 1061 2185 ad
1096 2129 1325 2199 paradisi
1358 2129 1585 2200 patriam
1617 2145 1837 2185 revoca-

246 2221 322 2275 vit
350 2219 511 2287 (Luc.
546 2236 695 2285 χχιιι,
724 2219 841 2290 45),
869 2229 923 2275 et
943 2220 1177 2276 Cornelii
1202 2222 1551 2285 centurionis,
1583 2221 1648 2275 ad
1677 2237 1835 2292 quem

243 2314 473 2385 angelus
504 2312 716 2366 Domini
747 2312 942 2367 missus
980 2323 1062 2368 est
1094 2314 1232 2385 (Act.
1284 2330 1314 2367 x
1336 2355 1351 2380 ,
1387 2312 1465 2384 ὃ),
1519 2312 1838 2383 Zachaaique

241 2406 328 2474 qui
362 2405 539 2474 ipsum
571 2404 851 2459 Dominum
880 2405 1154 2475 suscipere
1186 2406 1383 2460 meruit
1420 2403 1575 2475 (Luc.
1602 2421 1716 2472 xix,
1749 2406 1835 2475 2),

244 2499 335 2554 illa
371 2506 481 2553 tam
514 2498 842 2553 admirabilis
884 2498 1018 2554 fides
1062 2513 1167 2555 non
1197 2498 1359 2555 fuerit
1382 2498 1452 2554 de
1490 2508 1708 2564 natura,
1744 2498 1838 2554 sed

242 2592 451 2647 divinze
476 2591 661 2661 gratia:
691 2592 935 2663 largitate
957 2593 1173 2648 donata.
1250 2614 1251 2619 π

858 2686 1085 2743 CAPUT
1124 2686 1232 2742 l.II.

322 2776 600 2847 Baptisma
629 2792 791 2832 unum
822 2787 925 2842 est,
955 2777 1048 2832 sed
1071 2778 1122 2832 in
1160 2778 1396 2835 Ecclesia
1416 2818 1432 2845 ,
1457 2778 1546 2833 ubi
1576 2791 1680 2831 una
1714 2776 1843 2832 fides

242 2879 365 2934 est,
416 2868 504 2923 ubi
537 2871 587 2923 in
631 2869 848 2925 nomine
886 2868 1059 2949 Patris
1091 2879 1142 2924 ct
1174 2868 1296 2924 Filii
1326 2879 1380 2924 et
1408 2868 1638 2937 Spiritus
1673 2868 1842 2923 sancti

245 2960 438 3013 datur.
495 2958 557 3012 Et
590 2959 709 3013 ideo
742 2960 786 3013 si
825 2960 913 3029 qui
944 2959 1081 3028 apud
1122 2960 1240 3014 illos
1270 2959 1556 3017 hmreticos
1594 2959 1844 3029 baptizati

245 3062 380 3106 sunt
413 3052 501 3120 qui
541 3050 593 3105 in
622 3062 822 3106 sancta:
851 3051 1129 3106 Trinitatis
1160 3052 1269 3121 30
1296 3051 1641 3107 confessione
1670 3051 1843 3120 bapti-

245 3154 415 3209 zant,
436 3154 490 3199 et
511 3144 736 3199 veniunt
755 3144 820 3197 ad
848 3158 968 3210 nos,
991 3145 1317 3215 recipiantur
1343 3144 1557 3215 quidem
1589 3154 1645 3198 ut
1675 3143 1847 3212 bapti-

1938 1948 2135 2003 habeat
2157 1946 2227 2002 de
2247 1955 2447 2002 cretero
2469 1946 2822 2015 voluntatem,
2845 1954 2899 2001 et
2923 1949 3411 2000 communicaturus
3431 1955 3521 1994 sa-

1941 2040 2171 2096 tisfaciat
2222 2040 2472 2110 lacrymis
2513 2047 2568 2093 ct
2617 2037 2985 2102 orationibus;
3036 2047 3089 2091 et
3133 2034 3409 2090 conlidens
3457 2032 3525 2088 tle

1941 2132 2149 2189 Domini
2206 2132 2551 2188 miseratione
2584 2172 2598 2197 ,
2655 2131 2745 2200 qui
2795 2137 3011 2200 peccata
3060 2128 3160 2199 piae
3200 2127 3523 2182 confessioni

1939 2224 2143 2281 donare
2182 2226 2491 2288 consuevit,
2523 2223 2744 2278 accedat
2775 2222 2841 2277 ad
2872 2219 3254 2277 eucharistiam
3305 2218 3529 2286 intrepi—

1941 2315 2042 2370 dus
2072 2322 2126 2370 et
2163 2328 2405 2369 securus.
2438 2313 2545 2369 Sed
2575 2314 2677 2369 hoc
2701 2312 2769 2369 de
2799 2313 2895 2368 illo
2935 2312 3055 2366 dico
3093 2325 3253 2381 quem
3282 2309 3530 2377 capitalia

1950 2404 2037 2461 let
2056 2407 2303 2461 mortalia
2328 2416 2543 2477 peccata
2569 2421 2672 2460 non
2688 2413 2941 2475 gravant;
2967 2417 3087 2457 nam
3110 2417 3269 2471 quem
3288 2399 3531 2456 mortalia

1943 2500 2167 2556 crimina
2208 2509 2329 2569 post
2366 2500 2689 2568 baptismum
2712 2497 3002 2553 commissa
3035 2503 3311 2565 premunt,
3345 2494 3530 2547 hortor

1947 2593 2093 2661 prius
2119 2590 2330 2660 publica
2361 2591 2674 2660 pmnitentia
2702 2587 3035 2655 satisfacere,
3054 2594 3108 2641 et
3137 2587 3208 2639 ita
3234 2583 3531 2640 sacerdotis

1942 2684 2145 2754 judicio
2193 2684 2594 2738 reconciliatum
2648 2681 3014 2737 communioni
3073 2680 3300 2744 sociari,
3349 2679 3394 2734 si
3426 2678 3534 2734 vult

1946 2792 2053 2831 non
2078 2776 2145 2830 ad
2170 2775 2431 2845 judicium
2454 2786 2509 2831 et
2534 2775 3035 2830 condemnationem
3057 2775 3138 2827 sui
3160 2770 3537 2828 eucharistiam

1948 2868 2054 2939 32
2109 2868 2408 2937 percipere.
2462 2867 2569 2923 Sed
2619 2876 2674 2921 et
2719 2875 2929 2922 secreta
2980 2864 3346 2919 satisfactione
3401 2863 3538 2919 solvi

1950 2962 2195 3016 mortalia
2224 2962 2448 3016 crimina
2497 2960 2601 3015 hon
2634 2974 2915 3031 negamus,
2946 2969 2983 2995 π’
3018 2958 3110 3013 sed
3155 2966 3357 3012 mutato
3392 2956 3540 3026 prius

1951 3054 2195 3114 sa‘cttlari
2221 3053 2422 3116 habitu,
2446 3063 2500 3108 et
2522 3051 2771 3108 confesso
2797 3048 3075 3120 religionis
3096 3050 3272 3104 studio
3300 3064 3397 3118 per
3418 3048 3540 3102 vita:

1950 3149 2364 3211 correctionem,
2391 3155 2445 3200 et
2464 3146 2575 3215 jugi
2608 3154 2632 3180 η
2663 3146 2772 3199 imo
2797 3156 3053 3212 perpetuo
3082 3142 3226 3196 luctu
3253 3141 3541 3194 miserante

142 3564 149 3569 .
242 3514 613 3571 consentiunt
633 3513 1336 3581 credere,velacquiescunt
1356 3513 1619 3578 confiteri,
1645 3512 1852 3581 purgati
1914 3527 1927 3533 ’

246 3238 381 3300 zati,
404 3251 470 3291 ne
489 3246 685 3290 sancta:
701 3235 977 3291 Trinitatis
995 3235 1356 3290 invocatiovel
1372 3232 1639 3291 confessio
1660 3234 1852 3289 annul-
1882 3220 1932 3288 C
1966 3241 2074 3297 Deo
2104 3249 2129 3275 ο
2156 3240 2364 3295 veniam
2387 3246 2748 3308 consequatur
2779 3254 2791 3290 :
2822 3236 2893 3291 ita
2918 3237 3177 3291 duntaxat
3196 3244 3254 3289 ut
3274 3232 3541 3288 contraria

161 3399 180 3415 ο
244 3331 421 3395 letur;
456 3329 549 3385 sed
573 3330 865 3386 doceantur
895 3331 1099 3401 integre
1124 3340 1178 3385 et
1202 3331 1535 3386 instruantur
1556 3343 1665 3399 quo
1688 3343 1851 3383 sensu
1957 3351 2051 3405 pro
2075 3347 2101 3385 ιι
2124 3334 2204 3389 his
2230 3349 2349 3404 qua:
2378 3333 2597 3401 pmnitet
2620 3341 2764 3402 agat,
2795 3340 2851 3386 et
2878 3330 3259 3385 eucharistiam
3290 3326 3542 3382 omnibus

247 3431 468 3478 sancta:
485 3421 762 3478 Trinitatis
778 3425 1087 3493 mysterium
1103 3423 1157 3477 in
1172 3423 1410 3478 Ecclesia
1424 3431 1668 3477 teneatur
1694 3439 1708 3477 ;
1734 3431 1790 3477 et
1806 3421 1850 3476 si
1957 3427 2240 3484 dominicis
2262 3427 2451 3483 diebus
2474 3425 2699 3498 supplex
2723 3436 2772 3481 et
2797 3424 3095 3481 submissus
3118 3438 3286 3493 usque
3311 3421 3376 3476 ad
3402 3437 3467 3475 ιιιο
3493 3436 3539 3475 r-

1959 3535 2064 3579 tem
2099 3524 2377 3592 percipiat.
2714 3528 2719 3535 '

241 3610 371 3679 jam
401 3605 525 3660 fidei
550 3606 854 3673 integritate
874 3606 1257 3660 confirmentur
1280 3620 1467 3659 manus
1488 3605 1850 3674 impositione.

240 3702 310 3757 Si
348 3712 486 3753 vero
514 3697 716 3767 parvuli
747 3708 871 3753 sunt
898 3701 979 3753 vel
1012 3698 1267 3764 hebetes,
1296 3699 1387 3769 qui
1409 3698 1706 3753 doctrinam
1748 3713 1854 3753 non

242 3794 504 3864 capiant,
529 3793 891 3862 respondeant
930 3811 1027 3865 pro
1049 3795 1152 3849 illis
1181 3796 1268 3865 qui
1309 3809 1404 3849 eos
1429 3794 1660 3850 offerunt
1697 3794 1854 3863 juxta

241 3896 272 3926 ι
299 3899 525 3941 morem
566 3884 868 3953 baptizandi
900 3904 914 3952 ;
969 3897 1024 3940 et
1071 3888 1148 3941 sic
1179 3900 1368 3940 manus
1415 3886 1761 3955 impositione
1800 3897 1856 3942 et

240 3979 559 4036 chrismate
585 3978 901 4033 communiti
921 4019 938 4042 ,
988 3977 1330 4035 eucharistia:
1359 3979 1628 4049 mysteriis
1664 3979 1856 4033 admit-

242 4080 468 4129 tantur.
502 4069 627 4125 Illos
657 4077 834 4124 autem
865 4070 954 4140 qui
996 4085 1101 4124 non
1142 4078 1347 4125 sanctae
1387 4070 1666 4125 Trinitatis
1700 4075 1857 4126 invo-

240 4169 481 4220 catione
520 4162 661 4233 apud
710 4160 993 4219 haereticos
1032 4162 1282 4233 baptizati
1332 4173 1487 4230 sunt,
1537 4171 1593 4218 ct
1639 4164 1858 4219 veniunt

238 4257 319 4314 ad
354 4271 486 4322 nos,
521 4254 778 4325 baptizari
806 4254 1003 4310 debere
1027 4254 1454 4325 pronuntiamus.
1484 4272 1588 4311 non
1617 4256 1854 4326 rebapti-

241 4349 400 4405 zari.
438 4346 621 4417 Neque
649 4347 796 4402 enim
827 4347 1153 4403 credendum
1184 4356 1268 4404 est
1290 4363 1385 4403 eos
1419 4347 1585 4404 fuisse
1619 4349 1861 4418 baptiza-

246 4453 387 4508 tos,
430 4442 521 4512 qui
554 4456 658 4496 non
702 4442 756 4496 in
805 4444 1021 4496 nomine
1068 4442 1242 4497 Patris
1281 4450 1336 4497 et
1367 4442 1486 4497 Filii
1532 4453 1585 4498 et
1624 4442 1859 4514 Spiritus
1960 4449 2143 4504 lirant.
2182 4445 2299 4501 Non
2332 4444 2472 4514 quod
2503 4443 2569 4498 ad
2610 4442 2787 4498 cibum
2821 4441 2903 4496 vel
2944 4439 3010 4492 ad
3040 4446 3220 4507 potum
3276 4435 3540 4503 pertinct,

239 4535 445 4591 sancti
478 4535 631 4605 juxta
662 4536 902 4604 regulam
935 4550 965 4589 a
994 4535 1221 4590 Domino
1249 4537 1476 4605 positam
1510 4537 1659 4592 tincti
1688 4548 1812 4594 sunt
1841 4557 1853 4592 :
1884 4597 1933 4607 _
1962 4540 2100 4596 sicut
2131 4548 2176 4603 τ,
2209 4537 2370 4607 Papia
2399 4546 2652 4599 auctore,
2687 4533 2944 4605 Irenazus,
2983 4539 3037 4584 ct
3065 4528 3423 4583 Tertullianus
3446 4566 3459 4590 ,
3493 4534 3547 4579 et

239 4637 307 4684 ut
337 4597 766 4693 sunt'Pauliani,
795 4627 1082 4692 Procliani,
1111 4597 1434 4695 [turb-oriae,
1458 4628 1484 4668 δ
1508 4629 1743 4699 Siphori,
1768 4633 1856 4701 qui
1883 4597 1942 4659 Β
1966 4597 2273 4688 Lactantius
2287 4597 2661 4699 acquiescunt.
2685 4602 2867 4694 Neque
2896 4631 3013 4693 post
3050 4621 3197 4676 mille
3225 4635 3392 4674 annos
3428 4629 3547 4688 post

239 4733 413 4776 nunc
440 4725 696 4772 vocantur
717 4716 1033 4783 Bonnsiani;
1056 4718 1386 4784 Photiniani,
1414 4721 1741 4789 Montanitaz,
1769 4725 1859 4794 qui
1965 4724 2418 4780 resurrectionem
2449 4733 2671 4789 regnum
2695 4717 2892 4772 Christi
2923 4718 2976 4770 in
3007 4724 3145 4769 terra
3186 4713 3419 4767 futurum
3448 4752 3464 4776 ,
3494 4720 3548 4766 et

239 4824 303 4869 et
332 4813 411 4868 Pr
424 4808 694 4875 iscilliani,
728 4819 783 4865 et
807 4810 1109 4879 Manichzei,
1131 4812 1387 4882 variaque
1428 4815 1713 4883 impietatis
1741 4833 1862 4887 ger-

238 4904 413 4961 mina
441 4918 457 4967 ;
481 4901 568 4956 vel
586 4910 795 4957 caetera:
821 4903 1046 4958 istorum
1069 4903 1293 4974 originis
1310 4904 1423 4959 sive
1439 4906 1645 4961 ordinis
1662 4919 1863 4979 pestes,

237 5014 384 5069 qua:
417 4995 531 5051 duo
560 4995 817 5067 principia
858 4997 963 5053 sibi
994 4997 1175 5067 ignota
1205 4997 1584 5067 introducunt,
1620 5010 1681 5057 ut
1735 5005 1865 5060 Cer-

2552 3610 2778 3667 CAPUT
2821 3610 2952 3665 LIV.

2030 3705 2347 3762 Posnitentia
2378 3719 2501 3759 vera
2531 3712 2635 3770 est,
2671 3694 2975 3770 pmnitenda
3009 3712 3115 3752 nou
3146 3696 3456 3758 admittere,
3491 3702 3544 3748 ct

1957 3800 2192 3854 admissa
2233 3797 2455 3852 deflere.
2496 3794 2802 3851 Satisfactio
2849 3791 3175 3862 paenitentia:
3200 3799 3315 3852 est,
3354 3799 3544 3840 causas

1958 3899 2298 3961 peccatorum
2347 3898 2373 3936 (ι
2415 3885 2702 3950 excidere,
2747 3899 2845 3938 nec
2890 3896 3073 3937 earum
3117 3876 3545 3948 suggestionibus

1959 3984 2158 4039 aditum
2192 3980 2491 4050 indulgere.

2556 4068 2782 4128 CAPUT
2820 4067 2931 4124 LV.

2032 4169 2089 4223 In
2116 4165 2315 4222 divinis
2346 4161 2794 4235 promissionibus
2818 4160 2947 4216 nihil
2980 4168 3248 4214 terrenum
3279 4155 3364 4210 vel
3394 4165 3543 4209 tran~

1960 4262 2204 4317 sitdrium
2246 4269 2654 4330 exspectemus,
2685 4255 2824 4312 sicut
2864 4254 3099 4310 Melitani
3141 4254 3379 4323 Sper'ant.
3426 4248 3542 4305 Non

1965 4352 2269 4422 nuptiarum
2311 4350 2589 4421 copulam,
2622 4348 2761 4404 sicut
2787 4344 3078 4402 Cerinthus
3107 4353 3161 4398 et
3189 4341 3419 4397 Marcion
3451 4339 3546 4397 de-

1968 4908 2107 4964 sicut
2138 4907 2315 4975 Nepos
2340 4903 2553 4965 docuit,
2597 4901 2689 4971 qui
2729 4901 2956 4969 primam
2989 4897 3255 4968 justorum
3302 4910 3547 4951 resurre-

1970 5003 2200 5060 Clionem
2224 5039 2239 5065 ,
2271 5006 2327 5053 et
2354 4996 2460 5067 33
2483 4992 2774 5051 secundam
2825 4991 3111 5063 impiorum
3160 4978 3461 5045 confinxit.
3484 4986 3550 5044 Et

325 5140 357 5167 λ
390 5129 474 5184 Ita
501 5142 603 5182 ms.
636 5128 761 5193 Alii,
792 5146 994 5185 nomen.

322 5200 356 5279 ιζ
395 5198 531 5279 με.)
578 5198 887 5279 Sympltori,
925 5200 1639 5279 Fortuniani,“Montanium
1692 5211 1780 5279 qui
1813 5220 1860 5267 et

237 5270 602 5345 Prisgilliani
626 5270 709 5326 τρι
743 5271 1048 5345 Maximiani
1078 5286 1228 5345 atque
1263 5273 1552 5329 Manicluei.

327 5354 356 5415 ξ
396 5341 530 5415 his"
560 5352 686 5415 t_etra
711 5352 764 5396 ut
788 5342 972 5411 Baidn,
1004 5341 1200 5415 int-pte.

324 5412 352 5449 ¹¹
393 5413 531 5479 Ms.,
561 5412 873 5469 Theodotus.

327 5495 355 5522 ε
397 5484 535 5549 Ms.,
567 5484 755 5550 hiulca,
779 5488 937 5542 male.

330 5554 353 5592 τ
397 5553 536 5634 μετ,
565 5557 617 5607 id
646 5564 718 5609 est
748 5558 995 5634 catholico
1022 5560 1338 5634 baptismate.

325 5635 356 5672 κ
395 5625 511 5678 Alii
544 5640 636 5694 pro
666 5628 983 5683 eucharistia:
1012 5625 1413 5685 communionem
1446 5630 1643 5688 habent
1670 5633 1860 5687 eucha-

227 5699 479 5756 ristiam
490 5733 502 5745 .

323 5766 358 5806 h
394 5764 538 5832 Alii,
571 5769 901 5836 reprehendo.

329 5840 350 5879 ί
392 5836 510 5893 Ms.
541 5853 636 5908 pro
661 5841 769 5894 sine
796 5842 1096 5898 habetnon.

2043 5142 2057 5189 l
2091 5137 2212 5199 Ms.,
2242 5132 2379 5187 insit.

2039 5208 2061 5246 ¹ί
2098 5209 2188 5262 Ms.
2203 5250 2217 5273 ,
2236 5203 2478 5274 purgari.

2044 5280 2060 5318 1
2096 5280 2192 5334 Ms.
2226 5292 2329 5330 non
2364 5274 2521 5330 habet
2540 5285 2587 5328 et
2612 5274 2870 5329 mortalia.

2040 5362 2078 5388 ηι
2106 5351 2229 5413 Ms.,
2260 5348 2468 5401 scilicet.

2038 5432 2063 5459 ιι
2096 5422 2218 5485 Ms”
2242 5419 2463 5489 jejunio.
2525 5433 2537 5445 -

2042 5504 2065 5529 υ
2094 5492 2220 5547 Haec
2244 5486 2408 5545 verba
2429 5527 2444 5553 ,
2473 5488 2669 5542 veniam
2716 5495 3049 5557 consequatur
3077 5499 3142 5543 ex
3186 5499 3287 5541 ms.
3316 5486 3546 5555 reposita

1967 5571 2111 5622 sunt.

2041 5647 2067 5685 ι)
2096 5635 2217 5700 Ms.,
2247 5634 2310 5687 iis
2333 5645 2430 5702 pro
2454 5631 2551 5684 his.

2041 5718 2064 5756 τι
2094 5707 2213 5767 Μς..
2243 5706 2467 5759 eradere.

2043 5790 2063 5815 ι’
2099 5777 2174 5831 Ita
2199 5777 2339 5829 hunc
2365 5776 2535 5830 locum
2560 5772 2857 5830 emendavi.
2890 5770 3012 5838 Ms.,
3039 5770 3262 5843 Papias;
3293 5772 3396 5837 alii,
3438 5770 3542 5825 Pa—

1970 5853 2100 5915 pia;
2123 5848 2283 5903 male.
2522 5864 2523 5867 η

1967 4826 2181 4872 sanctos
2229 4828 2350 4868 cum
2390 4811 2483 4866 illo
2533 4811 2584 4864 in
2612 4809 2820 4864 deliciis
2867 4814 3183 4878 regnaturos
3232 4818 3547 4874 speremus,
3610 4814 3627 4824 ‘
