4090 6330
619 388 715 447 D95

1846 383 2168 440 GENNADII
2209 369 2667 442 uassruensrs

3779 388 3879 444 996

619 510 753 555 tuter
801 498 895 553 has
936 496 1069 552 duas
1115 502 1443 551 mortuorum
1485 494 1910 552 resurrectiones
1939 538 1953 565 ,
2002 508 2190 567 gentes
2217 501 2273 563 Α
2297 498 2580 567 stiterunt,
2618 500 2779 570 lapsis
2811 499 3249 569 superhrentibus
3274 502 3498 572 angelis,
3531 503 3632 557 hoc
3665 519 3883 562 munere

619 601 917 659 Ignorantes
947 589 1113 644 Deum
1162 588 1214 643 in
1241 588 1450 657 angulis
1480 597 1744 644 terrarum
1777 588 1829 643 in
1868 603 2031 644 carne
2072 603 2191 645 ser-

618 686 804 737 vanda.
855 682 984 750 Qua:
1030 689 1151 752 post
1197 680 1340 736 mille
1364 695 1533 735 annos
1571 682 1719 750 regni
1761 681 1812 734 in
1844 692 1981 737 terra
2009 682 2196 752 justo-

618 790 765 844 rum,
812 776 1091 845 instigante
1134 774 1346 829 diabolo
1389 774 1669 829 movenda:
1700 783 1826 829 sunt
1866 774 1932 829 ad
1965 790 2192 845 pugnam

618 877 799 924 contra
851 867 1025 936 justos
1064 874 1090 903 ⁸
1141 875 1459 936 regnantes;
1512 875 1567 921 et
1616 865 1845 921 Domino
1898 882 1993 937 pro
2037 867 2194 936 justis

617 970 885 1030 pugnante
913 960 1081 1014 imbre
1111 960 1267 1029 igneo
1293 958 1730 1028 compescendas,
1754 967 1914 1028 atque
1936 957 2009 1012 ita
2052 973 2194 1011 mor-

619 1061 757 1119 tuas,
772 1067 891 1107 cum
905 1051 1112 1106 caeteris
1125 1051 1178 1105 in
1197 1048 1467 1119 impietate
1478 1048 1506 1086 ι)
1519 1057 1642 1104 ante
1657 1049 1904 1114 mortuis,
1916 1047 1981 1102 ad
1995 1057 2190 1104 aeterna

618 1145 875 1216 supplicia
917 1145 968 1198 in
1002 1142 1391 1211 incorruptibili
1417 1156 1578 1196 carne
1606 1140 2007 1197 resuscitandas
2040 1151 2087 1192 ο.

1201 1233 1426 1290 CAPUT
1465 1234 1597 1287 LVI.

687 1333 903 1389 Nullum
952 1331 1224 1388 credimus
1267 1330 1331 1384 ad
1376 1330 1601 1384 salutem
1634 1329 1735 1384 nisi
1782 1325 1895 1384 Deo
1937 1329 2197 1385 invitante

621 1427 832 1491 venire;
888 1424 1092 1478 nullum
1140 1422 1420 1477 invitatum
1465 1422 1694 1475 salutem
1743 1436 1895 1476 suam
1941 1423 2041 1476 nisi
2090 1422 2197 1477 Deo

621 1518 909 1573 auxiliante
946 1516 1193 1585 operari;
1244 1514 1448 1569 nullum
1508 1513 1614 1568 nisi
1644 1524 1887 1568 orantem
1939 1514 2195 1568 auxilium

623 1608 953 1681 promereri;
1000 1607 1329 1662 nullum'Dei
1378 1606 1653 1662 voluntate
1702 1606 1916 1677 perire,
1967 1607 2060 1662 sed
2103 1621 2198 1676 per

620 1701 852 1770 seipsum
875 1714 969 1769 pro
986 1699 1248 1754 electione
1265 1698 1492 1763 arbitrii,
1520 1713 1588 1754 ue
1616 1697 1958 1769 ingenuitatis
1977 1698 2196 1754 libertas

619 1776 778 1863 atque
824 1801 1060 1862 potestas
1086 1793 1253 1847 semel
1284 1792 1485 1847 homini
1511 1792 1905 1860 attributa,‘ad
1947 1792 2195 1848 servilem

618 1892 834 1953 cogatur
852 1883 1257 1937 necessitatem.

1190 1975 1418 2031 CAPUT
1457 1974 1613 2031 LVII.

690 2069 880 2124 Malunt
936 2069 1018 2124 vel
1052 2068 1256 2123 malitia
1301 2083 1407 2123 non
1438 2077 1519 2122 est
1548 2084 1575 2123 a
1620 2068 1730 2123 Deo
1759 2075 1937 2123 creata
1963 2113 1978 2139 ,
2028 2066 2124 2122 sed
2162 2079 2191 2124 ι

617 2161 831 2217 diabolo
883 2163 1131 2229 inventa,
1166 2161 1286 2229 quia
1326 2170 1379 2214 et
1422 2160 1534 2230 ipse
1561 2161 1731 2215 bonus
1769 2174 1799 2213 a
1830 2160 1941 2215 Deo
1985 2167 2198 2215 creatus

618 2266 719 2311 est.
748 2255 852 2311 Sed
878 2255 997 2325 quia
1028 2255 1197 2309 libero
1226 2254 1467 2321 arbitrio,
1500 2266 1553 2308 ut
1583 2264 1706 2324 pote
1739 2253 2015 2309 rationalis
2040 2268 2194 2308 crea~

618 2358 736 2402 tura
777 2362 804 2400 a
854 2347 962 2401 Deo
1011 2347 1331 2400 commissus
1359 2356 1471 2410 est,
1504 2353 1557 2400 et
1603 2345 1866 2413 cogitandi
1916 2352 2195 2414 acceperat

618 2438 923 2493 facultatem
948 2479 961 2502 ,
991 2438 1268 2491 scientiam
1302 2436 1425 2489 boni
1457 2434 1563 2507 35
1589 2437 1747 2489 vertit
1772 2437 1836 2489 ad
1872 2436 2068 2489 malum
2095 2477 2108 2501 ,
2140 2443 2195 2489 et

620 2530 781 2584 multa
811 2529 1094 2599 cogitando
1125 2529 1293 2583 factus
1321 2536 1403 2583 est
1435 2528 1681 2582 inventor
1708 2528 1860 2593 mali;
1894 2535 1946 2582 et
1972 2526 2111 2597 quod
2141 2527 2192 2581 in

616 2636 675 2677 se
704 2620 1008 2691 perdiderat
1050 2619 1237 2674 invidit
1274 2620 1327 2672 in
1368 2619 1485 2673 aliis
1512 2658 1526 2684 ,
1576 2632 1675 2671 nec
1715 2627 1999 2673 contentus
2047 2617 2193 2671 solus

616 2713 794 2782 perire
824 2714 995 2767 suasit
1012 2712 1162 2777 aliis;
1186 2720 1243 2777 u_t
1264 2710 1355 2780 qui
1377 2719 1519 2765 esset
1541 2724 1651 2763 sua:
1675 2709 1891 2764 malitiae
1923 2710 2188 2774 inventor,

617 2792 768 2860 fleret
791 2813 846 2859 et
873 2805 1097 2860 aliorum
1127 2812 1314 2858 auctor
1340 2821 1352 2855 :
1384 2811 1447 2858 et
1467 2817 1531 2857 ex
1557 2817 1623 2857 eo
1645 2801 1842 2856 malum
1870 2802 1954 2855 vel
1991 2801 2191 2856 malitia

618 2897 882 2965 percurrit
916 2896 968 2951 in
1005 2904 1229 2950 ceteras
1258 2892 1550 2949 rationales
1577 2902 1868 2949 creaturas.

1181 2986 1406 3040 CAPUT
1446 2986 1622 3041 LVIII.
1759 3041 1767 3049 ,

683 3078 833 3134 Unde
857 3080 1228 3149 cognoscimus
1268 3078 1399 3133 nihil
1438 3093 1559 3133 esse
1598 3086 1785 3132 natura
1820 3077 2149 3134 immutabile
2172 3119 2188 3143 ,

614 3171 717 3227 nisi
763 3172 935 3225 solum
968 3170 1137 3225 Deum
1167 3168 1193 3207 (ί
1227 3171 1431 3227 l’atreni
1464 3182 1516 3225 et
1557 3170 1749 3224 Filium
1771 3211 1786 3234 ,
1833 3178 1887 3224 et
1932 3171 2188 3240 Spiritum

2298 589 2668 647 retributionis
2695 601 3041 663 acceperunt,
3065 601 3123 647 ut
3147 593 3293 663 nulla
3316 594 3425 664 jam
3451 595 3697 664 rubigine
3720 598 3883 650 surri-

2297 683 2491 753 pientis
2527 683 2700 752 culpa:
2746 683 3096 738 mordeantur
3125 701 3137 737 :
3170 694 3226 739 ut
3254 694 3308 739 et
3337 687 3390 739 in
3429 685 3883 756 contemplatione

2298 774 2602 832 Conditoris
2633 776 2749 831 sine
2782 774 3053 831 felicitatis
3084 776 3188 831 [ine
3221 786 3590 846 permaneant,
3614 789 3670 833 et
3702 780 3758 833 in
3788 779 3884 836 hoc

2298 867 2376 922 sic
2402 868 2629 922 condita:
2657 876 2857 922 aeterna
2889 868 3181 923 stabilitate
3208 868 3522 924 subsistant.

2871 983 3099 1039 CAPUT
3140 983 3301 1039 LXIl.

2372 1072 2534 1127 Tales
2559 1082 2724 1127 creati
2758 1083 2883 1128 sunt
2910 1075 3107 1145 angeli,
3132 1084 3189 1129 ut
3218 1078 3284 1138 si,
3318 1076 3538 1142 vellent,
3573 1078 3626 1130 in
3658 1078 3884 1132 beatitu-

2303 1163 2441 1218 dinis
2472 1163 2587 1218 luce
2631 1164 2999 1233 persisterent,
3046 1166 3089 1220 si
3127 1175 3304 1220 autem
3334 1166 3556 1231 vellent,
3585 1167 3748 1222 etiam
3784 1168 3881 1224 labi

2301 1257 2622 1326 potuissent.
2662 1258 2811 1312 Unde
2849 1267 2902 1311 et
2929 1258 3238 1313 Satan'cum
3271 1259 3620 1330 sequentibus
3666 1261 3884 1331 legioni-

2300 1348 2400 1403 bus
2421 1348 2759 1406 cecidit.Sed
2791 1359 2912 1420 post
2942 1352 3059 1419 ejus
3092 1353 3297 1418 lapsum
3328 1354 3398 1407 ita
3426 1354 3727 1408 continuati
3761 1366 3881 1411 sunt

2300 1440 2473 1504 angeli
2502 1440 2590 1510 qui
2624 1443 2989 1510 perstiterunt,
3029 1451 3083 1496 ut
3122 1441 3314 1499 cadere
3358 1445 3582 1500 omnino
3613 1461 3720 1500 non
3749 1462 3882 1517 ,pos-
3974 1458 3983 1469 '

2300 1542 2440 1597 sent,
2471 1533 2595 1602 quia
2620 1550 2687 1588 ne
2712 1534 2932 1589 omnino
2957 1534 3066 1604 jam
3096 1535 3645 1603 caderent,virtutem
3684 1539 3882 1594 incom-

2300 1626 2671 1681 mutabilitatis
2701 1637 3043 1697 acceperunt.

2790 1721 2897 1792 36
2937 1719 3164 1777 caper
3204 1721 3390 1779 Lxut.

2379 1810 2540 1866 Bona:
2579 1820 2703 1867 sunt
2732 1815 2952 1883 nuptiae,
2993 1813 3083 1869 sed
3117 1829 3277 1870 causa
3308 1815 3539 1872 filiorum
3578 1829 3633 1873 et
3671 1834 3882 1892 compe-

2221 1883 2273 1947 Β
2299 1902 2510 1958 scenda:
2540 1900 2912 1959 fornicationis
2941 1905 3183 1960 obtentu.

2867 2018 3095 2074 CAPUT
3129 2018 3290 2075 LXIV

2370 2110 2557 2165 Melior
2584 2120 2669 2165 est
2697 2111 3025 2167 continentia
3047 2151 3062 2176 ,
3092 2111 3184 2167 sed
3214 2127 3321 2168 non
3355 2123 3378 2151 ε
3409 2114 3510 2170 sibi
3542 2116 3659 2171 sola
3690 2118 3879 2177 sufﬁcit

2299 2201 2365 2256 ad
2392 2202 2857 2268 beatitudinem,si
2885 2217 2981 2273 pro
3003 2203 3122 2259 solo
3141 2219 3327 2271 amore
3348 2205 3620 2275 pudicitiae
3650 2208 3667 2247 ί
3699 2227 3879 2267 recen-

2298 2304 2500 2360 seatur,
2532 2294 2625 2349 sed
2662 2294 2709 2348 si
2746 2304 2800 2350 et
2840 2309 2961 2349 cum
3004 2304 3027 2341 ε
3075 2297 3163 2350 tali
3204 2295 3393 2351 elfectu
3444 2312 3608 2354 causa
3661 2304 3876 2358 vacandi

2300 2386 2525 2442 Domino
2561 2388 2809 2458 eligatur,
2849 2388 3084 2459 alioquin
3128 2388 3413 2444 divortium
3448 2393 3618 2462 magis
3649 2394 3874 2466 conjugii

2298 2476 2569 2533 videbitur
2598 2494 2718 2535 esse
2744 2494 2902 2557 quam
2929 2476 2957 2515 ιι
2989 2480 3246 2550 appetitio
3275 2483 3555 2538 castitatis.

2870 2590 3098 2647 CAPUT
3136 2591 3296 2647 LXV.
3326 2614 3335 2619 ·

2360 2681 2645 2753 Virginitas
2667 2691 2892 2753 utroque
2921 2683 3064 2739 bono
3094 2686 3401 2753 prmcelsior
3430 2698 3533 2752 est,
3564 2690 3687 2758 quia
3716 2698 3769 2745 et
3790 2707 3871 2746 ua-

2295 2782 2466 2829 turam
2496 2774 2660 2829 vincit
2700 2783 2755 2831 et
2786 2789 3038 2844 pugnam.
3073 2774 3353 2843 Naturam,
3380 2780 3632 2848 corporis
3661 2782 3870 2850 integri-

2294 2873 2436 2931 tate;
2467 2880 2721 2935 pugnam,
2746 2879 2877 2934 pace
2902 2866 3258 2940 castimoniaz,
3285 2884 3405 2937 quae
3431 2885 3532 2940 pro
3556 2870 3675 2926 solo
3699 2887 3871 2930 amore

2296 2956 2565 3012 pudicitiae
2595 2956 2647 3010 in
2676 2969 2808 3025 pace
2836 2965 2940 3012 est.
3196 2937 3205 2947 ’

2852 3049 3078 3106 CAPUT
3113 3050 3300 3106 LXVI.

2367 3141 2571 3195 Bonum
2600 3150 2685 3197 est
2718 3141 2897 3198 cibum
2929 3156 3049 3197 cum
3076 3144 3368 3212 gratiarum
3398 3146 3612 3203 actione
3642 3164 3863 3217 sumere,

613 3272 854 3318 sanctum
874 3304 888 3329 ,
912 3263 1001 3331 qui
1030 3264 1222 3315 mutari
1254 3278 1356 3315 non
1383 3270 1561 3331 potest
1599 3278 1625 3313 a
1657 3264 1815 3325 bono,
1848 3233 2188 3330 quia-natura
2214 3261 2261 3326 C
2293 3242 2345 3287 εί
2387 3233 2817 3331 quidquiﬂefs
2856 3234 3110 3304 Ρτωοθνίί
3136 3235 3404 3331 edendum
3440 3249 3541 3293 εει·
3589 3241 3865 3297 Αὺειὶηθτθ

613 3354 852 3425 possidet
896 3355 1126 3421 bonum,
1170 3369 1270 3409 nec
1308 3362 1485 3423 potest
1528 3354 1668 3408 aliud
1712 3352 1837 3423 quid
1876 3368 1998 3408 esse
2026 3370 2185 3424 quam

612 3448 830 3503 bonum.

1200 3535 1426 3592 CAPUT
1467 3537 1600 3591 LIX.

684 3629 870 3699 Angeli
898 3643 1049 3697 vero,
1079 3627 1170 3698 qui
1200 3629 1252 3682 in
1284 3628 1373 3682 illa
1395 3642 1497 3697 qua
1523 3630 1690 3684 creati
1713 3639 1838 3684 sunt
1862 3630 2186 3686 beatitudine

613 3730 998 3793 perseverant,
1033 3734 1138 3774 non
1166 3730 1372 3774 natura
1419 3720 1693 3789 possident
1731 3721 1928 3775 bonum
1951 3763 1964 3789 ,
1996 3734 2050 3776 ut
2078 3738 2183 3777 non

522 3856 529 3859 -
613 3823 947 3870 mutarentur
976 3826 1096 3867 cum
1120 3813 1348 3877 czeteris,
1398 3812 1492 3867 sed
1521 3813 1744 3868 arbitrio
1781 3825 2055 3871 servantes
2092 3816 2186 3871 bo-

608 3921 731 3962 nam
758 3905 1108 3973 voluntatem,
1132 3914 1187 3961 et
1212 3905 1410 3960 bonum
1439 3905 1782 3970 conditionis,
1814 3916 1869 3961 et
1897 3908 2053 3963 [idem
2086 3924 2183 3963 suo

610 3998 834 4056 Domino
864 3996 1227 4067 rependendo.
1258 3997 1484 4067 Propter
1511 3998 1653 4067 quod
1675 4008 1729 4054 et
1756 4001 1945 4055 merito
1973 4002 2040 4055 ab
2071 4003 2183 4071 ipso

611 4090 843 4145 Domino
890 4089 1062 4143 sancti
1093 4089 1268 4159 angeli
1293 4099 1571 4157 vocantur,
1603 4091 1743 4161 quod
1770 4099 2053 4148 tenuerunt
2092 4111 2180 4149 ar-

607 4185 769 4239 bitrio
814 4185 1151 4239 sanctitatem
1175 4224 1193 4251 ,
1223 4200 1323 4240 nec
1351 4185 1618 4241 sociorum
1661 4187 1908 4256 exemplo
1936 4187 2182 4243 deviave-

606 4284 730 4330 runt
756 4290 787 4330 a
811 4275 974 4330 bono.

1205 4367 1434 4425 CAPUT
1473 4369 1584 4424 LX.

672 4459 832 4517 Fides
849 4474 995 4528 vera,
1012 4474 1129 4531 quae
1149 4469 1232 4515 est
1247 4460 1532 4526 catholica,
1552 4461 1787 4518 omnium
1809 4472 2177 4520 creaturarum

600 4556 715 4610 sive
746 4554 1100 4626 spiritualium
1118 4595 1133 4620 ,
1157 4556 1271 4609 sive
1299 4555 1659 4625 corporalium
1684 4555 1790 4627 35
1829 4558 2022 4613 bonam
2048 4573 2179 4614 con-

600 4647 779 4703 fitetur
820 4647 1171 4701 substantiam
1200 4688 1214 4713 ,
1258 4656 1313 4702 et
1343 4646 1470 4702 mali
1499 4648 1697 4703 nullam
1724 4663 1845 4705 esse
1874 4660 2116 4706 naturam
2150 4668 2164 4708 :
2197 4636 2253 4701 Β

585 4740 718 4822 quia
746 4740 920 4810 Deus,
950 4740 1041 4811 qui
1086 4740 1446 4795 universitatis
1475 4749 1557 4796 est
1584 4741 1848 4809 conditor,
1889 4742 2022 4796 nihil
2064 4758 2169 4798 non

597 4834 793 4891 bonum
834 4833 976 4890 fecit.
1004 4832 1157 4890 Unde
1184 4841 1240 4890 et
1269 4833 1516 4889 diabolus
1548 4836 1717 4890 bonus
1745 4845 1922 4902 esset,
1951 4836 1996 4891 si
2026 4838 2075 4891 iu
2104 4852 2171 4893 eo

594 4926 736 4997 quod
780 4926 948 4980 factus
995 4933 1077 4981 est
1106 4936 1463 4995 permaneret.
1498 4926 1602 4982 Sed
1624 4927 1748 4997 quia
1793 4929 2022 4984 naturali
2076 4945 2170 4983 ex-

591 5021 837 5076 cellentia
862 5019 1000 5074 male
1028 5031 1156 5072 usus
1181 5028 1287 5085 est,
1311 5028 1365 5074 et
1390 5020 1443 5074 in
1469 5020 1693 5075 veritate
1722 5036 1827 5076 non
1858 5021 2024 5089 stetit,
2059 5038 2165 5078 non

589 5115 640 5168 in
693 5113 1015 5169 contrariam
1060 5112 1413 5169 substantiam
1453 5114 1694 5178 transiit,
1752 5114 1847 5170 sed
1886 5129 1914 5168 a
1958 5130 2167 5173 summo

589 5208 751 5273 hmo,
783 5206 866 5262 cui
889 5206 1069 5262 debuit
1096 5205 1397 5273 adhaerere,
1429 5206 1697 5262 discessit.

1172 5298 1397 5356 CAPUT
1440 5299 1577 5355 LXI.

662 5392 895 5447 Virtutes
934 5392 1186 5462 angelica:
1215 5406 1333 5462 qua;
1360 5392 1414 5448 in
1442 5392 1625 5448 divino
1659 5408 1843 5451 amore
1872 5395 1988 5453 lixa:
2026 5412 2161 5467 pra:-

659 5582 682 5609 ³
714 5576 841 5646 Ms,
856 5586 1220 5646 repugnantes.

661 5650 684 5679 υ
715 5645 834 5709 Ms.,
868 5647 1097 5715 mortuis,
1132 5662 1228 5715 pro
1256 5655 1373 5699 ante
1407 5648 1641 5701 mortuis.

664 5728 683 5753 ε
836 5714 1057 5769 additde
1076 5714 1223 5769 istam
1250 5720 1653 5786 superstitionem
1682 5719 1827 5773 vatde
1858 5723 2162 5780 devitamus.

657 5786 680 5822 ά
715 5785 835 5847 Ms.,
868 5802 971 5837 esse
1000 5803 1284 5849 perennem.

662 5866 681 5891 ο
726 5854 835 5904 Sibi
869 5857 973 5903 sata
1001 5856 1195 5912 sumet.
1231 5859 1295 5909 ita
1331 5874 1427 5910 ms.
1455 5858 1815 5914 Florentinus.

2291 3332 2471 3379 autem
2499 3325 2568 3380 ab
2596 3325 2865 3395 aliquibus
2906 3341 3013 3381 non
3043 3329 3193 3397 quasi
3225 3330 3405 3398 malis,
3443 3331 3533 3386 sed
3571 3333 3719 3400 quasi
3756 3350 3862 3389 non
3919 3392 3932 3404 ,

2299 3422 2618 3477 necessariis
2660 3436 2766 3477 non
2810 3430 2894 3476 est
2940 3423 3160 3478 malum.
3210 3424 3474 3481 Moderari
3514 3440 3644 3481 vero
3678 3442 3862 3482 eorum

2288 3530 2444 3571 usum
2479 3530 2575 3585 pro
2605 3516 2924 3572 necessitate
2950 3526 3006 3571 et
3045 3526 3319 3587 tempore,
3364 3520 3579 3590 proprie
3606 3520 3862 3576 Christiaa

2288 3621 2478 3662 norum
2504 3617 2605 3662 εει.

2766 3701 2870 3772 37
2918 3700 3143 3757 CAPUT
3183 3701 3387 3756 van.

2356 3790 2519 3846 Malas
2548 3805 2677 3847 vero
2699 3791 2881 3847 dicere
2908 3793 3140 3862 nuptias,
3167 3794 3249 3848 vel
3282 3794 3618 3850 fornicationi
3648 3811 3856 3866 compa-

2291 3882 2489 3937 raudas
2516 3891 2608 3937 aut
2632 3893 2819 3952 stupro
2845 3899 2858 3947 ;
2883 3884 3035 3938 cibos
3057 3899 3267 3954 quoque
3299 3887 3523 3941 credere
3553 3889 3741 3951 malos,
3773 3889 3854 3942 vel

2293 3974 2305 4010 ί
2337 3975 2567 4030 malitias
2588 3989 2811 4032 causare
2840 3976 3277 4046 percipientihus,
3302 3994 3404 4032 non
3429 3992 3511 4034 est
3538 3981 3859 4037 Christiano-

2285 4083 2427 4134 rum,
2472 4067 2565 4123 sed
2598 4068 2813 4137 proprie
2849 4067 3270 4123 Hierachitarum
3299 4079 3353 4124 et
3393 4069 3819 4126 Mattichzeorum.

2825 4180 3051 4238 CAPUT
3091 4181 3316 4237 LXVIII.

2357 4275 2372 4324 i
2406 4274 2635 4329 Sacrata:
2659 4275 2769 4330 Deo
2795 4276 3080 4345 virginitati
3104 4278 3319 4344 nuptias
3338 4291 3639 4348 coarquare,
3655 4286 3740 4333 aut
3762 4292 3857 4348 pro

2282 4381 2464 4421 amore
2493 4367 2788 4435 castigandi
2831 4369 3097 4438 corporis,
3143 4369 3541 4425 abstinentibus
3574 4387 3601 4424 a
3626 4371 3745 4425 vino
3772 4369 3857 4425 vel

2281 4459 2533 4513 carnibus
2557 4459 2631 4513 nil
2653 4459 2874 4515 credere
2902 4460 3077 4515 meriti
3100 4475 3431 4528 accrescere,
3456 4476 3561 4518 noti
3594 4464 3688 4518 hoc
3703 4461 3858 4517 Chri-

2281 4551 2462 4618 stiani,
2492 4550 2586 4605 sed
2612 4551 2882 4606 Ioviuiani
2910 4561 3007 4606 est.

2835 4643 3061 4698 CAPUT
3102 4643 3288 4700 LXIX.

2350 4734 2557 4803 Integra
2607 4734 2711 4791 fide
2752 4735 3075 4791 credendum
3126 4747 3210 4792 est
3255 4738 3466 4792 beatam
3517 4737 3723 4792 Mariam
3758 4736 3855 4791 Dei

2279 4827 2479 4883 Chriin
2513 4835 2760 4891 matrem,
2794 4837 2847 4882 et
2872 4829 3131 4899 virginem
3157 4829 3488 4899 concepisse,
3516 4840 3569 4885 et
3598 4830 3853 4899 virginem

2278 4919 2547 4990 genuisse,
2578 4929 2634 4975 et
2659 4928 2778 4989 post
2815 4930 3020 4991 partum
3051 4922 3308 4991 virginem
3340 4923 3707 4991 permansisse.
3741 4923 3858 4977 Nec

2279 5023 2361 5068 est
2410 5014 2752 5085 blasphemiae
2796 5016 3026 5070 Helvidii
3071 5002 3632 5087 acquiescendumqui
3673 5016 3854 5071 dixit:

2280 5105 2405 5159 Fuit
2436 5107 2576 5179 virga
2605 5119 2720 5161 ante
2746 5117 2970 5179 partum,
3003 5125 3105 5161 non
3134 5109 3272 5181 virgo
3301 5118 3414 5179 post
3441 5119 3658 5179 partem.

2842 5220 3074 5277 CAPUT
3119 5220 3280 5276 LXX.

2346 5312 2638 5379 Elementa,
2670 5311 2724 5367 id
2754 5321 2836 5367 est
2864 5313 3062 5368 cml‘um
3094 5323 3149 5369 et
3178 5324 3400 5381 terram,
3436 5327 3541 5369 non
3570 5304 3854 5389 cicdamus

2270 5405 2535 5461 abolenda
2568 5422 2665 5477 per
2691 5407 2891 5477 ignem,
2922 5407 3016 5462 sed
3049 5408 3101 5463 in
3134 5409 3324 5464 melius
3350 5406 3709 5465 commutanda
3742 5423 3758 5460 :
3794 5408 3855 5458 ti-

2412 5589 2482 5642 lta
2517 5605 2614 5643 ms.
2644 5590 2766 5655 Alii,
2792 5592 3056 5645 retinetur.

2348 5670 2371 5704 ις
2412 5659 2528 5713 Tali
2557 5660 2765 5726 affectu,
2800 5664 2867 5714 ita
2902 5679 3003 5716 ms.
3504 5708 3517 5711 -

2344 5728 2366 5764 ll
2412 5731 2531 5795 Ms.,
2564 5733 2783 5795 castitas,
2817 5748 2912 5801 pro
2938 5736 3182 5802 appetitio
3214 5734 3481 5790 castitatis.

2350 5802 2361 5835 λ
2410 5802 2529 5866 Ms.,
2558 5803 2678 5854 mali
2710 5819 2890 5856 causas
2921 5823 3110 5860 creare.

2346 5882 2355 5917 ι
2407 5872 2477 5924 Ita
2509 5888 2609 5928 ins.
2645 5874 2745 5927 Alii
2779 5876 3009 5929 Sacralw
3043 5892 3176 5930 vero.
