4090 6330
302 386 405 442 997
866 360 875 379 ‘
1225 382 1312 437 ne
1352 372 1898 436 ECCLESIASTICIS
1938 377 2378 439 DOGMATIBUS
2416 380 2640 437 LIBER.
2902 350 2911 356 ’
3454 377 3559 437 998

305 515 486 573 guram
515 514 726 570 quoque
755 498 961 565 mundi,
982 497 1033 554 id
1055 507 1137 554 est
1164 497 1472 567 imaginem,
1495 511 1600 551 non
1626 495 1873 551 substan-
1900 500 1953 558 Α
1977 510 2111 567 aqua
2154 496 2377 549 mixtum
2404 512 2418 561 ;
2466 496 2589 565 quia
2632 502 2686 550 et
2723 494 2902 548 vinum
2950 501 3052 548 tutt
3089 494 3142 549 in
3173 491 3558 566 redemptionis

310 596 437 647 tiam
471 593 836 646 transituram.

656 684 661 687 δ
805 682 913 753 38
948 680 1173 737 CAPUT
1212 678 1398 735 LXXI.

383 778 585 831 Bonum
612 780 696 829 est
730 772 1008 828 facultates
1038 786 1159 827 cum
1203 768 1601 840 dispensatione
1641 768 1885 838 pauperi-

310 868 409 923 bus
445 879 690 937 erogare.
732 863 917 919 Melius
944 872 1027 918 est
1054 877 1151 932 pro
1174 862 1467 917 intentione
1491 859 1749 929 sequendi
1783 859 1886 913 Do-

310 960 513 1015 minum
543 966 569 994 ιι
599 956 812 1011 insimul
850 955 1072 1020 donare,
1102 962 1157 1010 et
1197 952 1496 1009 absolutum
1529 950 1888 1007 sollicitudine

310 1065 431 1104 cum
460 1047 674 1104 Christo
703 1061 880 1117 egere.

866 1136 1092 1194 CAPUT
1132 1120 1343 1194 Lxxn.

381 1232 627 1285 Maritum
651 1231 874 1285 duarum
901 1240 1017 1299 post
1041 1229 1363 1300 baptismum
1394 1237 1755 1283 matronarum
1782 1227 1890 1285 cle-

309 1329 479 1381 ricum
523 1340 629 1380 non
660 1324 1036 1379 ordinandum.
1078 1322 1261 1393 Neque
1290 1336 1412 1376 eum
1443 1323 1530 1392 qui
1578 1336 1733 1375 unam
1774 1320 1893 1391 qui-

310 1419 454 1483 dem,
491 1416 517 1455 b
550 1416 642 1471 sed
673 1415 1020 1471 concubinam
1061 1431 1165 1469 non
1205 1423 1503 1469 matronam
1546 1413 1748 1468 habuit.
1781 1413 1891 1469 Nec

310 1510 461 1564 itlum
493 1509 583 1578 qui
612 1507 952 1573 viduam,aut
984 1507 1337 1576 repuliatam,
1364 1505 1447 1560 vel
1474 1506 1809 1560 meretricem
1838 1506 1891 1560 in

309 1599 653 1655 matrimonio
696 1600 938 1668 sumpsit.
1008 1598 1192 1669 Neque
1239 1612 1360 1653 eum
1410 1597 1500 1667 qui
1549 1599 1891 1668 semetipsum

310 1695 552 1761 quolibet
595 1692 836 1763 corporis
876 1694 955 1747 sui
1003 1692 1245 1747 membro
1272 1691 1648 1762 indignatione
1693 1692 1891 1762 aliqua,

311 1786 399 1841 vel
444 1786 903 1863 juStoinjustove
952 1787 1141 1840 timore
1189 1793 1493 1855 superatus,
1546 1788 1889 1840 truncaverit.

1988 597 2184 643 nostrae
2226 587 2502 659 mysterio,
2535 603 2655 643 cum
2696 585 2872 642 dixit:
2906 585 3029 641 Non
3072 587 3237 641 bibam
3279 589 3463 641 amodo
3502 590 3563 641 de

1988 680 2081 734 hoc
2108 680 2357 753 genimine
2384 680 2497 733 vitia
2518 677 2731 750 (Matth.
2760 677 3268 749 xxw,29);etaqua
3309 680 3560 745 mixtum,

1989 787 2095 828 non
2119 771 2260 843 quod
2292 781 2413 841 post
2452 786 2661 826 ccenam
2698 772 2945 838 dabatur,
2990 772 3086 829 sed
3115 772 3257 843 quod
3285 772 3352 828 de
3398 775 3567 829 latere

1989 868 2105 936 ejus
2143 867 2326 922 lancea
2371 864 2611 934 perfosso
2653 880 2791 935 aqua
2840 881 2962 921 cum
3021 867 3279 937 sanguine
3352 882 3565 938 egressa

1993 956 2170 1030 (Joan.
2212 974 2327 1024 xxx,
2353 958 2442 1026 '50,
2477 957 2591 1028 51),
2621 958 2801 1013 vinum
2828 957 2897 1014 de
2924 974 3050 1015 vera
3096 958 3212 1029 ejus
3243 961 3421 1016 carnis
3460 961 3567 1016 vite

1992 1064 2112 1106 cum
2140 1065 2275 1119 aqua
2298 1064 2614 1120 expressum
2644 1048 2966 1105 ostenditur.

2530 1138 2755 1196 CAPUT
2796 1140 3029 1196 LXXVI.

2063 1233 2208 1288 Bona
2236 1240 2318 1288 est
2344 1246 2469 1287 caro
2500 1242 2699 1299 nostra,
2718 1238 2772 1285 et
2798 1231 2951 1286 valde
2978 1232 3137 1297 bona,
3154 1240 3350 1302 utpote
3370 1246 3399 1285 a
3426 1233 3567 1287 bono

1994 1328 2109 1382 solo
2137 1327 2247 1381 Deo
2286 1325 2534 1391 condita;
2578 1332 2633 1381 et
2663 1339 2769 1379 non
2809 1333 2890 1379 est
2918 1324 3076 1391 mala,
3121 1333 3179 1377 ut
3210 1327 3390 1379 volunt
3424 1325 3439 1360 ί
3475 1324 3573 1381 Se-

1996 1420 2231 1487 thiauus,
2259 1426 2313 1473 et
2333 1418 2631 1487 Ophianus,
2656 1426 2709 1472 et
2730 1416 3092 1482 Patricianus;
3117 1430 3217 1471 nec
3240 1416 3364 1469 mali
3386 1430 3569 1481 causa,

1995 1520 2053 1567 ut
2073 1511 2254 1566 docuit
2280 1508 2556 1565 Florianus
2582 1526 2596 1575 ;
2626 1522 2723 1564 nec
2748 1523 2813 1567 ex
2846 1509 2987 1563 malo
3018 1516 3071 1562 et
3099 1508 3241 1561 bono
3267 1517 3573 1577 compacta,

1997 1612 2056 1659 ut
2103 1602 2423 1658 Manichteus
2475 1602 2826 1671 blasphemat.
2871 1600 2977 1656 Sed
3020 1615 3143 1655 cum
3188 1601 3263 1656 sit
3305 1601 3578 1655 creatione

1999 1696 2159 1761 bona,
2196 1694 2416 1750 arbitrio
2448 1695 2462 1744 l
2512 1696 2705 1748 anima
2746 1693 2976 1747 efﬁcitur
3004 1692 3157 1749 nobis
3198 1693 3277 1747 vel
3317 1692 3454 1748 bona
3493 1693 3578 1748 vel

2003 1788 2161 1855 mala,
2210 1804 2316 1841 non
2359 1786 2729 1841 immutatione
2770 1786 3100 1851 substantiae,
3135 1785 3229 1840 sed
3279 1786 3581 1840 exsecutio-

314 1877 502 1947 Ncque
528 1877 673 1930 illum
699 1876 788 1945 qui
823 1890 1009 1931 usuras
1038 1877 1308 1945 accepisse
1334 1876 1690 1943 convincitur,
1725 1889 1813 1929 aut
1843 1877 1895 1930 in
1929 1881 1976 1943 Β
2006 1880 2088 1933 nis
2117 1877 2384 1934 mercede.
2419 1879 2533 1948 Ipsa
2564 1878 2706 1933 enim
2739 1885 2820 1932 est
2846 1892 2963 1948 qua:
2995 1876 3160 1932 stabit
3188 1885 3314 1932 ante
3351 1877 3582 1931 tribunal

312 1986 478 2025 scena
521 1970 711 2025 lusisse
742 1980 763 2008 ε
795 1969 1107 2024 dinoscitur.
1158 1968 1340 2040 Neque
1386 1986 1508 2025 cum
1550 1971 1638 2039 qui
1692 1971 1901 2039 publica

327 2061 644 2132 prrnitcntia
673 2060 916 2115 mortalia
947 2061 1170 2116 crimina
1200 2061 1380 2115 deﬂet.
1413 2060 1594 2131 Neque
1632 2061 1779 2114 illum
1808 2063 1898 2129 qui

313 2153 606 2222 aliquando
630 2150 656 2189 ἀ
685 2152 735 2206 in
777 2152 966 2207 furiam
1001 2166 1185 2208 versus
1212 2152 1480 2219 insanivit,
1503 2153 1586 2207 vel
1615 2152 1904 2207 afflictione

315 2245 520 2300 diaboli
553 2252 777 2299 vexatus
801 2254 906 2298 est.
938 2245 1046 2299 Nec
1074 2260 1195 2299 eum
1219 2245 1309 2314 qui
1338 2258 1432 2314 per
1457 2245 1804 2299 ambitionem
1836 2247 1904 2298 ad

316 2337 674 2392 imitationem
708 2336 940 2392 Simonis
973 2339 1109 2407 magi
1139 2336 1416 2407 pecuniam
1445 2337 1618 2392 offert.

865 2427 1091 2484 CAPUT
1131 2426 1362 2482 LXXIII.

395 2518 713 2575 Sanctorum
748 2533 974 2588 corpora
1012 2529 1065 2572 et
1096 2520 1361 2588 praecipue
1390 2519 1667 2573 beatorum
1699 2530 1905 2591 marty-

320 2626 443 2664 rum
468 2609 739 2679 reliquias,
760 2624 822 2664 ac
851 2610 893 2662 si
924 2608 1123 2663 Christi
1154 2610 1390 2664 membra
1420 2610 1781 2665 sincerissime
1802 2609 1910 2680 39

320 2701 663 2767 honoranda,
694 2712 749 2756 et
778 2701 1025 2756 basilicas
1050 2715 1234 2755 eorum
1267 2702 1572 2755 nominibus
1593 2702 1907 2771 appellatas,

322 2796 478 2851 velut
524 2796 637 2849 loca
676 2804 859 2849 sancta
900 2794 1082 2848 divino
1127 2794 1290 2848 cultui
1341 2795 1670 2863 mancipata,
1719 2793 1912 2847 affectu

324 2889 575 2957 piissimo
597 2900 649 2942 et
678 2888 962 2942 devmioue
992 2885 1299 2941 ﬁdelissima
1322 2884 1594 2939 adeundas
1619 2883 1909 2939 credimus.

324 2979 385 3034 Si
430 2978 545 3048 quis
590 2988 774 3034 contra
823 2978 958 3032 hanc
996 2979 1319 3032 sententiam
1352 2975 1580 3045 venerit,
1624 2990 1730 3029 non
1759 2974 1916 3029 Chri-

326 3071 558 3138 stianus,
591 3072 683 3127 sed
713 3071 1077 3125 Eunomianus
1108 3079 1161 3125 et
1191 3070 1573 3139 Vigilantianus
1598 3077 1621 3107 ο
1654 3068 1912 3124 creditur.

744 3160 755 3168 ’
867 3162 1095 3218 CAPUT
1148 3161 1381 3216 LXXIV.

410 3253 699 3321 Baptizatis
729 3263 932 3308 tantum
962 3254 1061 3308 iter
1089 3268 1210 3325 esse
1240 3253 1428 3307 salutis
1457 3253 1742 3307 credimus.
1787 3252 1915 3308 Nul-
1942 3250 1989 3313 C
2038 3300 2045 3305 .

332 3344 446 3399 lum
479 3345 940 3408 catechuntenum,
984 3345 1225 3415 quamvis
1264 3345 1315 3399 itt
1363 3345 1514 3399 bonis
1545 3346 1794 3413 cperibus
1822 3346 1917 3401 de-

332 3437 601 3501 functum,
641 3436 799 3491 vitam
834 3448 1089 3491 :eternant
1132 3437 1331 3491 habere
1369 3436 1657 3499 credimus,
1693 3447 1918 3507 excepto

334 3526 616 3596 martyrio,
647 3527 734 3580 ubi
765 3536 871 3580 tota
913 3528 1160 3595 baptismi
1195 3536 1525 3581 sacramenta
1563 3529 1915 3595 complentur.

338 3618 699 3686 Baptizandus
727 3619 1011 3672 conﬁtetur
1043 3619 1199 3672 tidem
1226 3631 1372 3673 suam
1405 3634 1583 3673 coram
1617 3623 1919 3685 sacerdote,

339 3716 399 3763 et
424 3709 780 3778 interrogatus
805 3710 1123 3778 respondet:
1152 3709 1250 3763 hoc
1281 3720 1333 3763 ct
1364 3720 1567 3780 martyr
1597 3724 1775 3763 coram
1805 3725 1922 3778 per-

339 3810 595 3856 seeutore
618 3801 760 3871 facit,
791 3804 877 3872 qui
909 3811 963 3856 et
992 3802 1271 3857 conﬁtetur
1300 3802 1457 3857 ﬁdem
1491 3810 1662 3866 suain,
1686 3812 1741 3857 et
1761 3805 1924 3857 inter-

344 3906 572 3966 rogatus
599 3896 906 3965 respondet.
937 3896 1028 3950 Ille
1060 3904 1181 3966 post
1208 3896 1598 3950 confessionem
1630 3896 1712 3951 vel
1742 3911 1925 3965 asper-

336 3990 487 4061 gitur
506 4004 664 4059 aqua,
680 3990 761 4045 vel
785 3989 1090 4059 intingitur;
1111 3988 1127 4025 τ
1151 3999 1356 4057 martyr
1376 4003 1503 4043 vero
1525 3989 1604 4043 vel
1630 3989 1928 4058 aspergitur

338 4084 629 4153 sanguine,
654 4083 735 4138 vel
758 4084 1085 4153 contingitur
1106 4084 1245 4153 igne.
1265 4083 1354 4136 Ille
1379 4097 1567 4137 manus
1588 4083 1928 4152 impositione

343 4176 619 4247 pontiﬁcis
649 4177 837 4247 accipit
867 4177 1123 4247 Spiritum
1154 4186 1432 4243 sanctum;
1478 4176 1563 4232 hic
1593 4187 1616 4222 κ
1653 4178 1927 4232 habitacu-

339 4270 461 4326 lum
493 4268 722 4324 efﬁcitur
761 4268 991 4338 Spiritus
1032 4270 1225 4335 sancti,
1256 4269 1382 4324 dum
1422 4286 1527 4323 non
1568 4280 1650 4324 est
1690 4271 1803 4339 ipse
1840 4272 1929 4341 qui

343 4344 612 4429 loquitur,
653 4360 746 4416 sed
773 4358 800 4397 ιι
841 4360 1068 4429 Spiritus
1106 4362 1280 4415 Patris
1316 4361 1404 4429 qui
1457 4361 1690 4430 loquitur
1729 4362 1779 4416 in
1813 4362 1928 4418 illo.

342 4455 450 4510 Ille
505 4454 865 4508 communicat
922 4452 1261 4508 eucharistite
1315 4454 1369 4508 in
1421 4458 1932 4513 commemoratione

340 4548 546 4602 mortis
599 4546 843 4611 Domini;
887 4546 973 4601 hic
1015 4547 1112 4615 ipsi
1164 4544 1376 4602 Christo
1418 4550 1783 4605 commoritur.
1835 4551 1932 4606 Ille

2006 1970 2224 2033 Christi,
2247 1971 2297 2025 in
2331 1988 2434 2040 quo
2464 1970 2885 2040 perferatanima
2918 1970 3131 2039 prOpria
3161 1968 3405 2038 corporis
3430 1981 3586 2039 prout

2006 2065 2174 2134 gessit
2202 2064 2314 2117 sive
2344 2063 2541 2117 bonum
2568 2062 2679 2117 sive
2711 2063 2911 2116 malum
2942 2060 3085 2133 (Cor.
3119 2076 3171 2127 v,
3196 2059 3309 2131 I0).

2535 2155 2761 2211 CAPUT
2801 2154 3057 2210 LXXVII.

2081 2250 2136 2305 In
2168 2251 2564 2306 resurrectione
2592 2264 2659 2303 ex
2685 2250 2911 2303 mortuis
2940 2263 3103 2305 sexus
3132 2249 3300 2304 forma
3335 2263 3441 2303 non
3470 2263 3589 2304 mu-

2012 2342 2232 2408 tabitur,
2259 2342 2350 2396 sed
2387 2344 2469 2395 vir
2498 2350 2738 2395 mortuus
2769 2350 3012 2410 resurget
3038 2341 3091 2395 in
3120 2341 3288 2395 forma
3324 2340 3427 2412 41
3465 2340 3587 2406 viri,

2010 2444 2061 2490 et
2091 2435 2282 2489 femina
2309 2436 2358 2486 in
2382 2432 2551 2487 forma
2577 2433 2809 2499 feminae,
2851 2447 3039 2487 carens
3078 2443 3254 2487 tamen
3277 2447 3497 2487 sexuum
3533 2432 3587 2487 in

2012 2523 2111 2578 hac
2143 2524 2249 2576 vita
2281 2523 2609 2587 conditione,
2644 2536 2748 2575 non
2781 2523 2959 2589 Specie
2989 2521 3239 2588 naturali,
3283 2537 3350 2576 ne
3382 2535 3483 2575 uon
3521 2521 3591 2575 sit

2014 2628 2140 2669 vera
2166 2613 2511 2680 resurrectio,
2536 2615 2579 2667 si
2612 2628 2718 2667 non
2750 2612 2799 2667 id
2832 2621 3073 2682 resurget
3102 2612 3244 2683 quod
3273 2612 3433 2667 cadit.

2520 2704 2746 2761 CAPUT
2787 2704 3067 2759 LXXVIII.

2089 2797 2111 2835 ¹ί
2135 2798 2272 2853 Ante
2298 2799 2599 2868 passionem
2621 2807 2675 2852 et
2696 2797 3142 2851 resurrectionem
3161 2796 3392 2863 Domini,
3410 2811 3595 2853 omnes

2015 2892 2207 2947 anima:
2252 2901 2556 2947 sanctorum
2587 2892 2639 2945 in
2672 2891 2883 2945 inferno
2922 2892 3023 2946 sub
3055 2889 3238 2946 debito
3281 2892 3595 2961 praevarica-

2018 2983 2181 3038 tionis
2228 2983 2357 3037 Adae
2401 2982 2740 3049 tenebantur,
2787 2980 2959 3047 donec
2996 2982 3316 3036 auctoritate
3360 2982 3592 3051 Domini,

2020 3091 2115 3145 per
2148 3075 2437 3130 indebitam
2469 3074 2585 3145 ejus
2608 3084 2834 3130 mortem
2857 3089 2886 3129 a
2920 3074 3102 3129 servili
3131 3073 3435 3130 conditione
3457 3074 3595 3130 libe-

2020 3181 2286 3228 rarentur.

2559 3261 2786 3319 CAPUT
2824 3260 3058 3317 LXXIX.

2091 3358 2219 3413 Post
2245 3358 2612 3411 ascensionem
2646 3355 2854 3410 Domini
2884 3355 2950 3410 ad
2986 3357 3172 3422 ctelos,
3210 3370 3444 3411 omntum
3474 3371 3597 3413 san‘

2021 3460 2126 3506 cton
2144 3466 2229 3504 um
2262 3450 2453 3504 anima:
2479 3464 2598 3503 cum
2630 3448 2844 3503 Christo
2866 3456 3011 3516 sunt,
3030 3458 3079 3501 et
3110 3459 3370 3503 exeuntes
3391 3451 3455 3503 de
3480 3466 3599 3505 cors

2024 3560 2151 3613 pore
2190 3542 2255 3595 ad
2304 3541 2573 3596 Christum
2627 3540 2820 3593 vadunt
2856 3539 2900 3605 ι,
2946 3550 3317 3608 exspectantes
3361 3555 3602 3596 resurre«

2024 3634 2254 3688 ctionem
2294 3632 2535 3701 corporis
2562 3630 2665 3695 sui,
2710 3638 2767 3683 ut
2804 3628 2872 3682 ad
2920 3630 3177 3698 integram
3209 3639 3261 3683 et
3292 3640 3600 3698 perpetuam
3652 3636 3659 3645 '

2026 3722 2405 3779 beatitudinem
2438 3736 2557 3775 cum
2589 3722 2705 3789 ipso
2736 3718 2935 3788 pariter
2965 3722 3350 3785 immolentur;
3383 3720 3520 3775 sicut
3550 3733 3603 3776 ct

2028 3824 2365 3883 peccatorum
2393 3812 2585 3864 animte
2613 3811 2663 3863 in
2693 3810 2898 3862 inferno
2927 3810 3027 3864 sub
3055 3810 3244 3864 timore
3275 3812 3481 3879 positae,
3512 3828 3604 3865 cx-

2028 3912 2276 3973 spectant
2310 3886 2763 3957 resurrectionem.
2783 3902 2862 3955 sui
2891 3903 3153 3969 corprris,
3187 3912 3244 3955 ut
3268 3914 3389 3957 cum
3420 3911 3457 3940 σι
3488 3903 3603 3969 ipso

2029 3994 2241 4050 diabolo
2266 3994 2329 4047 ad
2361 4007 2480 4063 pmn
2501 4008 2569 4046 im
2594 3999 2618 4027 ιι
2646 3990 3001 4045 detrudantur
3030 4000 3304 4045 aeternam.

2579 4083 2804 4140 CAPUT
2846 4083 3057 4140 LXXX.

2105 4177 2423 4234 Pmnitentia
2448 4176 2647 4233 aboleri
2680 4176 2894 4247 peCcata
2926 4178 3287 4235 indubitanter
3314 4180 3605 4246 credimus,

2034 4272 2238 4327 etiamsi
2270 4272 2324 4325 in
2352 4272 2539 4325 ultimo
2565 4269 2687 4325 vita:
2714 4271 2904 4339 spiritu
2934 4271 3289 4326 admissorum
3328 4272 3606 4342 pteniteat,
3676 4312 3679 4313 ν

2033 4375 2086 4419 et
2113 4363 2319 4432 publica
2344 4362 2722 4415 lamentatione
2764 4358 2869 4431 42
2900 4371 3114 4428 peccata
3145 4362 3453 4431 prodantur,
3488 4365 3609 4434 quit

2037 4455 2364 4524 propositum
2399 4453 2512 4516 Dei,
2555 4467 2661 4523 quo
2699 4450 2935 4506 decrevit
2977 4453 3184 4507 salvare
3212 4453 3351 4522 quod
3381 4455 3612 4523 perierat

2039 4545 2190 4615 (Luc.
2224 4560 2336 4611 xix,
2371 4546 2447 4613 7),
2492 4552 2597 4597 stat
2634 4542 2938 4606 immobile;
2979 4553 3031 4597 et
3071 4544 3190 4598 ideo
3214 4545 3337 4612 quia
3365 4544 3607 4597 voluntas

339 4638 641 4694 conﬁtetur
679 4652 739 4692 se
777 4638 955 4692 mundi
985 4639 1189 4693 actibus
1218 4640 1672 4707 renuntiaturum;
1720 4642 1806 4696 hic
1834 4642 1931 4711 ipsi
1956 4632 2013 4691 D
2038 4639 2154 4708 ejus
2178 4652 2283 4691 non
2315 4642 2570 4701 mutatur,
2602 4633 2714 4687 sive
2740 4631 3113 4689 emendatione
3141 4636 3289 4699 vitae,
3320 4633 3362 4688 si
3405 4644 3614 4704 tempus

342 4731 627 4787 renuntiat
663 4731 808 4785 vitae.
856 4730 933 4785 Illi
974 4740 1189 4799 peccata
1234 4732 1409 4785 omnia
1452 4732 1831 4798 dimittuntur;
1881 4734 1930 4788 in

340 4824 461 4880 isto
490 4822 915 4894 exstinguuntur.

835 4912 944 4986 [ιο
981 4912 1206 4968 CAPUT
1244 4911 1455 4968 LXXV.

432 5008 485 5062 ltt
519 5005 833 5061 eucharistia
860 5022 968 5061 non
998 5006 1156 5060 debet
1187 5021 1312 5074 pura
1335 5020 1468 5075 aqua
1496 5004 1701 5073 oIl'erri,
1732 5015 1788 5061 ut
1810 5008 1929 5077 qui-

342 5100 482 5156 dam
527 5098 834 5153 sobrietatis
874 5098 1130 5153 falluntur
1181 5097 1431 5166 imagine,
1464 5097 1560 5152 scd
1601 5098 1775 5154 vinum
1816 5115 1939 5156 cum

438 5291 464 5318 ει
504 5282 622 5350 Ms.,
648 5283 816 5340 tentet.

436 5352 462 5390 δ
504 5354 626 5425 Ms.,
653 5371 779 5418 non,
813 5370 908 5425 pro
937 5356 1048 5410 sed.

437 5433 458 5495 (ξ
501 5424 618 5489 Ms.,
654 5424 918 5495 probatur.

436 5490 461 5528 ἀ
498 5495 642 5550 Nove
656 5490 862 5551 dictum
890 5511 989 5566 pro
1023 5498 1076 5550 in
1116 5496 1341 5565 furorem
1385 5511 1573 5552 versas.
1608 5498 1682 5552 Ita
1715 5498 1941 5553 Vincen-

347 5568 470 5623 tius
510 5566 801 5639 Lirinensis
823 5568 889 5623 de
918 5568 1121 5622 limes.
1175 5582 1281 5638 :ap.
1307 5568 1340 5621 5
1376 5569 1488 5620 ait:
1520 5570 1643 5624 Sese
1686 5571 1736 5622 in
1780 5571 1940 5639 [arias

348 5638 573 5708 principi
578 5647 703 5691 tare.

446 5717 466 5742 ⁸
509 5709 631 5773 Ms.,
665 5709 929 5762 habeatur.

447 5774 465 5813 ί
509 5778 582 5832 lta
613 5794 713 5833 ms.
740 5779 864 5841 Alii,
894 5788 939 5832 et
963 5777 1045 5831 hic
1072 5795 1203 5833 t-ero.

445 5856 467 5891 ⁸
510 5848 632 5905 his”
662 5848 979 5903 Iocularium.
1054 5851 1057 5854 ’

2040 4728 2370 4793 conceditur,
2417 4726 2530 4780 sive
2561 4735 2585 4760 υ
2617 4724 2842 4794 supplici
2873 4723 3231 4790 confessione,
3274 4724 3318 4779 si
3365 4726 3616 4779 continuo

2042 4820 2147 4873 vita
2176 4817 2475 4882 exceditur,
2519 4815 2672 4870 venia
2703 4824 3041 4885 peccatorum
3076 4814 3300 4871 ﬁdeliter
3328 4832 3614 4885 praesumit-

2044 4925 2130 4969 tur
2164 4913 2231 4968 ab
2272 4912 2364 4966 illo
2396 4909 2485 4980 qui
2528 4924 2637 4963 non
2678 4910 2788 4963 vult
2829 4916 3052 4963 mortem
3085 4909 3399 4977 peccatoris,
3443 4910 3535 4964 sed
3564 4920 3617 4964 ut

2045 5011 2385 5062 convertatur
2420 5019 2449 5056 a
2492 5000 2788 5071 perditione
2817 4999 3147 5069 paenitendo,
3176 5009 3233 5054 et
3258 5001 3490 5055 salvatus
3520 5003 3617 5055 tui-

2047 5097 2313 5154 seratione
2345 5094 2552 5149 Domini
2586 5096 2725 5148 vivat
2750 5092 2962 5165 (Ezech.
2983 5093 3210 5161 xtx,25;
3234 5102 3279 5147 et
3304 5094 3617 5162 uxnr,ll).

2119 5284 2146 5321 ¹ι
2185 5285 2306 5354 Ms.,
2334 5283 2559 5354 Spiritus
2581 5290 2806 5354 sanctus,
2837 5295 2933 5354 pro
2956 5280 3183 5354 Spiritus
3210 5279 3404 5335 Patris.

2128 5354 2141 5393 ί
2190 5352 2311 5420 his,
2348 5352 2665 5409 Tltimoteani
2688 5362 2733 5407 et
2764 5352 3042 5407 Prisciani.

2125 5427 2137 5476 i
2190 5428 2313 5493 Ms.,
2349 5426 2528 5479 animi.

2120 5495 2143 5532 ¹ί
2186 5498 2257 5551 Ita
2294 5512 2393 5551 IIIS.
2720 5530 2725 5535 -
3376 5550 3388 5561 ,

2126 5566 2141 5605 1
2185 5567 2281 5622 Ms.
2315 5566 2462 5622 addit
2484 5568 2612 5620 sicut
2636 5563 2879 5632 scriptum
2908 5574 3023 5619 est:
3054 5562 3319 5619 linteum
3348 5565 3530 5618 anima:
3568 5565 3615 5618 itt

2050 5656 2205 5694 manu
2237 5638 2327 5691 Dei
2349 5647 2487 5691 sunt.

2132 5719 2166 5745 η’
2208 5710 2281 5762 Ita
2308 5722 2407 5763 ms.

2131 5789 2156 5815 τι
2195 5780 2317 5841 IIIs.,
2348 5787 2717 5831 convertantur.

2133 5861 2155 5885 υ
2197 5849 2315 5911 Ms.,
2337 5849 2541 5913 publica
2572 5848 2897 5916 confessione.
