4108 6330
621 403 750 464 Ιυέἱε

1783 403 2167 463 CENNADIL'S
2206 406 2680 468 MASSILIENSIS.

3699 410 3804 468 1056

614 541 706 588 pro
743 522 904 587 gratia
943 519 1244 589 Deicontra
1284 520 1551 590 Pelagium
1594 521 1866 590 fortissime
1905 524 2182 577 dimicavit.
2217 529 2260 586 Α
2290 537 2516 581 extremo
2568 530 2737 595 capite
2783 527 2896 579 libri
2937 528 3000 580 de
3045 527 3181 581 Viris
3225 527 3527 590 illustribus;
3561 529 3636 580 sed
3658 544 3706 581 ett
3727 548 3803 585 non

614 614 828 680 Srr-‘psit
855 621 1096 682 preteri-a
1126 613 1284 665 multa
1318 612 1420 665 alia
1450 629 1562 680 quoe
1595 613 1703 680 ipse
1741 624 2099 668 commemorat
2129 617 2182 670 in

2291 627 2510 682 exstant,
2539 629 2624 672 aut
2655 631 2784 673 certe
2821 621 2888 672 ad
2918 637 3098 674 manus
3127 637 3266 674 meas
3292 638 3390 674 non
3417 632 3649 673 venerunt.

1584 773 1944 840 SUFFRIDI
1993 779 2220 840 PEIRI'
2246 780 2874 843 LEOVARDIENSIS

1984 894 2471 1000 praefatio.

679 1110 968 1182 Sigebertus
998 1110 1372 1165 Gemblacensis
1410 1110 1549 1180 infra
1588 1112 1639 1164 in
1670 1112 1910 1181 Catalogo
1948 1128 2040 1164 suo
2065 1128 2183 1181 cap.

607 1204 696 1283 βο,
720 1201 856 1255 hunc
881 1201 1196 1256 Gennadium
1225 1214 1365 1256 vocat
1395 1204 1710 1272 episcopum,
1739 1205 1869 1256 sicut
1899 1213 1944 1256 et
1977 1201 2187 1257 Plotina

607 1289 657 1348 'n
697 1296 1004 1364 Symmacho
1042 1311 1159 1348 eum
1195 1297 1417 1365 appellat
1454 1296 1744 1365 episcOpum
1787 1293 2182 1350 Massiliensem.

610 1385 933 1454 Walafridus
969 1395 1138 1440 autem
1174 1402 1289 1453 cap.
1325 1386 1394 1438 ΞΟ
1433 1385 1498 1440 de
1549 1386 1767 1454 Ofﬁciis,
1814 1384 2186 1439 Massiliensem

609 1475 952 1545 presbyterum
1002 1477 1270 1547 appellat;
1329 1481 1456 1529 sicut
1498 1486 1545 1530 et
1589 1475 1818 1529 Joannes
1855 1475 2183 1530 Trithemius.

610 1568 746 1632 Quin
783 1576 829 1620 et
854 1570 960 1636 ipse
981 1567 1277 1622 Gennadius
1298 1569 1349 1621 in
1373 1567 1626 1622 Coronide
1655 1568 1807 1638 hujus
1834 1569 2023 1637 operis,
2057 1570 2189 1622 scri-

609 1671 694 1729 pta
725 1679 818 1714 sua
849 1679 1134 1724 recensens,
1163 1660 1530 1715 Massiliensem
1569 1662 1914 1732 presbyterum
1943 1677 1997 1715 se
2026 1669 2187 1726 vocat,

610 1756 818 1818 ideoque
864 1763 910 1805 et
952 1770 1042 1806 nos
1087 1753 1220 1804 hunc
1271 1753 1350 1806 illi
1389 1752 1591 1806 titulum
1633 1764 1874 1821 tanquam
1919 1753 2190 1823 genuinum

609 1845 974 1908 nttribuemus,
1023 1844 1182 1896 donec
1222 1844 1548 1897 solidioribus
1585 1844 1896 1913 argumentis
1941 1842 2086 1895 nobis
2127 1843 2190 1895 de

2295 1115 2526 1177 stodire,
2570 1114 2616 1166 si
2668 1112 2803 1167 velit.
2854 1112 3014 1180 Quem
3067 1113 3379 1183 Augustinus
3427 1115 3692 1168 hmreticum
3733 1132 3815 1170 esse

2295 1204 2512 1257 ostendit
2551 1204 2764 1270 epistola
2795 1205 2864 1259 89
2903 1205 2971 1256 ad
3004 1201 3290 1256 Hilarium.
3339 1205 3617 1258 Omittimus
3641 1207 3752 1273 quod
3775 1209 3813 1258 in

2297 1293 2514 1365 Evagrio
2531 1294 2702 1348 laudet
2721 1293 2981 1365 apathiasn
3008 1293 3098 1363 (a),
3114 1310 3262 1364 quem
3286 1293 3616 1364 Hieronymus
3640 1296 3812 1348 (lauino-

2293 1396 2396 1438 tum
2431 1385 2494 1438 ab
2533 1385 2779 1454 episcopis
2812 1383 3055 1453 "tanquam
3091 1383 3429 1456 Origenistam
3459 1388 3625 1440 asserit
3648 1385 3815 1452 epistola

2290 1481 2359 1533 ad
2376 1479 2768 1548 Ctesiphontem,
2784 1487 2828 1532 et
2846 1478 3055 1532 damnat
3073 1483 3184 1552 ejus
3208 1480 3489 1548 apathiam.
3513 1480 3817 1534 lluctenusille

2292 1574 2352 1624 de
2383 1572 2629 1639 pravitate
2647 1568 2921 1624 Gennadii.
2942 1567 3019 1624 De
3042 1569 3106 1623 iis
3125 1585 3238 1639 quae
3261 1570 3311 1622 in
3332 1566 3640 1622 Gennadium
3664 1571 3715 1622 ab
3731 1573 3817 1624 aliis

2291 1662 2485 1729 infurta
2513 1670 2651 1728 sunt,
2695 1661 2828 1713 idem
2855 1659 2949 1725 ait,
2981 1659 3154 1713 (,odex
3181 1661 3557 1731 manuscriptus
3581 1660 3760 1729 (inquit)
3784 1664 3820 1712 in

2294 1751 2462 1806 Parca
2486 1751 2557 1805 sic
2589 1753 2845 1805 concludit
2867 1749 3166 1822 Catalogum
3190 1751 3463 1817 Geunadii,
3488 1755 3660 1806 omisso
3687 1754 3822 1805 Hono-

2292 1854 2402 1898 rato
2429 1887 2441 1907 ,
2493 1861 2640 1914 quem
2684 1861 2772 1898 nos
2816 1853 3068 1914 postremo
3103 1844 3214 1898 loco
3257 1843 3501 1898 habemus
3544 1847 3592 1898 in
3635 1846 3822 1913 Opﬂtbm

609 1936 710 1987 alio
736 1936 862 2004 ﬁdes
891 1936 1025 2004 facta
1067 1935 1259 2005 fuerit;
1299 1952 1415 1988 nam
1441 1937 1529 2004 qui
1559 1935 1852 2005 episcOpum
1879 1936 2035 2005 fuisse
2064 1935 2189 1988 scri-
2220 1930 2263 1988 Β
2295 1934 2625 2006 Hieronymi:
2645 1952 2664 1987 ι
2692 1932 2800 2004 Ego
2829 1933 3123 1988 Gennadius
3155 1934 3406 1988 Massilia:
3440 1936 3658 2006 prcsbyte
3687 1976 3699 1996 ,
3724 1938 3821 1987 scti-

611 2029 760 2092 bunt,
809 2029 1005 2097 decepti
1048 2028 1284 2080 videntur
1325 2028 1661 2081 similitudine
1708 2029 1930 2082 nominis
1971 2029 2196 2098 episc0pi

609 2115 1180 2186 ConstantinOpolitani,
1221 2120 1304 2172 cui
1322 2120 1441 2172 item
1463 2135 1642 2173 nomen
1671 2120 1766 2189 fuit
1794 2119 2104 2182 Gennadius,
2134 2121 2196 2172 de

609 2223 706 2277 quo
735 2219 902 2260 noster
941 2209 1023 2261 hic
1055 2209 1351 2264 Gennadius
1381 2227 1495 2282 cap.
1534 2212 1604 2266 90
1648 2213 1772 2282 agit.
1827 2211 1988 2265 Plane
2030 2221 2197 2265 autem

609 2301 904 2355 Gennadius
948 2305 1028 2355 hic
1070 2315 1240 2356 ’.ο-ιρι·
1291 2320 1404 2354 cum
1439 2303 1642 2374 judicio
1690 2304 1929 2374 legendus
1959 2313 2053 2368 est,
2095 2319 2196 2355 non

611 2394 770 2444 solum
809 2395 943 2462 quod
971 2395 1078 2459 ipse
1110 2395 1380 2463 scriptores
1409 2396 1603 2464 aliquot
1652 2396 1730 2446 hic
1760 2395 1935 2464 probet
1966 2411 2092 2457 quos
2119 2411 2198 2447 re-

612 2502 671 2550 pr
708 2486 838 2538 bavit
874 2485 1134 2553 Ecclesia,
1179 2504 1349 2540 verum
1378 2489 1528 2540 etiam
1571 2489 1706 2556 quod
1731 2505 1762 2541 a
1791 2489 2058 2542 catholicis
2085 2491 2199 2558 qui-

612 2580 702 2630 bus
723 2583 821 2630 lum
868 2598 960 2648 pro
999 2584 1166 2652 studig
1205 2583 1452 2636 nonnulla
1495 2584 1616 2637 huic
1647 2586 1822 2637 addi'a
1850 2586 1950 2639 sint
1993 2588 2200 2641 medela:

611 2671 796 2738 gratia,
826 2689 874 2740 q-
896 2687 942 2725 te
967 2675 1035 2726 ad
1060 2676 1224 2744 ipsum
1247 2673 1569 2728 Cennadium
1598 2694 1696 2730 non
1729 2680 1903 2747 pertin.
1925 2689 1996 2732 nt.
2042 2676 2196 2733 Ideo-

611 2781 706 2830 que
733 2782 835 2834 quo
861 2769 1061 2822 cautius
1092 2785 1202 2821 eum
1235 2771 1390 2822 lector
1421 2770 1671 2824 candidus
1706 2770 1784 2840 leg
1805 2782 1871 2834 γι,
1901 2773 1962 2826 de
1989 2784 2199 2843 utroque

612 2859 748 2925 quod
776 2858 1000 2913 diximus
1023 2877 1288 2913 censuram
1313 2861 1395 2914 hic
1425 2861 1751 2932 subjiciemus
1777 2864 2196 2930 priestantissimo

613 2949 717 2998 viro
745 2964 804 3000 ac
833 2950 1128 3019 gravissimo
1169 2951 1435 3020 theologo,
1486 2950 1586 3004 Dn.
1625 2951 1699 3004 Μ.
1751 2952 1824 3006 Ν.
1853 2951 2046 3006 Joanni
2077 2953 2195 3007 Mo-

613 3037 751 3100 lano,
790 3039 1116 3094 Lovaniensis
1156 3043 1405 3112 pontiﬁcii
1441 3059 1501 3095 ac
1530 3044 1655 3110 regii
1690 3043 1933 3097 librorum
1972 3060 2194 3110 censore,

612 3144 763 3195 quam
786 3130 871 3182 ille
896 3131 1039 3184 nobis
1069 3149 1160 3201 pro
1191 3149 1283 3186 suo
1315 3150 1435 3202 erga
1460 3134 1739 3188 Ecclesium
1763 3137 2061 3189 catholicam
2089 3127 2199 3191 stu-

2295 2027 2374 2094 psi
2399 2026 2641 2079 adversus
2677 2041 2847 2079 omnes
2874 2024 3088 2078 hteresrs
3126 2025 3281 2078 libros
3311 2025 3376 2090 8,
3422 2035 3468 2078 et
3495 2027 3718 2078 utltet’sus
3745 2024 3824 2076 Ne-

2293 2119 2506 2174 storium
2548 2118 2699 2171 libros
2739 2117 2802 2184 6,
2849 2128 2896 2170 et
2939 2117 3181 2170 adversus
3223 2114 3494 2186 Pelagium
3536 2117 3677 2170 libros
3709 2117 3755 2184 3,
3789 2125 3823 2168 et

2297 2221 2540 2264 tractatus
2571 2213 2632 2264 de
2673 2211 2813 2264 mille
2841 2211 3020 2274 Annis,
3064 2210 3128 2263 de
3171 2210 3476 2281 Apocalypsi
3517 2210 3576 2264 Β.
3607 2209 3818 2274 Joannis;

2296 2313 2339 2356 et
2369 2304 2461 2355 ltoc
2488 2318 2615 2371 opus
2645 2303 2707 2354 de
2731 2303 2832 2370 ﬁde
2857 2319 2965 2354 mea
2992 2301 3108 2355 misi
3143 2300 3210 2353 ad
3240 2299 3504 2355 Gelasium
3535 2301 3662 2355 urbis
3689 2302 3828 2355 Roma

2297 2394 2606 2462 episcopum.
2625 2413 2641 2443 ι
2673 2392 2721 2446 11
2730 2393 2773 2445 ic
2802 2393 3081 2444 notandum
3108 2400 3201 2457 est,
3227 2399 3279 2443 ut
3305 2399 3524 2457 constet,
3552 2407 3657 2444 eum
3681 2390 3828 2442 librum

2296 2487 2382 2554 qui
2411 2485 2460 2536 in
2497 2483 2726 2537 antidoto
2764 2491 2941 2535 contra
2983 2483 3194 2535 htereses
3239 2482 3446 2550 ponitur
3485 2490 3652 2534 contra
3683 2478 3830 2533 Nesto-

2294 2577 2451 2641 rium,
2481 2590 2588 2629 esse
2621 2573 2889 2637 G‘ennadii,
2923 2589 3021 2626 non
3047 2570 3272 2636 Gelasii;
3309 2581 3358 2626 et
3385 2571 3560 2640 fucilis
3589 2572 3732 2640 potuit
3752 2585 3831 2621 esse

2298 2668 2585 2721 immutatio
2635 2667 2935 2730 nominum,
2986 2666 3108 2735 quia
3153 2664 3455 2719 Gennadius
3505 2666 3572 2718 ad
3615 2662 3834 2718 Gelasium

2298 2757 2498 2827 scripsit
2521 2772 2539 2810 :
2562 2765 2609 2810 et
2644 2758 2865 2810 arbitror
2891 2758 2942 2809 in
2970 2756 3099 2809 libro
3129 2765 3300 2810 nostro
3327 2756 3574 2808 omissum
3607 2770 3702 2807 esse
3727 2752 3834 2806 Geti-

2298 2841 2506 2903 nalliu'm
2534 2858 2837 2912 extremum,
2868 2856 2914 2902 ct
2935 2849 3152 2916 positum
3183 2847 3529 2912 Honomtum,
3559 2847 3666 2915 quia
3693 2843 3838 2899 Hono-

2296 2943 2394 2994 rati
2419 2940 2571 3008 ﬁdem
2597 2939 2904 3010 approbavit
2932 2936 3188 2998 Gelasius,
3215 2953 3314 2990 non
3343 2936 3620 3001 Gennadii,
3653 2950 3703 2989 ut
3723 2937 3834 2987 ride-

2300 3033 2414 3084 licet
2444 3030 2741 3085 Honoratus
2784 3032 2848 3084 sit
2894 3029 3092 3098 positus
3137 3036 3378 3096 tanquam
3426 3029 3838 3086 medicamentum,

2297 3125 2428 3179 sicut
2450 3125 2813 3178 medicamenta
2842 3121 2991 3176 habet
3014 3120 3137 3174 liber
3165 3121 3228 3174 de
3261 3119 3628 3174 Ecclesiasticis
3657 3115 3840 3190 Dogma-

612 3219 698 3270 dio
725 3221 986 3282 impartire
1027 3223 1266 3293 dignatus
1293 3235 1384 3278 est,
1420 3225 1568 3291 Quod
1594 3236 1762 3279 autem
1790 3227 1870 3279 hic
1896 3226 2195 3297 σεηηαάίω
2228 3289 2262 3297 Δ
2299 3220 2452 3272 ιὶὺιι·.
2498 3218 2637 3274 Sane
2672 3218 2785 3270 cod.
2819 3232 2913 3269 ms.
2952 3215 3005 3268 in
3048 3213 3214 3268 Pareo
3243 3215 3294 3267 in
3341 3212 3587 3283 Catalogo
3630 3212 3842 3267 Gennadii

614 3311 767 3376 fuerit
790 3311 1028 3377 factionis
1056 3289 1320 3367 Gallorum
1351 3289 1558 3382 (inquit)
1585 3317 1648 3369 de
1675 3318 1854 3386 quibus
1883 3320 1935 3372 in
1947 3289 2186 3389 epistolis

2297 3311 2442 3364 habet
2464 3311 2620 3362 multa
2645 3310 3043 3372 medicamenta;
3074 3321 3166 3374 pro
3182 3321 3239 3359 eo
3265 3305 3396 3360 enim
3425 3307 3564 3372 quod
3588 3304 3843 3357 Gennadius

616 3400 860 3471 Prospcri
882 3415 928 3456 et
963 3405 1151 3459 Hilarii
1180 3409 1407 3477 prie/iris
1441 3409 1570 3462 libro
1600 3411 1662 3463 de
1687 3409 1938 3465 Pra'dcst.
1970 3414 2188 3468 Sancto-

615 3508 727 3546 rum
758 3505 802 3547 et
829 3494 970 3550 Bono
1010 3499 1396 3565 per.-ecutionis,
1429 3509 1562 3567 patet
1595 3500 1646 3553 in
1680 3502 1788 3569 ejus
1814 3500 2092 3573 Cataloga;
2133 3513 2186 3557 ut

613 3586 749 3638 enim
785 3587 1011 3640 omittam
1053 3590 1188 3657 quod
1228 3589 1481 3660 lin/linum
1519 3608 1562 3644 c.
1611 3593 1674 3646 ΓΙ
1709 3591 1758 3646 Η
1765 3594 2022 3664 ierongmo
2056 3613 2189 3665 prir-

615 3677 746 3745 ferat
772 3719 786 3743 ,
815 3688 863 3732 ct
893 3679 1067 3733 Severi
1095 3681 1352 3752 dalagum
1382 3699 1496 3753 cap.
1533 3683 1598 3738 i9
1638 3683 1846 3751 laudet,
1886 3701 2030 3751 quem
2060 3685 2189 3740 Hie-

614 3785 855 3838 ronymus
893 3773 943 3824 in
977 3788 1092 3842 cap.
1125 3773 1193 3827 36
1229 3770 1508 3828 Ezechielis
1531 3817 1546 3840 ,
1593 3786 1640 3830 et
1668 3786 1780 3845 post
1805 3793 1920 3830 eum
1955 3777 2188 3832 Gelasius

613 3860 895 3927 reprobat;
932 3877 1164 3929 expresse
1211 3865 1418 3918 damnat
1473 3865 1657 3918 librum
1707 3865 1952 3934 Prosperi
2010 3877 2188 3922 contra

559 3959 566 3965 '
614 3952 952 4022 G‘ollatorem,
993 3965 1039 4008 et
1087 3956 1264 4008 laudat
1303 3956 1637 4022 Cassianum;
1675 3961 1795 4012 item
1840 3959 2091 4014 Faustum
2135 3963 2187 4016 in

614 4046 824 4096 materia
853 4048 1032 4113 gratia:
1053 4056 1097 4098 et
1125 4045 1269 4100 liberi
1296 4048 1514 4116 arbitrii,
1539 4065 1652 4101 cum
1669 4047 1903 4103 Gelasius
1923 4061 2189 4119 utrumque

613 4137 843 4200 damnet,
884 4137 1092 4189 laudato
1119 4137 1395 4208 Prospero.
1442 4140 1587 4193 Sicut
1618 4139 1868 4194 Faustum
1901 4142 2188 4196 htereticum

612 4227 829 4279 ostendit
858 4225 1015 4280 Joan.
1052 4227 1338 4282 Maxentius
1368 4231 1419 4282 in
1454 4231 1554 4296 ﬁne
1590 4230 1708 4283 libri
1750 4233 1831 4284 sui
1871 4243 2044 4284 contra
2082 4235 2189 4300 epi-

613 4319 795 4370 s'olam
824 4318 1137 4372 Possessoris
1162 4363 1176 4386 ,
1227 4329 1273 4374 et
1305 4320 1488 4375 Petrus
1533 4324 1804 4387 diaconus,
1851 4340 1966 4376 cum
2006 4326 2110 4378 suis
2135 4327 2189 4378 in

613 4411 783 4464 libello
821 4413 890 4464 ad
913 4409 1246 4485 Fulgentium
1291 4415 1444 4467 misso
1463 4455 1478 4476 ,
1522 4417 1608 4483 qui
1633 4432 1663 4467 a
1698 4415 1966 4485 Fulgentio
1996 4433 2188 4488 appro-

611 4505 759 4555 batur
791 4520 809 4557 :
845 4514 1021 4558 contra
1063 4520 1207 4571 quem
1240 4503 1491 4558 Faustum
1539 4514 1777 4574 tanquant
1817 4509 2009 4561 occulte
2042 4507 2190 4561 Pela-

613 4594 776 4662 gianis
840 4598 1228 4649 consent'entem
1294 4599 1550 4667 scripsisse
1604 4595 1930 4666 Fulgentium
1979 4610 2188 4653 testatur

2297 3404 2418 3456 dicit
2445 3403 2508 3456 de
2528 3401 2806 3472 Augustino
2829 3415 2846 3452 :
2870 3416 2888 3449 ι
2912 3397 3050 3452 Licet
3067 3397 3200 3452 enim
3225 3396 3500 3464 capacibus
3522 3396 3844 3450 dubitationem

2290 3497 2353 3550 de
2378 3495 2617 3549 abortivis
2661 3495 2872 3563 faceret,
2903 3507 3046 3546 error
3071 3497 3236 3544 tamen
3266 3489 3409 3543 illius
3440 3506 3666 3543 sermone
3687 3487 3839 3540 multo.

2289 3598 2343 3642 ut
2377 3588 2612 3655 superius
2641 3585 2773 3652 dixi,
2799 3594 3086 3638 contractus
3108 3583 3242 3637 lucta
3272 3583 3493 3636 hostium
3523 3591 3844 3654 exaggerem,

2290 3681 2505 3733 necdum
2547 3679 2751 3732 harenis
2797 3677 3125 3747 qua’stionem
3174 3676 3352 3742 dedit,
3382 3695 3400 3729 ι
3456 3677 3531 3730 sie
3575 3677 3710 3727 habet
3747 3674 3843 3727 cod'

2294 3769 2562 3825 Parcensis
2592 3769 2810 3836 scriptus
2831 3810 2845 3834 ,
2884 3768 3082 3821 omissis
3128 3768 3235 3819 istis
3263 3767 3428 3820 verbis
3455 3783 3474 3821 :
3517 3785 3536 3818 ε
3562 3766 3761 3836 Egregia
3784 3767 3848 3817 in-

2291 3864 2434 3934 genio
2480 3869 2526 3914 et
2574 3860 2842 3914 excellenti
2887 3860 3057 3913 studio
3109 3858 3353 3912 Ecclesite
3399 3861 3621 3912 serviens
3677 3844 3848 3911 Iuliani

2291 3954 2514 4007 hteretici
2561 3953 2701 4005 libris
2727 3993 2740 4015 ,
2774 3952 2904 4004 inter
2945 3953 3187 4021 impetum
3237 3950 3578 4005 obs’dentium
3612 3949 3847 4004 Vandale-

2290 4064 2399 4099 rum
2424 4047 2474 4098 in
2500 4047 2611 4113 ipso
2637 4045 2833 4098 dierum
2862 4058 3068 4097 suorum
3098 4043 3201 4112 ﬁne
3225 4042 3515 4108 respondit,
3549 4055 3595 4096 et
3621 4046 3670 4095 in
3698 4043 3848 4108 defun-

2290 4141 2429 4194 sione
2449 4138 2598 4193 Chris
2626 4140 2756 4190 iuna.’
2781 4154 2860 4198 sa;
2879 4138 3043 4189 ient'a:
3065 4152 3404 4205 perseverans,
3435 4136 3669 4197 moritur,
3701 4132 3846 4187 Theo-

2289 4231 2434 4285 dosio
2481 4241 2524 4284 et
2577 4229 2935 4283 Valentiniano
2977 4226 3317 4297 regnantibus.
3354 4244 3371 4277 ι
3409 4223 3476 4278 Et
3521 4228 3585 4279 de
3626 4225 3848 4292 Prospero

2291 4325 2362 4376 sic
2387 4322 2599 4375 adducit
2626 4323 2842 4391 scriptus
2866 4320 3009 4383 liber,
3040 4328 3304 4386 postquam
3335 4319 3467 4372 dixit
3493 4318 3781 4372 Cassianum
3806 4322 3844 4364 et

2294 4412 2603 4483 Prosperunt
2645 4413 2913 4464 sententias
2952 4412 3234 4462 contrarias
3279 4409 3464 4462 habere
3510 4410 3575 4462 de
3619 4409 3771 4477 gratia
3809 4413 3846 4457 et

2292 4510 2445 4563 libero
2483 4508 2693 4560 arl‘i.‘rio
2731 4524 2750 4560 :
2799 4526 2816 4557 ι
2858 4505 2956 4558 Hic
2985 4509 3134 4558 ctiam
3181 4503 3401 4572 Prosper
3431 4512 3547 4569 post
3591 4503 3766 4553 obitum
3795 4495 3842 4546 Β.

2294 4598 2583 4667 Augustini,
2615 4599 2724 4667 ejus
2741 4600 2927 4648 eontra
2949 4590 3179 4646 inimicos
3211 4593 3390 4661 gratia!
3418 4591 3610 4643 Christi
3637 4591 3847 4658 defensor

623 4685 910 4740 Vincentius
951 4688 1002 4740 in
1034 4687 1257 4755 Speculo
1304 4659 1554 4741 ltisloriali
1573 4731 1586 4752 ,
1621 4659 1728 4744 lib:
1748 4706 1814 4742 xx
1838 4731 1853 4753 ,
1901 4707 2015 4758 cap.
2061 4693 2179 4746 106.
2215 4659 2264 4719 D
2289 4659 2513 4751 exstitit;
2539 4659 2579 4738 ri
2600 4659 2781 4756 etpost
2813 4683 2860 4736 F
2863 4696 3063 4736 austum
3087 4685 3158 4735 sic
3187 4659 3421 4736 subditur
3452 4684 3503 4733 in
3526 4681 3655 4734 libro
3682 4679 3846 4743 scripto

614 4776 755 4830 Sane
781 4787 954 4830 contra
983 4778 1283 4830 Cassianum
1321 4789 1369 4832 et
1403 4777 1648 4832 Faustum
1676 4825 1689 4846 ,
1737 4782 2021 4849 similesque
2064 4800 2185 4836 con-

611 4879 872 4938 gregatum
919 4870 1116 4922 videtur
1157 4871 1521 4922 Arausicunum
1567 4872 1834 4924 concilium
1882 4873 2181 4939 secundum,

2291 4779 2622 4832 Parccusium
2667 4786 2713 4829 et
2745 4775 3226 4829 Bethlehemi‘arum
3269 4790 3385 4840 cap.
3417 4775 3444 4826 8
3454 4773 3488 4826 6
3512 4785 3533 4824 .‘
3576 4790 3593 4822 ι
3624 4769 3847 4826 Casarius

2290 4868 2594 4921 Arelatensis
2642 4869 2929 4936 ep'scopus,
2955 4867 3028 4917 vir
3059 4866 3221 4918 sancti
3244 4875 3326 4917 ate
3366 4875 3413 4916 ct
3445 4865 3627 4915 virtute
3655 4861 3844 4922 celeber,

613 4961 754 5024 iussu
785 4957 964 5012 Leon’s
995 4961 1161 5026 primi.
1185 4958 1414 5012 Isidorus
1442 4962 1491 5012 in
1522 4960 1768 5032 Catalogo
1787 4979 1806 5015 :
1833 4982 1848 5010 ι
1880 4961 2184 5035 Fulgentius
2287 4977 2368 5012 scr
2390 4961 2486 5028 p.it
2517 4959 2716 5029 egregia
2744 4968 2792 5012 et
2830 4968 2975 5028 grata
3017 4958 3179 5021 valde,
3213 4965 3258 5008 et
3295 4955 3561 5008 monachis
3586 4953 3848 5007 necessaria

613 5050 810 5118 scripsit
833 5051 896 5103 de
922 5051 1087 5119 graia
1117 5060 1162 5102 et
1191 5051 1348 5102 libero
1375 5052 1582 5102 arbitrio
1603 5054 1756 5103 libros
1780 5053 2180 5118 Responsionum
2288 5054 2570 5120 opuscula;
2610 5053 2673 5105 de
2713 5051 2878 5121 gratia
2920 5066 3114 5120 quoque
3160 5060 3206 5102 et
3249 5049 3404 5102 libero
3447 5049 3662 5101 urb.trio
3708 5045 3849 5099 edidit

612 5150 816 5209 septem.
849 5138 911 5192 In
933 5142 1112 5205 quibus
1140 5138 1340 5193 Fausto
1367 5140 1548 5192 Gallia:
1574 5139 1873 5210 ﬂltegieusis
1911 5143 2047 5195 urbis
2073 5145 2181 5211 epi-

2290 5145 2573 5197 testimonia
2604 5142 2988 5213 Scripturarum
3017 5151 3061 5192 et
3091 5151 3381 5193 sanctorum
3417 5139 3631 5193 Patrum
3651 5138 3849 5210 judiciis

610 5250 634 5285 s
665 5249 783 5299 opo,
815 5232 1106 5301 Pelagiana:
1145 5233 1378 5303 pravitati
1425 5234 1754 5285 consentienti
1793 5234 2040 5286 adnititur
2071 5251 2182 5294 eus
2287 5235 2521 5296 munita,
2573 5236 2659 5287 ubi
2703 5234 2844 5287 docet
2895 5233 3147 5286 hominem
3198 5234 3503 5302 deproprio
3549 5232 3677 5284 nihil
3715 5244 3850 5298 agere

611 5326 918 5393 profundam
945 5324 1201 5377 destruere
1223 5322 1739 5376 caltiditatemalmo
1757 5324 2048 5378 Gennadius
2068 5327 2178 5378 lau-
2285 5327 2400 5378 boni
2423 5368 2435 5388 ,
2481 5327 2578 5378 nisi
2603 5342 2717 5378 eum
2759 5327 2929 5378 divina
2966 5327 3132 5396 gratia
3181 5329 3474 5392 prirvcnerit
3513 5341 3532 5379 :
3559 5324 3693 5393 quod
3733 5338 3849 5391 opus

611 5415 698 5464 dat
732 5415 917 5466 librum
958 5414 1288 5484 Eulogtarum
1333 5415 1559 5486 Pe'agii,
1600 5431 1747 5484 quem
1789 5417 1916 5469 libro
1948 5433 1959 5468 I
2001 5427 2177 5470 contra
2284 5418 2431 5469 etiant
2460 5435 2592 5487 papa
2629 5416 2774 5470 Felix
2800 5433 2890 5488 per
2924 5433 3066 5469 suam
3123 5417 3390 5486 epistolam
3432 5417 3704 5476 roboravit,
3730 5423 3773 5467 et
3800 5414 3844 5464 in

617 5500 917 5570 Pila-annos
968 5517 1206 5572 tanquam
1258 5506 1546 5560 hiereticum
1590 5508 1750 5575 rejicit
1805 5507 2171 5577 Hieronymus.
2292 5509 2365 5562 La
2389 5511 2486 5563 inis
2533 5509 2887 5581 promulgavit.
2923 5507 3123 5560 Floruit
3157 5525 3217 5562 eo
3255 5517 3478 5572 tempore
3504 5525 3604 5577 quo
3632 5519 3679 5560 ct
3717 5502 3849 5558 Fau-

615 5595 748 5650 Nam
770 5599 840 5649 ibi
865 5602 1071 5652 docetur
1098 5618 1267 5654 omnes
1297 5602 1548 5654 voluntate
1578 5602 1784 5674 propria
1807 5604 1932 5671 regi,
1961 5613 2007 5655 et
2034 5621 2179 5670 posse
2283 5612 2412 5664 stus,
2458 5601 2727 5654 Anastasio
2753 5617 2915 5669 remyi.
2957 5601 3284 5669 gubernante.
3318 5617 3335 5649 ι
3372 5598 3495 5652 Hiec
3517 5601 3734 5666 scriptus
3771 5610 3847 5647 co-

609 5701 719 5740 esse
739 5689 984 5741 hominem
1013 5694 1121 5744 sine
1159 5702 1386 5759 peccato,
1417 5702 1464 5744 et
1494 5692 1645 5761 facile
1681 5695 1923 5746 mindata
1960 5693 2050 5746 Dei
2080 5711 2174 5745 cu-
2283 5695 2400 5746 dex.
2433 5691 2555 5745 lla'c
2585 5708 2682 5744 non
2715 5690 2952 5744 videnlur
2973 5690 3226 5744 Geuuadii
3275 5689 3363 5743 sed
3388 5689 3623 5742 catholici
3650 5684 3848 5741 volentis

683 5796 761 5859 (η)
805 5797 853 5850 LI
884 5809 990 5860 est,
1032 5799 1189 5856 libros
1229 5803 1644 5861 Sententiarum.
1678 5805 1728 5857 in
1771 5807 1955 5868 quibus
1991 5805 2148 5858 animi
2182 5808 2397 5860 ἀπάθεια
2429 5805 2748 5859 defenditur.
2783 5806 2925 5859 Eutr.
