4108 6330
272 248 412 306 ωδε]

813 259 900 312 Al)
939 258 1195 317 LIBRUM
1238 259 1324 315 DE
1361 258 1851 318 SCRIPTORIBUS
1894 261 2444 322 ECCLESIASTICIS
2483 266 3008 329 PROLEGOMENA.

3418 279 3560 339 1058

268 366 464 421 mederi
492 366 785 428 Gennadio.
829 371 932 426 Hic
961 372 1211 429 Caesarius
1246 374 1444 443 primus
1470 374 1768 444 subscripsit
1812 376 1862 428 in
1894 380 1942 439 Α
1969 380 2183 433 dantur.
2232 376 2499 433 Honorius
2546 392 2679 438 certe
2731 378 2819 451 qui
2866 386 3036 442 volens
3095 389 3269 458 utique
3312 393 3561 449 neminem

268 460 495 513 secundo
523 462 740 516 concilio
768 464 1115 532 Arausicano,
1154 474 1202 520 et
1244 466 1305 535 fit
1341 466 1422 520 hic
1454 467 1642 520 mentio
1675 466 1807 522 Feli.
1822 468 1867 520 is
1970 466 2203 521 omisisse
2229 470 2429 523 videtur
2460 473 2539 541 (ut
2568 484 2686 541 pote
2730 492 2846 530 cum
2887 478 3044 533 etiam
3076 477 3385 550 Dionysium
3407 482 3563 540 Areo-

267 569 422 624 paptz
457 556 616 611 tertii.
646 556 791 612 Licet
829 568 1002 614 autem
1050 559 1346 616 Gennadius
1396 559 1450 614 in
1497 558 1748 631 Catalogo
1782 576 1864 613 re-

265 657 476 700 censeat
507 648 560 701 in
590 646 856 715 Pomerio,
904 650 1201 706 Pomerium
1226 652 1490 721 disputare
1530 651 1596 705 de
1628 649 1870 721 originali

263 749 476 807 peccato
504 779 520 807 ,
569 758 673 797 non
700 751 868 798 tamen
898 744 1160 815 putandus
1186 754 1260 801 est
1299 744 1599 800 Gennadius
1639 745 1733 799 hoc
1767 763 1867 811 ap-

260 833 503 900 probare.
553 832 655 887 Hic
703 837 835 889 enim
870 835 1139 892 Pomerius
1177 836 1479 908 (secundum
1521 834 1780 889 Isidorum
1810 839 1863 889 in

259 922 515 993 Catalogo
541 941 656 996 cap.
690 927 780 997 12)
818 946 835 978 ι
859 929 912 982 in
939 945 992 983 se
1010 930 1159 983 ~undo
1188 932 1267 983 sui
1298 928 1465 999 operis
1499 928 1628 982 libro
1655 927 1861 982 Tertul-

256 1015 388 1069 liani
434 1018 695 1074 erroribus
739 1036 834 1074 con
864 1022 1056 1075 entiens
1079 1062 1096 1089 ,
1139 1022 1368 1075 animant
1412 1036 1708 1092 corpoream
1755 1036 1861 1074 esse

254 1105 431 1174 dixit,
476 1109 779 1177 quibusdam
823 1112 1100 1181 fallacibus
1139 1115 1453 1185 argumentis
1493 1115 1589 1167 hoc
1631 1122 1862 1168 astruere

254 1200 629 1255 contendens»
668 1201 797 1256 Illac
824 1201 1083 1260 Isidorus.
1123 1204 1334 1260 Certum
1364 1186 1437 1260 est
1477 1206 1572 1260 hoc
1619 1222 1720 1259 non
1765 1221 1860 1277 ap-

252 1290 498 1358 probasse
528 1289 873 1349 Gennadium.
904 1294 1036 1349 Παῖς
1064 1295 1155 1351 ille
1193 1312 1212 1351 :
1236 1297 1418 1370 quibus
1444 1306 1491 1352 et
1520 1299 1682 1352 nostri
1709 1297 1851 1350 eodio

253 1395 336 1434 ces
366 1397 494 1435 mss.
528 1378 758 1454 plerique
798 1384 1169 1459 suffragantur,
1202 1399 1257 1443 ut
1288 1389 1395 1444 suis
1421 1388 1548 1443 locis
1577 1387 1858 1442 iudicaturi

252 1490 455 1530 sumus.
491 1473 600 1530 Nec
630 1487 706 1531 est
743 1480 908 1533 ullum
949 1481 1249 1550 prasentius
1292 1482 1449 1554 hujus
1482 1482 1557 1536 rei
1585 1497 1860 1552 argutum-

250 1575 400 1633 tum,
448 1586 605 1643 quam
650 1572 789 1642 quod
835 1574 954 1628 cod.
1006 1591 1101 1629 ms.
1147 1592 1245 1645 quo
1273 1576 1565 1629 vetustiores
1610 1585 1766 1642 sunt,
1797 1589 1856 1627 eo

251 1663 502 1727 pauciora
548 1660 817 1719 Gennadio
855 1666 1227 1721 medicamenta
1265 1666 1530 1721 addidisse
1567 1666 1853 1737 dtprehen-

1973 561 2198 632 pagitam
2220 561 2529 635 Hieronymo
2541 572 2925 637 conservaverit,
2936 588 3085 640 quem
3099 572 3152 626 in
3167 570 3413 646 Cutalogo
3428 580 3564 648 apud

1971 650 2143 720 ipsum
2168 652 2537 725 Hieronymum
2582 659 2780 714 codices
2809 678 2979 716 omnes
3005 663 3296 719 desiderant
3314 666 3562 736 )At-itum

1972 759 2089 814 cap.
2112 743 2204 809 47.
2224 755 2273 799 et
2291 745 2580 801 Pomerium
2601 766 2718 817 cap.
2740 752 2829 816 98,
2856 763 2904 808 et
2932 753 3255 811 Honoratum
3273 756 3562 814 Alassi'ien-

1971 850 2227 905 sem,cap.
2244 835 2312 892 99
2341 838 2395 891 in
2418 836 2669 893 Gennadii
2697 840 2943 915 Catalogo
2968 847 3208 915 positum,
3233 864 3327 916 pro
3358 848 3561 903 Genna-

1963 926 2131 984 dianis
2160 945 2262 984 non
2288 944 2538 1002 agnosett.
2560 932 2675 988 lluc
2702 938 2897 991 accedit
2925 941 3061 1008 quod
3085 941 3137 995 in
3168 947 3283 996 cod.
3302 959 3397 997 ms.
3415 942 3559 998 Har-

1962 1023 2158 1077 liniano
2187 1024 2312 1078 satis
2338 1028 2555 1090 recenti,
2590 1038 2643 1081 ut
2678 1031 2898 1089 videtur.
2929 1048 3031 1102 quo
3070 1049 3161 1087 nos
3187 1035 3320 1089 inter
3346 1046 3556 1091 caeteros

1961 1115 2041 1166 usi
2075 1131 2273 1181 sumus,
2306 1117 2441 1169 hunc
2488 1119 2779 1189 prologum,
2819 1138 2969 1190 quem
3008 1124 3225 1191 proinde
3252 1125 3321 1179 ad
3350 1128 3555 1180 verbum

1958 1204 2318 1279 hic-subjicere
2343 1210 2555 1278 placuit,
2584 1209 2855 1267 Gennadio
2880 1217 3212 1285 prmpositum
3234 1218 3553 1286 reperimus;

1957 1297 2047 1366 qui
2094 1299 2267 1369 utique
2304 1317 2418 1353 cum
2458 1300 2528 1353 ad
2564 1300 2888 1358 Gennadium
2933 1305 3064 1359 nihil
3112 1307 3299 1377 faciat,
3346 1325 3393 1362 nt
3426 1310 3553 1364 dela:

1956 1388 2125 1457 gratia
2155 1390 2200 1442 ei
2229 1390 2436 1444 additus
2462 1392 2621 1446 videri
2666 1393 2851 1461 debet,
2900 1407 2953 1449 ut
2996 1386 3265 1451 sinistram
3299 1397 3551 1454 Gennadii

1959 1480 2022 1533 de
2065 1476 2382 1552 Ilierongtno
2421 1497 2725 1550 censuram,
2773 1487 2837 1539 de
2877 1503 2979 1557 qua
3024 1504 3183 1561 supra
3212 1489 3407 1543 dictum
3453 1500 3546 1552 est.

1960 1582 2253 1640 Opportune
2279 1573 2556 1644 mitigaret.
2585 1573 2838 1648 Prologus
2866 1579 2937 1631 ita
2958 1577 3106 1633 habet
3129 1595 3183 1633 :t
3204 1579 3548 1654 Hieronymus

1961 1671 2130 1717 master
2156 1662 2341 1718 litteris
2366 1662 2560 1719 Grecis
2585 1681 2645 1719 ac
2674 1665 2930 1723 Latinis.»
2965 1677 3073 1723 etc.

712 1820 1204 1885 EXCERPTUNI
1245 1824 1361 1885 EX
1403 1822 1783 1887 VINDICIIS
1828 1821 2119 1883 ALARDI
2163 1821 2428 1883 GAZEI
2481 1824 2635 1884 PRO
2677 1824 3089 1888 CASSIANO.

324 1958 407 2015 Ne
435 1961 592 2015 lector
622 1978 833 2016 miretur
861 1980 953 2018 nos
977 1969 1043 2018 de
1083 1965 1490 2022 Massiliensibus
1533 1967 1631 2022 dic.
1647 1983 1702 2020 re
1743 1981 1838 2034 po-
1874 1944 1919 2004 Β
1946 1962 2171 2030 scriptis,
2206 1965 2395 2030 passim
2417 1981 2501 2017 eos
2535 1967 2725 2022 l'tatrcs
2754 1978 2920 2034 vocat,
2950 1979 2995 2022 et
3019 1969 3070 2022 in
3097 1985 3130 2022 lt
3159 1971 3307 2037 libro,
3332 1988 3428 2042 cap
3452 1976 3537 2043 Π,

251 2053 412 2107 tuisse
434 2053 554 2107 illos
576 2054 701 2107 olim
725 2054 835 2108 sine
860 2064 981 2110 nota
1000 2055 1312 2127 schismatis,
1336 2068 1427 2113 aut
1445 2059 1646 2113 unionis
1670 2058 1846 2112 cathoo

248 2148 363 2201 lica:
411 2146 610 2213 injuria
636 2188 649 2207 .
708 2148 773 2201 tb
827 2150 1142 2220 Augustino,
1190 2150 1478 2222 Prospero,
1528 2142 1843 2223 Fulgentio,

247 2238 466 2309 aliisque
488 2246 621 2293 recte
632 2240 958 2295 sentientibus
978 2242 1273 2308 dissentire,
1291 2242 1453 2298 donec
1474 2242 1706 2297 Ecclesia
1730 2260 1839 2297 sene

249 2332 463 2385 tentiam
496 2331 810 2401 deﬁnitivam
844 2334 1262 2406 interposuisset;
1301 2338 1434 2391 sciat
1464 2337 1844 2392 Arausicanum

251 2423 531 2477 concilium
572 2426 874 2490 secundum,
916 2425 1056 2496 quod
1105 2441 1170 2480 ea;
1196 2427 1459 2481 sententiis
1498 2426 1774 2497 Augustini
1799 2437 1843 2482 et

254 2511 508 2584 Prosperi
530 2524 706 2568 contra
738 2515 1179 2588 Semipelagianos
1206 2526 1278 2572 est
1322 2520 1683 2573 concinnatum
1710 2502 1841 2574 cele-

247 2604 457 2659 bratum
506 2606 664 2677 fuisse
700 2623 838 2662 anno
865 2609 1272 2680 quingentesimo
1301 2612 1538 2667 vicesimo
1563 2606 1725 2674 nono,
1748 2612 1843 2665 sub

249 2696 428 2753 Felice
464 2697 540 2751 ιγ
572 2716 739 2771 papa;
768 2708 817 2755 et
844 2702 976 2755 male
998 2702 1245 2772 confundi
1273 2719 1306 2756 a
1345 2702 1518 2758 multis
1538 2720 1655 2757 eum
1679 2706 1841 2757 Arau-

245 2793 426 2845 sicana
450 2795 639 2862 primo,
672 2791 810 2860 quod
836 2792 929 2847 sub
962 2792 1132 2848 Leone
1153 2804 1382 2849 coactum
1407 2795 1531 2866 fuit,
1561 2811 1652 2848 nec
1678 2796 1838 2850 edidit

245 2880 471 2939 canones
498 2883 562 2938 de
590 2884 720 2953 ﬁde,
752 2887 841 2939 sed
883 2886 947 2940 de
979 2884 1226 2942 Ecclesiae
1254 2886 1503 2942 duntaxat
1528 2888 1754 2941 moribus
1793 2900 1841 2943 et

247 2976 503 3032 libertate.
549 2974 796 3031 Doctores
844 2986 1016 3034 autem
1064 2988 1111 3034 et
1154 2976 1436 3047 Pontifices
1481 2995 1639 3051 usque
1665 2981 1735 3032 ad
1788 2978 1840 3033 id

245 3077 447 3137 tempus
494 3066 843 3123 Massilienses
890 3067 1000 3140 (qui
1055 3078 1229 3139 postea
1269 3068 1667 3141 Semipelagiani
1721 3081 1839 3124 sunt

246 3158 514 3233 appellati)
529 3160 821 3215 toleravisse
838 3170 1079 3233 tanquam
1091 3161 1372 3217 catholicos
1392 3173 1439 3217 et
1462 3164 1594 3217 uiros
1613 3174 1834 3230 sanctos,

245 3262 293 3307 et
315 3253 363 3308 si
382 3268 555 3307 errore
580 3253 828 3323 peculiari
856 3252 1097 3319 irretitos,
1119 3254 1244 3308 satis
1269 3263 1487 3309 constat.
1521 3254 1681 3308 Aliter
1704 3254 1834 3308 enim

246 3342 415 3398 multo
426 3342 682 3415 judicavit
728 3341 962 3399 Ecclesia
1001 3343 1098 3399 Dei
1121 3344 1185 3399 de
1203 3344 1269 3399 iis
1291 3345 1380 3416 qui
1406 3343 1523 3400 licet
1552 3345 1835 3400 absolutam

244 3435 742 3504 prtvdestinationem
756 3437 817 3489 ab
832 3434 1120 3508 Augustino
1141 3437 1386 3490 acerrime
1397 3437 1660 3507 defensam
1680 3452 1831 3508 nega—

244 3533 386 3590 runt,
398 3525 616 3598 gratiam
638 3535 805 3579 tamen
822 3526 1208 3593 prtevenientem
1223 3542 1479 3597 agnoscer.
1497 3535 1585 3590 nt,-
1605 3527 1757 3581 aliter
1775 3528 1838 3581 de

248 3616 706 3689 Semipelagiauis,
746 3618 834 3688 qui
860 3618 1043 3687 gratim
1079 3620 1281 3690 prtrviat
1317 3620 1664 3674 necessitatem
1685 3619 1838 3674 tolle-

245 3719 388 3773 rent,
414 3719 462 3763 et
492 3717 659 3763 tamen
685 3711 1036 3764 necessitatem
1063 3711 1245 3782 gratia
1269 3712 1570 3783 simpliciter
1597 3712 1834 3767 conside-

247 3810 377 3855 rata
405 3800 820 3869 confitebantur;
861 3803 1012 3857 aliter
1054 3803 1269 3872 denique
1298 3803 1361 3858 de
1405 3804 1721 3875 Pelagianis,
1752 3806 1838 3875 qui

244 3892 471 3961 gratiam
512 3893 687 3947 utilem
742 3894 945 3960 quidem
974 3895 1306 3965 fatebantur,
1354 3895 1445 3952 sed
1495 3898 1836 3952 necessariam

245 4000 357 4037 esse
391 3986 660 4056 negabant.
693 3983 967 4058 Pelagiani
988 3988 1123 4042 enim
1153 3988 1575 4061 cxpungebantur
1598 4005 1627 4043 e
1658 3988 1835 4044 catho-

249 4078 467 4132 licorum
499 4094 731 4143 numero,
758 4079 1115 4136 ecclesiasticis
1136 4081 1483 4151 functionibus
1509 4081 1832 4151 arcebantur,

246 4169 512 4236 rescriptis
566 4169 912 4240 intperatoriis
975 4172 1398 4239 damnabantur;
1437 4172 1838 4247 Semipelagiani

246 4260 372 4314 olim
401 4277 495 4332 pro
516 4262 783 4317 catholicis
813 4261 1154 4328 Itubtbantur,
1179 4273 1228 4319 et
1257 4266 1310 4319 in
1337 4264 1579 4337 gradibus
1602 4264 1839 4319 ecclesia-

245 4352 403 4411 sticis-
443 4363 579 4407 stare
608 4353 1055 4423 permittebantur.
1104 4355 1371 4411 Sententia
1410 4366 1577 4410 tamen
1627 4353 1837 4410 illorum

244 4444 487 4513 synodali
502 4445 701 4499 decreto
715 4456 764 4499 et
786 4445 1031 4501 Romana:
1054 4445 1298 4501 Ecclesite
1310 4447 1611 4501 auctoritate
1633 4448 1838 4501 tandem

246 4540 492 4592 damnata
507 4547 579 4592 est
595 4536 696 4591 :sic
723 4547 891 4593 tamen
916 4550 970 4593 ut
993 4540 1092 4611 ipsi
1117 4539 1461 4595 Massilienses
1482 4542 1570 4607 qui
1588 4555 1699 4593 eam
1720 4548 1841 4594 ante

246 4630 623 4686 Arausicanum
654 4647 690 4686 ll
713 4633 986 4687 concilium
1006 4642 1295 4700 tenuerant,
1331 4649 1433 4688 non
1449 4634 1834 4690 damnarentur.

250 4726 356 4789 Qui
379 4740 498 4778 uero
523 4725 819 4780 absolutum
863 4727 1120 4781 decretum
1154 4727 1621 4797 pmdestinat’onis
1656 4734 1834 4779 contra

234 4816 597 4888 Augustinum
642 4819 926 4890 negabant,
953 4833 1057 4872 non
1108 4818 1262 4872 modo
1308 4833 1410 4871 non
1454 4816 1835 4873 damnabantur

248 4908 480 4975 haeresis,
512 4917 567 4963 ut
599 4907 894 4979 Pelagiani,
941 4910 1031 4966 sed
1062 4924 1153 4965 nec
1182 4910 1371 4964 erroris
1396 4948 1412 4972 ,
1444 4917 1499 4962 ut
1546 4906 1832 4977 Semipela-

224 4998 390 5071 ‘giani
406 5015 427 5063 ;
449 4997 538 5052 sed
568 4997 985 5070 permittebantur
1012 5000 1067 5053 in
1103 5016 1201 5053 suo
1240 5015 1395 5053 sensu
1420 4999 1714 5065 abundare,
1741 4998 1836 5053 etsi

247 5090 455 5157 fortiter
482 5104 566 5143 eos
600 5088 824 5159 Prosper
846 5099 892 5144 et
913 5089 1005 5143 alii
1025 5090 1298 5160 Augustini
1318 5089 1610 5161 defensores
1633 5093 1828 5160 refuto.

247 5192 383 5237 rent.
414 5181 481 5237 Et
512 5181 824 5257 Pelagianos
853 5183 1056 5255 quidem
1096 5193 1216 5237 tunc
1247 5183 1563 5239 anathemati
1584 5182 1836 5256 subjectos

248 5275 415 5345 fuisse
450 5282 694 5344 tanquam
715 5273 1005 5340 haereticos,
1035 5291 1135 5328 non
1164 5286 1239 5330 est
1265 5291 1392 5342 opus
1416 5275 1701 5340 ostendere,
1744 5290 1835 5328 ne-

251 5385 338 5424 mo
362 5369 499 5423 enim
528 5369 744 5429 dubitat.
769 5369 834 5426 At
870 5369 1218 5423 Massilienses
1239 5377 1286 5422 et
1307 5365 1579 5421 Gallorum
1606 5367 1839 5421 doctores

250 5461 340 5531 qui
369 5475 483 5514 cum
504 5460 610 5514 illis
637 5459 933 5522 sentiebant,
962 5459 1217 5513 catholica
1243 5458 1602 5512 communione
1626 5466 1837 5527 propter

251 5566 479 5607 errorem
519 5567 672 5607 suum
706 5566 813 5606 non
860 5551 1019 5621 fuisse
1047 5551 1295 5621 pritva‘os,
1316 5549 1406 5604 sed
1449 5549 1502 5603 in
1540 5557 1835 5603 sanctorum

252 5645 474 5712 fratrum
489 5658 700 5697 numero
715 5642 937 5706 habitos,
961 5642 1083 5695 satis
1096 5650 1291 5695 constat
1304 5656 1366 5693 ex
1379 5640 1493 5709 ipso
1522 5639 1831 5709 Augustino,

250 5736 360 5805 qui,
403 5735 455 5791 in
507 5735 647 5790 libris
689 5744 864 5789 contra
909 5749 992 5788 eos
1021 5734 1087 5787 ad
1139 5730 1446 5803 Prosperunt
1494 5740 1539 5785 et
1572 5728 1835 5786 llilarfttm

1948 2055 2011 2111 ab
2065 2055 2300 2110 Ita'retica
2344 2056 2590 2128 pravitate
2607 2068 2837 2125 excusat,
2863 2060 3038 2115 dicens
3070 2074 3091 2116 :
3124 2081 3142 2113 ι
3185 2062 3365 2134 Neque
3406 2068 3539 2122 enim

1948 2144 2226 2218 Pelagiani
2272 2156 2413 2214 sunt,
2466 2157 2523 2203 ut
2564 2149 2809 2204 adversus
2860 2152 3011 2204 istam
3053 2153 3314 2207 veritatem
3343 2140 3547 2231 perspi-i

1947 2256 2097 2294 cnam
2116 2240 2249 2295 dura
2267 2252 2313 2294 et
2334 2240 2574 2296 haeretica
2597 2243 2919 2311 perversitate
2941 2244 3277 2312 contendant;
3303 2248 3390 2302 sed
3406 2247 3536 2318 haec,

1949 2334 2207 2401 inquiunt,
2244 2344 2299 2388 ut
2329 2349 2360 2387 a
2390 2333 2497 2388 Deo
2519 2334 2706 2388 dentur
2734 2318 2899 2401 nobis,
2925 2336 3053 2404 fidts
3081 2336 3298 2408 insperat
3323 2356 3437 2407 quc
3455 2342 3535 2395 in-

1945 2424 2067 2495 cipit
2092 2440 2125 2478 a
2148 2424 2313 2479 nobis.
2346 2442 2365 2476 s
2402 2424 2466 2478 Et
2495 2425 2681 2480 ibidem
2711 2442 2826 2499 cap.
2860 2426 2968 2482 2t:
3000 2446 3017 2479 t
3048 2426 3166 2481 Hoc
3191 2428 3383 2483 donum
3404 2431 3535 2503 (glo-

1945 2518 2120 2570 riandi
2161 2518 2213 2571 in
2264 2515 2510 2587 Domino)
2563 2516 2861 2590 Pelagianis
2910 2529 3143 2582 optamus
3193 2530 3247 2576 ut
3283 2521 3533 2586 habeant;

1943 2609 2057 2662 istis
2085 2619 2259 2662 autem
2301 2610 2510 2675 nostris,
2566 2618 2620 2662 ut
2650 2610 2851 2680 plenius
2897 2592 3137 2665 ltubéant.
3184 2610 3305 2666 Non
3363 2615 3532 2684 itaque

1944 2702 2102 2755 simus
2133 2701 2185 2754 in
2212 2701 2644 2768 disputationibus
2674 2702 2919 2773 prompti,
2939 2703 2990 2756 itt
3013 2702 3328 2758 orationibus
3354 2705 3452 2776 pig.
3471 2706 3491 2761 i
3513 2723 3532 2759 :

1946 2809 2167 2859 oremus,
2196 2792 2531 2854 dilectissimi,
2558 2809 2760 2848 oremus
2788 2804 2844 2846 ut
2878 2791 3014 2848 Deus
3037 2794 3257 2865 grutiom
3295 2798 3377 2851 det
3426 2798 3529 2850 ini-

1945 2885 2088 2938 micis
2118 2884 2303 2939 nostris
2335 2882 2672 2957 (Pelagianos
2694 2884 2977 2956 intelligit),
3010 2887 3330 2957 maximeque
3349 2889 3528 2957 fratri-

1943 2975 2037 3029 bus
2080 2983 2126 3028 et
2167 2975 2495 3030 dilectoribus
2542 2976 2731 3029 nostris
2785 2974 3090 3047 intelligere,
3135 2978 3271 3045 conﬁ
3290 2978 3384 3046 eri,
3416 2989 3530 3050 post

1942 3066 2196 3139 ingentem
2223 3074 2269 3121 et
2302 3065 2609 3135 ineffabilem
2629 3066 2856 3136 ruinam,
2879 3083 2981 3137 qua
3008 3068 3060 3122 in
3081 3084 3183 3122 uno
3204 3064 3373 3123 omnes
3400 3072 3528 3125 ceci-

1942 3158 2128 3222 dimus,
2164 3159 2416 3213 neminem
2444 3157 2545 3212 nisi
2583 3158 2753 3229 gratia
2785 3158 2879 3212 Dei
2900 3158 3145 3223 liberari;
3193 3176 3405 3229 eantque
3424 3178 3525 3216 non
3614 3232 3615 3235 η

1943 3249 2230 3305 secundum
2254 3250 2437 3307 nterita
2466 3259 2708 3318 tanquam
2733 3246 2950 3303 debilem
2984 3248 3152 3313 reddi,
3175 3251 3265 3303 sed
3286 3262 3527 3321 tanquam

1941 3355 2109 3395 veram
2153 3342 2375 3412 gratiam
2427 3342 2582 3396 nullis
2635 3340 2829 3397 meritis
2857 3342 3294 3410 praecedentibus,
3327 3345 3462 3404 dari.
3501 3365 3521 3399 s

1943 3429 2041 3487 Ubi
2064 3449 2147 3487 eos
2177 3435 2265 3500 qui
2312 3435 2697 3502 pra'venientem
2726 3436 2944 3504 gratiam
2991 3436 3325 3491 necessariam
3371 3454 3526 3509 nega—

1939 3524 2078 3592 bant,
2105 3540 2147 3578 et
2172 3526 2564 3596 regenerationis
2584 3528 2795 3595 donum,
2829 3528 3107 3582 secundum
3135 3530 3367 3585 meritum
3393 3547 3519 3585 con-

1938 3615 2176 3686 gruitatis
2227 3617 2344 3669 dari
2389 3616 2669 3687 putabant,
2703 3633 2837 3669 nunc
2884 3626 3131 3682 nostros,
3169 3633 3306 3671 nunc
3334 3617 3525 3674 fratres

1941 3723 2065 3760 suos
2090 3707 2335 3779 appellat.
2359 3705 2486 3761 Cum
2515 3722 2630 3761 mro
2656 3706 2943 3762 dilectores
2974 3717 3137 3773 rorat,
3179 3707 3345 3762 innuit
3387 3711 3525 3781 quod

1943 3798 2145 3853 dixerat
2173 3798 2248 3851 illi
2280 3796 2503 3867 Prosper
2533 3798 2583 3850 in
2624 3795 2841 3867 epistola
2886 3798 2968 3851 cui
2996 3797 3301 3865 respondet;
3338 3796 3525 3854 Massi-

1942 3888 2122 3942 lienses
2154 3888 2397 3942 nimirum
2421 3889 2649 3959 (exctpto
2670 3882 2908 3958 dogma'e
2928 3888 2993 3941 de
3024 3891 3361 3958 p'aet'eniente
3403 3907 3525 3960 gru-

1941 3983 2011 4035 tia
2033 3991 2083 4037 et
2114 3981 2566 4052 pra'destinutione
2595 3980 2848 4050 absoluta)
2890 3981 2943 4034 in
2967 3981 3161 4035 ca'teris
3190 3986 3317 4053 Augt
3338 3983 3524 4037 stinum

1941 4090 2138 4142 amare,
2156 4075 2297 4146 sequi
2318 4083 2364 4128 et
2405 4073 2677 4129 admirari.
2706 4072 2796 4129 Sic
2823 4074 2957 4128 enim
2999 4070 3266 4143 Prosper:
3295 4094 3313 4127 ι
3352 4074 3524 4133 Unum

1940 4184 2116 4223 eorum
2134 4170 2409 4237 pracipua!
2436 4169 2756 4224 auctoritatis
2793 4177 2837 4224 et
2863 4168 3207 4240 spiritualiunt
3233 4170 3524 4229 studiorum

1940 4262 2126 4328 virum,
2148 4273 2385 4317 sanctum
2409 4259 2673 4316 Htlarium
2694 4261 3060 4328 Arelatensem,
3090 4263 3218 4316 sciat
3267 4263 3525 4322 beatitudo

1942 4364 2030 4410 tua
2051 4355 2417 4413 admiratorem
2467 4363 2869 4424 sectatoremque
2918 4354 2971 4409 in
3001 4353 3120 4410 aliis
3169 4356 3401 4411 omnibus
3426 4366 3526 4419 tute

1941 4462 1993 4500 es
2019 4462 2047 4500 e
2068 4448 2336 4501 doctrina.
2369 4464 2387 4496 ι
2415 4446 2576 4516 Atque
2602 4447 2687 4499 hic
2715 4446 2914 4515 quidem
2940 4444 3200 4511 Hilarius,
3229 4458 3524 4504 sanctorum

1943 4540 2178 4609 catalogo
2199 4539 2493 4610 inscriptus,
2522 4540 2610 4609 qui
2631 4548 2752 4591 tunc
2778 4539 2969 4593 vivebat
2996 4541 3047 4593 in
3079 4544 3302 4595 maxima
3345 4553 3523 4596 aucto-

1943 4633 2114 4697 ritate,
2144 4631 2205 4689 ab
2231 4632 2510 4703 Augustino
2532 4631 2827 4685 dissidebat.
2851 4630 2965 4684 Hos
2993 4648 3134 4702 ergo,
3156 4650 3281 4701 quos
3306 4632 3523 4706 Prosper

1948 4724 2145 4778 dicebat
2176 4740 2281 4778 esse
2306 4724 2361 4777 in
2390 4732 2496 4778 catt.
2512 4724 2585 4778 ris
2613 4724 2886 4793 Augurini
2928 4722 3299 4789 adtttiratotes,
3343 4726 3524 4796 Augu-

1943 4817 2124 4881 stinus,
2146 4815 2418 4870 modestius
2442 4816 2505 4869 de
2521 4831 2575 4869 se
2599 4816 2886 4882 sent'eudo,
2910 4824 3054 4869 vocnt
3072 4832 3192 4875 suos
3217 4816 3524 4873 dilectores.

1944 4906 2130 4976 Itaque
2157 4906 2491 4977 Augustinus,
2519 4908 2750 4977 quamvis
2772 4923 2944 4961 eorum
2967 4909 3127 4963 errori
3164 4910 3343 4962 merito
3374 4925 3524 4980 repu-

1943 4998 2154 5070 gnabat,
2175 5000 2313 5067 ipsos
2333 5008 2501 5051 tamen
2524 5014 2619 5067 pro
2638 4999 2903 5055 catholicis
2927 4998 3172 5068 fratribus
3198 5000 3525 5070 agnoscebat.

1946 5092 2198 5149 Similiter
2217 5101 2265 5145 et
2295 5088 2539 5161 Prosper,
2568 5092 2662 5145 etsi
2695 5093 2747 5143 in
2768 5106 2855 5145 eos
2872 5107 2913 5144 υ.
2930 5089 3211 5144 hententius
3240 5091 3527 5158 invehatur,

1940 5193 2086 5238 vocat
2117 5194 2286 5237 tamen
2310 5199 2420 5249 eos,
2449 5184 2502 5236 in
2548 5182 2763 5252 epistola
2790 5183 2859 5234 ad
2888 5181 3247 5254 Augustinum.
3284 5199 3304 5232 ι
3333 5186 3525 5236 meritis

1942 5284 2094 5345 atque
2119 5274 2400 5329 honoribus
2424 5273 2613 5341 claros,
2645 5273 2872 5344 egregios
2918 5279 2973 5326 tn
2998 5274 3135 5327 omni
3155 5276 3395 5327 virtutum
3417 5282 3525 5327 stu-

1900 5430 1905 5435 _
1941 5366 2028 5421 dio
2049 5366 2185 5421 viros
2214 5374 2260 5419 et
2287 5366 2427 5435 apud
2453 5364 2787 5435 simpliciores
2816 5378 3005 5434 magna
3020 5365 3085 5417 de
3102 5363 3524 5435 contemplatione

1940 5456 2212 5529 probitatis
2242 5455 2523 5510 reverentia
2549 5456 2888 5525 conspicuos;
2923 5473 2942 5506 s
2987 5454 3091 5508 imo
3120 5463 3167 5508 et
3192 5463 3437 5521 sanctos;
3478 5467 3524 5510 et

1940 5549 1995 5605 in
2023 5548 2153 5602 libro
2172 5558 2354 5605 contra
2378 5545 2688 5602 Collatorem
2713 5562 2830 5611 cap.
2856 5546 2946 5609 35,
2970 5545 3284 5621 (atllolicos,
3309 5545 3484 5601 dicens
3507 5562 3525 5601 .'

1945 5657 1964 5690 ι
1999 5640 2125 5707 Quis
2149 5639 2260 5695 lucc
2290 5638 2565 5709 prtcdicari
2594 5654 2626 5692 a
2654 5637 2922 5692 catholicis
2940 5638 3072 5692 inter
3101 5637 3378 5692 catholicos
3416 5652 3525 5691 cre-

1942 5732 2121 5786 deret?
2151 5751 2169 5785 ι
2204 5730 2268 5785 Et
2298 5733 2351 5785 in
2369 5730 2568 5800 epi'ogo
2589 5730 2727 5785 illius
2758 5729 2936 5800 scripti
2961 5743 2979 5782 :
3022 5746 3040 5781 ι
3074 5730 3304 5796 Quorum
3331 5738 3521 5803 tamen,

2224 5956 2247 5985 ὅ
