3854 6228
160 257 212 308 13
1491 249 1662 304 EPIS'I

1777 257 1809 307 Δ
1846 254 1884 306 1.
3205 258 3270 312 Η

165 373 363 413 tenorem
413 360 714 427 pertinent,
741 358 877 426 juxta
905 359 1090 412 divinas
1129 359 1255 426 legis
1298 369 1552 425 praecepta
1600 373 1651 413 et
1677 369 1727 423 Α
1755 379 1867 416 mus
1924 382 1936 415 :
1984 365 2173 417 dictum
2209 375 2286 417 est
2325 365 2641 431 quindecies.
2699 365 2798 418 Ista
2845 380 2934 432 per
2971 363 2996 402 ⁸
3038 381 3128 419 san
3165 376 3286 419 tum-

164 447 457 499 Sicanorum
476 460 732 500 canonum
744 447 1038 510 constituta,
1055 448 1122 499 ita
1135 447 1412 513 adjuvante
1431 446 1651 499 Domino

162 548 203 582 lli
226 547 367 586 omne
399 548 571 586 terum
609 549 848 586 mansura
877 533 1189 601 solidemns,
1225 545 1278 586 ut
1309 535 1430 588 nulli
1472 535 1546 587 fas
1589 534 1656 588 sit

162 620 255 672 sine
282 630 442 673 status
479 620 560 673 sui
609 622 835 689 periculo
861 621 937 673 vel
983 621 1188 674 ditinas
1223 622 1652 685 conStitutiones,

165 708 226 759 vel
250 709 537 773 apostolicte
563 710 702 762 sedis
727 709 929 761 decreta
957 718 1212 762 temerare
1240 725 1253 761 :
1283 710 1400 775 quia
1425 723 1538 774 nos,
1569 712 1655 775 qui

164 795 386 856 purissimi
436 796 718 848 sacerdotis
760 797 1183 848 administramus
1231 796 1435 860 oflicia,
1477 797 1654 848 talium

163 884 599 950 uausgressiortum
647 883 796 950 culpa
848 884 1119 950 respiciet,
1159 884 1203 936 si
1242 883 1295 936 in
1346 885 1514 936 causis
1560 885 1654 936 Dei

161 973 342 1026 desides
387 972 630 1028 fuerimus
671 973 866 1044 inventi
898 989 911 1022 :
944 974 1060 1038 quia
1111 975 1480 1038 meminimus,
1519 973 1656 1039 quod

161 1064 319 1114 timere
353 1061 601 1114 debemus
621 1101 637 1124 ,
674 1062 894 1128 qualiter
917 1062 1262 1114 comminatur
1284 1061 1534 1115 Dominus
1560 1076 1656 1115 ne-

156 1147 390 1213 gligentiae
433 1148 791 1212 sacerdotum,
831 1148 1085 1214 siquidem
1107 1159 1253 1208 reatu
1281 1149 1476 1216 majore
1495 1148 1660 1201 delin-

153 1209 267 1300 quit,
289 1236 369 1302 qui
400 1236 583 1302 potiori
614 1209 814 1290 honore
841 1209 1123 1302 perfruitur
1151 1252 1166 1288 :
1193 1244 1248 1290 et
1271 1209 1508 1304 graviora
1536 1236 1660 1289 facit

161 1324 261 1376 vitia
282 1335 626 1391 peccatorum,
647 1325 939 1379 sublimitas
965 1325 1294 1394 dignitatum.

859 1412 922 1466 ll.
1111 1459 1114 1464 .
1252 1462 1258 1469 .

210 1499 493 1553 Cavendum
520 1514 648 1570 ergo
673 1500 927 1568 imprimis
955 1509 1068 1563 est,
1095 1515 1163 1555 ne
1188 1500 1254 1553 ad
1283 1508 1516 1555 sacratos
1542 1516 1659 1569 gra-

155 1586 261 1649 dus,
288 1587 416 1640 sicut
454 1590 613 1655 gestis
648 1588 911 1652 prioribus
950 1596 1071 1641 ante
1108 1596 1134 1624 ⁸
1166 1589 1518 1656 prescriptum
1543 1600 1656 1653 est,

1755 451 2001 515 Petrum,
2055 463 2108 523 ut
2165 454 2212 504 in
2265 463 2561 519 perpetuum
2601 465 2623 490 υ
2661 465 2934 508 serventur
2988 463 3270 520 optamus:

1753 539 1943 592 dictum
1983 550 2064 592 est
2101 542 2280 598 octies.
2321 542 2436 594 "th
2465 544 2796 608 praesumptio
2828 559 3087 607 nunquam
3131 544 3219 595 ﬂat
3256 561 3270 594 :

1752 626 1946 680 dictum
1967 637 2047 680 est
2071 628 2265 680 decies.
2294 628 2389 693 Qui
2415 630 2522 681 hinc
2550 630 2834 691 violaverit,
2864 634 2913 682 in
2931 645 2988 684 se
3010 631 3234 684 inveniet
3260 648 3273 684 ς

1753 716 1944 769 dictum
1973 728 2051 769 est
2086 718 2299 784 septies.
2334 719 2393 771 Et
2415 719 2548 771 facto
2566 719 2791 784 silentio,
2834 720 3037 773 Hilarus
3074 723 3282 788 episco-

1757 820 1852 871 pus
1878 806 2051 861 dixit:
2457 861 2460 866 _
2890 799 2902 809 ’

1971 945 1974 948 .
2465 897 2548 962 ,v.

1825 980 2104 1045 Praeterea,
2148 980 2352 1048 fratres,
2397 997 2527 1036 nova
2557 992 2612 1038 et
2639 984 2866 1038 inaudita
2900 985 3052 1054 (sicut
3092 987 3155 1038 ad
3185 1000 3280 1039 nos

1757 1073 1927 1124 missis
1971 1073 2037 1125 de
2084 1072 2344 1139 lliSpaniis
2389 1074 2659 1140 epistolis,
2695 1077 2796 1134 sub
2841 1083 2982 1128 certa
3024 1075 3280 1128 relatione

1757 1162 2012 1232 pervenit)
2039 1163 2089 1214 in
2122 1164 2427 1230 quibusdam
2475 1163 2602 1219 locis
2641 1168 3033 1232 perversitatum
3074 1165 3272 1218 semina

1756 1251 1978 1306 subinde
2003 1261 2302 1305 nascuntur.
2336 1254 2567 1322 Denique
2605 1255 2836 1307 nonnulli
2880 1254 3231 1323 episcopatum
3260 1295 3276 1319 ,

1755 1340 1843 1407 qui
1886 1338 1907 1376 ί
1948 1355 2053 1393 non
2096 1341 2192 1394 nisi
2218 1342 2416 1395 meritis
2447 1343 2851 1409 praecedentibus
2872 1343 3043 1403 datur,
3074 1325 3175 1396 non
3201 1344 3283 1396 di-

1757 1429 1934 1480 vinum
1966 1444 2183 1499 munus,
2225 1429 2318 1483 sed
2344 1431 2720 1484 limreditarium
2751 1440 2934 1499 putant
2970 1446 3084 1484 esse
3131 1445 3278 1485 com-

1759 1516 1998 1580 pendium
2033 1530 2048 1568 :
2074 1525 2124 1569 et
2150 1516 2401 1578 credunt,
2431 1515 2566 1570 sicut
2607 1532 2691 1571 res
2713 1519 2936 1570 caducas
2961 1528 3115 1588 atque
3144 1533 3284 1570 mor-

1757 1604 1914 1666 tales,
1966 1605 2035 1656 ita
2077 1592 2452 1667 sacerdotium,
2497 1605 2638 1659 velut
2681 1614 2707 1651 κ
2752 1607 2772 1635 ²
2801 1606 2950 1672 legali
3004 1604 3281 1675 [legatorio]

159 1675 426 1741 quisquam,
460 1674 543 1743 qui
575 1689 787 1728 uxorem
811 1690 911 1728 non
943 1677 1192 1744 virginem
1218 1676 1406 1739 duxit,
1437 1678 1647 1744 aspirct.

1777 1699 1840 1743 tut
1877 1691 2268 1745 testamentario
2297 1675 2415 1758 iure
2435 1730 2451 1756 ,
2481 1706 2630 1759 posse
2658 1692 2867 1744 dimitti.
2897 1674 3024 1745 Nam
3050 1692 3281 1760 plerique

157 1762 475 1828 chellendus
501 1773 582 1816 est
605 1765 762 1818 etiam
784 1764 1021 1831 quisque,
1044 1769 1131 1832 qui
1151 1765 1202 1817 in
1223 1766 1462 1819 secundae
1482 1770 1657 1821 uxoris

160 1853 335 1916 noptias
369 1865 553 1914 contra
579 1851 864 1918 apostolica
892 1863 1158 1920 praecepta
1189 1855 1449 1906 convenit.
1567 1863 1571 1866 ·

849 1940 937 1994 Ill.

214 2024 344 2079 inscii
375 2042 578 2094 qunque
602 2027 916 2093 litterarum,
947 2040 1148 2080 necnon
1192 2036 1246 2080 et
1290 2027 1459 2093 aliqua
1493 2041 1658 2080 ment-

163 2117 338 2168 ltrurutn
383 2118 572 2171 damna
601 2117 864 2185 perpessi,
897 2125 952 2170 et
990 2116 1041 2170 Ιιί
1070 2117 1156 2184 qui
1183 2131 1246 2170 ex
1292 2117 1659 2183 pmnitemibus

161 2213 256 2255 sunt
280 2205 355 2271 Ic:
378 2206 668 2272 petulantes
698 2204 856 2275 sunt],
894 2205 958 2257 ad
983 2217 1163 2258 sacros
1191 2203 1401 2256 ordines
1427 2204 1660 2270 aspirare

165 2307 243 2344 non
265 2293 502 2347 audeant.
537 2295 776 2362 Quisquis
808 2295 982 2347 talium
1006 2301 1339 2348 consecratur
1365 2292 1620 2346 exatiterit
1637 2331 1652 2356 ,

164 2379 320 2433 factum
359 2397 508 2434 suum
549 2380 575 2418 δ
603 2382 876 2435 dissolvet.

854 2470 940 2523 IV.

218 2560 304 2611 Sed
333 2570 384 2612 et
404 2560 539 2622 quod
570 2561 685 2626 quis
715 2559 973 2613 commisit
995 2557 1200 2619 illicito,
1230 2564 1320 2608 aut
1358 2571 1387 2608 a
1413 2546 1658 2610 decesso-

165 2649 279 2700 ribus
304 2650 408 2702 suis
439 2650 637 2703 invenit
663 2649 968 2712 admissum,
1013 2649 1054 2699 si
1084 2647 1348 2714 proprium
1375 2645 1658 2714 periculum

166 2740 252 2788 ruit
279 2739 460 2800 vitare,
510 2738 774 2790 damnabit
798 2753 817 2792 ξ
858 2752 953 2789 nos
989 2738 1127 2790 enim
1158 2737 1209 2788 iu
1250 2735 1398 2788 nullo
1421 2735 1660 2788 volumus

167 2827 464 2878 severitatem
507 2826 718 2878 ultionis
745 2840 1009 2878 exercere.
1042 2824 1142 2878 Sed
1167 2824 1254 2891 qui
1288 2823 1338 2876 in
1367 2825 1539 2875 causis
1565 2821 1659 2895 Dei

167 2913 225 2962 \cl
250 2915 586 2973 contumacia,
609 2913 690 2964 vel
718 2915 766 2963 in
789 2913 963 2979 aliquo
987 2926 1203 2964 excessu
1225 2911 1536 2978 deliquerit,
1572 2921 1661 2962 aut

165 3001 249 3062 ipse
266 3003 388 3067 quod
410 3015 678 3067 perperam
705 3001 1041 3053 fecitabolere
1058 2999 1280 3050 noluerit
1297 3014 1310 3049 :
1329 2999 1379 3050 in
1411 2997 1658 3065 se,,quid-
1685 3006 1733 3068 ο

169 3088 261 3152 quid
291 3091 334 3140 in
368 3090 528 3141 alium
561 3086 705 3159 [aiio]
731 3103 832 3140 non
879 3086 1121 3139 resecarit
1160 3082 1485 3154 [resecuerit],
1517 3084 1690 3137 inve-‘

166 3177 265 3227 uiet.
291 3178 428 3243 Quod
478 3188 537 3230 ut
563 3177 808 3244 deinceps
847 3179 1012 3243 possit
1037 3175 1267 3226 tenacius
1301 3171 1552 3224 custodiri
1577 3212 1591 3233 ,
1614 3170 1658 3224 si

169 3266 324 3330 placet,
354 3267 661 3330 sententias,
691 3279 874 3317 causas
899 3273 952 3318 et
975 3262 1382 3328 subscriptiones
1425 3260 1658 3326 pr0prias

168 3365 316 3406 omnes
351 3364 370 3390 ι
405 3353 765 3407 commendato
811 3348 1181 3420 [commodule],
1223 3356 1278 3400 ut
1314 3348 1545 3416 synodali
1569 3346 1656 3413 ju-

169 3439 274 3492 dicio
313 3442 514 3494 auditus
529 3440 738 3511 [aditus]
767 3438 1036 3492 claudatur
1068 3437 1260 3490 illicitis
1289 3432 1551 3505 [illicitas].

221 3529 286 3582 Ab
306 3530 564 3583 universis
591 3529 848 3596 episcopis
890 3536 942 3580 et
966 3526 1286 3594 presbyteris
1318 3526 1655 3576 acclamatum

169 3624 228 3665 est
255 3616 469 3670 :Exaudi
491 3616 722 3680 Christe,
747 3616 922 3668 llilaro
946 3614 1046 3666 vita
1076 3630 1089 3663 :
1120 3613 1311 3665 dictum
1329 3621 1408 3664 est
1430 3613 1447 3642 ¹
1468 3613 1659 3662 sexies.

170 3702 264 3755 llazc
313 3712 362 3756 et
383 3706 789 3767 confirmamus,
839 3711 888 3755 et
923 3703 1034 3753 lucc
1063 3700 1542 3767 docetnuszdictutn
1584 3704 1664 3749 est

169 3791 448 3844 scties.lla*c
469 3790 694 3845 tenenda
716 3799 855 3853 sunt,
879 3790 989 3842 lucc
1011 3789 1259 3840 servanda
1286 3795 1407 3838 sunt
1434 3803 1447 3836 :
1470 3785 1660 3836 dictum

168 3888 230 3930 est
251 3881 532 3948 quinquies.
567 3879 827 3933 Doctrina:
873 3888 1058 3930 vestra:
1085 3876 1276 3942 gratias
1305 3875 1503 3940 agimus
1533 3887 1547 3922 :
1583 3873 1664 3923 di-

169 3975 276 4018 ctum
294 3979 366 4022 est
389 3969 586 4022 decies.
607 3969 703 4019 Ista
721 3974 775 4018 ut
797 3967 846 4017 in
870 3975 1174 4030 perpetuum
1202 3972 1494 4020 serventur,
1511 3972 1662 4026 roga-

223 4125 242 4151 '
264 4117 373 4168 Cod.
405 4117 532 4169 Luc.
570 4115 691 4176 l‘zl9,
718 4115 1061 4182 proscriptum.

223 4182 240 4218 δ
264 4186 379 4236 Cod.
405 4185 554 4249 Luc.,
585 4185 689 4251 ipse
711 4184 957 4233 dissolvet.

222 4254 381 4317 (ϐοά.
413 4253 566 4317 Lttc.,
599 4251 924 4302 commodule.

222 4316 242 4354 ⁸
267 4321 385 4376 Cod.
414 4321 569 4382 Luc.,
605 4318 871 4371 Damnum.

173 4474 351 4528 alterum
393 4478 450 4529 S.
479 4475 704 4540 Remigii
756 4473 1041 4526 Rcmeusis.
1091 4472 1154 4523 Et
1181 4483 1458 4538 supersunt
1489 4482 1658 4524 tamen

175 4555 250 4591 non
275 4561 418 4608 pauc.)
447 4560 564 4610 qua:
587 4542 991 4596 etnettdoliorunl
1023 4542 1257 4593 codicum
1285 4556 1434 4608 opem
1463 4541 1664 4593 deside-

175 4622 279 4661 ιλιη.

226 4679 335 4752 Tum
361 4681 420 4731 ad
465 4678 629 4752 verba
660 4676 766 4752 hinc
793 4675 1022 4752 epistplze
1053 4675 1126 4752 8.:
1157 4673 1218 4724 Et
1242 4685 1373 4752 retro
1402 4685 1515 4726 ante
1538 4674 1668 4752 posi-
1695 4695 1744 4752 Ι)
1773 4674 1932 4752 tientia
1963 4673 2108 4752 fuit“;

177 4753 272 4796 tum.
313 4748 378 4798 Ita
415 4756 468 4798 et
495 4744 816 4798 Lirinensis:
845 4742 933 4793 sed
969 4745 1129 4807 migis
1168 4743 1390 4804 arridet,
1431 4745 1565 4809 quod
1597 4759 1664 4794 ex

175 4814 350 4865 alterius
390 4816 504 4865 libri
551 4811 782 4876 vestigiis
808 4811 1003 4862 eruitur
1034 4827 1045 4860 :
1078 4820 1122 4860 et
1157 4821 1286 4862 retro
1317 4828 1458 4863 omne
1491 4827 1668 4876 prapo-

177 4880 317 4927 u‘utm.
343 4880 450 4932 .|.tc.
486 4880 808 4931 Sin-osuus.
840 4905 907 4913 —
932 4880 1052 4926 llwc
1083 4877 1156 4927 air
1203 4878 1288 4927 ille
1332 4878 1663 4942 diligentissi-

178 4957 265 4995 mus
293 4949 475 4998 omissa
504 4961 625 4996 cum
647 4946 761 4995 aliis
795 4943 1050 4994 nonnullis
1080 4945 1129 4994 in
1161 4946 1379 4996 editione
1401 4946 1562 5009 regia.

233 5013 245 5040 ¹
276 5011 498 5078 DiOnys.,
531 5021 726 5076 quater.
752 5011 913 5061 Hann.

229 5078 545 5148 {imputet
576 5078 889 5148 Harduintts,
928 5079 1086 5148 legati
1128 5090 1212 5130 aut
1243 5083 1512 5132 testamenti
1533 5085 1668 5148 jure.

229 5144 246 5174 ⁸
275 5144 382 5199 Hac
404 5147 628 5213 epistola
663 5146 793 5197 lecta
821 5156 899 5196 est
926 5144 1234 5199 in‘concilio
1275 5149 1507 5204 Romano
1533 5144 1670 5200 anno

183 5211 348 5266 Domini
381 5211 484 5269 £65
524 5216 702 5265 Roma
730 5214 1008 5273 celebrato,
1038 5215 1101 5267 de
1129 5230 1229 5281 quo
1252 5216 1402 5268 infra.
1437 5218 1564 5268 Dum
1596 5218 1668 5268 le-

182 5290 370 5345 teretur,
396 5284 580 5335 Patres
618 5295 737 5333 suas
765 5285 1049 5334 sententias
1071 5286 1401 5337 acelamando
1427 5295 1477 5335 et
1508 5285 1668 5336 inter-

183 5345 404 5410 Inquendo
426 5350 754 5403 addiderunt.
789 5350 895 5400 llnc
924 5350 1077 5410 igitur
1105 5351 1218 5402 loco
1249 5353 1437 5416 placuit
1466 5368 1576 5403 eam
1606 5367 1666 5403 cx

183 5416 426 5484 linscouio
451 5429 502 5484 et
530 5419 884 5480 manuscripto
933 5417 1175 5469 Vaticano
1205 5421 1268 5470 ad
1313 5421 1524 5472 verbum
1564 5422 1668 5470 col-

186 5480 342 5553 locare,
360 5481 489 5542 sicut
510 5503 538 5541 a
562 5486 1033 5541 Tarraconensibus
1054 5486 1116 5537 ad
1140 5489 1312 5540 sedem
1337 5488 1666 5553 apostolicam

1755 1781 2054 1834 sacerdotes
2105 1781 2157 1832 in
2191 1781 2371 1833 mortis
2416 1781 2640 1851 conﬁnio
2683 1781 2978 1845 constituti,
3017 1781 3070 1832 in
3109 1780 3280 1834 locum

1757 1881 1904 1921 sumn
1937 1868 2170 1922 feruntur
2195 1869 2326 1922 alios
2341 1868 2625 1937 designatis
2646 1870 2936 1923 nominibus
2959 1871 3242 1937 subrogare
3265 1887 3280 1922 :

1757 1965 1812 2009 ut
1833 1957 2028 2008 scilicet
2055 1971 2157 2008 non
2186 1956 2412 2023 legitima
2437 1967 2764 2022 exspectetur
2798 1957 2980 2010 electio
3003 1998 3019 2020 ,
3050 1957 3140 2010 sed
3189 1959 3284 2011 de-

1757 2043 1915 2096 functi
1962 2043 2268 2111 gratificatio
2311 2058 2406 2112 pro
2443 2045 2617 2111 populi
2666 2045 2914 2098 habeatur
2960 2045 3280 2116 [prabeatur]

1757 2144 1990 2184 assensu.
2016 2129 2163 2196 Quod
2185 2145 2335 2199 quam
2359 2145 2516 2200 grave
2543 2131 2639 2197 sit,
2660 2134 2940 2197 aastimate,
2963 2143 3116 2202 atque
3144 2133 3283 2199 ideo,

1755 2220 1801 2272 si
1825 2221 2009 2284 placet,
2035 2221 2189 2274 etiam
2220 2221 2352 2273 hanc
2376 2220 2633 2274 licentiam
2675 2223 2986 2287 generaliter
3009 2226 3074 2276 tle
3112 2224 3281 2278 cccle-

1756 2310 1848 2362 siis
1884 2308 2210 2373 auferamus,
2254 2323 2319 2362 ne
2369 2309 2536 2378 (quod
2568 2319 2716 2376 turpe
2737 2309 2877 2363 dictu
2932 2311 3044 2378 est)
3083 2312 3278 2365 ltomiui

1757 2400 2026 2466 quisquam
2051 2408 2193 2465 putet
2216 2399 2426 2463 deberi,
2469 2400 2607 2468 quod
2639 2400 2727 2453 Dei
2757 2409 2854 2454 est.

1827 2487 1895 2541 Ut
1938 2497 2108 2541 autem
2147 2489 2282 2555 quod
2320 2489 2382 2541 ad
2413 2503 2506 2542 nos
2556 2489 2808 2556 prolatum
2843 2487 3128 2559 [perlatum]
3157 2499 3237 2544 cst
3260 2534 3275 2557 ,

1757 2578 1820 2631 ad
1860 2587 2086 2630 vestram
2124 2579 2278 2631 etiam
2303 2579 2466 2644 possit
2495 2582 2760 2645 pervenire
2789 2581 3051 2640 notitiam,
3095 2583 3280 2647 llispa-

1758 2682 1942 2720 norum
1967 2667 2182 2722 fratrum
2224 2675 2278 2721 et
2302 2670 2727 2737 coepiScoporum
2755 2681 3046 2724 nostrorum
3091 2674 3283 2739 scripta

1760 2755 2013 2824 lcgantur.
2039 2757 2226 2808 Paulus
2253 2757 2485 2810 notarius
2511 2759 2767 2810 recitat-it.

1826 2843 1855 2880 ιι
1878 2845 2089 2896 Additur
2127 2845 2179 2896 in
2207 2861 2298 2897 ms.
2326 2843 2525 2896 Justelli
2556 2863 2573 2898 :
2597 2846 2661 2899 Et
2689 2855 2931 2899 statutum
2956 2856 3034 2901 est
3065 2863 3128 2902 ne
3155 2849 3279 2918 quid

1760 2937 1890 2989 ultra
1921 2934 2214 3001 bujusmodi
2237 2950 2267 2987 a
2292 2935 2649 2987 sacerdotibus
2678 2945 3035 3001 praesumetur.

2323 3065 2342 3094 ³
2381 3064 2694 3120 EPISTULA

1759 3169 2207 3228 τλίκλοοιιεκειυιι
2260 3186 2602 3226 ειιιεεοροιιυιι
2650 3189 2712 3224 ΑΙ)
2757 3171 2778 3203 δ
2825 3189 3046 3227 ΗΙιΔΒυΙ
3092 3191 3276 3230 ΡΔΡΔΙ.

1757 3261 1834 3315 De
1868 3264 2176 3314 ordinatione
2207 3262 2419 3328 episcopi
2464 3276 2548 3327 per
2588 3261 2847 3313 Siluanum
2872 3261 3280 3328 Calaguritanum

1822 3335 2104 3400 episcopum
2123 3338 2302 3400 contra
2331 3329 2535 3380 Patrum
2565 3329 2755 3400 regulas
2789 3339 2834 3380 et
2877 3329 3108 3382 Nicamos
3135 3347 3281 3383 carto-

1823 3397 1907 3452 u‘es
1936 3404 2067 3467 facta
2095 3398 2230 3463 apud
2267 3397 2539 3468 Romanum
2580 3398 3277 3468 ponti/iremconquerantur,

1828 3466 2029 3532 cumque
2055 3468 2335 3536 consulunt,
2365 3467 2482 3530 quid
2513 3466 2564 3536 in
2592 3468 2680 3516 hoc
2707 3481 2825 3517 rasit
2856 3466 3036 3536 facere,
3074 3478 3157 3519 aut
3181 3483 3282 3536 qua

1831 3537 2020 3587 ratione
2045 3536 2272 3586 abusibus
2292 3535 2529 3602 ejusmodi
2559 3549 2808 3585 occurrere
2831 3535 3054 3589 debeant.

1766 3624 1983 3676 Domino
2012 3622 2340 3682 beatissimo,
2367 3632 2418 3673 et
2447 3621 2728 3686 apostolica
2758 3623 3043 3674 reverentia
3075 3635 3103 3673 a
3135 3622 3283 3676 nobis

1833 3695 1882 3744 in
1913 3690 2118 3744 Christo
2145 3689 2364 3742 colendo
2397 3703 2540 3754 papa:
2567 3688 2773 3748 llilaro,
2804 3691 3053 3742 Ascanius
3076 3691 3282 3754 episco-

1833 3776 1951 3827 pus,
1984 3768 2036 3812 et
2061 3759 2283 3811 universi
2308 3759 2533 3824 episcopi
2559 3756 2958 3811 Tarraconensis
2985 3759 3279 3824 provincias.

1831 3868 1852 3898 ⁸
1890 3866 2096 3919 Etiamsi
2119 3865 2257 3917 nulla
2285 3872 2511 3917 exstaret
2539 3862 2783 3932 [dictaret]
2811 3865 3086 3916 necessitas
3107 3865 3280 3917 eccle-

1762 3953 1984 4008 slasticze
2003 3951 2318 4018 disciplina,
2357 3949 2699 4016 expetendum
2725 3963 2782 4002 re
2801 3963 2920 4001 vera
2947 3949 3095 4004 nobis
3115 3951 3286 4006 fuerat

1825 4118 1846 4145 θ
1869 4107 1995 4160 Cod.
2019 4105 2169 4166 Luc.,
2191 4105 2242 4156 in
2271 4103 2369 4156 Deo
2397 4113 2662 4156 serventur.

1827 4175 1845 4212 ί
1879 4177 2002 4228 Cod.
2036 4175 2184 4235 Luc,
2217 4189 2312 4223 non
2340 4173 2462 4224 sine.

1825 4254 1848 4311 β
1879 4244 2007 4296 Cod.
2040 4243 2188 4311 Luc.,
2218 4241 2363 4308 legati
2388 4251 2473 4311 aut
2503 4241 2776 4311 testamenti
2793 4243 2928 4311 jure.

1823 4310 1852 4347 λ
1881 4313 1988 4363 Hoc
2015 4310 2419 4374 additamentum
2452 4309 2502 4359 in
2528 4309 2641 4360 cod.
2672 4308 2804 4361 Luc.
2825 4311 2987 4363 deest.

1763 4470 1949 4533 scripta
1992 4477 2043 4520 et
2085 4467 2276 4518 directa
2326 4466 2509 4519 fuerat.
2561 4469 2611 4518 In
2661 4468 2856 4532 synodo
2897 4469 3122 4522 Romana
3164 4488 3281 4527 cum

1766 4538 2013 4603 oppositis
2041 4536 2525 4597 acclamationibus,
2560 4537 3056 4603 interlocutionibus,
3082 4549 3137 4591 et
3165 4555 3281 4592 seu-

1770 4601 1941 4675 teutiis
1966 4603 2171 4675 Patrum
2203 4604 2652 4675 excusa__li;tbetu_r.
2683 4601 2962 4668 Utrobiqoe
2992 4607 3161 4669 itaque
3194 4625 3286 4675 po-

2155 4679 2210 4721 nt
2235 4686 2362 4737 quas
2391 4670 2473 4721 illa
2503 4686 2561 4721 ex
2595 4670 2798 4721 Patrum
2827 4675 3097 4727 sententiis
3127 4670 3286 4730 inter-

1770 4740 1948 4808 positis
1976 4739 2263 4808 additiones
2290 4742 2590 4808 accepisset,
2638 4738 2780 4808 facile
2806 4752 3042 4808 constare
3087 4757 3279 4808 posset.

1771 4804 1833 4862 Et
1876 4821 2162 4873 quanquam
2195 4807 2492 4858 barbaricus
2532 4805 2674 4875 furor
2701 4804 2982 4860 Gothorum
3012 4804 3290 4875 Hispania-

1773 4891 1883 4928 rum
1925 4875 2179 4926 Ecclesiae
2211 4890 2367 4937 prope
2397 4889 2576 4925 omnes
2618 4874 3019 4939 devastantium,
3053 4874 3280 4942 vigorem

1770 4944 2129 4996 ecclesiasticae
2159 4943 2443 5007 disciplinae
2471 4943 2518 4992 in
2549 4941 2803 5006 Hispaniis
2827 4941 3127 5007 relaxasst-t,
3155 4947 3284 4999 'l'aro

1771 5025 2106 5064 racouensem
2147 5020 2316 5061 tamen
2362 5011 2670 5079 provinciam
2710 5013 2977 5065 custodem
3021 5013 3188 5079 legum
3231 5029 3282 5066 et

1772 5094 2027 5130 canonum
2075 5080 2436 5142 permansisse,
2467 5078 2752 5129 Romanum
2783 5078 3257 5144 pontiﬁcetn'obser

1770 5162 1954 5206 vasse,
2005 5160 2184 5196 «niues
2239 5147 2618 5198 controversias
2659 5146 2721 5197 ad
2761 5148 2994 5199 eumdem
3036 5148 3175 5200 velut
3219 5152 3282 5202 ad

1765 5229 2058 5280 supremum
2101 5214 2322 5278 judicem
2353 5228 2399 5266 et
2443 5223 2702 5278 pastorem
2745 5215 2987 5268 Ecclesiae
3015 5215 3279 5279 detulisse,

1771 5285 1877 5333 hasc
1904 5281 2120 5347 epistula
2151 5281 2423 5333 manifcsm
2445 5284 2566 5331 satis
2591 5281 2800 5334 intticat.
2834 5284 2953 5333 Ssv.
2990 5283 3180 5336 limus.

1836 5350 1854 5377 ⁸
1904 5350 1955 5399 In
2003 5364 2127 5399 lnSS.
2175 5350 2280 5401 fere
2321 5364 2523 5414 semper
2569 5349 2795 5400 Hilarius
2839 5350 3099 5402 scribitur.
3150 5353 3287 5404 liu-

1770 5433 1964 5470 DUI\US.

1837 5487 1854 5512 '
1895 5487 1992 5536 ωδε
2041 5485 2282 5550 epistolas
2325 5485 2478 5536 Hilari
2529 5499 2643 5535 cum
2695 5484 2855 5535 tribus
2905 5500 3027 5537 mss.
3072 5488 3287 5540 con'ulit
