3854 6228
489 275 553 323 1-3
1842 273 2039 328 ῙῙΙΙιΑἙ

2146 278 2193 329 Ἀ
2204 274 2309 330 PE
3629 285 3710 339 16

482 386 610 442 illud
640 383 965 455 privilegium
998 383 1139 437 sedis
1177 392 1362 438 vestra:
1386 424 1402 451 ,
1446 398 1551 453 quo
1596 386 1856 452 susceptis
1886 387 2032 453 regni
2062 391 2359 457 Ascriptio.
2412 388 2658 445 Orantem
2701 406 2795 460 pro
2840 392 2993 447 nobis
3044 405 3280 448 sanctum
3344 397 3709 463 apostolatus.

482 475 716 531 clavibus
762 485 881 544 post
924 475 1363 529 resurrectionem
1391 476 1709 540 Salvatoris,
1750 487 1843 543 per
1872 488 2037 532 totum

486 568 667 620 urbem
703 565 991 619 beatissimi
1020 564 1157 619 Petri
1192 563 1475 632 singularis
1501 565 1801 632 praedicatio
1829 558 2040 618 univer-

484 671 662 711 50rum
707 654 1078 709 illumiuatioui
1117 655 1386 723 prospexit
1417 671 1432 706 :
1460 654 1609 722 cujus
1633 653 1813 708 vicarii
1844 656 2039 723 priuci-
2128 728 2137 733 ξ

486 758 637 811 pirus
666 748 797 797 sicut
836 744 1052 807 eminet,
1099 744 1503 797 itametnendus
1544 753 1627 797 est
1674 744 1741 798 ab
1767 744 2037 809 omnibus,

490 845 539 888 et
572 836 847 893 amandus.
880 835 1104 888 Proinde
1128 848 1224 887 nos
1254 834 1415 887 Deum
1448 834 1500 888 in
1529 834 1680 889 vobis
1710 835 1919 901 penitus
1946 832 2044 886 ad—

488 936 718 990 orantes,
744 925 828 978 cui
844 925 956 980 sine
977 923 1188 991 querela
1212 924 1440 989 servitis,
1455 922 1518 977 ad
1548 924 1701 976 fidem
1720 924 2041 977 recurrimus

487 1017 777 1086 apostolico
812 1030 906 1089 ore
952 1014 1213 1068 laudatam
1237 1054 1256 1083 ,
1294 1014 1417 1069 inde
1442 1029 1695 1083 responsa
1722 1022 2034 1083 quaerentes,

487 1105 625 1160 unde
654 1106 781 1160 nihil
807 1120 990 1159 errore
1012 1146 1026 1167 ,
1070 1106 1201 1158 nihil
1229 1106 1636 1174 pmumptione
1659 1145 1675 1172 ,
1715 1106 1808 1161 sed
1833 1106 2042 1175 pontlli-

487 1197 587 1250 cali
619 1204 783 1249 totum
813 1194 1196 1249 deliberatione
1221 1194 1541 1263 praecipitur.

557 1309 687 1363 Cum
716 1310 827 1361 haec
856 1307 925 1361 ita
954 1322 1011 1361 se
1049 1307 1297 1370 habeant,
1338 1316 1419 1361 est
1447 1316 1620 1363 tamen
1650 1307 1788 1362 inter
1814 1322 1911 1361 nos
1940 1306 2039 1361 fal-

485 1412 579 1451 sus
598 1397 789 1460 frater,
821 1396 971 1465 cujus
998 1397 1455 1463 praesumptionem
1484 1396 1620 1450 sicut
1644 1395 1840 1449 diutius
1870 1405 2042 1448 tacere

488 1500 594 1539 non
625 1485 789 1549 licuit,
819 1485 889 1539 ita
919 1497 971 1539 et
994 1486 1134 1552 loqui
1160 1485 1315 1539 futuri
1340 1486 1523 1554 judicii
1562 1487 1849 1540 necessitas
1877 1486 2041 1553 impe-

489 1576 643 1628 revit.
674 1575 913 1629 Silvanus
934 1575 1142 1643 quidam
1172 1576 1452 1644 episcopus
1477 1566 1749 1645 Calagura:
1778 1576 1832 1630 in
1861 1576 2041 1628 ultima

489 1675 640 1724 parte
665 1673 857 1718 nostra;
888 1664 1165 1726 provincia:
1192 1665 1525 1728 constitutus,
1558 1665 1907 1718 divinationes
1938 1664 2045 1735 [or-

482 1752 806 1823 dinationes]
870 1754 968 1807 sibi
1017 1754 1277 1807 indebitas
1318 1754 1648 1820 usurpando,
1698 1754 2039 1805 humilitatem

488 1856 724 1901 nostram
751 1846 815 1899 ad
849 1846 947 1899 boc
977 1861 1140 1913 usque
1167 1845 1451 1912 perduxit,
1492 1853 1549 1897 ut
1576 1855 1755 1898 contra
1803 1845 1918 1913 ejus
1947 1859 2041 1897 va-

484 1939 761 2001 nissimam
790 1937 1211 2005 superstitionem
1239 1936 1381 1989 sedis
1404 1944 1594 1988 vestrae
1623 1936 1833 1988 unicqu
1867 1950 2041 1990 reme.

483 2027 633 2080 dium
652 2026 977 2095 'flagitemus.
1028 2025 1121 2078 llic
1171 2040 1394 2093 namque
1417 2025 1525 2092 jam
1571 2037 1696 2078 ante
1725 2036 1925 2087 septem
1953 2032 2043 2077 aut

488 2124 612 2168 octo
639 2114 862 2181 amplius
902 2127 1099 2174 annos,
1133 2122 1453 2179 postponens
1484 2113 1694 2165 Patrum
1733 2113 1961 2179 regulas,
1987 2121 2043 2165 et

488 2214 662 2259 vestra
710 2203 943 2257 instituta
972 2202 1289 2270 despiciens,
1322 2202 1477 2254 nullis
1506 2203 1800 2267 pe'eutibus
1835 2202 1992 2269 popul
2015 2216 2046 2257 ς

485 2297 790 2363 episcopum
836 2292 1102 2347 ordinavit
1157 2308 1172 2344 :
1215 2293 1365 2361 cujus
1409 2307 1797 2360 prmproperum
1852 2291 2044 2346 iactum

486 2386 852 2441 esi-tirunntes
899 2385 1127 2437 fraterna
1166 2394 1227 2437 et
1259 2382 1471 2449 pacifica
1503 2397 1656 2448 pose
1685 2382 2044 2437 admonitione

487 2476 686 2543 sanari,
720 2474 942 2544 proiecit
971 2476 1023 2527 in
1052 2474 1221 2542 pejus.
1254 2474 1488 2540 Denique
1515 2486 1698 2527 contra
1727 2484 2041 2529 vetustatem

487 2581 750 2620 canonum
776 2606 791 2626 ,
838 2573 1019 2617 contra
1050 2563 1235 2631 synodi
1281 2564 1582 2626 constituta,
1615 2563 1831 2616 alacrius
1869 2564 2046 2617 fratris

487 2658 653 2714 nostri
678 2654 1059 2725 presbyterum,
1081 2654 1266 2721 spiritu
1290 2664 1359 2705 ta.
1383 2663 1489 2705 tum
1514 2655 1930 2730 przeSumptiouis
1955 2668 2042 2708 ac-

484 2758 682 2800 census
704 2784 717 2807 ,
750 2744 801 2796 in
831 2743 1013 2797 eodem
1046 2744 1181 2807 loco,
1210 2743 1297 2812 qui
1329 2743 1399 2794 illi
1434 2743 1601 2796 fuerat
1627 2744 1932 2808 destinatus,
1959 2744 2043 2797 cui

486 2834 654 2888 invito
679 2842 733 2888 et
760 2832 1067 2901 repugnanti
1098 2833 1420 2899 imposuerat
1448 2846 1653 2895 manus,
1677 2842 1730 2885 et
1752 2833 1840 2900 qui
1863 2843 2047 2885 nostro

489 2924 597 2993 jam
635 2923 794 2978 οωιυὶ
834 2921 1010 2977 iuerat
1056 2933 1365 2991 aggregatus
1394 2924 1697 2989 episcopum
1733 2923 1869 2976 fecit.
1914 2922 2046 2977 Hinc

487 3015 683 3070 factum
711 3022 819 3081 est,
859 3022 917 3065 ut
944 3012 1011 3065 de
1036 3012 1149 3079 ejus
1188 3012 1476 3065 miserrima
1507 3014 1797 3066 temeritate
1840 3012 1904 3064 ad
1946 3026 2045 3065 nos

482 3103 967 3169 Caesaraugustam
981 3100 1125 3154 urbis
1141 3099 1415 3168 episcOpus
1435 3101 1591 3153 frater
1605 3112 1781 3155 noster
1799 3102 2037 3165 referret,

486 3193 638 3260 cujus
668 3190 931 3260 diligentia
962 3200 1013 3245 et
1037 3191 1335 3245 sollicitudo
1374 3192 1653 3245 admodum
1681 3200 2041 3258 prospexerat,

487 3283 532 3335 si
564 3282 613 3334 in
656 3282 829 3348 aliquo
871 3280 1174 3349 profuisset.
1214 3280 1480 3349 Siquidem
1525 3281 1729 3333 cunctis
1756 3279 1811 3332 in
1853 3280 2041 3332 vicinia

488 3370 671 3438 positis
697 3370 976 3438 episcopis,
996 3383 1063 3422 ne
1087 3384 1144 3423 se
1168 3368 1500 3422 schismatico
1529 3368 1888 3439 adjungerent,
1934 3368 2042 3422 fre-

488 3459 830 3526 quentissime
871 3456 1183 3510 contradixit
1214 3474 1225 3508 :
1264 3458 1355 3509 sed
1385 3457 1735 3509 obstinatione
1762 3456 2041 3511 damnabili

491 3553 678 3609 tntum,
722 3546 858 3615 quod
900 3530 1019 3598 erat~
1045 3546 1297 3609 illicitum,
1340 3560 1388 3598 ei
1424 3547 1559 3613 quod
1590 3546 1737 3599 nobis
1768 3549 1935 3615 pudor
1964 3556 2044 3603 est

488 3639 668 3692 dicere
691 3678 706 3701 ,
747 3653 852 3691 non
878 3636 1088 3691 erubuit
1109 3638 1253 3690 solus
1282 3637 1370 3690 ille
1398 3638 1744 3692 committere.

564 3746 793 3800 Proinde
827 3746 947 3815 quia
978 3747 1059 3799 his
1087 3747 1613 3816 presumptionibus,
1643 3762 1760 3815 quae
1787 3749 2039 3802 unitatem

487 3836 749 3900 dividunt,
780 3850 895 3904 qua:
938 3836 1165 3890 schisma
1210 3834 1405 3890 fuCllml.
1432 3877 1446 3900 ,
1494 3838 1659 3889 veloci
1686 3853 1744 3890 er
1772 3838 1925 3891 debet
1953 3852 2043 3891 oo-

491 3927 627 3980 curri
657 3945 669 3979 :
697 3941 995 3996 quaesumus
1023 3926 1200 3981 sedem
1232 3938 1485 3991 vestram,
1519 3938 1573 3980 ut
1602 3928 1727 3996 quid
1755 3942 1912 3993 super
1943 3929 2040 3981 hac

488 4026 637 4082 parte
664 4017 945 4071 observare
971 4016 1174 4079 velitis,
1206 4017 1506 4083 apostolicis
1535 4016 1773 4090 atl‘atibns
1808 4018 2036 4069 instrua-

490 4121 608 4159 mur
643 4124 655 4159 :
695 4117 951 4174 quatenus
978 4105 1302 4159 fraternitate
1332 4108 1575 4170 collecta,
1614 4107 1827 4170 prolatis
1855 4108 1903 4157 in
1933 4099 2041 4158 me-

491 4196 633 4247 dium
655 4195 964 4248 veneranda:
989 4194 1171 4263 synodi
1198 4193 1513 4253 constitutis,
1537 4203 1713 4245 contra
1740 4192 2041 4246 rebellionis

492 4286 731 4353 spiritum
778 4293 950 4337 vestra
993 4283 1307 4337 auctoritate
1353 4283 1595 4347 subnixi,
1648 4282 1768 4348 quid
1802 4290 2040 4346 oporteat

2142 490 2373 535 vestrum
2398 481 2510 548 jugi
2536 497 2650 535 avo
2679 483 2855 537 divina
2878 499 3155 539 coiiser-vet
3180 488 3469 541 aeternitas.
3542 516 3543 519 η

2696 685 2715 714 ⁸
2750 682 3064 737 EPISTULA

2190 807 2651 847 TARIACOIBRSIUI
2690 808 3044 848 ειηεοοιιοκῐιι
3081 811 3147 848 η
3185 810 3412 849 ητιΑιυι
3449 810 3645 849 ΡΔΓΔΙ.

2139 902 2465 969 Be.tisaimo,
2488 910 2534 956 el
2570 905 2846 972 apostolica
2872 908 3147 958 rctercnlia
3181 922 3215 958 ι
3241 905 3380 958 nobis
3408 906 3461 956 in
3499 904 3716 958 Christo

2208 974 2419 1045 colendo
2447 987 2592 1045 paper
2619 973 2833 1045 Hilam.
2865 973 3109 1027 Ascanius
3148 983 3197 1027 et
3235 974 3449 1028 universi
3477 977 3711 1045 episcopi

2212 1042 2604 1096 Tarraconensis
2632 1044 2920 1110 revincit.

2208 1136 2376 1222 Quam
2409 1167 2586 1209 curam
2616 1154 2942 1221 apostolatus
2969 1161 3146 1208 vester
3188 1153 3257 1208 de
3304 1152 3704 1222 provinciarum

2148 1256 2374 1298 suarum
2397 1244 2764 1299 sacerdotibus
2787 1252 2959 1315 gerat,
2980 1245 3091 1301 ﬁlio
3123 1255 3311 1300 nostro
3344 1247 3535 1300 illustri
3556 1242 3703 1297 Vin-

2154 1332 2491 1397 eentio,duce
2508 1335 2795 1403 provincia
2810 1334 3292 1399 nostrae,referente
3305 1336 3662 1405 cognovimus
3674 1349 3693 1386 :

2152 1423 2306 1492 cujus
2334 1424 2561 1493 impulsu
2593 1435 2772 1480 votum
2813 1434 3061 1482 nostrum
3103 1426 3158 1480 in
3202 1440 3389 1480 ausum
3420 1426 3700 1480 scribendi

2154 1526 2318 1580 prona
2340 1513 2621 1569 devotione
2646 1518 2895 1571 surrexit.
2922 1519 3060 1587 Ergo
3085 1516 3395 1586 provinciali
3428 1515 3701 1569 litterario

2155 1614 2401 1657 sermone
2410 1603 2585 1659 debita
2598 1623 2808 1660 coronae
2822 1614 3008 1663 vestra:
3018 1608 3268 1676 obsequia
3283 1606 3639 1664 deferentem:
3650 1606 3701 1655 is

2070 1736 2118 1796 Β
2143 1707 2463 1761 qnarsumus,
2494 1700 2553 1745 ut
2579 1691 2903 1759 dignatione,
2929 1702 3027 1758 qua
3055 1698 3299 1757 steteras,
3341 1688 3499 1743 etiam
3526 1686 3707 1741 humi-

2145 1782 2345 1835 litatem
2375 1786 2606 1834 nostram
2637 1781 2689 1832 in
2730 1778 3056 1834 orationibus
3079 1779 3273 1833 vestris
3299 1777 3353 1832 in
3398 1784 3573 1832 mente
3599 1776 3707 1831 ba-

2143 1871 2267 1924 bere
2293 1868 2612 1938 dignemini,
2649 1868 2953 1925 beatissime
2981 1878 3036 1923 et
3070 1869 3359 1938 apostolica
3394 1871 3709 1923 reverentia

2142 1960 2194 2013 in
2220 1961 2431 2014 Christo
2456 1976 2484 2015 a
2507 1961 2659 2015 nobis
2685 1958 2908 2015 colendo
2934 1968 3114 2031 pater:
3139 1960 3268 2014 illud
3294 1959 3575 2031 specialius
3599 1959 3708 2014 de-

2143 2039 2415 2118 precantes
2441 2089 2457 2115 ,
2502 2058 2562 2104 ut
2587 2051 2780 2104 lactem
2808 2061 3072 2115 nostrum,
3103 2049 3247 2118 quod
3274 2060 3388 2119 tam,
3409 2059 3535 2103 voto
3563 2064 3711 2119 pene

2141 2140 2313 2191 omnis
2342 2138 2622 2206 provincia:
2647 2181 2662 2204 ,
2694 2151 2851 2207 quam
2879 2138 3125 2205 exemplo
3152 2138 3431 2192 vetustatis
3462 2140 3512 2191 in
3560 2141 3708 2192 noti-

2142 2230 2267 2280 tiam
2299 2237 2525 2282 vestram
2564 2227 2822 2293 defertur,
2869 2228 3143 2295 perpensis
3185 2228 3564 2281 assertionibus
3604 2243 3707 2280 no-

2140 2320 2284 2383 stris,
2307 2320 2556 2374 roborare
2584 2320 2889 2387 dignemini.
2912 2318 3204 2388 Episcopus
3236 2319 3707 2373 Bari-inonensium

2140 2412 2369 2465 civitatis
2396 2419 2609 2464 sanctus
2638 2410 2992 2465 Nundinarius
3021 2420 3216 2464 sortem
3256 2408 3483 2477 explevit
3515 2409 3705 2463 condi-

2144 2502 2300 2554 tionis
2331 2500 2595 2554 humante.
2625 2500 2719 2553 llic
2741 2501 2992 2569 episcOpo
3018 2496 3305 2566 venerabili
3334 2498 3478 2552 fratri
3511 2509 3701 2552 nostro

2142 2591 2363 2655 Irenaeo,
2392 2606 2547 2658 quem
2579 2590 2691 2656 ipse
2716 2600 2871 2645 antea
2895 2590 2949 2644 iu
2976 2589 3189 2644 dioecesi
3217 2603 3314 2644 sua
3337 2589 3489 2643 nobis
3515 2589 3702 2643 volen-

2140 2683 2281 2737 tibus
2305 2683 2670 2752 constituerat,
2702 2682 3075 2751 derelinquens
3099 2684 3147 2735 ei
3168 2722 3183 2745 ,
3232 2680 3370 2750 quod
3403 2680 3569 2749 potuit
3599 2683 3665 2735 ha
3688 2711 3704 2722 -

2143 2771 2269 2826 bere
2291 2780 2575 2839 paupertas
2599 2813 2614 2837 ,
2646 2786 2906 2839 supremae
2945 2771 3228 2825 voluntatis
3265 2771 3505 2837 arbitrio,
3536 2770 3589 2824 in
3619 2772 3699 2825 lo-

2142 2878 2261 2916 cum
2286 2878 2441 2924 ,suum
2473 2872 2528 2917 ut
2560 2862 2987 2928 substitueretur,
3035 2863 3232 2932 Optavit
3272 2881 3286 2914 :
3329 2863 3422 2917 sed
3466 2862 3702 2918 defuncti

2140 2953 2393 3021 judicium
2440 2953 2493 3006 in
2548 2953 2663 3022 ejus
2706 2952 2953 3007 meritum
3002 2967 3106 3005 non
3154 2952 3380 3006 vacillat.
3426 2952 3702 3021 Siquidem

2065 3064 2112 3130 ρ
2143 3044 2316 3097 omnis
2340 3042 2514 3097 clerus
2542 3051 2597 3097 et
2623 3042 2771 3110 plebs
2796 3041 3031 3111 ejusdem
3058 3040 3286 3096 civitatis
3308 3082 3323 3106 ,
3352 3052 3407 3095 et
3434 3041 3614 3110 optimi
3643 3052 3700 3096 et

2145 3132 2352 3201 plurimi
2385 3132 2752 3199 provinciales,
2774 3142 2831 3185 ut
2863 3131 2998 3185 idem
3022 3130 3139 3199 ejus
3165 3132 3335 3185 locum
3366 3134 3696 3196 observaret,

2144 3237 2172 3274 a
2204 3223 2355 3276 nobis
2381 3232 2763 3289 speraverunt,
2795 3219 2919 3275 dato
2947 3235 3226 3275 consensu.
3272 3221 3375 3275 Nos
3405 3223 3699 3288 cogitantes

2144 3311 2374 3364 defuncti
2402 3312 2676 3378 judicium,
2698 3321 2751 3365 et
2772 3311 3058 3379 probantes
3082 3312 3199 3379 ejus
3224 3312 3402 3373 vitam,
3430 3320 3484 3365 et
3507 3326 3701 3366 eorum

2144 3401 2469 3453 nobilitatem
2502 3409 2661 3468 etque
2692 3400 3094 3464 multitudinem,
3122 3400 3210 3469 qui
3241 3400 3507 3468 petebant,
3537 3401 3697 3454 simul

2142 3498 2195 3539 et
2224 3487 2499 3540 utilitatem
2530 3487 2777 3541 Ecclesiae
2800 3498 3122 3548 memoratae,
3145 3489 3396 3555 optimum
3420 3488 3695 3547 duximus.

2145 3587 2199 3630 ut
2240 3585 2383 3629 tanto
2423 3576 2743 3639 sacerdoti,
2781 3575 2868 3641 qui
2897 3576 2962 3628 ad
3005 3577 3178 3629 divina
3222 3578 3556 3646 migraverat,
3584 3592 3696 3631 non

2143 3665 2358 3718 minoris
2404 3663 2577 3717 meriti
2638 3664 3042 3717 substitueretur
3091 3664 3350 3728 ntistes,
3401 3665 3694 3733 przesertim

2141 3769 2259 3807 cum
2290 3753 2519 3807 Ecclesia
2547 3752 2687 3807 illius
2726 3746 3028 3819 municipii,
3061 3752 3115 3804 in
3140 3766 3238 3819 qua
3262 3763 3383 3806 ante
3410 3753 3579 3808 fuerat
3604 3768 3695 3808 or—

2141 3845 2369 3905 dinatus,
2401 3856 2614 3910 semper
2642 3841 2794 3909 hujus
2823 3841 3049 3895 civitatis
3084 3840 3332 3895 Ecclesia:
3361 3841 3522 3899 fuisse
3560 3844 3694 3899 dite-

2140 3936 2273 3988 cesis
2299 3942 2520 3986 constet.
2549 3933 2685 4001 Ergo
2712 3932 3019 4001 suppliciter
3041 3946 3316 4000 precamur
3338 3935 3689 4002 apostolatum

2142 4034 2393 4084 vestrum.
2423 4032 2479 4076 ut
2506 4024 2814 4076 humilitatis
2842 4031 3038 4077 nostra
3064 4023 3328 4079 decretum
3346 4066 3361 4088 ,
3389 4026 3525 4094 quod
3551 4026 3695 4095 justo

2140 4129 2168 4167 a
2202 4114 2351 4164 nubis
2376 4111 2581 4164 videtur
2619 4111 2845 4177 factum,
2892 4122 3063 4166 vestra
3093 4116 3402 4170 auctoritate
3448 4116 3691 4173 firmetis.

2140 4202 2454 4256 Iamdudum
2500 4215 2627 4254 sane
2671 4203 2843 4264 questi
2892 4201 3157 4255 fueramus
3188 4204 3373 4258 litteris
3403 4208 3595 4261 nostris
3621 4210 3691 4265 de

2140 4291 2549 4357 praesumptione
2593 4288 2796 4342 Silvani
2825 4289 3053 4355 episcopi
3091 4306 3103 4339 :
3140 4300 3195 4343 et
3234 4293 3505 4356 miramur,
3551 4300 3691 4361 quod

494 4376 557 4427 de
582 4374 885 4427 ordinatore
910 4382 962 4427 et
1005 4372 1071 4425 de
1097 4372 1340 4425 ordinato
1390 4372 1500 4425 fieri
1527 4410 1542 4434 ,
1584 4372 1814 4438 iutcllige
1846 4385 1896 4433 e,
1932 4370 2041 4422 Deo
2071 4410 2116 4467 D
2144 4381 2284 4432 nulla
2328 4380 2653 4444 aposto'ams
2684 4380 2843 4432 vestri
2874 4394 3126 4446 responsa
3154 4383 3495 4449 suscepimus,
3543 4384 3693 4438 Nune

493 4464 789 4529 adjuvante,
809 4461 1093 4530 possimus.
1122 4461 1229 4514 Erit
1257 4462 1492 4528 profecto
1520 4472 1693 4513 vester
1724 4461 2038 4527 triumphus,

494 4555 536 4603 si
580 4554 900 4617 apostolatus
928 4553 1084 4606 vestri
1126 4550 1479 4619 temporibus,
1523 4552 1655 4619 quod
1704 4552 1867 4603 sancti
1898 4550 2040 4604 Petri

494 4640 741 4691 cathedra
789 4640 1005 4703 obtinet,
1050 4641 1307 4693 catholica
1352 4641 1529 4693 audiat
1576 4641 1826 4703 ECCICsia,
1869 4641 1911 4692 si
1945 4656 2037 4692 no-

496 4729 628 4779 vclla
676 4730 987 4781 zizaniorum
1017 4729 1216 4783 semina
1257 4729 1446 4783 fuerint
1484 4731 1792 4797 exstirpata.
1829 4730 1891 4783 Et
1922 4731 2036 4782 stib-

490 4942 801 5000 Sirmondus
834 4960 845 4993 :
884 4954 1198 5010 pastremam
1241 4944 1397 4996 etiam
1439 4958 1555 4996 cum
1599 4945 1712 4997 aliis
1739 4946 1963 4999 tlnolius.
1997 4946 2033 4999 li

491 5024 612 5067 sunt
644 5012 977 5066 Pitbmaneus
998 5053 1015 5074 ,
1061 5013 1202 5064 Arel.
1225 5051 1238 5070 ,
1281 5012 1441 5063 Lirin.
1468 5052 1479 5071 ,
1508 5012 1687 5075 Corb.,
1725 5014 1871 5067 [ἰείη.
1907 5016 2036 5068 Har-

493 5086 684 5135 ilninus
731 5081 885 5134 etiam
941 5094 1058 5132 cum
1116 5079 1426 5133 collectione
1476 5082 1704 5149 Dionysii
1754 5100 1851 5135 ms.
1898 5087 2035 5138 unde

494 5152 879 5204 emendatiores
907 5148 1109 5199 damus.

568 5222 581 5249 ι
608 5220 749 5271 Hanc
773 5217 1045 5288 epistolam
1080 5218 1230 5288 (qua:
1274 5217 1461 5283 prioris
1485 5218 1787 5282 jamdudum
1822 5220 2033 5288 scriptze

497 5290 812 5340 mentionem
859 5285 999 5349 facit,
1042 5284 1277 5353 adeoque
1321 5296 1554 5350 tempore
1602 5288 1857 5350 posterior
1883 5284 1963 5342 est
1992 5294 2029 5353 ).

497 5358 654 5422 priori
688 5357 757 5407 illi
780 5352 1244 5407 Tarracoucttsium
1274 5355 1538 5415 P7l5l|l0>lli
1563 5355 1660 5405 hoc
1688 5355 1801 5405 loco
1824 5372 1834 5405 :
1857 5352 2031 5421 putavi

498 5427 633 5475 enim
663 5425 855 5489 gratius
885 5425 993 5476 fore
1020 5422 1080 5473 ad
1112 5422 1378 5473 veritJrem
1411 5422 1483 5471 rei
1514 5433 1668 5487 geste
1701 5422 1895 5483 facilius
1920 5440 2035 5486 per-

498 5494 834 5557 Spicieuilam,
858 5492 919 5552 si,
944 5508 1057 5557 qure
1081 5491 1220 5557 prius
1248 5499 1358 5541 acta
1389 5497 1527 5546 sunt,
1556 5492 1724 5553 priore
1755 5494 1867 5544 loco
1888 5508 2030 5545 enar-

500 5572 676 5615 rentnr
702 5571 752 5614 et
781 5562 1119 5614 collocentur.
1142 5559 1194 5612 ln
1224 5560 1442 5612 concilio
1468 5559 1701 5612 ltomnuo
1732 5559 1837 5613 lucc
1866 5563 2037 5627 primo

2142 4468 2255 4520 haec
2280 4467 2462 4521 eadem
2494 4477 2855 4534 Suggerenles,
2888 4470 3134 4536 petimus,
3166 4478 3222 4522 ut
3259 4469 3381 4537 quid
3412 4485 3571 4540 super
3608 4472 3691 4527 liis

2141 4556 2299 4609 rebus
2324 4556 2707 4608 observandum
2738 4557 2845 4619 sit,
2891 4556 3192 4623 apostolicis
3234 4558 3564 4616 sermonibus
3591 4576 3689 4615 nos

2137 4645 2422 4709 dignemini
2445 4645 2748 4698 informare.
2776 4644 2840 4697 Et
2863 4660 2927 4698 ne
2955 4645 3173 4700 forsitan
3202 4661 3297 4715 per
3324 4648 3687 4716 negligentiam

2139 4734 2444 4801 portitoris,
2476 4741 2565 4786 aut
2610 4748 2702 4802 per
2749 4735 3012 4805 longinqui
3060 4736 3263 4790 itineris
3306 4737 3687 4804 difﬁcultatem,

2140 4947 2255 4999 loco
2267 4944 2508 5005 recitata,
2523 4946 2689 5011 primo
2703 4945 2887 5000 ordine
2903 4948 3090 5001 merito
3109 4948 3356 5003 collocata
3376 4952 3486 5006 luit.
3503 4954 3687 5010 Accla-

2140 5018 2395 5090 mationes
2417 5015 2775 5090 episcoporum
2801 5015 3009 5090 lectioni
3029 5018 3181 5090 hujus
3200 5019 3436 5086 epistolae
3462 5024 3686 5090 interpo-

2140 5083 2263 5136 sitas
2287 5082 2418 5134 infra
2440 5081 2830 5149 designabimus
2852 5085 2900 5135 in
2926 5081 3117 5147 ιη’ωάἱέ
3142 5103 3173 5138 ο
3193 5081 3417 5143 concilio
3430 5081 3682 5147 Romano.

2141 5154 2427 5225 Memorato
2452 5153 2609 5217 digna
2626 5151 2730 5205 duo
2752 5154 3003 5225 continet.
3039 5156 3228 5219 Unum,
3252 5160 3387 5225 quod
3414 5159 3479 5212 ad
3505 5160 3686 5212 Roma-

2141 5236 2260 5273 nam
2292 5221 2470 5272 sedem
2502 5229 2696 5272 tantum
2729 5224 2984 5286 poi-tinent
3025 5221 3329 5291 dispensare
3378 5227 3428 5279 in
3460 5228 3542 5291 iis,
3571 5244 3685 5295 qua:

2140 5300 2323 5363 contra
2373 5304 2603 5363 canones
2654 5302 2965 5363 pr;t_3stt_ntpta
3015 5306 3137 5346 sunt
3180 5312 3191 5346 :
3235 5296 3499 5358 alterum,
3547 5300 3680 5363 quod

2144 5358 2334 5410 nullius
2362 5358 2569 5411 concilii
2603 5358 2938 5424 provincialis
2979 5369 3117 5413 tanta
3166 5373 3247 5416 est
3293 5358 3599 5427 auctoritas,
3631 5377 3684 5420 ut

2143 5427 2436 5547 giconsulta
2462 5427 2588 5482 sede
2614 5426 2895 5493 apostolica
2928 5427 2975 5480 id
3008 5441 3256 5496 praestare
3287 5434 3530 5501 potuerit.
3558 5435 3682 5489 διν.

2190 5510 2337 5547 ιειυδ.

2190 5513 2221 5547 l‘
2238 5510 2337 5548 IUS.
