3854 6228
499 353 564 404 19
1835 338 2015 396 iiiLMl

2120 338 2286 397 ἈΗΕ
3577 338 3657 396 ΞΘ

497 471 701 509 mrem
724 448 962 520 accipiat,
993 467 1090 503 non
1119 449 1332 512 viduam,
1367 431 1465 501 non
1497 447 1803 512 repudiatam
1844 449 2022 516 (Letit.
2052 452 2099 511 Α
2127 457 2181 501 et
2206 448 2323 501 cod.
2361 447 2516 518 Just.]
2559 449 2703 516 pravi
2735 450 2972 505 desiderii
3006 451 3311 519 postulasse,
3354 451 3650 506 adhibendo

496 557 614 607 ut;
637 541 820 594 Ezech.
848 542 988 606 thv)
1012 556 1024 590 :
1049 538 1330 592 secundum
1354 536 1487 604 quod
1513 538 1666 588 etiam
1693 539 1869 589 beatus
1893 551 2018 603 apo-

494 631 658 684 stolus
682 617 887 688 Paulus,
917 628 1160 695 magister
1183 627 1444 694 gentium,
1474 626 1540 678 de
1569 625 1647 677 his
1677 625 1759 693 qui
1792 625 1902 679 fieri
1927 625 2020 679 de-

494 717 727 773 siderant
753 716 1070 778 sacerdotes,
1104 715 1310 781 pr0pria
1341 713 1662 768 institutione
1705 729 1804 767 non
1836 716 2015 780 tacuit,

494 804 674 858 (licens
706 821 718 855 :
758 803 915 860 Unius
953 804 1120 855 uxoris
1144 805 1300 854 virum
1331 802 1378 872 (ι
1403 802 1533 854 Tim.
1563 803 1663 872 ιιι).
1702 803 1862 869 Cujus
1892 816 2019 856 sane

495 902 678 949 tenore
719 893 988 947 sententia:
1035 894 1102 945 ita
1132 891 1395 945 informati
1438 906 1553 945 csse
1577 892 1794 954 debetis,
1831 892 2018 949 fratres

421 995 424 1000 '
494 983 750 1039 carissimi
776 1021 791 1044 ,
842 991 896 1034 ut
937 982 1071 1034 inter
1112 990 1298 1032 caetera
1328 995 1442 1048 quas
1481 980 1706 1033 cavenda
1734 988 1873 1043 sunt,
1907 979 2018 1034 haec

493 1070 744 1126 studentis
772 1071 1032 1137 pracipue
1061 1077 1086 1105 ι
1109 1068 1391 1131 custodire,
1419 1083 1531 1136 quae
1559 1069 1870 1136 cognoscitis
1897 1079 2018 1124 ante

494 1161 736 1216 universa
781 1159 1034 1213 mandari.
1084 1157 1141 1210 In
1186 1158 1371 1224 quibus
1402 1159 1556 1212 etiam
1599 1158 2036 1225 prospiciendum.

493 1247 931 1320 [perspiciendum]
951 1257 1058 1310 εει,
1087 1260 1154 1300 ne
1181 1247 1284 1300 duo
1312 1246 1465 1299 simul
1492 1247 1595 1299 sint
1623 1245 1675 1299 in
1700 1261 1799 1299 una
1841 1245 2018 1301 Eccle-

493 1337 570 1389 sia
614 1336 910 1390 sacerdotes
947 1354 959 1386 :
999 1349 1097 1388 nec
1119 1335 1406 1389 litterarum
1437 1336 1644 1403 ignarus
1669 1375 1681 1396 ,
1710 1343 1800 1388 aut
1831 1349 2015 1388 carens

495 1424 667 1494 aliqua
696 1437 840 1493 parte
867 1425 1239 1490 membrorum,
1271 1425 1350 1479 vel
1377 1426 1531 1477 etiam
1561 1441 1622 1478 ex
1649 1426 2016 1492 [annitentibus

496 1510 840 1582 [ezpmnitens]
869 1513 1055 1578 aliquis
1080 1513 1144 1564 ad
1174 1526 1374 1565 sacrum
1415 1513 1756 1567 ministerium
1802 1527 2016 1580 prorsus

494 1601 699 1653 siuatur
725 1600 992 1653 accedere.
1039 1599 1143 1654 Nec
1171 1610 1365 1653 tantum
1396 1602 1586 1669 putetis
1625 1601 1900 1669 petitiones
1927 1617 2016 1654 va-

493 1688 605 1742 lere
635 1691 963 1757 pepulorum,
1005 1699 1059 1742 ut
1083 1705 1199 1742 cum
1227 1691 1306 1742 his
1334 1704 1519 1757 parere
1547 1691 1750 1757 cupitis,
1778 1692 2014 1744 volunta-

2123 537 2173 588 iu
2192 537 2524 603 epistolarum
2547 539 2797 604 prommio
2818 541 3022 594 concilii
3043 542 3385 594 mentionem:
3405 551 3654 610 tanquam

2119 625 2286 692 culpae
2321 625 2674 679 minuerentur
2712 642 2962 682 excessus
3000 643 3091 696 per
3132 629 3648 682 multitudinem—im-

2119 714 2403 780 peritorum
2456 714 2828 784 [impetitoruuh
2882 715 3035 769 Forte
3083 715 3387 786 petitorum],
3440 731 3558 770 cum
3599 717 3654 770 si

2116 801 2273 853 etiam
2346 801 2445 854 sub
2499 803 2874 871 significatione
2939 804 3419 876 [subsignatiouem]
3483 821 3652 860 unus-

2116 891 2332 957 quisque
2362 890 2440 942 sui
2470 890 2691 966 nominis
2719 899 2887 945 tecum
2914 896 3108 962 pariter
3129 894 3410 956 retulisset,
3435 903 3487 947 et
3517 894 3651 946 sub-

2115 980 2426 1046 scriptiones
2447 981 2680 1046 proprias
2719 981 2879 1034 factas
2917 981 3144 1051 [fratres]
3171 983 3387 1051 singulis
3417 997 3654 1036 commeo

2114 1066 2328 1118 dassent
2368 1065 2850 1136 [commendassem],
2901 1069 3237 1124 dilectionem
3287 1078 3458 1123 tamen
3506 1079 3651 1123 tuam

2115 1152 2212 1215 rei,
2244 1151 2308 1205 de
2344 1167 2440 1220 qua
2485 1151 2634 1223 [quis]
2679 1155 2936 1223 displicet,
2978 1171 3179 1210 summa
3222 1159 3499 1226 tangebat:
3527 1160 3656 1227 quia

2114 1253 2212 1306 pro
2240 1239 2354 1293 loco
2380 1249 2434 1293 et
2463 1240 2659 1296 honore
2684 1242 2775 1311 tibi
2801 1243 2997 1309 debito,
3026 1245 3203 1300 caeteri
3231 1247 3530 1300 sacerdotes
3553 1245 3655 1300 do-

2115 1326 2264 1380 cendi
2298 1327 2525 1393 fuerant,
2553 1344 2656 1382 non
2681 1332 2948 1398 sequendi.
2977 1329 3124 1387 Unde
3148 1334 3280 1388 sicut
3301 1335 3351 1387 iu
3391 1335 3654 1402 generali-

2115 1413 2211 1467 bus
2236 1415 2418 1470 litteris
2446 1416 2695 1484 iudicavi,
2729 1421 2952 1475 lreuatus
2979 1421 3042 1475 ad
3068 1425 3326 1492 propriam
3355 1434 3654 1478 revertatur

2115 1494 2420 1569 Ecclesiam,
2461 1515 2514 1559 et
2563 1507 3029 1564 Barcinouensibus
3081 1511 3145 1564 de
3192 1527 3289 1567 suo
3334 1515 3477 1567 clero
3527 1529 3656 1582 pru-

2116 1594 2254 1649 tiuus
2297 1606 2627 1651 consecretur
2666 1598 2902 1668 antistes,
2940 1582 3026 1655 cui
3056 1603 3227 1656 tamen
3264 1610 3454 1656 statuta
3485 1618 3652 1656 eano-

2116 1693 2312 1739 num'et
2343 1687 2624 1752 apostolica
2663 1697 2915 1756 praecepta
2946 1691 3282 1745 concordent.
3330 1691 3391 1745 Et
3436 1695 3556 1745 licet
3588 1692 3646 1743 hi

495 1789 597 1833 tcm
625 1778 717 1834 Dei
744 1781 927 1843 nostri,
953 1782 1039 1847 qui
1070 1794 1165 1832 nos
1192 1793 1408 1846 peccare
1433 1779 1700 1847 prohibet,
1739 1780 2010 1834 deseratis.
2042 1772 2088 1829 Β
2114 1775 2200 1840 qui
2229 1781 2417 1840 praeter
2447 1775 2680 1830 notitiam
2706 1785 2859 1845 atque
2885 1792 3192 1833 consensum
3226 1788 3325 1832 tuae
3352 1779 3643 1833 dilectionis

496 1869 654 1935 Cujus
699 1870 984 1938 indignatio
1028 1884 1093 1922 ex
1138 1870 1234 1923 hoc
1261 1871 1466 1937 gravius
1495 1881 1872 1932 commovetur.
1901 1873 2020 1939 quia

495 1956 787 2024 benignitas
814 1959 925 2024 ejus
947 1997 962 2022 ,
1013 1957 1134 2010 dum
1168 1963 1294 2010 tlunt
1321 1958 1496 2011 illicita
1539 1970 1749 2026 pereas
1787 1959 1875 2028 qui
1902 1969 2022 2013 sunt

494 2049 806 2116 interpretes
835 2050 1160 2116 placationis,
1194 2047 1490 2102 otienditur.

1223 2138 1287 2190 γ.

565 2225 630 2280 Ut
669 2236 840 2280 autem
869 2227 1040 2280 omnia
1071 2227 1353 2281 secundum
1385 2226 1496 2280 haec
1535 2240 1649 2294 qua:
1693 2225 2017 2294 scripsimus,

492 2314 840 2380 corrigantur,
869 2324 1149 2380 praisentes
1175 2315 1372 2369 litteras
1397 2355 1411 2378 ,
1444 2315 1666 2382 Trajauo
1704 2314 2022 2369 subdiacono

493 2410 673 2455 nastro
698 2403 957 2466 veniente,
990 2401 1295 2458 direximus.
1321 2403 1468 2470 Quod
1497 2404 1540 2457 si
1570 2404 1792 2456 lreuzeus
1819 2404 2022 2470 episco-

493 2507 591 2560 pus
631 2494 695 2545 ad
726 2493 1006 2544 Ecclesiam
1056 2507 1232 2555 suam,
1271 2493 1508 2560 deposito
1541 2491 1884 2556 improbitatis
1909 2506 2019 2543 am-

493 2583 622 2644 bitu,
651 2580 821 2634 redire
847 2581 1151 2648 neglexerit,
1181 2580 1316 2646 quod
1342 2582 1388 2633 ei
1418 2597 1518 2632 non
1545 2581 1760 2647 judicio,
1805 2581 1896 2634 sed
1927 2581 2019 2633 hu-

492 2672 741 2725 manitate
771 2671 1120 2738 praestabitur,
1152 2668 1518 2722 removendum
1561 2685 1616 2723 se
1647 2671 1710 2721 ab
1734 2670 2017 2738 episcopali

493 2763 757 2814 consortio
781 2774 897 2814 esse
925 2768 1221 2828 cognoscat.
1257 2759 1388 2812 Deus
1417 2759 1701 2811 incolumes
1730 2773 1821 2810 vos
1846 2769 2018 2810 custo-

494 2849 600 2902 diat
626 2888 641 2912 ,
680 2846 863 2902 fratres
888 2849 1160 2902 carissimi.
1199 2849 1320 2900 Data
1353 2849 1506 2899 tertio
1532 2847 1770 2899 calendas
1791 2846 2016 2897 Januarii

492 2937 512 3004 (
535 2950 622 2988 an.
650 2936 798 2989 Dom.
823 2937 925 2991 495
947 2937 987 3005 ),
1017 2936 1263 3008 Basilisco
1292 2945 1346 3001 et
1371 2935 1722 2988 Hcrminerzco
1749 2934 1876 2986 viris
1910 2933 2017 2986 cla-

492 3024 713 3078 rissimis
738 3026 1066 3078 consulibus.-

1009 3170 1023 3202 ¹
1059 3171 1372 3226 EPISTULA
1417 3171 1498 3226 ΗΙ.

493 3292 668 3334 ιιιιΑιιι
698 3296 840 3334 ΡΛΡΒ
873 3298 935 3333 ΑΙ)
975 3295 1217 3334 Αεωκιωι
1260 3296 1656 3333 τΑιξιιΑουΝΕΝςΒ
1737 3295 2014 3334 ειιδεοιιιιιι

562 3364 796 3401 ΡΒΝΛΤΙΜ
827 3365 1030 3400 SCRIPTA
1062 3365 1075 3400 Ξ
1114 3364 1309 3409 εετρυε
1338 3364 1556 3400 ειυεοιῑιι
1594 3362 1886 3402 Αιιευυειιίι
1913 3365 2014 3403 (ΣοΜ

561 3432 702 3470 IPIST
711 3432 804 3470 οιΑ
833 3434 890 3470 PR
899 3433 972 3470 EC
980 3431 1200 3469 EDENTE.

559 3529 903 3582 Dilectissimo
952 3530 1096 3582 fratri
1134 3529 1362 3583 Ascanio
1401 3529 1604 3583 Hilarus
1648 3531 1942 3598 episcopus.

561 3636 754 3688 Divitm
793 3638 924 3690 circa
957 3654 1052 3691 nos
1089 3639 1268 3705 gratiae
1306 3649 1561 3692 memores
1596 3653 1712 3692 esse
1740 3640 2012 3706 debemus,

491 3724 578 3791 qui
609 3739 703 3776 nos
734 3737 824 3790 per
850 3725 1156 3790 dignationis
1180 3740 1287 3778 sua:
1317 3726 1726 3788 misericordiam
1763 3723 2013 3796 [gratiam]

493 3812 562 3864 ob
590 3812 686 3864 hoc
709 3811 768 3862 ad
795 3811 1053 3878 fastigium
1079 3813 1399 3865 sacerdotale
1421 3813 1675 3879 provexit,
1696 3813 2015 3864 ntmandatis

490 3899 1060 3967 ipsiusiuhmrenteget
1081 3901 1128 3951 in
1147 3901 1363 3968 quadam
1377 3899 2014 3969 sacerdmiilsacerdotuml

489 3990 604 4056 ejus
635 3985 841 4055 specula
882 3990 1164 4051 constituti,
1203 3990 1566 4056 prohibeamus
1609 3989 1806 4053 illicita,
1843 3996 1898 4041 et
1931 4003 2014 4040 se-

490 4079 689 4142 quenda
717 4077 1009 4130 doceamus.
1047 4076 1187 4129 Unde
1223 4078 1430 4129 directis
1460 4092 1557 4142 per
1587 4077 1863 4142 Traianum
1892 4077 2015 4127 sub-

491 4163 759 4215 diaconum
803 4174 1028 4215 nostrum
1062 4164 1243 4214 litteris
1268 4163 1624 4225 admouemus,
1653 4172 1708 4214 ut
1743 4178 1855 4229 qua:
1881 4163 2014 4214 male

491 4257 612 4302 sunt
658 4246 807 4311 facta‘,
837 4251 1176 4314 corrigantur.
1227 4251 1289 4302 Et
1332 4253 1578 4302 mirantur
1615 4249 1893 4301 admodum
1933 4251 2014 4301 di-

490 4337 760 4390 lectionem
785 4348 918 4388 tuam
943 4337 1392 4390 BarcinOneusium
1421 4339 1694 4403 petitiones
1723 4351 1825 4390 non
1844 4337 2010 4388 solum

490 4431 627 4482 nulla
655 4432 904 4482 auctorita
933 4444 963 4482 e
990 4431 1258 4493 retndisse,
1293 4446 1468 4483 verum
1499 4431 1672 4493 etiam,
1704 4430 1916 4504 directis
1945 4429 2007 4482 ad
2042 4427 2086 4481 D

489 4532 585 4572 nos
633 4520 847 4583 litteris,
893 4520 1383 4585 consummationem
1442 4520 1828 4589 [consensionem
1872 4535 1890 4571 :
1938 4520 2007 4571 ita

563 4707 589 4735 ³
611 4698 735 4751 Cod.
764 4698 912 4762 Luc.,
943 4697 1200 4749 custodiri.

561 4855 581 4884 ’
602 4851 759 4913 Huius
789 4849 1106 4915 pluriumqtte
1132 4848 1346 4900 aliarum
1372 4849 1700 4912 epistolarum
1727 4847 2011 4913 pontiﬁcia-

490 4935 608 4973 rum
640 4919 770 4970 idem
804 4927 854 4968 et
882 4931 1154 4969 commune
1180 4930 1295 4968 esse
1312 4916 1599 4981 exordium,
1624 4919 1820 4981 patebit
1841 4917 2008 4977 facile,

491 4991 534 5061 si
558 4987 734 5061 prima
752 4984 1118 5061 Zephyriui,’et
1145 4985 1291 5061 tertia
1309 4980 1561 5061 -Fabiani,
1594 4980 1709 5035 cum
1735 4984 2010 5061 hac_tertia

489 5049 649 5108 llilari
679 5069 691 5105 :
722 5054 841 5104 item
871 5049 911 5101 si
945 5053 1088 5102 tertia
1116 5052 1276 5102 sancti
1309 5049 1493 5103 Leonis
1522 5065 1635 5101 cum
1664 5052 1888 5105 secunda
1916 5052 2011 5105 Pe-

489 5124 605 5188 lagii
634 5121 976 5188 conferantur.
1008 5118 1131 5188 Ssv.
1166 5118 1354 5188 Brutus.

560 5184 578 5220 ²
610 5188 837 5252 Epistola
867 5187 974 5237 hzec
1004 5186 1189 5250 scripta
1212 5186 1308 5237 fuit
1332 5199 1393 5236 ea
1414 5184 1682 5236 occasione
1706 5202 1719 5240 :
1743 5187 2006 5240 Auxanius

491 5259 760 5321 episcopus
786 5271 874 5319 per
904 5254 1250 5318 obreptioncm
1275 5257 1655 5316 impetraverat,
1690 5265 1742 5305 ut
1773 5256 2006 5307 Ehredu-

493 5325 665 5377 nensis
695 5324 949 5387 provincia
973 5335 1066 5371 suo
1082 5321 1394 5386 episcopatui
1413 5321 1576 5384 quoad
1597 5321 2003 5383 iurisdictionem

491 5391 884 5443 ecclesiasticam
908 5389 1263 5452 subiiceretur.
1288 5387 1432 5450 Quod
1452 5405 1563 5439 enm
1585 5389 1633 5440 in
1656 5391 2003 5451 praeiudicium

493 5459 700 5525 Ingenui
734 5456 1110 5525 Ebredunensis
1132 5455 1377 5521 episcopi,
1409 5457 1610 5520 Alpium
1635 5458 2004 5510 Maritimarnm

493 5524 891 5586 metropolitani,
910 5524 1211 5575 auctoritate
1228 5526 1502 5588 apostolica
1525 5539 1825 5577 concessum
1844 5536 2003 5585 esset,

492 5595 553 5648 ad
585 5597 769 5648 instant
796 5607 873 5644 aut
896 5603 945 5644 et
970 5595 1229 5658 Querelam
1254 5592 1478 5660 e,usdetn
1517 5593 1742 5660 Ingenui,
1768 5597 2003 5658 Leontio,

2121 1862 2345 1916 ordinati
2371 1873 2493 1918 sunt
2524 1865 2845 1930 sacerdotes,
2869 1880 2988 1921 cum
3023 1869 3129 1921 suis
3157 1868 3433 1923 debuerint
3467 1879 3654 1924 aucto-

2118 1950 2263 2006 ribus
2289 1953 2583 2008 submoveri
2611 1971 2626 2008 :
2665 1970 2730 2009 ne
2749 1955 2870 2023 quid
2899 1967 3068 2012 tamen
3097 1958 3148 2011 in
3173 1966 3308 2014 tanta
3338 1961 3653 2016 necessitate

2117 2037 2457 2096 decernamus
2485 2051 2878 2106 austerum,eos
2902 2044 2989 2112 qui
3009 2046 3234 2114 episcopi
3265 2046 3383 2101 facti
3411 2058 3552 2112 sunt,
3572 2051 3650 2101 ita

2116 2125 2356 2180 volumus
2385 2142 2708 2194 permanere,
2761 2139 2818 2183 ut
2861 2131 2911 2184 in
2941 2134 3240 2200 apostolicis
3276 2135 3678 2203 praeceptioui-_

2118 2210 2217 2264 bus
2236 2220 2288 2265 et
2313 2215 2518 2267 statutis
2537 2225 2833 2269 sanctorum
2859 2217 3067 2272 Patrum
3084 2235 3184 2273 non
3217 2223 3533 2288 reperiantur
3549 2225 3653 2278 ob-

2119 2301 2279 2364 noxii,
2309 2316 2370 2355 ac
2397 2301 2640 2372 deinceps
2669 2305 2819 2373 nihil,
2841 2308 2975 2373 quod
3003 2317 3181 2361 contra
3211 2310 3529 2380 disciplinam
3552 2328 3647 2366 ee-

2118 2389 2456 2444 clesiasticam
2489 2393 2658 2445 veniat
2691 2393 2824 2447 sicut
2853 2394 3098 2448 hactenus
3121 2395 3314 2453 factum
3341 2408 3423 2454 est
3461 2417 3650 2468 perpe-

2118 2489 2302 2532 tretur.
2326 2479 2452 2534 Tuae
2473 2481 2833 2537 sollicitudinis
2856 2493 2956 2552 est,
2984 2485 3140 2541 frater
3158 2489 3442 2550 carissime,
3469 2492 3646 2544 omnia

2115 2567 2288 2620 debita
2319 2567 2407 2622 ιὼι
2432 2570 2734 2625 auctoritate
2762 2573 2910 2639 tueri,
2939 2582 2990 2627 et
3019 2575 3208 2631 illicitis
3233 2593 3337 2630 non
3358 2579 3512 2632 modo
3539 2593 3649 2633 non

2115 2657 2348 2723 pmbere
2385 2670 2677 2724 assensum,
2730 2659 2821 2712 sed
2846 2665 3000 2714 etiam
3050 2674 3256 2727 cuncta,
3304 2681 3419 2733 qua:
3463 2678 3647 2720 contra

2118 2743 2343 2812 regulam
2375 2742 2505 2798 facta
2528 2746 2808 2828 repereris,
2831 2761 3110 2805 coercere:
3134 2761 3287 2820 atque
3308 2763 3427 2809 ante
3447 2756 3647 2819 omnia,

2116 2845 2230 2898 quae
2263 2832 2375 2884 sola
2400 2833 2594 2888 unitate
2638 2833 2982 2910 [humuitate]
3018 2837 3362 2908 decernimus,
3390 2835 3646 2896 [retusum

2115 2920 2178 2971 ad
2203 2920 2484 2973 Ecclesiam
2509 2936 2654 2975 suam
2683 2924 2854 2980 redire
2878 2927 3152 2994 compelle.
3189 2928 3267 2982 Ad
3290 2944 3438 2998 quam
3460 2944 3649 3000 sponte

2117 3010 2288 3075 potius
2317 3009 2486 3063 redire
2514 3009 2770 3081 [remeare]
2799 3012 3022 3078 debebit,
3055 3016 3098 3068 si
3121 3017 3475 3074 asacerdotali
3509 3031 3646 3073 con-

2042 3095 2086 3158 C
2117 3100 2275 3150 sortio
2304 3114 2406 3153 non
2436 3100 2588 3168 [deest
2616 3104 2811 3168 negatio
2837 3103 2906 3174 in,
2931 3104 3044 3157 cod.
3081 3104 3245 3174 lusu,
3261 3123 3522 3178 metuque
3554 3126 3616 3162 su
3637 3139 3648 3149 -

2116 3187 2324 3255 perﬂuo]
2355 3188 2534 3240 metuit
2563 3189 2812 3254 separari.
2843 3188 2948 3246 Nec
2968 3191 3120 3244 unius
3141 3190 3386 3248 Ecclesiae
3405 3194 3505 3247 duo
3524 3209 3649 3250 esse

2119 3277 2481 3342 permittantur
2507 3277 2783 3341 antistites,
2832 3279 2969 3345 quod
2999 3282 3338 3348 Opportnnius
3363 3283 3645 3351 supradicti

2117 3362 2417 3416 subdiacoui
2449 3364 2556 3417 fieri
2587 3364 2883 3433 delegamus
2912 3367 3171 3432 instantia,
3195 3385 3345 3438 quem
3375 3372 3526 3424 etiam
3550 3386 3648 3437 pro

2116 3452 2467 3508 conservanda
2486 3452 2728 3507 Ecclesia:
2751 3455 3037 3522 disciplina,
3061 3471 3353 3512 commeare
3372 3459 3432 3511 ad
3461 3445 3646 3526 Hispa-

2117 3543 2252 3605 uias,
2281 3541 2632 3609 dispositionis
2661 3553 2850 3596 nostra:
2894 3544 3014 3598 fecit
3051 3546 3347 3598 auctoritas.
3381 3548 3514 3600 Deus
3550 3563 3647 3601 au-

2118 3642 2219 3685 tem
2248 3633 2552 3684 incolumem
2585 3641 2634 3684 te
2658 3632 2932 3694 custodiat,
2957 3634 3114 3687 frater
3137 3636 3434 3712 carissime.

2629 3765 2648 3792 '
2680 3763 2994 3824 ΕΡιδτυω
3038 3765 3123 3818 ιν.

2114 3885 2286 3923 mutu
2339 3885 2477 3924 mea
2526 3886 2590 3923 Αι)
2632 3871 2651 3900 ³
2683 3885 2958 3930 uexatus.
2990 3889 3228 3926 rtemann
3281 3890 3344 3928 ετ
3387 3891 3647 3931 νιςτυιιωι

2738 3954 3022 3995 IZPISCUPOS.

2115 4048 2317 4113 Delegat
2352 4049 2452 4101 illis
2484 4048 2700 4117 Ingenui
2725 4057 2768 4102 et
2797 4050 3016 4119 Auxauii
3063 4051 3401 4119 episcaporunt
3448 4064 3649 4103 contro-

2178 4119 2404 4176 versiam,
2435 4120 2719 4183 statuitque,
2760 4129 2810 4168 ut
2839 4117 3192 4171 Centetene'nsi.
3234 4122 3402 4172 civitas
3449 4130 3492 4172 et
3538 4119 3643 4172 Ni-

2179 4199 2350 4235 caenae
2386 4183 2644 4236 castellum
2687 4186 2754 4236 ad
2779 4187 2926 4238 unius
2959 4188 3173 4254 episcopi
3218 4194 3433 4256 regimen
3478 4205 3645 4241 rever-

2181 4262 2366 4305 tantur.

2114 4336 2471 4392 Dilectissimis
2503 4334 2753 4407 fratribus
2789 4336 3028 4407 Leontio,
3059 4330 3306 4407 Verano,‘
3323 4351 3374 4394 et
3428 4343 3648 4398 Victuro‘

2528 4403 2803 4472 episcopis,
2836 4401 3042 4460 Hilarus
3073 4423 3130 4474 pa
3140 4421 3221 4474 pa.

2182 4515 2450 4571 Moventur
2474 4518 2676 4568 ratione
2715 4514 2954 4581 justitize,
2985 4532 3099 4584 qua:
3146 4516 3264 4569 licet
3291 4520 3357 4568 ab
3399 4519 3644 4572 omnibus

2113 4844 2316 4898 Venno
2339 4856 2390 4898 et
2421 4845 2630 4899 Victuro
2660 4860 2827 4898 causa:
2868 4846 3250 4912 inquisitionem
3281 4857 3333 4901 ct
3382 4850 3644 4901 instaura-

2112 4915 2301 4984 tionem
2326 4915 2519 4984 jurium
2548 4914 2928 4984 Ebrednnensis
2957 4917 3337 4984 metropolitani
3359 4918 3637 4984 delegavit.

2112 4982 2376 5034 Adversus
2398 4983 2511 5032 illos
2539 4982 2622 5043 qui
2654 4985 2827 5032 insana
2859 4983 3136 5045 cupiditate
3165 4983 3419 5047 laborant,
3451 4982 3497 5036 ut
3532 5001 3643 5036 sua:

2112 5051 2351 5101 dimcesis
2381 5051 2508 5118 lines
2532 5049 2768 5118 dilatent,
2792 5064 2997 5118 auream
3016 5060 3065 5101 et
3087 5062 3259 5103 untatu
3287 5055 3642 5118 dignissimam

2110 5118 2417 5169 sententiam
2447 5115 2639 5167 addidit
2679 5118 2808 5166 hanc
2852 5134 2862 5166 :
2912 5117 3222 5182 Exspectatio
3259 5115 3443 5183 [metus
3486 5125 3642 5172 nostri

2108 5186 2363 5236 ministerii
2385 5200 2482 5235 non
2509 5185 2558 5232 in
2576 5185 2836 5235 latitudine
2861 5189 3132 5252 regionum.
3153 5189 3236 5238 sed
3252 5190 3297 5237 in
3315 5189 3640 5251 urqtiisitioue
3681 5207 3687 5212 ’

2111 5254 2308 5316 ponitur
2332 5255 2629 5303 animarum.
2661 5253 2845 5305 Baron.
2888 5270 3024 5306 anno
3052 5255 3174 5321 405,
3207 5271 3345 5306 unm.
3391 5255 3476 5305 27.
3511 5257 3639 5311 sm.

2110 5321 2304 5373 Bmus.

2179 5389 2198 5418 ’
2225 5388 2432 5439 Etiamsi
2455 5388 2534 5439 hic
2558 5388 2692 5439 nulla
2710 5391 2898 5440 mentio
2930 5390 3012 5439 fiat
3036 5389 3180 5453 cujus
3204 5390 3442 5441 Ecclesia:
3472 5389 3639 5441 Leon.

2111 5458 2209 5509 tius
2239 5457 2510 5521 episeopus
2547 5456 2713 5514 luerit,
2768 5457 2976 5506 (Initium
3011 5467 3175 5507 tamen
3209 5458 3399 5506 nullnnt
3432 5474 3486 5506 es
3537 5457 3644 5507 Foc-

2111 5524 2438 5589 rojnliensetl
2481 5527 2775 5588 episcopum
2813 5523 2985 5580 fuisse,
3028 5540 3176 5588 quem
3222 5525 3419 5575 lli’urtts
3459 5529 3638 5575 Mein-

2114 5593 2269 5645 tensis
2295 5594 2343 5644 in
2366 5592 2562 5645 funebri
2583 5592 2811 5643 oratione
2833 5591 2895 5642 de
2918 5601 3092 5642 sancto
3116 5591 3371 5644 ΗυιιυΓ.ι’0
3395 5594 3471 5661 ιιιιὶ
3504 5611 3638 5662 (opu
