3854 6228
481 222 550 276 33
1847 221 2069 283 HILARI
2111 221 2310 283 ΡΔΡΔΞ
3590 235 3673 290 21*

481 347 537 389 et
565 335 864 388 infirmitate
897 335 1212 389 seculorum
1236 346 1394 404 super
1422 346 1539 391 eam
1586 347 1636 391 te
1676 340 1927 404 erexerit,
1959 347 2016 392 ut
2043 343 2096 402 Δ
2121 337 2372 400 scribere,
2405 347 2510 390 tam
2543 337 2788 393 instructa
2815 341 3014 394 ad‘nos'
3045 341 3200 395 fuerit
3239 358 3460 410 persona
3506 344 3660 397 dire-

482 423 681 495 iudices
708 424 920 494 populos
946 425 996 478 io
1017 427 1279 490 aequitate.
1296 435 1350 481 et
1371 437 1558 495 gentes
1577 427 1630 482 in
1649 436 1785 481 terra
1803 427 2016 498 dirigas.

483 513 632 569 Unde
657 529 776 580 cum
813 516 962 569 nobis
990 517 1199 570 nuntius
1229 517 1317 572 ille
1340 533 1432 584 per
1461 517 1807 572 Concordium
1841 518 2021 572 Eccle-

481 604 575 656 siae
613 613 804 656 nostrse
845 605 1140 670 diaconum,
1190 606 1276 673 qui
1318 613 1440 660 tunc
1469 621 1701 674 praesens
1747 614 1860 660 erat
1899 620 2017 659 cum

481 692 730 744 sanctitas
757 701 840 744 tua
869 692 934 744 ad
962 693 1010 745 id
1040 691 1255 747 honoris
1283 693 1580 763 fastigatum
1609 695 1816 748 culmen
1839 703 2017 748 evecta

481 790 582 845 est,
611 781 804 834 relatus
823 782 1142 849 est,.gratias
1181 783 1289 836 Deo
1313 794 1494 837 nostro
1522 783 1863 844 reddidimus,
1893 794 1945 851 et
1966 791 2019 839 ω

479 871 810 923 decrevimus
855 885 1014 937 quam
1064 873 1286 938 primum
1334 872 1430 924 hac
1476 871 1784 926 humilitatis
1826 877 2019 926 nostra:

479 959 700 1026 epistola
739 958 1012 1012 salutare:
1051 967 1108 1012 ut
1133 968 1186 1012 et
1213 960 1289 1012 sic
1331 959 1568 1024 aifectus,
1598 961 1683 1028 qui
1713 961 1850 1013 inter
1875 970 2017 1013 tuam

479 1047 810 1101 sanctitatem
833 1056 887 1100 et
922 1061 1018 1101 nos
1053 1047 1251 1114 jamdiu
1280 1049 1490 1113 coaluit,
1521 1049 1572 1101 io
1595 1048 1813 1102 Domino
1832 1061 2017 1102 corrua-

477 1135 772 1201 boraretor,
801 1143 857 1190 et
891 1136 958 1191 de
993 1146 1190 1190 caetero
1230 1148 1478 1205 augeatur
1513 1153 1632 1192 cum
1659 1138 1832 1191 debita
1869 1150 2018 1191 reve-

478 1225 669 1287 rentia,
691 1239 789 1292 qua
818 1225 968 1278 decet
995 1224 1129 1279 ﬁlios
1167 1233 1366 1294 patrem
1410 1226 1686 1296 prosequi.
1709 1226 2018 1282 Benedictus

478 1313 652 1382 itaque
675 1313 763 1382 qui
791 1316 937 1382 venit
961 1314 1016 1368 in
1038 1315 1248 1368 nomine
1278 1315 1504 1368 Domini.
1528 1315 1641 1369 Jam
1671 1315 1877 1369 fortiter
1898 1331 2017 1368 san-

479 1401 645 1454 ctitati
683 1410 787 1455 tua:
810 1391 1178 1470 insudandum,
1209 1412 1263 1457 et
1286 1403 1633 1458 anlieiandutn
1671 1412 1773 1468 est,
1797 1415 1852 1457 ut
1879 1404 2015 1473 quod

477 1491 839 1545 sanctissimus
858 1491 963 1547 Leo
988 1508 1119 1562 papa
1149 1493 1362 1562 incepit,
1399 1493 1462 1547 ad
1485 1493 1874 1548 terminabilem
1898 1509 2019 1562 per-

479 1581 640 1636 ducas
666 1582 904 1647 limitem,
944 1593 997 1637 et
1021 1598 1147 1638 cum
1175 1585 1407 1638 exercitu
1437 1581 1696 1639 Gedeonis
1737 1599 1829 1652 per
1866 1584 2015 1637 tubas

2121 437 2228 490 cta,
2256 443 2374 494 qua:
2414 427 2800 495 inquisitionem
2842 442 3072 484 nostrain
3112 432 3266 500 plene
3309 448 3371 486 ex
3411 435 3662 488 omnibus

2121 516 2288 582 possit
2316 515 2596 570 instruere.
2630 518 2874 585 Spondeo
2899 522 3062 586 enim,
3090 530 3337 588 quantum
3367 524 3531 588 gratia
3563 524 3679 578 Dei-

2117 602 2278 656 donat
2308 614 2364 656 ut
2383 606 2688 670 speiiiieam,
2722 607 2822 682 hoc
2843 624 2928 664 me
2946 610 3010 663 ad
3043 612 3389 664 universalem
3416 613 3676 666 sacerdo-s

2117 698 2226 744 tum
2255 691 2458 743 Domini
2489 695 2820 748 concordiam
2851 703 3204 763 provisurum,
3249 709 3304 751 ut
3333 714 3515 753 omnes
3545 716 3658 754 non

2115 792 2207 831 sua
2232 779 2454 832 audeant
2483 795 2738 848 querere,
2761 784 2852 837 sed
2874 799 2986 852 qua
3021 796 3140 839 sunt
3173 785 3368 840 Christi
3405 789 3672 843 studeaut'

2114 866 2373 921 obtinere.
2408 868 2543 921 Deus
2595 877 2644 924 te
2673 872 2985 927 incolumem
3031 875 3288 930 custodiat
3309 911 3338 942 ,-
3371 877 3532 932 frater
3567 893 3660 932 ca-

2115 954 2343 1009 tissime.

2654 1048 2972 1106 EPISTOLA
3015 1051 3122 1104 Vll.

2488 1151 2661 1191 ιιιιηι
2696 1153 2839 1192 ΡΔΡΒ
2875 1154 2954 1192 ΑΒ·
2983 1154 3260 1194 ιεοιιτιυιι.

2115 1239 2292 1318 liene!
2322 1251 2377 1318 at
2401 1243 2689 1318 relationem
2713 1248 2874 1299 mittat
2915 1249 2976 1300 de
3007 1248 3192 1302 Herme
3214 1288 3233 1312 ,
3277 1251 3364 1318 qui
3411 1226 3658 1303 Ecclesia

2201 1311 2548 1432 iVSrbonensis
2592 1315 2932 1384 episcopatum
2978 1329 3156 1371 temere
3200 1311 3466 1385 usurpasse
3514 1321 3667 1371 diee-~

2296 1397 2372 1432 ur.

2296 1397 2372 1434 ur.

2286 1489 2638 1545 Dilectissimo
2663 1493 2804 1546 tratri
2830 1491 3044 1546 Leontio
3074 1495 3280 1549 llilarus
3304 1510 3461 1564 papa.

2183 1578 2428 1632 Miramur
2469 1580 2849 1636 fraternitatem
2896 1593 3043 1637 luam
3081 1587 3146 1636 ita
3193 1586 3325 1654 legis
3369 1584 3665 1638 catholicaz‘

478 1670 532 1725 in
561 1683 654 1724 ore
681 1670 891 1723 fortium
920 1680 1321 1740 concrepantes,
1351 1681 1404 1724 et
1424 1686 1516 1738 per
1549 1672 1816 1738 lampades
1852 1671 1903 1724 in
1939 1686 2026 1724 ro-
2053 1667 2101 1726 B
2125 1665 2484 1722 immemorem
2513 1683 2650 1737 esse,
2675 1681 2730 1723 ut
2752 1686 2969 1738 quaeque
2999 1673 3191 1739 iniqua,
3237 1682 3291 1726 et
3328 1686 3509 1727 contra
3550 1673 3651 1726 Pa-

478 1758 632 1827 busta
657 1773 816 1812 manu
843 1761 1062 1828 agitatas
1093 1769 1146 1814 et
1172 1761 1470 1824 ventilatas,
1500 1760 1806 1814 maledictos
1836 1775 2014 1813 muros

479 1847 686 1902 Jericho
707 1847 816 1914 jam
839 1849 998 1902 toties
1021 1847 1484 1902 anathematizatos
1511 1857 1565 1902 et
1586 1857 1859 1915 quassatos
1893 1862 2016 1901 san-

479 1937 632 1990 ctitas
662 1944 748 1990 tua
780 1935 939 1990 faciat
969 1946 1320 2004 prosternere.
1349 1936 1608 1990 Caeterum
1634 1951 1750 1991 cum
1781 1937 2013 1992 Ecclesia

477 2035 660 2078 nostra
685 2026 1005 2079 Arelatensis
1030 2041 1241 2093 semper
1259 2027 1325 2078 ab
1346 2024 1635 2092 apostolica
1665 2025 1793 2078 sede
1826 2026 2012 2092 amplis

475 2112 745 2165 favoribus
795 2121 850 2164 et
886 2112 1172 2181 privilegiis
1219 2112 1377 2165 fuerit
1424 2111 1712 2173 decorata;
1772 2127 2012 2180 rogamus

481 2204 807 2256 sanctitatem
837 2211 977 2255 tuam
1016 2210 1071 2255 ut
1118 2216 1211 2270 per
1255 2216 1370 2254 eam
1413 2200 1540 2254 nihil
1585 2201 1736 2256 nobis
1774 2200 2011 2268 decedat,

480 2291 573 2347 scd
597 2293 771 2360 potius
799 2303 1070 2360 augeatur,
1097 2303 1155 2345 ut
1174 2301 1226 2346 et
1251 2289 1573 2346 collaborare
1592 2301 1761 2346 tecum
1791 2292 1841 2345 in
1865 2292 2022 2346 vinea-

485 2385 688 2437 Domini
716 2384 806 2437 Dei
837 2383 1390 2448 Sabaothvaieamus,-
1408 2391 1462 2436 et
1485 2382 1777 2436 invidorum
1797 2393 2025 2437 conatus

481 2473 761 2540 infringere
785 2489 798 2524 :
822 2486 974 2538 quos,
1003 2471 1046 2525 si
1090 2487 1193 2525 non
1223 2482 1364 2526 esset
1390 2473 1676 2527 auctoritas
1703 2474 2012 2541 reprimens,

479 2570 680 2615 certum
701 2572 781 2616 est
811 2561 877 2616 de
904 2561 991 2617 die
1012 2562 1064 2616 in
1092 2563 1230 2620 diem
1261 2573 1594 2631 grassaturos
1621 2563 1674 2615 in
1703 2565 1869 2631 pejus,
1894 2562 2011 2630 quia

484 2651 677 2702 malitia
716 2665 816 2719 qua
849 2666 944 2704 nos
969 2652 1211 2714 oderunt,
1241 2651 1482 2706 ascendit
1504 2666 1732 2720 semper.
1765 2652 1884 2706 Dat.
1922 2654 2015 2708 So-

481 2751 610 2793 vero
634 2740 770 2808 Aug.
791 2754 907 2794 cos.

1009 2873 1330 2927 EPISTOLA
1363 2872 1462 2927 Vi.-

872 2998 1044 3037 HILARI
1067 2999 1208 3038 ΡΔΡΕ
1236 2999 1300 3038 AD
1329 2999 1621 3038 LEONTII]..-

484 3089 770 3162 Respondet
789 3093 856 3144 ad
872 3092 1072 3162 litteras
1101 3091 1312 3156 Leontii,
1335 3108 1458 3160 quas
1473 3093 1744 3160 scripserat
1760 3107 2012 3162 campres-

586 3159 836 3215 cedentem
861 3159 1058 3213 Hilarii
1073 3159 1579 3228 epistolam‘nondum
1622 3159 1909 3228 accepisset.

656 3272 1003 3353 Dilectissimo
1032 3271 1174 3324 fratri
1215 3271 1430 3324 Leontio
1460 3272 1665 3325 Hilarus
1689 3285 1842 3338 papa.

555 3369 828 3424 Dilectioni
841 3381 994 3430 mete,
1011 3381 1126 3433 qate
1137 3368 1274 3421 circa
1289 3367 1549 3422 Ecclesiae
1568 3355 1885 3433 Gallicanas,
1903 3382 2011 3421 om-

489 3476 683 3530 nesque
708 3461 761 3514 in
790 3460 866 3514 cis
889 3460 1093 3513 Domini
1122 3459 1456 3524 sacerdotes,
1500 3460 1655 3513 etiam
1695 3460 1745 3512 in
1784 3459 2014 3512 inferiori

487 3552 649 3620 gradu
676 3549 893 3617 positos,
924 3549 1183 3613 abundat,
1211 3547 1430 3602 multum
1469 3540 1671 3603 accedit
1711 3549 1972 3616 augmenti
1996 3587 2013 3613 ,

487 3640 626 3708 quod
656 3650 747 3708 per
770 3638 940 3691 virum
988 3637 1326 3704 spectabilem
1373 3637 1659 3703 Pappolum
1708 3637 1868 3688 filium
1923 3650 2016 3688 no-

479 3740 651 3783 mum
682 3727 938 3782 sermonis
965 3727 1036 3778 tui
1060 3725 1123 3777 ad
1151 3739 1233 3778 me
1253 3735 1378 3778 sunt
1405 3727 1573 3777 delata
1613 3725 1888 3791 principia.
1937 3721 2014 3774 Ex

487 3834 591 3887 quo
616 3827 792 3871 tamen
829 3815 1083 3884 coniicio,
1122 3815 1357 3884 paginam
1402 3827 1604 3878 meam,
1635 3827 1789 3881 quam
1822 3811 2016 3865 dudum

489 3912 556 3961 de
576 3909 911 3975 episcopatus
939 3907 1047 3959 mei
1065 3905 1368 3974 primordiis
1391 3905 1530 3968 misi,
1577 3901 1800 3957 necdum
1858 3903 2020 3955 tradi-

489 4007 593 4050 tam
625 3998 714 4049 tibi
741 3997 899 4050 fuisse
926 4011 1044 4048 cum
1075 3993 1333 4048 scriberes
1366 4011 1381 4045 :
1427 3993 1492 4047 de
1533 4006 1634 4059 qua
1688 3993 1864 4057 utique
1915 4006 2016 4043 non

491 4085 746 4150 siiuisses,
798 4083 900 4136 nisi
944 4083 1262 4150 perlaturum
1317 4080 1485 4146 aliqua
1533 4093 1687 4130 causa
1741 4078 2016 4130 tardasset.

491 4171 644 4226 Unde
670 4170 808 4236 quod
839 4179 894 4223 et
930 4169 1254 4222 consuetudo
1278 4167 1525 4236 poscebat
1557 4175 1610 4220 et
1636 4167 1861 4227 caritas,
1888 4166 2021 4232 jam-

2114 1763 2252 1808 trum
2285 1767 2582 1811 nostrorum
2623 1767 2848 1823 statuta,
2879 1761 2928 1813 in
2965 1761 3230 1828 provincia
3271 1777 3386 1827 qua:
3423 1763 3487 1816 ad
3537 1778 3652 1816 mo-

2114 1845 2378 1898 narcitiam
2407 1856 2546 1900 tuam
2576 1849 2820 1915 pertinet,
2849 1848 2892 1901 si
2921 1849 3032 1917 ipse
3048 1858 3135 1902 aut
3155 1866 3257 1903 non
3288 1852 3388 1913 vis,
3415 1863 3505 1904 aut
3543 1865 3668 1904 non:

2112 1944 2282 2001 potes,
2301 1934 2458 1988 etiam
2486 1950 2581 1990 nec
2608 1951 2701 1990 nos
2728 1937 2921 1991 silentii
2951 1938 3027 1992 tui
3058 1940 3406 1993 taciturnitate
3432 1941 3652 2006 permit-

2113 2029 2193 2073 tas
2211 2022 2500 2089 corrigere.
2526 2023 2790 2090 Siquidem
2812 2025 2949 2092 quod
2975 2034 3027 2078 et
3057 2041 3267 2079 rumore
3286 2029 3668 2094 cognovimus,-

2112 2115 2166 2161 et
2190 2119 2440 2176 quantum
2461 2109 2736 2179 diligenter
2759 2126 2789 2164 a
2809 2111 3029 2164 diacono
3056 2112 3257 2166 Joanne
3281 2151 3296 2176 ,
3329 2115 3417 2182 qui
3461 2129 3491 2167 a
3537 2129 3654 2167 ma-

2111 2194 2305 2264 gnitico
2329 2196 2441 2250 viro
2482 2197 2590 2252 filio
2630 2205 2812 2252 nostro
2840 2197 3106 2252 Friderico
3131 2199 3320 2254 litteris
3348 2201 3460 2255 suis
3497 2201 3669 2255 nobis-

2113 2283 2405 2338 insinuatus
2425 2294 2526 2349 est,
2557 2287 2945 2353 requisivimus,
2977 2286 3114 2356 quod
3143 2289 3461 2357 iniquissima
3491 2306 3667 2343 usue--

2110 2373 2324 2442 patione
2348 2375 2558 2443 quidam
2586 2371 3181 2446 Hermes'episcOpatum
3202 2379 3428 2434 civitatis
3454 2381 3654 2434 Narbo-

2114 2464 2292 2518 nensis
2334 2465 2646 2519 exsecrabili
2697 2468 2994 2523 temeritate
3040 2470 3449 2538 praesumpserit.
3481 2470 3670 2537 Quam'

2113 2567 2226 2606 rem
2254 2554 2500 2608 decuerat
2519 2557 2846 2611 sanctitatem
2877 2569 3014 2611 tuam
3044 2569 3100 2612 ut
3130 2560 3278 2614 nobis
3331 2563 3382 2615 in
3431 2561 3669 2630 vestigio-

2115 2641 2392 2695 indicaret.
2421 2643 2532 2708 Qua
2554 2643 2620 2697 de
2648 2659 2726 2710 re,
2751 2645 2913 2699 frater
2931 2648 3235 2714 carissime,
3265 2663 3563 2712 monemus,
3595 2657 3670 2703 ut"

2113 2730 2164 2783 si
2185 2728 2314 2784 ﬁdes
2345 2731 2656 2785 adhibeatur
2676 2734 2910 2798 assertis,
2941 2737 3164 2801 seposita
3193 2737 3558 2801 excusatione,
3582 2736 3668 2790 ad-

2119 2832 2217 2871 nos
2246 2829 2347 2871 tam
2377 2829 2482 2872 tua:
2509 2820 2832 2889 dilectionis,
2861 2837 3015 2889 quam
3054 2822 3267 2876 fratrum
3309 2834 3605 2878 nostrorum
3631 2863 3670 2893 ,.

2114 2918 2204 2960 aut
2250 2923 2342 2974 per
2387 2910 2690 2977 portitorem
2731 2911 3051 2979 litterarum,
3095 2923 3185 2966 aut
3213 2930 3306 2982 per
3348 2931 3503 2984 quem
3548 2916 3672 2984 ipsi;

2038 2995 2084 3058 Ε
2113 2996 2392 3063 elegeritis,
2425 2998 2764 3064 subscriptam
2801 3014 3045 3053 manuum
3081 3013 3369 3055 vestrarum
3417 3003 3641 3055 relatio-

2112 3098 2230 3136 nem
2263 3083 2654 3147 transmittatis;
2678 3086 2892 3153 utquod
2921 3085 3140 3138 delinire
3180 3088 3437 3151 possimus
3465 3103 3651 3141 recur-

2112 3174 2244 3226 renti
2274 3173 2454 3239 pagina
2484 3172 2690 3238 possitis
2715 3187 3016 3241 agnoscere.
3051 3173 3186 3227 Deus
3229 3185 3280 3228 te
3330 3175 3650 3230 incolumem
3706 3219 3712 3224 .

2113 3261 2389 3324 custodiat,
2415 3261 2573 3314 frater
2592 3263 2880 3316 carissime.
2911 3262 3036 3315 Data
3063 3276 3120 3316 ιιι
3150 3278 3313 3317 nonas
3341 3262 3679 3328 Novembris:

2117 3351 2276 3419 (anno
2300 3347 2425 3402 Chr.
2447 3350 2573 3403 circ.
2597 3349 2745 3419 462).

2637 3483 2954 3538 EPISTULA
2987 3479 3124 3541 Vili.

2115 3584 2287 3622 HILHII
2326 3583 2467 3622 ΡΔΡΑΞ
2493 3586 2558 3623 ΔΙ)
2591 3585 2860 3624 ῑριεεοροε
2907 3587 3229 3626 ιιιγειιεΑιιωι

2812 3654 3033 3692 αλιυδ.

2117 3719 2165 3773 Ι.
2195 3720 2414 3796 ῌεινηιεη
2443 3723 2762 3796 ΔΝιιιῡοηεησὶ
2795 3725 3028 3778 Ecclesia:
3053 3727 3323 3792 prouidere
3351 3730 3420 3780 ita
3446 3729 3655 3796 permit-

2187 3791 2340 3862 tit_,_ttt
2362 3793 2751 3844 ordinandorum
2773 3809 2830 3862 ep
2853 3811 3110 3862 scaporum
3128 3807 3294 3848 careat
3324 3791 3580 3860 potestate.

2118 3856 2200 3911 11.
2235 3858 2301 3912 Ut
2322 3856 2817 3933 conriliaguotamtis
2847 3856 2968 3927 fiant
2989 3880 3052 3916 ea;
3076 3865 3248 3930 quibus
3274 3856 3537 3930 prouinciis
3563 3879 3654 3933 ρος

2186 3937 2369 3994 terunt,
2400 3941 2445 3981 et
2474 3947 2503 3980 a
2537 3930 2738 3982 Leontio
2767 3943 3114 3984 convosentur.

2117 3991 2180 4044 II
2189 3993 2234 4068 1ἲ
2267 3995 2332 4068 t
2355 3991 2460 4047 sine
2480 3999 2843 4068 metropolitani
2863 4000 3038 4052 litteris
3059 4001 3277 4068 episcopi
3298 4001 3348 4052 in
3368 3999 3517 4051 aliam
3535 4015 3654 4066 pro-

2185 4063 2394 4112 vinciam
2415 4079 2512 4114 non
2543 4065 2938 4130 proﬁciscantur.
2966 4070 3109 4130 Quod
3154 4070 3198 4120 si
3228 4063 3328 4122 ’ται
3381 4063 3671 4133 impetrare'

2189 4144 2286 4205 non
2309 4141 2555 4195 poterunt,
2585 4148 2789 4184 causam
2818 4137 3052 4186 discutiet
3092 4139 3349 4204 episcopus
3389 4136 3654 4189 Arelaten—

2189 4212 2278 4248 818.

3273 3588 3535 3626 PROVINCM
3543 3588 3664 3627 BUI'

492 4260 693 4329 pridem
720 4273 804 4312 me
829 4256 1324 4337 exsecutumfuisse
1357 4258 1624 4325 signiﬁco,
1673 4268 1726 4308 el
1762 4255 1860 4307 hoc
1895 4253 2024 4321 ἰρείε
2050 4326 2092 4337 _
2122 4261 2224 4337 IV:
2259 4265 2332 4317 De
2360 4266 2608 4337 parocltiis
2626 4265 2868 4337 Ecclesiae
2896 4270 3215 4329 Arelatensis,
3258 4286 3381 4335 quas
3407 4270 3656 4337 repetebat

489 4326 781 4403 iitterarum
811 4333 1215 4414 exemplaribus,
1245 4360 1361 4413 qua:
1393 4345 1580 4408 direxi,
1619 4345 1825 4421 plenius
1865 4358 2019 4397 nosse
2050 4326 2102 4384 1)
2129 4400 2171 4421 π
2192 4326 2725 4421 ιειιιιιίιιξκέιιάίςιιη
2745 4326 3340 4421 adepiscopospreniitiit.

491 4447 590 4489 vos
615 4436 806 4502 cupio;
835 4443 892 4486 ut
931 4434 1104 4487 oflicio
1144 4432 1376 4485 fraterno
1422 4431 1474 4484 in
1529 4433 1670 4485 nullo
1721 4432 2021 4501 intelligatis

490 4525 653 4579 tui<se
675 4539 757 4577 me
783 4523 1033 4585 desidem,
1063 4533 1120 4578 et
1147 4523 1214 4575 ita
1236 4523 1462 4575 vicissim
1493 4521 1882 4589 frequentandis
1907 4533 2026 4575 stu-

491 4615 705 4666 deamus
733 4613 998 4679 alloquiis,
1021 4620 1078 4666 ut
1101 4611 1266 4665 vicem
1296 4610 1446 4662 nobis
1475 4614 1766 4664 communis
1793 4627 2026 4679 praesena

490 4706 579 4757 tize
605 4703 864 4756 scribendi
890 4717 1014 4754 cura
1057 4709 1380 4770 compenset,
1413 4699 1573 4750 frater
1609 4700 1902 4753 carissime.
1931 4701 2018 4752 Af-

493 4792 656 4847 fectus
685 4790 856 4858 itaque
885 4792 958 4843 tui
983 4792 1203 4858 gratiam
1231 4789 1400 4856 perire
1434 4803 1537 4841 non
1566 4803 1747 4856 passus
1774 4802 1848 4853 es,
1881 4787 2018 4857 quod

490 4882 538 4946 ei
563 4881 902 4938 sollicitudini
925 4879 1184 4931 intentum
1213 4885 1264 4929 te
1287 4889 1406 4928 esse
1433 4889 1690 4942 cognosco
1710 4917 1723 4938 ,
1754 4887 1808 4929 ut
1841 4885 2022 4929 custo-

2129 4400 2190 4454 ν.
2238 4402 2304 4454 Ut
2339 4400 2526 4469 prted—ia
2556 4400 2882 4455 ecclesiastica
2915 4400 3012 4457 non
3049 4406 3353 4470 alienentur,
3389 4405 3485 4458 nisi
3516 4409 3668 4472 apud’

2187 4472 2454 4522 concilim
2482 4472 2796 4524 alienationis
2825 4476 3129 4542 causalprt‘tts
3159 4474 3412 4526 doceatur.

2121 4558 2482 4628 Dilectissimis
2511 4560 2759 4628 fratribus
2799 4562 3060 4625 episcopis
3086 4563 3298 4628 provinc
3320 4575 3364 4613 ω
3394 4561 3646 4614 Viennen-

2189 4627 2284 4688 sis,
2317 4628 2692 4693 Lugdunensis,
2724 4627 3070 4682 Narbonensis
3089 4627 3269 4693 prima:
3303 4641 3352 4682 et
3377 4634 3652 4694 secuodze,

2185 4707 2238 4746 et
2267 4696 2471 4761 Alpium
2492 4696 2826 4748 Feminarum
2857 4696 3244 4767 [Penninarum]
3267 4737 3283 4761 ,
3311 4700 3516 4751 ililarus
3542 4699 3664 4766 epio-

2188 4777 2398 4830 scopus.

2194 4871 2498 4938 Quanquam
2527 4872 2763 4924 netitiam
2786 4873 3080 4925 dilectionis
3123 4885 3310 4927 vestrm
3348 4887 3532 4938 «punita
3570 4873 3666 4926 vet

490 4968 666 5024 diendi
695 4976 1026 5034 paternorum
1054 4979 1312 5020 canonum
1343 4965 1533 5031 regulis
1561 4965 1775 5020 studere
1810 4980 1897 5018 me
1935 4980 2026 5018 cu-
2125 4960 2297 5027 qualia
2323 4961 2371 5011 in
2403 4959 2726 5012 Narbonensi
2771 4975 2831 5012 ac
2865 4963 3147 5014 Biterrensi
3188 4963 3419 5015 Ecclesia
3463 4961 3658 5013 dudum

493 5061 623 5121 pias.
652 5055 766 5120 Quo
801 5053 1061 5106 desiderio
1103 5053 1232 5106 nihil
1268 5051 1470 5118 concipi
1511 5053 1769 5107 salubrius
1807 5063 2020 5122 potest,

488 5161 642 5209 quam
676 5152 734 5195 ut
760 5143 812 5195 in
843 5155 942 5192 una
968 5139 1236 5203 Ecclesia,
1277 5140 1360 5191 cui
1409 5149 1616 5205 oportet
1662 5157 1758 5196 nec
1805 5145 2022 5195 maculte

490 5233 680 5298 a‘iquid
714 5233 906 5290 inesse,
931 5240 1025 5281 nec
1055 5243 1224 5295 ruga,
1257 5241 1355 5279 una
1393 5227 1456 5278 sit
1492 5227 1543 5278 in
1573 5231 1812 5281 omnibus
1845 5232 2026 5282 obser-

493 5321 629 5370 vatio
671 5318 976 5383 disciplin-.2.
1008 5315 1101 5367 Cui
1141 5315 1182 5367 si
1220 5314 1410 5380 aliquid
1449 5313 1758 5368 eruditionis
1787 5327 1876 5368 aut
1911 5331 2027 5369 cor—

494 5407 747 5472 reptionis
775 5404 1065 5456 addendum
1093 5412 1194 5466 est,
1227 5402 1516 5455 reetissime
1541 5417 1631 5469 per
1661 5415 1883 5456 vestram
1909 5407 2028 5456 dili-

2122 5053 2228 5102 sint
2251 5048 2473 5100 admissa
2493 5063 2603 5101 'non
2635 5049 2848 5111 lateant,
2872 5063 2928 5104 et
2954 5064 3233 5119 praesumpt
3254 5055 3368 5104 onis
3405 5049 3660 5119 improbi-

2127 5148 2206 5190 tas
2233 5139 2296 5189 ad
2330 5153 2425 5190 nos
2448 5153 2609 5204 usque
2638 5141 2946 5205 perveniens
2971 5145 3144 5209 procul
3177 5143 3333 5195 dubio
3358 5139 3665 5208 regionibus

2129 5228 2400 5280 nianife~ta
2430 5228 2499 5278 sit
2520 5227 3129 5296 Gallicattis,apostolic:n
3149 5241 3320 5284 tamen
3344 5228 3663 5292 suilizcitudi-v

2130 5319 2210 5369 nis
2245 5317 2460 5369 interest
2501 5318 2683 5383 culpas
2718 5319 2771 5371 in
2815 5330 2991 5373 nostro
3036 5321 3386 5386 deprehensas
3421 5317 3674 5386 ιεῆιιιιιιίιιοτ

2133 5421 2234 5456 non
2267 5415 2472 5464 tacere;
2501 5421 2563 5456 ne
2589 5421 2680 5472 per
2703 5408 3036 5475 incongruum
3060 5411 3315 5460 silentium
3346 5380 3474 5490 coluit,
3493 5409 3673 5472 inith

505 5493 727 5554 gentiam
779 5491 1098 5556 consuletur,
1153 5494 1196 5544 si
1238 5492 1673 5558 quemadmodum
1711 5509 1768 5544 es
1792 5496 2032 5561 dignatus
2135 5498 2405 5562 agentibus
2435 5495 2622 5549 habere
2660 5497 2928 5550 videamur
2963 5511 3302 5551 comitemne
3343 5497 3663 5614 [‘OfiilOllelll.

3445 5625 3460 5768 ἱ
