3854 6228
137 242 200 299 ‘33
1477 237 1673 296 EPIST'

1779 246 1801 297 ι
1841 241 1970 299 γιιι.
3236 246 3317 302 ἳσ

142 354 265 403 Olim
288 352 446 418 igitur
468 350 679 403 urbium
706 348 948 417 prmities
970 348 1329 416 prmdictarum
1352 357 1546 401 sancta:
1569 363 1678 401 tne-
1706 356 1753 409 Α
1781 350 1923 414 dum,
1954 365 2018 407 ne
2046 366 2209 416 error,
2236 366 2389 419 qttem
2414 353 2623 419 juvante
2644 354 2852 407 Christo
2883 354 3102 407 Domino
3127 369 3317 408 nostro

143 440 315 491 muriae
345 440 620 493 decessori
646 454 765 491 meo
791 454 890 490 non
917 440 1085 490 minus
1110 452 1263 505 quam
1304 438 1452 490 nobis
1471 476 1487 499 ,
1521 439 1677 489 etiam

143 538 256 579 tunc
282 528 578 580 attulerunt
599 527 814 585 doloris.
847 525 1040 578 illicitis
1070 524 1405 592 petitionibus
1437 526 1680 577 audendo

141 616 413 681 prosequi,
445 616 582 680 quod
614 616 696 666 vix
728 614 859 681 apud
886 614 1187 680 patientiam
1211 620 1440 665 nostram
1462 614 1569 665 sola
1598 628 1682 667 ne-

140 705 446 758 cessitatum
471 706 636 772 potuit
662 704 1021 768 deploratione
1062 702 1238 757 leniri.
1272 703 1469 767 Quibus
1498 703 1636 755 enim
1659 742 1675 765 ,

139 798 267 845 sicut
298 796 464 845 etiam
492 807 585 845 vos
612 793 864 859 probatis,
898 791 1085 843 factum
1134 800 1339 844 constat
1382 791 1633 858 exemplis
1660 830 1676 854 ,

140 892 190 933 et
216 898 317 949 qua
349 898 458 935 non
482 882 841 948 objurgatione
870 880 1229 947 dignissimum
1250 890 1362 945 est,
1393 880 1529 948 quod
1560 894 1681 931 san-

138 988 340 1025 ctorum
368 972 584 1024 Patrum
612 970 862 1033 decretis,
887 979 941 1022 et
969 971 1095 1035 ipsis
1135 978 1387 1038 repugnat
1420 984 1676 1023 canonum

139 1063 437 1116 institutis?
454 1076 571 1114 cum
599 1060 716 1115 ideo
736 1076 795 1115 se
814 1061 1095 1126 fraterjam
1121 1070 1174 1113 et
1201 1062 1540 1128 coepiscopus
1587 1073 1681 1111 no-

142 1162 251 1204 ster
281 1151 510 1204 Hermes
538 1164 566 1202 a
592 1150 914 1203 Narbonensi
951 1149 1175 1202 Ecclesia
1201 1148 1417 1202 credidit
1447 1149 1564 1215 jure
1590 1162 1683 1199 su-

136 1240 262 1304 scipi
286 1279 302 1303 ,
337 1238 465 1305 quia
496 1238 703 1304 indigne
728 1251 759 1289 a
804 1236 1217 1297 Biterrensibus.
1254 1235 1441 1304 quibus
1468 1234 1677 1288 ordina-

139 1341 217 1380 tus
235 1338 347 1392 est,
375 1328 585 1381 dicebat
610 1327 837 1381 excludi.
866 1327 964 1392 Qui
991 1327 1033 1379 si
1058 1341 1180 1379 vere
1208 1326 1306 1378 hoc
1326 1326 1376 1378 in
1397 1340 1455 1377 se
1486 1324 1675 1376 factum

138 1418 360 1479 doleret,
395 1426 453 1469 et
479 1416 709 1483 legitimo
732 1415 975 1469 remedio
993 1413 1271 1466 subvenire
1300 1412 1521 1480 propriae
1549 1411 1680 1463 scis-

136 1513 213 1558 set
240 1504 485 1569 injuriae,
516 1502 793 1555 vindictam
824 1500 992 1568 magis
1017 1501 1197 1553 debuit
1223 1514 1437 1567 sperare
1468 1512 1679 1566 perpes-

135 1594 226 1654 sis,
252 1607 324 1658 qu
338 1606 431 1643 am
452 1593 652 1643 veniam
675 1591 1006 1657 perpetratis.
1023 1590 1254 1657 Denique
1272 1589 1316 1642 si
1338 1604 1475 1642 nunc
1495 1588 1677 1642 saltem

1781 455 1945 506 nnp--r
1972 440 2315 505 abolevimns,
2338 451 2425 493 aut
2453 442 2503 493 in
2532 441 2725 494 similes
2744 484 2759 507 ,
2793 450 2881 493 aut
2917 443 2967 494 in
3010 458 3171 495 novos
3202 458 3301 494 un-

1779 542 1934 595 quam
1964 528 2173 594 prodite
2196 528 2361 595 possit
2380 542 2641 581 excessus.
2664 529 2811 592 Quod
2832 529 3007 597 utique
3032 545 3132 581 non
3157 530 3311 583 aliter

1778 617 1971 683 poterit
1996 617 2299 683 prteraveri,
2330 617 2425 669 nisi
2447 626 2635 670 statuta
2682 619 3100 671 venerandorum
3148 634 3311 672 cann-

1781 720 1903 757 num
1933 706 1982 757 in
2008 706 2256 759 faciendis
2279 705 2639 769 conventibus,
2686 720 2819 773 quos
2864 709 3112 760 hactenus
3138 711 3319 762 omitti'

1780 795 1900 849 fecit
1925 804 2071 848 certa
2091 798 2396 858 necessitas,
2426 810 2811 863 exsequamur:
2854 796 2907 849 in
2957 798 3141 863 quibus
3186 812 3308 864 pos-

1778 884 1899 947 sint,
1932 899 2025 951 pro
2045 884 2421 951 emergentium
2452 883 2763 938 necessitate
2782 898 3051 937 causarum
3076 925 3091 948 ,
3120 886 3183 937 ad
3219 900 3309 937 ec-

1778 971 2092 1025 clesiastica:
2131 970 2513 1023 observantiam
2546 970 2833 1037 disciplinae
2856 1013 2872 1036 ,
2903 981 2957 1025 et
2995 985 3112 1039 quae
3158 985 3317 1025 secus-

1778 1060 1914 1114 facta
1949 1061 2160 1123 fuerint,
2187 1061 2402 1129 corrigi,
2430 1069 2482 1112 et
2506 1061 2770 1128 sequenda
2795 1061 3057 1115 constitui.

1845 1150 1907 1203 Il.
1940 1150 2039 1203 Per
2059 1163 2223 1202 annos
2243 1150 2416 1217 itaque
2444 1149 2712 1217 singulos,
2738 1165 2802 1203 ex
2826 1149 3104 1217 provinciis
3124 1148 3320 1215 quibns'

1779 1242 2025 1311 potuerit,
2048 1241 2372 1309 congregari,
2394 1239 2644 1293 habeatur
2664 1240 2962 1307 episcopale
2988 1238 3265 1291 concilium
3293 1255 3305 1288 :

1778 1332 1850 1384 ita
1880 1339 1939 1384 ut
1961 1331 2265 1398 opportunis
2290 1330 2423 1383 locis
2450 1337 2605 1397 atque
2630 1329 2954 1391 temporibus
2975 1368 2990 1393 ,
3023 1328 3319 1381 secundum

1777 1421 2169 1486 diSpositionem
2197 1420 2371 1471 fratris
2394 1427 2446 1472 et
2468 1419 2763 1486 coepiscopi
2788 1419 2951 1469 nostri
2984 1417 3204 1479 Leontii,
3226 1418 3320 1469 cei-

1777 1506 2179 1563 sollicitudinem
2231 1507 2284 1559 in
2332 1506 2708 1573 congregandis
2757 1507 3000 1558 fratribus
3050 1506 3308 1572 delegavi-

1779 1615 1916 1661 mus,
1936 1595 2346 1664 metropolitanis
2369 1609 2459 1662 per
2486 1594 2685 1646 litteras
2714 1593 2824 1658 ejus
2847 1592 3145 1657 admonitis,
3172 1594 3310 1645 cele-

135 1681 411 1732 communi
440 1679 669 1732 omnium
702 1680 906 1733 Domini
932 1677 1263 1731 sacerdotum
1292 1688 1467 1731 utatur
1487 1678 1682 1742 animo,
1716 1679 1761 1737 B
1788 1688 1968 1741 bretur
2003 1703 2016 1737 :
2046 1686 2173 1739 utsi
2200 1685 2322 1753 quid
2347 1698 2561 1752 usquam
2591 1684 2670 1736 vel
2701 1684 2750 1735 in
2772 1682 3073 1735 ordinandis
3106 1683 3309 1749 episco-

138 1773 177 1821 si
202 1772 445 1822 imitetur
466 1769 785 1835 exemplum,
821 1769 867 1821 si
898 1767 967 1838 ad,
1004 1767 1115 1821 haec
1156 1782 1272 1836 quae
1307 1768 1679 1821 ecclesiastica:

136 1861 327 1926 quietis
356 1858 800 1925 contemplatione
827 1866 1090 1922 utcunque
1117 1856 1285 1921 sopita
1314 1866 1433 1907 sunt
1457 1895 1472 1919 ,
1513 1856 1679 1909 oculis

138 1949 310 2001 cordis
341 1949 603 2011 intendat,
629 1955 683 1999 et
710 1962 804 2014 pro
824 1948 983 1999 tutius
1014 1945 1259 1998 Ecclesiae
1286 1946 1529 2012 pace.vel
1555 1945 1676 2009 fide,

135 2054 249 2106 qua:
277 2049 416 2091 sunt
438 2038 798 2105 multipliciter
834 2044 1004 2090 errata
1050 2035 1344 2089 consideret
1387 2051 1401 2087 :
1447 2034 1574 2087 nihil
1599 2041 1680 2087 est

136 2128 375 2193 profecto
403 2126 538 2194 quod
568 2140 671 2179 non
694 2126 849 2179 etiam
892 2126 1007 2192 ipse
1045 2123 1427 2191 reprehendat,
1475 2133 1526 2176 et
1561 2138 1681 2177 eru-

138 2216 311 2267 bescat
330 2215 441 2268 sibi
464 2213 623 2267 annui
651 2213 790 2279 quod
833 2216 883 2265 in
911 2213 1079 2265 altero
1115 2212 1445 2265 laudabiliter
1483 2213 1677 2278 impro-

135 2304 283 2357 barit.
318 2303 534 2357 Scimns
561 2304 724 2364 enim,
769 2310 822 2354 et
846 2302 1043 2368 jamdiu
1088 2300 1155 2361 de
1196 2301 1466 2353 memorati
1510 2299 1680 2352 fratris

134 2409 276 2445 eonvo
297 2394 541 2446 rsatione
568 2392 691 2445 nihil
724 2391 975 2444 habemus
1010 2391 1315 2457 ambiguum
1342 2428 1355 2452 ,
1390 2405 1506 2443 cum
1533 2400 1681 2443 ante-

133 2494 259 2535 actae
282 2484 414 2534 vita;
442 2482 602 2548 ipsius
622 2494 853 2540 cursum,
882 2487 937 2532 et
970 2489 1111 2531 retro
1138 2482 1486 2545 antepositum
1514 2477 1680 2548 [omne

133 2569 469 2639 preposition]
528 2580 706 2621 nostro
742 2568 1086 2640 trevolventes
1129 2567 1332 2633 animo,
1366 2568 1464 2621 hos
1503 2568 1676 2630 illum.

133 2673 257 2725 quos
285 2658 342 2711 itt
376 2671 444 2710 eo
463 2659 748 2725 arguimus.
780 2656 1064 2710 incurrisse
1086 2656 1443 2724 potius,qnam
1468 2656 1675 2719 fecisse,

134 2747 464 2799 :estimamus
491 2758 760 2798 excessus.
786 2744 861 2798 De
890 2744 1080 2811 quibus
1109 2745 1420 2811 prresidente
1458 2745 1674 2797 fratrum

133 2848 425 2886 numeroso
450 2834 694 2896 concilio,
722 2842 777 2886 et
801 2849 864 2887 ex
893 2834 1116 2886 diversis
1146 2832 1425 2899 provinciis
1452 2833 1517 2885 ad
1538 2832 1673 2885 diem

134 2926 319 2979 natalis
382 2930 546 2977 nostri
596 2927 648 2977 in
705 2925 957 2977 honorem
987 2925 1123 2977 beati
1163 2924 1299 2975 Petri
1328 2924 1551 2988 apostoli
1581 2937 1674 2990 per

134 3014 218 3067 Dei
242 3014 476 3082 gratiam
515 3021 858 3080 congregato,
892 3011 1287 3079 przesidentibus
1334 3011 1578 3064 fratribus
1620 3004 1743 3065 etC

132 3102 465 3171 coepiscopis
491 3102 681 3155 nostris
712 3102 900 3154 Fausto
928 3112 977 3154 et
1008 3102 1265 3167 Auxanio,
1293 3108 1445 3168 atque
1468 3098 1671 3169 agenti-

133 3192 225 3245 bus
252 3193 522 3260 plurimis,
554 3205 670 3258 qua:
696 3191 926 3257 vigorem
964 3191 1244 3256 respiciunt
1286 3188 1672 3242 auctoritatem-

134 3296 229 3346 que
260 3280 472 3347 judicii,
504 3280 553 3332 id
579 3295 607 3330 a
640 3280 789 3331 nobis
817 3280 958 3346 pacis
981 3289 1061 3331 est
1086 3293 1263 3331 amore
1291 3278 1628 3331 constitutum
1657 3315 1672 3340 ,

134 3377 186 3417 nt
210 3369 261 3419 in
292 3368 584 3428 sententia,
615 3383 767 3435 quam
796 3366 893 3419 sub
912 3366 1218 3419 adversione
1234 3366 1505 3432 utriusque
1533 3364 1676 3431 lega-

134 3456 282 3507 t.onis
316 3455 443 3506 inde
470 3454 703 3515 directa,
733 3454 939 3506 Christo
969 3453 1187 3507 Domino
1210 3465 1388 3505 nostro
1418 3452 1674 3519 inspiran-

135 3554 201 3605 te,
230 3542 576 3610 protulimus,
609 3556 776 3609 neque
812 3544 1010 3595 caritas
1051 3541 1363 3606 evangelicae
1401 3540 1675 3607 indulgen-

136 3633 234 3694 tia,
261 3647 441 3698 neque
461 3632 758 3697 apostolica:
784 3633 924 3698 virga
948 3631 1167 3683 defuerit
1199 3630 1675 3695 disciplinanNam-

132 3738 224 3788 que
251 3725 301 3776 in
336 3733 508 3775 totum
539 3737 633 3775 nec
664 3723 929 3776 remittere
951 3736 1044 3773 nos
1065 3722 1188 3775 fecit
1213 3721 1552 3788 indulgentia,
1578 3734 1673 3772 nec

132 3810 268 3862 affect
280 3812 333 3862 io
362 3824 631 3862 coercere.
1298 3812 1305 3819 '

196 3902 232 3951 l.
266 3902 327 3953 Ei
363 3901 449 3967 qui
484 3913 620 3952 nunc
652 3898 898 3949 Ecclesia:
920 3895 1536 3961 Narbonensiprresidere
1556 3909 1668 3960 per-

131 3990 376 4051 mittitur,
436 3989 841 4038 ordinandorum
890 3986 1249 4049 episcoporum
1271 4021 1285 4046 ,
1317 3981 1384 4034 ob
1407 3983 1516 4033 haec
1554 3997 1670 4047 qua:

129 4094 280 4145 prave
308 4079 453 4129 facta
480 4084 627 4137 sunt,
675 4073 976 4125 sustulimus
1021 4081 1327 4141 potestatem
1353 4112 1367 4134 ,
1412 4087 1565 4139 quam
1600 4074 1670 4123 ita

128 4170 185 4221 ad
238 4169 469 4220 fratrem
522 4176 574 4218 et
626 4170 989 4233 coep‘scnpum
1042 4172 1276 4216 nostrum
1315 4162 1669 4216 Constantium

128 4258 363 4312 Ueeticae
394 4256 640 4308 Ecclesia
659 4255 943 4307 antistitem
963 4296 976 4318 ,
1018 4253 1134 4319 quia
1177 4267 1289 4304 aevo
1326 4253 1536 4303 honoris
1566 4252 1673 4317 pri-

1782 1778 1883 1844 pis,
1914 1776 1991 1828 vel
2020 1774 2354 1843 presbyteris,
2368 1782 2458 1825 aut
2481 1773 2757 1840 cujuslibet
2772 1771 2875 1825 loci
2896 1771 3097 1824 clericis
3114 1771 3306 1824 facien-

1780 1864 1880 1925 dis,
1905 1872 2084 1916 contra
2109 1873 2365 1929 precepts
2394 1861 2675 1928 apostolica
2704 1859 2966 1926 reperitur
2984 1861 3264 1911 admissum
3290 1892 3306 1920 .

1778 1953 1947 2004 autin
1995 1965 2176 2005 eorum
2210 1950 2607 2001 conversatione
2654 1949 2919 2015 quippiam
2977 1949 3303 2013 reprobatnr,

1777 2038 2293 2093 commnniomninm
2322 2038 2631 2089 auctoritate
2674 2048 2956 2089 resecetur.
2996 2037 3049 2089 In
3087 2051 3145 2089 ea
3174 2053 3300 2104 prte-

1778 2130 1931 2197 cipne
1951 2128 2256 2181 celebritate
2279 2128 2643 2191 conveniatur,
2672 2142 2788 2194 qua:
2819 2128 3127 2195 prtesidente
3157 2129 3308 2182 Chri-

1777 2228 1858 2271 sto
1881 2218 2100 2269 Domino
2127 2225 2327 2279 nostro,
2354 2225 2405 2268 et
2426 2214 2715 2267 veneranda
2736 2215 2801 2266 sit
2824 2216 3035 2277 sanctis,
3058 2228 3109 2267 et
3130 2217 3307 2268 formi-

1780 2306 1949 2359 danda
1977 2305 2255 2372 perversis.
2286 2304 2391 2356 Nec
2420 2304 2657 2370 cuiquam
2688 2303 2862 2355 licebit
2892 2317 2919 2355 a
2950 2303 3142 2368 regulis
3183 2319 3307 2355 eta-

1776 2394 1909 2462 gari,
1933 2409 2062 2460 quas
2082 2393 2178 2445 sibi
2204 2392 2347 2460 juxta
2377 2406 2631 2445 canonum
2659 2391 2990 2444 definitiones
3030 2392 3168 2443 unita
3201 2390 3306 2443 fra-

1779 2484 1995 2536 ternitas
2037 2482 2087 2534 in
2135 2494 2408 2555 commune
2459 2480 2745 2547 pmﬂserit
2788 2495 2804 2537 :
2846 2495 2961 2532 cum
3006 2481 3315 2533 imminente

1776 2572 2054 2640 quotannis
2079 2571 2325 2628 examine
2352 2570 2420 2622 ita
2449 2570 2636 2637 singuli
2657 2578 2955 2627 actussnos
2975 2569 3218 2636 dirigent,
3248 2578 3305 2622 ut

1778 2660 1859 2715 Itis
1887 2659 2143 2715 discussio
2174 2658 2356 2727 judicii
2386 2660 2554 2726 optari
2592 2660 2754 2726 magis
2788 2658 3006 2723 debeat,
3047 2673 3199 2725 quam
3234 2657 3307 2711 ti-

1776 2752 1928 2804 meri.
1957 2749 2012 2802 ln
2033 2748 2338 2802 dirimendis
2367 2762 2492 2801 sane
2515 2748 2836 2816 gravioribus
2866 2748 3035 2801 causis
3053 2790 3068 2814 ,
3107 2757 3161 2801 et
3184 2762 3308 2813 qua:

1774 2838 1879 2891 illic
1908 2828 2301 2904 non'potnerint
2328 2836 2617 2898 terminari,
2667 2835 2968 2902 apostolica:
3011 2836 3149 2889 sedis
3181 2849 3303 2890 sen-

1776 2928 1934 2981 tentia
1960 2926 2281 2977 consulatur;
3110 2980 3115 2984 ι

1844 3015 1928 3066 ΙΙΙ.
1958 3013 2083 3065 illud
2112 3013 2270 3064 etiam
2288 3026 2390 3064 non
2418 3026 2693 3079 possumus
2723 3012 3009 3077 praeterire,
3036 3010 3175 3079 quod
3189 3011 3305 3065 δοιά

1773 3101 2039 3157 licitndine
2063 3100 2391 3167 diligentiore
2418 3102 2701 3154 curandum
2726 3103 2826 3163 sit,
2857 3117 2921 3154 ne
2961 3112 3148 3167 prater
3184 3116 3296 3154 me-

1776 3190 2203 3259 tropolitanorum
2246 3202 2456 3241 suorum
2502 3187 2701 3241 litteras
2723 3188 2879 3255 aliqui
2908 3189 2971 3241 ad
3016 3189 3301 3256 quamlibet

1772 3280 2090 3349 provinciam
2120 3277 2345 3333 audeant
2383 3277 2639 3344 proficisci
2668 3294 2679 3328 :
2704 3276 2843 3344 quod
2888 3277 3040 3329 etiam
3073 3278 3122 3329 in
3153 3278 3295 3330 omni

1773 3386 1967 3439 genere
1982 3369 2138 3423 ofﬁcii
2165 3368 2422 3422 clericalis
2455 3382 2550 3435 per
2599 3366 2829 3434 singulas
2855 3366 3007 3421 debet
3036 3368 3298 3423 Ecclesiae

1773 3459 2043 3513 custodiri.
2067 3458 2261 3522 Quibus
2285 3455 2582 3509 econtrario
2609 3453 2703 3505 hac
2720 3455 3294 3520 rationeprospicimns,

1775 3560 1827 3599 ut
1856 3548 1899 3599 si
1931 3548 2028 3599 hoc
2055 3549 2332 3613 impetrare
2362 3558 2455 3612 per
2497 3544 2722 3609 aliquam
2763 3558 2864 3595 non
2912 3544 3193 3595 meruerint
3234 3544 3315 3596 si-

1774 3636 2058 3695 multatem,
2089 3648 2206 3685 cum
2234 3633 2437 3684 duobus
2463 3630 2873 3696 metropolitanis
2895 3629 3295 3696 provinciarum,

1772 3740 1888 3793 quze
1916 3740 2159 3791 congrua:
2179 3731 2319 3784 sunt,
2342 3722 2660 3775 Arelatensis
2688 3722 2960 3787 episcopus
2981 3730 3164 3772 cuncta
3190 3722 3299 3775 dis-

1772 3814 1992 3875 cutiens,
2025 3827 2116 3874 pro
2144 3824 2315 3863 cauare
2356 3809 2603 3875 qualitate
2630 3808 2949 3860 observanda
2979 3810 3300 3862 constituat:

1772 3913 1869 3950 nec
1914 3900 1963 3949 in
1994 3897 2231 3964 injuriam
2274 3896 2488 3947 alterius
2540 3896 2764 3946 alienum
2815 3896 3060 3947 clericum
3100 3896 3294 3961 suscipi

1772 3994 1959 4052 praeter
1985 3984 2338 4037 testimonium
2366 3981 2563 4049 proprii
2589 3982 2833 4034 antistitis
2884 3981 3168 4034 secundum
3207 3997 3296 4034 ea-

1746 4066 1747 4069 “
1771 4091 1964 4129 nunum
1990 4082 2181 4127 statuta
2208 4072 2495 4141 praecipiet.
2544 4070 2742 4139 Singuli
2766 4079 2937 4123 autem
2965 4069 3297 4133 fratres,uni-

1770 4165 2009 4232 versique
2036 4172 2349 4229 cognoscant
2370 4161 2651 4228 parendum
2668 4174 2783 4214 esse
2805 4159 3146 4229 praesentibus
3168 4174 3297 4213 con-

1770 4254 1989 4317 stitutis,
2017 4253 2205 4320 quibus
2242 4252 2394 4304 etiam
2436 4252 2773 4305 commonitio
2810 4260 2984 4303 nostra
3023 4251 3299 4305 denuntiat

127 4362 231 4401 mas
256 4360 388 4400 esse
414 4344 623 4405 dicitur,
655 4345 915 4410 pertinere
934 4345 1262 4402 censuimus,
1308 4351 1362 4393 ut
1404 4342 1448 4392 si
1486 4355 1667 4402 super~
1693 4336 1744 4394 Ι)
1768 4343 1819 4395 in
1849 4357 1943 4396 eos
1964 4341 2153 4394 Christi
2186 4340 2389 4391 Domini
2412 4341 2574 4391 nostri
2598 4339 2854 4405 judicium
2893 4338 3106 4393 minime
3146 4340 3299 4393 defu-

125 4438 242 4489 stite
302 4436 508 4487 Herme
552 4433 796 4499 episeopo
826 4431 1101 4483 defunctus
1148 4430 1338 4492 fuerit,
1370 4431 1513 4482 illum
1562 4428 1671 4481 lnec

126 4537 240 4575 cura
273 4522 554 4586 reSpiciat,
578 4534 729 4586 quem
755 4520 1007 4585 repererit
1046 4520 1356 4586 episcopalis
1401 4519 1530 4571 ordo
1560 4519 1670 4583 pri-

126 4624 343 4665 matem.
374 4611 568 4663 fierme
596 4618 766 4659 autem
796 4608 1040 4673 episcopo
1066 4608 1377 4669 deficiente,
1409 4606 1671 4659 faciendo.

126 4716 232 4753 rum
263 4716 387 4753 mos
414 4699 707 4751 antistitum
740 4696 1061 4750 Narbonensi
1084 4714 1201 4751 mox
1222 4698 1466 4751 reddatur
1496 4700 1670 4752 Eccle—

125 4792 228 4853 sia,
258 4803 425 4855 quem
461 4802 561 4838 non
590 4786 792 4850 civitas,
811 4788 902 4840 sed
927 4803 1080 4841 causa
1106 4790 1522 4855 praesumptionis
1542 4790 1672 4841 ami-

126 4881 204 4933 sit.
242 4879 397 4933 Unde
420 4884 611 4929 vestra:
640 4862 981 4929 fraternitatis
1010 4880 1061 4930 in
1095 4878 1311 4930 Domino
1355 4879 1554 4930 sincera
1592 4878 1672 4930 di-

126 4966 297 5027 lectio,
328 4963 744 5017 sollicitudinem
777 4966 1051 5029 pastoralis
1072 4980 1210 5017 curre
1248 4967 1297 5017 in
1321 4966 1429 5017 suis
1462 4966 1672 5020 sedibus

126 5057 309 5117 partita
340 5051 636 5111 nobiscum,
668 5052 1062 5103 commissarum
1092 5053 1187 5104 sibi
1220 5053 1564 5105 Ecclesiarum
1589 5054 1668 5105 di-

128 5142 392 5210 ligentiam
426 5140 699 5208 vigilanter
724 5151 1005 5201 exerceat,
1048 5152 1101 5193 et
1146 5158 1325 5195 eorum
1357 5143 1528 5195 taliter
1551 5158 1666 5209 qua:

127 5231 175 5283 in
203 5230 534 5285 Narbonensi
560 5227 831 5294 provincia
857 5242 1136 5293 emersere,
1160 5234 1474 5292 meminerit,
1498 5241 1554 5284 nt
1573 5233 1665 5285 de—

127 5329 345 5373 testetur
373 5320 559 5372 factum
585 5318 764 5384 potius
796 5330 948 5382 quam
980 5328 1148 5370 sumat
1169 5322 1484 5385 exemplum.
1514 5320 1660 5385 Quod

128 5410 189 5459 ita
210 5409 463 5475 deinceps
490 5423 606 5461 esse
633 5405 1054 5466 nolutnus,sicut
1080 5409 1336 5469 novimus,
1360 5426 1457 5460 non
1478 5409 1656 5460 fuisse.

130 5500 320 5561 Itaque,
342 5501 525 5553 frattxs
548 5494 840 5558 carissimi,
867 5498 1171 5549 necessariis
1201 5498 1387 5550 studiis
1413 5506 1490 5548 est
1512 5512 1660 5562 agen-

1770 4441 1965 4492 turum,
1993 4428 2080 4495 qui
2102 4427 2412 4481 declinando
2433 4428 2654 4493 superba
2687 4428 2970 4481 rebellione
2988 4440 3296 4495 conventus,

1771 4517 2113 4573 conscientia:
2133 4531 2240 4568 sua
2281 4518 2579 4570 testimonio
2604 4516 2935 4571 confutantur
2956 4518 3303 4574 sacerdotalis

1770 4605 2081 4661 innocentiae
2103 4605 2341 4657 fiduciam
2372 4622 2475 4659 non
2508 4606 2718 4659 habere.

1839 4699 1927 4751 ιν.
1954 4697 2206 4749 Ρταξιειιθει
2238 4697 2474 4764 ejusdem
2507 4698 2678 4751 fratris
2724 4699 2927 4751 libellus
2970 4699 3175 4752 oblatus
3217 4712 3296 4753 est

1772 4787 1939 4845 nobis,
1967 4799 2069 4851 quo
2101 4786 2339 4849 perbibet
2363 4788 2637 4850 parochias
2682 4786 3002 4840 Arelatensis
3050 4788 3295 4839 Ecclesia

1770 4890 1797 4927 a
1831 4873 2213 4941 praedecessore
2239 4891 2333 4927 suo
2361 4876 2554 4928 llilario
2580 4878 2628 4929 in
2655 4877 2784 4927 alios
2811 4877 2973 4943 (quod
2996 4892 3095 4929 non
3125 4877 3295 4943 lit-uit)

1769 4965 1932 5018 fuisse
1956 4965 2251 5026 translatas,
2279 4976 2463 5032 petens
2489 4966 2603 5019 illas
2634 4967 2856 5032 pristino
2877 4966 2977 5031 jnri
2998 4976 3171 5019 nostra
3202 4981 3292 5015 au-

1768 5053 2007 5105 ctoritate
2030 5052 2251 5104 restitui.
2282 5052 2383 5107 Sed
2415 5054 2783 5108 moderaminis
2804 5055 3067 5119 apostolici
3098 5067 3295 5103 memo-

1768 5154 1873 5201 res,
1906 5140 2219 5193 fraternitati
2264 5152 2455 5194 vestra:
2490 5144 2755 5211 querelam
2800 5144 2959 5208 ipsius
2997 5141 3293 5195 remisimus

1765 5226 2077 5279 audiendam
2108 5244 2121 5277 :
2156 5238 2211 5281 ut
2246 5231 2295 5281 in
2317 5239 2490 5281 vestro
2527 5239 2783 5281 conventu
2826 5244 2883 5281 ea
2924 5242 3040 5293 qua:
3071 5241 3099 5278 a
3140 5229 3297 5282 nobis

1766 5322 1970 5381 sperata
1995 5323 2137 5379 snnt,
2178 5316 2486 5383 allegentur,
2517 5327 2570 5370 et
2591 5332 2704 5384 qua:
2740 5316 3105 5369 ecclesiasticis
3140 5331 3294 5384 regu-

1768 5404 1831 5456 lis
1860 5414 2173 5469 congruunt,
2200 5406 2569 5459 decernantur.

1832 5493 1894 5545 v.
1925 5492 2092 5545 Simul
2115 5496 2268 5547 etiam
2298 5510 2454 5562 super
2480 5496 2577 5549 hoc
2598 5496 2889 5548 universam
2916 5496 3293 5551 fraternitatem
