3854 6228
503 223 568 327 at
1850 260 2065 314 unum
2112 259 2305 315 l‘Al'.-E
3601 266 3677 319 σεδ

503 384 741 434 volumus
769 395 884 435 esse
912 381 1299 445 communitam,
1343 394 1409 434 ne
1441 376 1632 446 praedia
1653 417 1666 440 ,
1709 393 1825 444 qua:
1868 392 2033 442 neque
2063 383 2107 435 Λ
2136 376 2414 442 quotannis
2451 375 2665 427 eoin-ilia
2692 418 2702 439 ,
2732 391 2950 444 quorum
2983 378 3204 431 maxime
3231 379 3279 430 in
3310 379 3465 432 fratre
3493 390 3544 432 et
3581 395 3682 432 co-

506 471 732 536 deserta,
767 484 934 536 neque
959 471 1206 522 damnosa
1227 476 1366 534 sunt,
1400 475 1453 521 et
1488 465 1553 520 ad
1597 465 1882 519 ECCieaiiim
1914 480 2030 530 per-

505 558 690 617 tinent,
720 573 778 611 ex
812 574 878 623 qu
903 560 996 612 bus
1018 559 1358 626 plurimorum
1387 569 1427 608 e
1453 555 1658 610 nsuevit
1701 554 2030 607 necessitati-

505 646 603 699 bus
623 648 908 710 subveniri,
938 648 1112 714 aliquo
1142 649 1258 712 jure
1287 647 1338 698 in
1369 645 1588 697 alterum
1628 644 2025 706 transferantur,

505 735 599 788 nisi
625 736 763 801 prius
793 737 925 802 apud
967 734 1239 789 concilium
1281 733 1606 787 alienationis
1659 732 1823 800 ipsius
1873 745 2027 783 causa

421 823 423 828 “
502 823 769 888 doceatur,
798 836 848 877 ut
881 825 1000 892 quid
1033 823 1141 878 fleri
1171 813 1376 888 debeat,
1397 823 1657 877 communi
1686 823 1916 874 omnium
1940 821 2031 874 de-

500 906 806 967 liberatione
834 923 1100 968 tractetur.
1127 915 1264 968 Deus
1289 928 1379 968 vos
1409 914 1690 968 incolumes
1734 913 1986 968 custodiat
2011 951 2028 976 ,

498 999 691 1056 fratres
712 1004 987 1057 Carissimi.
1037 1002 1161 1056 Data
1201 1019 1255 1056 ιιι
1303 1019 1469 1057 nonas
1507 1003 1807 1057 Decembris
1849 1003 2028 1069 (anno

499 1092 628 1148 Chr.
657 1094 756 1146 670
779 1094 840 1160 ¹),
869 1093 972 1147 GL.
1000 1093 1060 1146 P.
1089 1093 1283 1149 Severo
1308 1095 1543 1161 Augusto
1574 1096 1805 1149 consule.

1019 1245 1344 1299 EPiSTOLA
1384 1246 1470 1300 IX.

877 1368 1051 1405 II‘LAM
1091 1370 1232 1407 ΡΛΡΕ
1270 1372 1335 1408 Δί)
1374 1371 1657 1412 ιεοκτιυιι.

483 1447 578 1508 eDe
608 1457 846 1529 Mamerto
872 1477 1119 1528 episcOpo,
1150 1465 1234 1529 qui
1254 1474 1393 1516 extra
1430 1482 1546 1517 suos
1586 1468 1710 1529 ﬁnes
1757 1469 2025 1522 Deensibus

568 1528 850 1606 episcopum
893 1528 1189 1593 trdinarat’,
1246 1543 1296 1584 ut
1345 1534 1478 1586 illius
1507 1550 1706 1588 causam
1746 1538 1797 1589 in
1838 1540 2028 1606 synodo

567 1605 834 1647 examinet.
1637 1610 1640 1612 '

763 1704 1104 1779 Dilectissimo
1127 1705 1271 1759 fratri
1298 1709 1515 1763 Leontio
1541 1712 1765 1766 Hilarus.

567 1781 797 1853 Qualiter
819 1803 997 1868 rontra
1029 1794 1169 1847 sedis
1197 1797 1499 1862 apostolica:
1529 1802 1745 1854 veniens
1776 1805 2026 1856 constitu-

503 1886 604 1941 ta,
637 1879 1012 1933 sacerdotalem
1065 1885 1371 1939 modestiam
1422 1888 1702 1943 Mamertus
1754 1892 2029 1960 episcopus

503 1967 808 2020 Viennensis
837 1972 1144 2037 excesserit,
1165 1973 1454 2029 dilectionis
1473 1984 1574 2030 tute
1596 1978 1866 2034 debuimus
1897 1984 2032 2036 rela-

502 2056 642 2107 tione
669 2068 1001 2121 cognoscere,
1027 2066 1082 2109 ιιι
1105 2061 1312 2114 ausibus
1328 2065 1514 2116 talibus
1535 2078 1789 2119 maturum
1823 2071 2027 2133 etjuxta

502 2140 970 2195 ecclesiasucarunt
1003 2145 1237 2200 ordinem
1262 2153 1556 2216 regularum
1585 2167 1868 2222 congruum
1890 2158 2031 2223 judi-

506 2230 641 2280 cium
673 2228 1043 2295 proferremus.
1073 2233 1331 2300 Quantum
1358 2239 1493 2291 enim
1517 2242 1606 2294 filii
1637 2246 1821 2310 nosn'i,
1845 2247 1938 2298 viri
1971 2248 2032 2300 il-

500 2316 699 2384 lustris,
725 2319 952 2385 magistri
985 2326 1206 2378 militum
1234 2325 1489 2384 Gunduici
1513 2345 1755 2386 sermone
1783 2346 1860 2387 est
1899 2338 2032 2389 indi-

502 2415 698 2472 catum,
730 2413 1005 2475 prandimus
1034 2416 1310 2483 episcopus
1334 2417 1507 2472 invitis
1533 2420 1835 2486 Deensihns,
1866 2435 1916 2476 et
1946 2427 2033 2493 qui

501 2496 564 2548 ad
595 2498 930 2553 ecclesiarum
959 2505 1072 2569 ejus
1091 2509 1391 2573 numerum,
1431 2523 1591 2576 quem
1640 2512 1684 2563 ei
1737 2516 2033 2579 apostolica:

502 2585 642 2637 sedis
668 2586 928 2652 deputavit
947 2594 1251 2656 auctoritas,
1282 2594 1418 2648 sicut
1447 2597 1498 2649 in
1517 2599 1722 2652 scriniis
1752 2605 1941 2655 nostris
1965 2605 2035 2657 le-

504 2675 694 2741 gimus,
723 2676 933 2730 minime
965 2682 1314 2750 pertinebant,
1347 2684 1522 2737 hostili
1555 2702 1718 2752 more,
1750 2691 2032 2754 utdicitor,

505 2777 766 2828 occupans
787 2768 1072 2831 civitatem,
1120 2770 1418 2839 episcopum
1448 2787 1755 2831 consecrare
1788 2793 2036 2843 praesum-

505 2853 628 2920 psit.
654 2855 705 2904 ln
731 2870 852 2921 quo,
881 2859 1037 2910 frater
1063 2861 1350 2926 carissime,
1382 2864 1424 2914 si
1455 2864 1523 2915 ita
1545 2875 1643 2928 est,
1673 2881 1823 2932 quam
1857 2871 2036 2922 multi-

512 2943 630 3010 plex
663 2945 812 3009 culpa
844 2947 930 3007 sit,
956 2949 1291 3012 pronuntiare
1314 2953 1594 3018 possimus,
1629 2956 1724 3009 nisi
1761 2957 1940 3024 iudicii
1981 2971 2036 3012 ut

2131 465 2376 529 episcopo
2408 473 2586 516 nostro
2628 466 2840 517 Leontio
2868 467 3188 518 Arelatensis
3218 467 3462 519 Ecclesia:
3485 483 3679 520 sacer-

2129 551 2248 603 dote
2285 565 2537 604 summam
2581 554 2771 619 placuit
2816 570 2931 608 esse
2959 597 2972 617 ,
3002 556 3369 619 celebrentur;
3407 571 3502 608 nec
3525 558 3681 608 aliud

2131 641 2240 692 fieri
2286 656 2436 708 posse
2474 643 2747 696 credamus
2772 661 2924 710 quam
2957 646 3090 712 quod
3122 661 3212 713 pro
3239 648 3532 699 communis
3564 649 3680 700 Do-

2129 731 2256 784 mini
2286 732 2441 784 dumo
2486 746 2657 785 nosrra
2697 736 2956 787 ordinatio
2989 735 3137 787 vobis
3178 736 3425 802 pfacitura
3471 738 3682 790 consti-

2130 820 2224 871 tuit
2255 836 2268 872 :
2294 831 2464 873 tamen
2495 822 2725 887 repetitis
2759 824 2943 875 litteris
2973 825 3153 876 eadem
3184 840 3322 878 nunc
3340 840 3543 892 quoque
3572 827 3678 878 ob-

2134 909 2388 962 Servaida
2450 910 2817 980 decernimus;
2873 918 3132 980 przeclpue
3181 929 3298 966 cum
3355 916 3675 980 gravissima

2133 998 2440 1052 Viennensis
2464 999 2687 1054 civitatis
2716 1003 2992 1067 episcopus
3033 1002 3327 1055 involvatur
3348 1004 3539 1056 offensa
3560 1043 3578 1065 ,
3616 1005 3674 1055 in

2128 1088 2368 1154 iniuriam
2383 1088 2558 1142 fratris
2585 1099 2636 1143 et
2656 1092 2946 1158 coepiscopi
2972 1095 3134 1145 nostri
3153 1087 3352 1146 Lemnii
3374 1094 3679 1146 D’ecnsiiius

2129 1179 2413 1232 antistitem
2439 1179 2815 1234 consecrando.
2836 1178 2909 1234 De
2929 1183 3077 1247 cujus
3108 1183 3241 1234 facto
3269 1183 3509 1236 vindictae
3534 1199 3677 1235 con-

2127 1279 2268 1331 gruac
2296 1266 2611 1320 sententiam
2650 1265 2984 1331 differentes,
3015 1270 3250 1322 relationi
3300 1269 3518 1322 fratrum
3543 1286 3677 1338 quae

2131 1353 2337 1404 interim
2366 1353 2567 1407 fuerant
2588 1354 2636 1407 vi
2726 1356 3108 1420 respondimus.
3138 1357 3238 1409 Sed
3265 1359 3505 1422 quoniam
3532 1360 3674 1409 tanti

2127 1455 2372 1495 excessus
2402 1442 2648 1511 majorem
2693 1443 2842 1498 nobis
2870 1446 3233 1511 sollicitudinis
3263 1449 3532 1500 materiam
3565 1447 3678 1500 de-

2129 1533 2390 1594 tulerunt,
2415 1531 2526 1587 haec
2545 1531 2610 1586 ad
2631 1534 2925 1605 universam
2949 1537 3216 1590 caritatem
3261 1537 3413 1589 etiam
3441 1552 3534 1604 per
3558 1540 3642 1588 l'ra
3659 1566 3682 1577 ο

2129 1629 2260 1673 trem
2285 1630 2337 1674 et
2363 1623 2724 1690 coepiscopum
2756 1634 2987 1677 nostrum
3011 1625 3288 1678 Antonium
3306 1628 3494 1694 scripta
3520 1627 3676 1678 dire—

2059 1715 2105 1770 Β
2135 1710 2300 1760 ximus
2326 1753 2338 1773 ,
2372 1710 2560 1776 quibus
2590 1711 2849 1764 admonita
2881 1715 3168 1766 communis
3195 1716 3424 1767 omnium
3466 1716 3681 1767 sollici-

2131 1797 2253 1848 tudo
2282 1809 2539 1864 procuret,
2572 1813 2637 1854 ne
2664 1802 2932 1869 quisquam
2965 1802 3182 1857 fratrum
3217 1807 3265 1856 in
3298 1806 3508 1858 alterius
3541 1821 3677 1871 pro—

2130 1896 2376 1950 rupturus
2405 1887 2643 1954 iniuriam
2676 1929 2688 1951 ,
2717 1893 3050 1944 transcendat
3079 1895 3326 1946 terminos
3353 1910 3379 1945 a
3409 1905 3681 1947 veneran—

2127 1975 2207 2028 dis
2249 1960 2485 2028 Patrihus
2525 1980 2852 2031 constitutos.
2889 1980 3035 2034 Unde
3078 1985 3252 2035 omnia
3284 1997 3398 2049 qua:
3437 1998 3464 2034 a
3512 1985 3682 2036 nobis

2129 2076 2246 2114 sunt
2288 2080 2377 2130 per
2413 2066 2598 2118 fratres
2640 2076 2690 2118 et
2717 2069 3054 2133 coepiscopos
3097 2079 3298 2122 nostros
3337 2059 3581 2122 Faustum
3618 2081 3684 2124 et.

2131 2154 2420 2206 Auxanium
2466 2155 2673 2208 definita
2705 2158 3012 2209 roborantcs
3039 2199 3052 2221 ,
3096 2160 3522 2226 congregationes
3563 2176 3672 2212 an-

2131 2257 2258 2293 nuas
2281 2283 2294 2302 ,
2322 2244 2591 2318 ordinante
2619 2244 2775 2297 fratre
2804 2257 2853 2298 et
2882 2248 3186 2313 coepiscOpo
3211 2258 3390 2298 nostro
3419 2247 3679 2310 Leontio,

2131 2333 2410 2402 admonitis
2442 2335 2854 2400 ntetrOpolitanis
2884 2323 3062 2403 ,iquod
3103 2350 3242 2401 saepe
3265 2337 3534 2388 dicendum
3559 2348 3679 2399 eet,

2132 2405 2193 2475 iis
2233 2423 2360 2476 locis
2398 2424 2662 2476 celebrare
2699 2424 2978 2492 dignemini
3012 2464 3025 2487 ,
3063 2424 3124 2476 ad
3161 2439 3276 2492 quae
3322 2426 3682 2477 conveniendi

2132 2512 2269 2563 nulla
2313 2513 2379 2563 sit
2408 2515 2643 2579 Cuiquam
2676 2515 3072 2566 commeantium
3103 2513 3397 2567 difficultas.
3431 2513 3520 2566 Cui
3547 2515 3686 2566 dili—

2109 2602 2319 2678 _genti:c
2349 2602 2502 2654 etiam
2531 2603 2755 2669 provisio
2784 2604 3072 2656 adhibenda
3103 2617 3202 2665 εει,
3233 2616 3288 2657 ιιι
3310 2606 3689 2670 Opportunitas

2133 2690 2564 2754 quemadmodum
2611 2692 2869 2754 locorum,
2903 2693 2967 2743 ita
2997 2696 3338 2744 constituatur
3383 2703 3435 2745 et
3465 2703 3686 2758 tempo-

2135 2793 2249 2829 rum
2282 2795 2293 2827 :
2342 2788 2395 2829 ut
2426 2779 2826 2832 inexcusaliilior
2855 2780 3087 2847 quisquis
3111 2792 3210 2832 tam
3237 2781 3587 2832 necessarium
3625 2791 3692 2834 et

2136 2867 2344 2922 Salubre
2385 2872 2720 2922 constitutum
2773 2881 3001 2923 nostrum
3041 2871 3398 2937 negligendum
3444 2880 3687 2936 putaret,

2136 2968 2422 3026 appareat,
2452 2961 2635 3014 fratres
2656 2961 2929 3014 carissimi.
2965 2962 3101 3015 illius
3124 2971 3296 3014 autem
3319 2962 3688 3014 confirmatio-

510 3031 759 3097 diximus,
792 3043 844 3085 et
874 3034 1158 3090 moderatio
1184 3039 1334 3092 nobis
1361 3053 1528 3106 esset,
1569 3055 1619 3097 et
1656 3048 1784 3101 ordo
1821 3063 2034 3102 servan-
2059 3047 2102 3109 C
2135 3061 2272 3109 nem,
2312 3064 2462 3116 quem
2496 3050 2802 3102 Viennensis
2839 3049 3109 3116 episcopus
3138 3052 3392 3115 alienum,
3417 3059 3467 3101 et
3493 3049 3554 3100 ad
3606 3064 3673 3104 se

514 3119 630 3171 dus.
649 3123 823 3187 'Atque
852 3123 969 3176 ideo
997 3140 1197 3180 memor
1227 3128 1776 3200 sollicitudinis,quam
1805 3139 2036 3192 dilecno-

513 3209 564 3261 ni
598 3218 695 3263 tua:
723 3213 825 3265 scis
851 3229 966 3268 esse
993 3219 1346 3282 commissam,
1380 3223 1624 3289 quidquid
1653 3241 1786 3279 nunc
1810 3231 1871 3280 ad
1907 3230 2038 3282 noti-

511 3299 635 3350 tiam
663 3297 1064 3357 nostram’brevi
1096 3308 1444 3363 insinuatione
1473 3313 1697 3366 delatum
1722 3323 1822 3378 est,
1840 3315 1891 3370 in
1914 3331 2041 3373 con-

512 3397 668 3438 ventu
699 3391 965 3457 synolali,
994 3395 1078 3458 qui
1116 3397 1400 3450 secundum
1442 3409 1630 3476 statuta
1665 3417 1843 3465 nostra
1888 3407 2039 3462 annis

512 3478 729 3545 singulis
758 3489 806 3533 te
835 3481 929 3534 sibi
963 3486 1273 3550 praesidente
1303 3499 1383 3542 ost
1409 3496 1822 3562 congregandos,
1868 3497 2038 3551 discu-

514 3575 624 3619 tere
652 3583 764 3634 quaa
794 3579 912 3620 sunt
935 3581 1043 3623 acta
1072 3573 1315 3638 debebis,
1347 3588 1399 3630 et
1439 3594 1467 3630 a
1509 3583 1752 3645 prmdicto
1783 3586 2034 3639 rationem

513 3654 634 3707 facti
663 3656 742 3707 sui
770 3656 866 3708 sub
889 3661 1130 3713 universo
1160 3672 1296 3715 creto
1329 3665 1665 3722 fraternitatis
1707 3671 1943 3737 exigere,
1980 3687 2039 3724 ac

513 3743 703 3796 deinde
731 3749 961 3799 omnium
993 3749 1180 3803 litteris
1207 3766 1401 3807 nostrae
1435 3757 1673 3811 intimare
1709 3761 1904 3814 notitiae
1937 3781 1948 3813 :
1984 3774 2039 3814 nt

511 3833 648 3899 quod
676 3845 855 3888 sancto
879 3835 1071 3902 Spiritu
1093 3840 1318 3896 dictante
1347 3854 1427 3898 est
1451 3845 1761 3915 faciendum,
1806 3851 1868 3902 ad
1898 3830 2041 3905 coin-

515 3925 810 3987 ‘primendos
835 3938 1048 3981 conatus
1082 3931 1286 3986 illicitos
1311 3936 1634 3990 ordinemus.
1669 3940 1800 3994 Deus
1825 3951 1872 3993 te
1896 3944 2038 3996 inco-

443 4027 446 4030 ·
514 4012 706 4066 lumem
736 4017 1009 4080 cu~todiat,
1028 4019 1184 4073 frater
1212 4024 1500 4077 carissime.
1528 4025 1652 4080 Data
1671 4046 1720 4083 v1
1749 4030 1862 4082 idus
1886 4033 2038 4084 Octo-

517 4099 622 4149 bris
653 4101 812 4168 (anno
853 4104 976 4155 Chr.
1015 4107 1163 4172 463),
1205 4109 1396 4162 Basilio
1434 4114 1544 4166 viro
1586 4116 1878 4172 clarissimo
1917 4135 2038 4174 con-

513 4190 646 4240 sule.

1063 4283 1385 4341 EPISTULA
1427 4289 1490 4342 Χ.

517 4403 685 4442 ιιιιΑιιι
716 4403 856 4443 ΡᾹΡ.Ε
898 4407 961 4444 ΔΙ)
1000 4407 1269 4447 εινιεοοροε
1309 4412 1626 4454 ιιινειιελιιωι
1665 4419 2038 4461 PﬂtlUNClARUM
2075 4380 2118 4436 Β

1165 4477 1383 4516 ϐλιιιε.

518 4544 599 4595 Ne
629 4545 883 4612 quisquam
907 4565 1021 4618 suos
1045 4553 1275 4603 terminos
1309 4558 1643 4618 transcendat,
1664 4569 1707 4609 et
1743 4572 1794 4612 ut
1828 4567 2041 4617 concilia

651 4619 910 4680 quotannis
932 4617 1124 4670 Leontii
1145 4621 1360 4688 episc0pi
1385 4639 1534 4688 opera
1557 4642 1898 4682 coniterentur.

519 4718 875 4798 Dilectissimis
907 4724 1152 4798 fratribus
1178 4728 1440 4794 episcopis
1462 4733 1742 4798 provincias
1773 4738 2065 4793 Viennen-~

587 4790 1081 4873 itt's,‘Ltlgtltl'ft_elISi8,
1108 4790 1666 4873 Narbonensis'primtc
1689 4815 1743 4859 et
1775 4790 2036 4873 secundae,

587 4858 783 4922 Alpina-
804 4899 819 4922 ,
854 4862 1054 4916 Hilarus
1087 4868 1381 4933 episcopus.

589 4965 696 5020 Etsi
724 4969 1106 5025 meminerimus
1152 4974 1527 5028 fraternitatem
1569 4989 1788 5035 vestram
1825 5001 1884 5038 ea
1924 5001 2038 5052 quae

517 5061 641 5106 sunt
668 5067 695 5105 a
724 5054 872 5105 nobis
896 5064 1082 5110 statuta
1111 5063 1364 5124 retinere,
1397 5077 1491 5114 nec
1517 5065 1708 5132 aliquid
1739 5085 1797 5122 ex
1831 5073 1908 5124 liis
1936 5075 2041 5125 tlis-
2069 5112 2071 5114 -

515 5139 762 5193 simulare
795 5157 910 5208 quae
936 5147 1272 5212 scripsimus:
1306 5160 1360 5201 ut
1399 5151 1597 5203 scihCet
1633 5171 1724 5219 pro
1766 5159 2039 5226 disciplina

521 5230 865 5284 ecclesiastica
886 5272 900 5296 ,
926 5243 974 5285 et
999 5249 1089 5298 pro
1114 5238 1285 5291 causis
1313 5255 1440 5318 quas
1471 5239 1605 5293 inter
1637 5245 1836 5299 Domini
1869 5264 2039 5302 sacer-

515 5317 670 5369 dotes
707 5321 896 5373 oboriri
942 5324 1238 5393 plerumque
1281 5317 1630 5384 nondubium
1662 5345 1739 5387 cst
1774 5340 2038 5406 synodalia

2137 3139 2351 3192 minime
2384 3139 2727 3203 pertinentem
2749 3176 2764 3201 ,
2793 3138 3016 3205 graviter
3043 3138 3283 3190 ordinare
3311 3139 3692 3203 praesumpsit,

2140 3229 2314 3281 fratris
2342 3235 2396 3280 et
2422 3226 2717 3294 coepiscopi
2747 3227 2910 3279 nostri
2936 3226 3135 3280 Leontii
3157 3225 3456 3293 reliquimus
3484 3224 3653 3276 volun
3675 3255 3696 3265 ς

2137 3315 2263 3377 tati;
2287 3329 2439 3382 quem
2467 3316 2776 3367 confidimus
2794 3331 2893 3368 non
2924 3325 3110 3382 praeter
3141 3315 3509 3366 humanitatem
3546 3328 3695 3376 pen—

2135 3417 2256 3456 sare
2291 3417 2404 3470 qua:
2444 3403 2579 3469 iusta
2609 3413 2745 3456 sunt.
2777 3403 2915 3457 Deus
2947 3418 3036 3458 vos
3063 3404 3347 3457 incolumes
3374 3400 3686 3467 custodiat,

2138 3492 2324 3545 fratres
2353 3492 2626 3544 carissimi.

2677 3620 2994 3674 EPISTULA
3037 3621 3123 3672 Xl.

2140 3741 2311 3780 lliLLlll
2347 3744 2488 3781 ΡΑΡΒ
2525 3745 2588 3780 AD
2621 3744 2884 3782 EPISCOPOS
2921 3746 3002 3790 QUI
3047 3748 3107 3783 DE
3152 3747 3378 3784 HABERTI
3415 3748 3574 3788 CAUSA
3630 3754 3694 3790 l8

2631 3812 2818 3850 SYNOUO
2852 3813 3173 3851 COGNORANT.

2143 3887 2455 3951 Prtrceptum
2486 3887 2658 3939 Hilari
2684 3903 2835 3958 papae
2861 3889 2922 3939 de
2948 3886 3170 3940 Ecclesia
3203 3888 3409 3952 Desine,
3449 3890 3530 3941 ubi
3561 3896 3689 3958 epi-

2205 3973 2383 4021 scapur
2404 3958 2659 4008 iudebitea
2683 3956 2944 4010 Viennensi
2970 3958 3196 4027 episcopo
3224 3960 3478 4011 ordinatus
3506 3956 3602 4010 esti

2145 4063 2188 4115 1.
2224 4063 2287 4116 Ut
2328 4079 2410 4125 per
2441 4064 2684 4115 Veronam
2716 4066 2992 4132 epist-orrum
3021 4075 3277 4117 moneatur
3316 4067 3586 4118 Mamertus
3624 4080 3692 4122 ut

2207 4135 2267 4183 ab
2297 4133 2689 4204 ordinationibus
2718 4133 2965 4198 indebitis,
2999 4135 3185 4204 ordinis
3207 4136 3286 4188 sui
3313 4147 3359 4188 et
3387 4137 3685 4204 privilegi.)-

2209 4216 2320 4251 rum
2345 4200 2587 4268 periculo,
2616 4201 2664 4268 in
2699 4210 2944 4268 posterum
2971 4203 3230 4253 abstineat.

2142 4267 2225 4322 ΙΙ.
2253 4268 2318 4320 Ut
2346 4266 2429 4333 qui
2458 4266 2723 4318 Oeensibus
2745 4284 2776 4318 a
2802 4267 3044 4319 Mamerto
3068 4279 3376 4320 consecratus
3397 4278 3483 4330 est,
3511 4269 3690 4324 Leon-

2211 4339 2263 4388 tii
2296 4336 2594 4387 Arelatensis
2619 4336 2836 4404 epitwpi
2860 4376 2876 4400 ,
2904 4354 2933 4387 a
2953 4351 3046 4404 qua
3071 4338 3343 4388 consecrari
3373 4337 3558 4399 debuit,
3589 4356 3691 4390 ar—

2214 4407 2355 4456 bitrio
2385 4405 2718 4470 conﬁrmetur.
3141 4440 3144 4443 -

2144 4515 2498 4570 Dilectissimis
2550 4513 2824 4576 fratribus,
2871 4515 3111 4577 Victuro,
3159 4514 3403 4580 ingenuo,
3457 4512 3690 4577 Ydatio,

2213 4584 2450 4637 Eustasio
2472 4624 2485 4646 ,
2536 4583 2751 4635 Fonteio
2773 4623 2786 4644 ,
2833 4584 3064 4635 Viventio
3089 4623 3104 4648 ,
3154 4584 3353 4635 Eulaiio
3374 4621 3389 4644 ,
3427 4581 3638 4634 Veram»
3668 4626 3688 4645 ,

2213 4653 2420 4712 Fausto,
2455 4654 2718 4716 Auxanio,
2754 4653 2972 4704 Proculo
2998 4693 3011 4716 ,
3044 4653 3301 4713 Ausonio,
3333 4651 3522 4713 Paulo,
3554 4652 3682 4702 Me-

2211 4721 2447 4782 moriali,
2482 4720 2751 4786 Ccelestio,
2787 4722 3053 4788 Projecto,
3090 4722 3365 4789 Eutropio,
3397 4720 3643 4771 Avitiano
3667 4761 3691 4782 ,

2214 4789 2363 4853 Urse,
2396 4800 2448 4840 et
2472 4789 2707 4855 Leontio,
2733 4790 2960 4843 Hilarus.

2209 4894 2454 4948 Sollicitis
2484 4896 2758 4949 admodum
2791 4897 2959 4960 nobis,
2988 4906 3040 4949 et
3077 4912 3138 4948 ex
3165 4895 3244 4948 bis
3272 4910 3390 4964 quae
3434 4894 3684 4962 proxima

2143 4985 2204 5038 ad
2239 5001 2330 5038 nos
2359 4987 2545 5040 relatio
2583 4997 2719 5040 certa
2764 4989 3052 5049 detulerat,
3093 4986 3249 5039 multa
3286 4975 3688 5053 exspectatione

2143 5076 2407 5142 suspensis
2433 5117 2446 5140 ,
2478 5077 2658 5130 littera:
2690 5077 2978 5129 dilectionis
2995 5087 3178 5130 vestrze
3197 5118 3211 5140 ,
3239 5074 3396 5128 fratre
3419 5085 3468 5126 et
3497 5078 3686 5139 coepi—

2131 5174 2299 5231 scopo
2334 5176 2511 5219 nostro
2540 5165 2764 5218 Antonio
2789 5206 2803 5228 ,
2832 5180 2982 5233 quem
3013 5165 3220 5231 dignum
3249 5174 3383 5217 tanta
3414 5162 3687 5226 legatione:

2146 5254 2422 5320 probamus
2451 5254 2816 5319 interpretem,
2846 5253 3126 5308 deferente.
3156 5261 3276 5306 sunt
3305 5251 3527 5312 traditzc,
3559 5263 3691 5312 quae

2135 5336 2240 5393 nos
2269 5341 2392 5409 ipsis
2420 5351 2696 5393 contextus
2726 5343 2800 5393 sui
2832 5342 3200 5393 contristavcre
3228 5339 3510 5408 principiis.
3545 5337 3688 5390 Nam

593 5451 1052 5539 ᾌΛρῐξῐιρῌίίέξιίιςὶςιὶ
1100 5458 1198 5510 470
1243 5474 1270 5512 e
1311 5461 1436 5514 vivis
1479 5461 1584 5529 jam
1629 5479 1956 5522 excesserant
2004 5478 2054 5524 et
2106 5470 2306 5523 Hilarus
2356 5485 2482 5538 papa
2521 5479 2572 5524 et
2607 5472 2829 5526 Severus
2877 5473 3170 5539 Augustus,
3215 5469 3298 5538 qui
3347 5466 3524 5520 consul
3582 5466 3688 5520 fuit

515 5531 654 5570 anno
686 5519 872 5570 Christi
903 5522 1019 5573 462.
