3854 6228
545 205 610 260 :5
1857 201 2149 256 sntrLtczt
2196 201 2390 258 nam:
2938 262 2943 266 _
3193 181 3204 194 “
3659 204 3736 258 36

545 309 625 379 (a)
664 310 924 377 regionem
968 312 1167 366 tertiam
1196 309 1275 381 [de
1308 312 1501 380 regione
1529 307 1714 380 prima}
1737 309 1800 363 ad
1835 320 2070 362 sanctum
2102 313 2148 370 Α
2174 312 2481 373 catholicus,
2510 317 2562 365 et
2583 309 2819 377 Aeacius,
2850 311 3105 378 dicentes,
3127 312 3262 381 quod
3287 313 3439 367 etiam
3464 312 3514 365 in
3546 322 3733 366 morte

551 401 901 461 Laurentium,
931 403 1189 468 regionem
1222 401 1438 467 primani
1465 398 1532 453 ad
1570 411 1806 453 sanctum
1832 399 2072 465 Paulum,
2178 399 2378 452 Proteri
2406 399 2646 453 catholici
2698 401 2880 454 Petrus
2924 411 3062 456 esset
3087 403 3393 470 permixtus.
3438 403 3585 456 Tunc
3635 417 3733 453 ar-

549 491 810 554 regiouem
842 501 1034 541 sextam
1071 490 1150 542 vel
1186 480 1458 556 septimam
1485 487 1551 541 ad
1578 499 1817 541 sanctum
1844 487 2072 543 Petrum.
2177 487 2538 554 chiepiscopns
2581 485 2881 555 Simplicius
2934 489 3288 552 dissimulans,
3339 504 3604 556 nunquam
3634 504 3728 543 re-

546 575 621 642 (b)
651 579 754 628 Sub
783 577 931 643 hujus
958 579 1253 645 episcopatu
1283 578 1428 631 venit
1464 577 1647 632 relatio
1685 577 1748 632 de
1774 577 1972 631 Graecia
2011 577 2076 629 ab
2177 576 2382 642 scripsit
2403 575 2624 639 Acacio;
2675 576 2766 630 sed
2812 576 3074 630 damnavit
3120 577 3362 642 Petrum,
3394 588 3726 644 exspectans

553 668 738 718 Acaaio
777 668 1351 733 (IntistantinOpolitano
1389 669 1656 735 episcopo,
1700 676 1754 722 et
1799 666 2077 720 afﬁrmavit
2175 673 2378 731 tempus
2420 663 2757 730 paenitentiae.
2805 664 2896 718 Hic
2947 665 3070 720 fecit
3105 668 3155 719 in
3208 667 3428 720 ecclesia
3474 667 3721 720 Romana

549 755 752 806 Petrum
802 756 1166 808 Alexandrina
1207 757 1348 809 urbis
1394 754 1836 824 Eotycbianistam
1869 756 2094 808 hereti-.
2175 753 2426 820 scyphum
2459 765 2693 812 aureum,
2723 763 3024 818 pensantem
3051 753 3211 807 libras
3237 756 3287 816 ὅ,
3321 753 3598 806 cantharos
3630 768 3726 806 ar-

545 856 690 905 cum,
724 841 857 894 facta
900 844 1146 908 petitione
1173 843 1239 895 ab
1277 845 1465 896 Acacio
1509 843 1774 910 episcOpo,
1813 843 2078 910 chirogra-
2175 849 2390 907 genteos
2415 838 2478 892 ad
2513 839 2718 894 beatum
2772 840 2978 894 Petrum
3012 843 3095 905 lii,
3148 851 3424 908 pensantes
3473 841 3724 909 singulos

549 929 649 996 pho
685 930 798 996 ejus
837 939 1152 984 constructa.
1202 930 1393 984 Eodem
1435 941 1668 999 tempore
1705 932 1799 984 fuit
1848 930 2075 984 Ecclesia

544 1019 732 1083 prima,
776 1029 802 1055 ι
846 1020 943 1073 hoc
976 1029 1076 1086 est,
1102 1019 1244 1074 sedis
1266 1022 1566 1089 apostolica:
1595 1023 1908 1075 exsecutrix.
1933 1022 2077 1075 'l‘nnc

542 1108 844 1176 Simplicius
891 1108 1080 1176 praesul
1126 1109 1224 1162 'toc
1267 1109 1510 1174 audiens,
1563 1110 1826 1162 damnavit
1867 1109 2076 1163 Petrum

547 1198 980 1260 Alexandrinum,
1020 1197 1086 1252 de
1128 1211 1230 1266 quo
1267 1197 1482 1251 Aeacius
1531 1197 1927 1251 innumerabilia
1971 1197 2076 1251 cri-

546 1288 685 1340 mina
716 1288 1005 1341 aflirmabat
1037 1304 1053 1342 :
1083 1287 1152 1339 ita
1183 1296 1375 1351 tamen,
1413 1296 1470 1341 ut
1500 1288 1816 1354 pmnitentim
1841 1301 2075 1339 reserva-

548 1384 627 1428 ret
664 1386 885 1442 tempus.
936 1376 1131 1428 Eodem
1178 1382 1413 1441 tempore
1461 1374 1728 1443 rescripsit
1772 1373 2076 1426 TitnOtheus

549 1579 566 1621 ι
601 1509 643 1580 ,⁸
672 1501 799 1554 Cod.
825 1501 975 1567 Luc,
1009 1505 1098 1555 hoc
1125 1511 1195 1554 est
1218 1503 1384 1572 prima
1412 1504 1552 1557 sedas
1577 1505 1856 1573 apostolica
1883 1518 2080 1556 exsecu-

570 1585 664 1620 nx.

570 1585 664 1620 ηπ.

2178 928 2268 982 lib.
2301 930 2385 982 l2.
2410 928 2502 982 Hic
2523 929 2642 982 fecit
2668 929 3020 984 ordinationes
3048 931 3100 984 in
3130 933 3258 984 urbe
3288 933 3447 984 lloma
3479 943 3583 985 tres
3619 945 3728 998 per

2176 1032 2408 1072 mensem
2455 1017 2792 1080 Decembrem
2844 1026 2898 1072 et
2949 1019 3286 1072 Februarium
3315 1059 3329 1083 ,
3375 1021 3726 1089 presbyteros

2177 1105 2544 1173 quinquaginta
2571 1114 2710 1168 octo,
2741 1107 2983 1160 diaconos
3007 1107 3272 1171 undecim,
3303 1108 3576 1175 episcopos
3619 1119 3727 1172 per

2175 1193 2382 1249 diversa
2406 1194 2518 1249 loca
2538 1209 2754 1248 numero
2781 1193 2809 1232 ι)
2843 1195 3046 1262 triginta
3073 1209 3162 1248 sex
3183 1193 3312 1266 [8‘2].
3349 1195 3444 1248 llic
3470 1194 3729 1262 sepultus

2175 1292 2259 1337 est
2286 1285 2336 1336 in
2367 1282 2577 1337 basilica
2606 1285 2748 1337 Beati
2782 1284 2920 1336 Petri
2964 1284 3218 1350 apostoli,
3245 1297 3294 1336 vt
3315 1295 3481 1337 nouas
3509 1283 3688 1335 Martii
3706 1324 3721 1346 ,

2178 1377 2233 1424 et
2259 1371 2482 1424 cessavit
2501 1363 2836 1438 cpiscOpatus
2856 1371 2970 1425 dies
2996 1381 3019 1407 ο
3051 1373 3102 1424 6.

2249 1500 2277 1538 δ
2317 1500 2445 1554 Cod.
2472 1500 2623 1564 an.,
2651 1515 2862 1556 uxmt.
2938 1526 2940 1528 -

2256 1580 2277 1607 ο
2314 1567 2442 1622 Cod.
2472 1571 2620 1633 Luc.,
2652 1582 2743 1622 vn.

614 1697 691 1765 (a)
719 1699 793 1751 Ex
814 1708 1010 1763 septem
1031 1699 1330 1766 regionibus
1358 1699 1531 1761 Urbis,
1555 1697 1701 1749 Erttli
1725 1696 1812 1762 qui
1839 1696 2083 1766 Ecclesiae
2114 1701 2160 1758 B
2187 1694 2348 1756 fulsit,
2378 1695 2706 1766 quantumvis
2735 1691 3080 1766 Occidentalis
3106 1695 3246 1748 orbis
3281 1695 3498 1766 Romani
3540 1695 3723 1766 impc-

546 1767 813 1819 catbolicaa
843 1781 944 1819 non
984 1765 1454 1828 commimicabaut,
1497 1775 1676 1833 utpote
1715 1765 1851 1833 quod
1896 1766 2074 1816 Ariani

544 1843 741 1897 essent,
771 1843 877 1887 tres
901 1834 1237 1899 occupabant.
1267 1833 1412 1887 Unde
1442 1833 1634 1886 factum
1661 1844 1741 1885 est
1769 1833 1904 1900 quod
1939 1834 2078 1886 Sitn-

549 1902 731 1969 plicius
760 1901 986 1967 pontifex
1027 1912 1244 1969 quatuor
1270 1913 1464 1953 tan'um
1493 1903 1790 1967 regionibus
1819 1903 2078 1966 pteniten-

552 1968 746 2031 tiarios,
776 1984 968 2036 eosque
1003 1968 1426 2024 liebdomadarios
1456 1972 1789 2036 presbyteros
1819 1971 2068 2036 posuerit.

547 2035 618 2088 Ita
642 2035 895 2090 Romanis
921 2038 1162 2091 Ecclesia:
1193 2035 1473 2089 auctoritas
1517 2035 1671 2103 atque
1713 2048 1957 2102 majestas
1986 2035 2070 2089 ef-

2188 1773 2386 1813 ratores
2429 1762 2757 1826 defecissent,
2813 1762 3187 1829 barbarumqne
3243 1764 3416 1815 Ariani
3471 1765 3523 1818 in
3571 1765 3726 1816 ltalia

2187 1832 2529 1948 principatum
2569 1831 2879 1882 obtinerent.
2919 1831 3041 1882 Snv.
3074 1832 3264 1884 BINIUS.

2253 1899 2324 1948 ibi
2375 1900 2536 1948 larum
2559 1912 2728 1948 rerum
2752 1900 3130 1948 enarrationem
3162 1900 3264 1948 nrol

2253 1899 2324 1964 (ὑ)
2353 1899 2536 1966 Harum
2559 1912 2728 1950 rerum
2752 1900 3130 1952 enarrationem
3162 1900 3493 1966 prolixiorem
3515 1899 3636 1953 vide
3670 1901 3724 1952 in

2184 1969 2320 2019 notis
2346 1965 2700 2032 epistularum.
2739 1966 2865 2019 δέν.
2897 1967 3090 2020 Βικιυε.

1376 2287 1896 2358 ΕΡΙΞΤΟΙΛΕ
1965 2283 2146 2354 SIM
2163 2285 2216 2349 ι)
2238 2283 2333 2350 LI
2352 2282 2496 2351 CII
2551 2283 2871 2355 PAP/E.

1104 2525 1122 2556 ‘
1163 2523 1477 2577 EPISTULA
1517 2522 1554 2575 ι.

553 2648 783 2690 stumcn
840 2647 978 2685 eum
1038 2646 1102 2684 an
1157 2645 1389 2683 znuosuu
1444 2630 1669 2700 [rectius
1711 2629 2077 2698 mseumusstt]

995 2714 1282 2752 ενΑιῑΜςεδι
1323 2714 1618 2751 ΕΡΙΞΩΟΙἫΗ.

559 2811 635 2863 De
663 2809 920 2860 commissa
950 2807 1023 2858 illi
1066 2808 1166 2857 rice
1207 2809 1332 2858 sedis
1372 2810 1424 2858 in
1454 2809 1676 2860 omnibus
1721 2807 2078 2874 Hispaniarum

480 2882 483 2883 ⁷
625 2878 873 2928 Ecclesia.
914 2875 1258 2940 Ilispalrnsent
1301 2878 1583 2943 episcOpunt
1625 2878 1783 2928 virum
1840 2878 2080 2943 Optimum

621 2947 747 2997 sedis
778 2945 1057 3010 upostoliccr
1086 2945 1318 2994 vicarium
1355 2946 1639 2996 constituit.

760 3051 1101 3103 Dilectissimo
1139 3051 1284 3102 fratri
1322 3051 1514 3105 Zenoni
1550 3053 1865 3121 Simplicius.

624 3159 963 3213 Plnrimorum
997 3157 1158 3209 relatu
1193 3161 1538 3226 comperimus
1577 3161 1908 3215 dilectionem
1941 3172 2079 3215 tuam

555 3252 754 3304 fcrvore
789 3252 1008 3317 Spiritus
1037 3253 1202 3304 sancti
1224 3254 1291 3303 ita
1324 3263 1372 3304 te
1407 3253 1649 3304 Ecclesiae
1679 3252 2081 3320 gubernatorem

555 3343 797 3403 existere,
830 3353 887 3393 ut
912 3342 1159 3408 naufragii
1185 3342 1515 3406 detrimenta,
1571 3344 1673 3394 Deo
1721 3351 1950 3406 aucto-re,
1982 3357 2081 3396 non

556 3429 764 3480 sentiat.
795 3429 1002 3481 Talibus
1031 3429 1219 3482 idcirco
1239 3431 1524 3496 gloriantes
1553 3430 1772 3492 indiciis,
1797 3447 2083 3498 congruum

555 3518 796 3568 duximus
817 3517 1002 3571 vicaria
1048 3517 1186 3569 sedis
1211 3530 1400 3569 nosme
1445 3526 1495 3570 te
1538 3520 1841 3572 auctoritate
1889 3519 2081 3581 fulciri,

557 3605 704 3672 cujus
729 3606 904 3672 vigore
931 3606 1180 3669 munitus,
1209 3605 1507 3671 apostolica:
1535 3607 1872 3660 institutionis
1901 3609 2081 3662 decre-

557 3703 638 3754 ta,
684 3694 763 3746 vel
810 3703 1102 3747 sanctorum
1150 3695 1398 3748 terminos
1453 3695 1659 3748 Patrum
1686 3735 1699 3759 ,
1738 3698 1880 3749 nullo
1924 3697 2084 3750 modo

559 3785 848 3837 transcendi
879 3785 1142 3850 permittas
1171 3803 1183 3835 :
1208 3786 1449 3851 qnoniant
1471 3785 1625 3852 digna
1664 3787 1876 3839 honoris
1902 3802 2075 3840 remu-

562 3872 827 3926 neratione
848 3873 1184 3925 cumulandus
1207 3883 1286 3926 est
1316 3890 1406 3940 per
1432 3889 1584 3941 quem
1612 3874 1665 3926 in
1687 3875 1763 3926 bis
1785 3876 2083 3942 regionibus

558 3962 757 4014 divinus
784 3976 1018 4015 crescere
1048 3963 1268 4015 innotuit
1307 3963 1491 4015 cultus.
1526 3963 1659 4017 Deus
1682 3972 1732 4018 te
1772 3965 2082 4018 incolumem

558 4049 830 4110 custodiat,
863 4049 1018 4102 frater
1048 4051 1335 4100 carissime.

1110 4123 1438 4185 EPISTULA.
1466 4133 1502 4184 ll
1517 4170 1531 4185 .

562 4237 791 4273 SIMI'IJCII
842 4237 981 4272 ΡΑΡΕ
1023 4238 1085 4272 ΑΙ)
1133 4236 1361 4272 JOANNE“
1412 4236 1747 4278 ιιΑνεΝΝΑτειι
1793 4237 2084 4276 ΕΡΙδϐΟΡυΙ.

562 4309 889 4374 ΙίερνρΙιεηάὶι
919 4307 1159 4357 Joannem
1186 4310 1314 4373 quod
1355 4307 1641 4376 Gregorium
1669 4310 1888 4376 adhibita
1911 4311 1955 4360 vi
1982 4312 2084 4370 epi-

2181 2536 2439 2589 nnnquam
2465 2518 2749 2589 plectibilis
2778 2526 3199 2584 perpetrarentur
3221 2532 3462 2571 excessus
3488 2535 3501 2570 :
3539 2534 3570 2573 a
3593 2521 3723 2586 qui-

2181 2614 2276 2666 bus
2301 2612 2343 2665 si
2370 2610 2513 2663 nullo
2537 2617 2589 2662 te
2624 2619 2950 2676 paternarum
2978 2608 3272 2675 regularum
3304 2619 3510 2675 poteras
3544 2611 3721 2662 conti-

2183 2715 2306 2753 nere
2331 2708 2611 2766 praecepto,
2631 2698 2813 2749 saltem
2843 2705 3035 2748 santtze
3063 2699 3323 2750 memoria:
3353 2692 3714 2763 praedecesso-

2179 2789 2250 2842 ris
2273 2789 2344 2841 tui
2374 2787 2542 2840 fueras
2563 2785 2881 2839 revocandus
2895 2785 3155 2851 exemplo.
3174 2787 3270 2850 Qui
3298 2800 3412 2839 cum
3431 2786 3602 2838 minus
3624 2788 3724 2839 ile-

2177 2878 2413 2945 liquisset
2441 2875 2674 2929 faciendo
2700 2874 3055 2943 presbyterum
3098 2875 3339 2938 inritum,
3375 2884 3610 2928 senserat
3636 2885 3720 2928 ta-

2177 2981 2293 3020 men
2317 2965 2526 3033 dignum
2549 2976 2639 3031 pro
2655 2962 2742 3015 tali
2766 2977 2797 3015 u
2813 2962 3109 3029 surpatione
3121 2961 3389 3030 judicium.
3411 2962 3508 3016 Ubi
3524 2963 3616 3016 ista
3635 2963 3721 3015 di-

2105 3064 2150 3124 ο
2179 3054 2367 3119 dicisti,
2394 3067 2508 3122 quin
2538 3052 2588 3104 in
2611 3051 2820 3104 fratrem
2848 3061 2898 3102 et
2932 3053 3293 3118 coepiscopum
3318 3061 3554 3103 nostrum
3584 3049 3720 3104 Gre-

2178 3142 2377 3208 gorium
2403 3155 2504 3191 non
2527 3137 2905 3202 electione,sed
2946 3136 3137 3189 invidia
3175 3138 3486 3203 perpetrasti
3507 3180 3521 3204 ,
3552 3152 3712 3204 quem

2179 3214 2514 3280 inexcusabili
2543 3227 2784 3278 violentia
2813 3225 3040 3292 pertrahi
3070 3225 3132 3278 ad
3165 3235 3212 3279 te
3235 3238 3416 3292 passus
3444 3240 3528 3289 es,
3556 3233 3715 3291 atque

2180 3316 2440 3380 vexari,ut
2464 3316 2512 3368 ei
2527 3316 2775 3368 honorem
2804 3323 2997 3366 tantum
3021 3329 3120 3366 non
3139 3328 3228 3382 per
3247 3313 3716 3381 animitraoquiili-

2182 3395 2358 3468 tatem,
2377 3406 2465 3457 sed
2493 3419 2585 3470 per
2603 3405 2880 3456 amentiam
2913 3403 3064 3471 (sicut
3085 3403 3365 3456 dicendum
3389 3404 3490 3472 est)
3514 3405 3710 3471 irroga-

2183 3487 2289 3544 res?
2301 3493 2474 3559 Neque
2490 3491 2626 3543 enim
2642 3492 2758 3544 talia
2780 3482 3069 3558 potuissent
3094 3491 3204 3543 fieri
3235 3493 3468 3545 sanitate.
3483 3492 3703 3546 consilii.

2183 3583 2429 3635 Nolumus
2457 3595 2764 3648 exaggerare
2787 3580 2922 3647 quod
2945 3590 2968 3615 κ
2996 3579 3204 3647 dignum
3232 3589 3336 3647 est,
3373 3596 3439 3634 ne
3466 3595 3714 3647 cogamur

2179 3671 2413 3738 judicare
2457 3668 2592 3737 quod
2645 3669 2874 3735 dignum.
2926 3666 3050 3718 Nam
3109 3668 3425 3733 privilegium
3479 3679 3711 3721 meretur

2183 3764 2420 3812 amittere
2459 3759 2545 3824 qui
2586 3756 2832 3824 permissa
2878 3755 2975 3807 sibi
3024 3755 3249 3807 abutitur
3290 3762 3561 3821 potestate.
3602 3753 3709 3807 Sed

2184 3865 2284 3902 una
2311 3864 2407 3902 nos
2442 3849 2571 3901 ratio
2617 3847 2740 3914 facit
2782 3859 2896 3899 esse
2937 3843 3208 3898 sententiae
3251 3843 3519 3908 mollioris,
3551 3857 3708 3911 quam

2184 3939 2458 3990 maluimus
2486 3947 2564 4001 te,
2611 3934 2769 3988 fratre
2808 3943 2860 3987 et
2896 3934 3203 4000 coepiscOpo
3246 3941 3424 3984 nostro
3469 3931 3708 3998 Projecto

2187 4026 2472 4085 referente,
2513 4038 2852 4090 cognoscere,
2901 4039 3001 4074 non
3051 4023 3242 4074 nostris
3286 4021 3468 4072 litteris
3499 4034 3605 4087 pro'
3626 4027 3708 4072 ter

2186 4114 2516 4180 opprobrium
2547 4113 2826 4178 publicare.
2854 4112 2977 4162 Nam
3007 4111 3304 4162 scandalum
3322 4150 3335 4172 ,
3360 4108 3506 4176 cujus
3527 4119 3706 4160 auctor

2186 4203 2538 4268 eugttosceris,
2588 4201 2651 4251 ita
2700 4198 2981 4250 moderatio
3029 4209 3204 4250 nostra
3246 4200 3590 4265 compescuit,
3645 4206 3699 4250 ut

2190 4292 2348 4341 frater
2390 4298 2442 4340 et
2483 4287 2820 4354 coepisc0pns
2865 4298 3010 4336 mets
3058 4284 3332 4349 Gregorius
3372 4286 3556 4349 (quem
3601 4301 3709 4354 non

626 4373 826 4438 scopum
849 4379 1145 4437 ordinm-set;
1177 4380 1262 4444 cui
1296 4387 1347 4425 ut
1402 4373 1726 4429 Mutinensem
1765 4374 2036 4428 Ecclesiam
2061 4420 2075 4442 ,
2109 4387 2153 4443 υ
2181 4387 2477 4444 provectum
2507 4386 2708 4427 constat
2737 4388 2873 4437 esse,
2902 4374 2990 4425 sed
3025 4374 3245 4440 pulsum)
3275 4373 3466 4424 nullam
3497 4388 3702 4426 causam

627 4445 815 4496 nullam
846 4459 1043 4494 causam
1085 4458 1194 4493 cum
1234 4442 1425 4495 Joanne
1477 4445 1752 4506 habiturus,
1805 4445 2078 4514 gubernet,

627 4515 868 4579 praecipit.

561 4623 855 4690 Simplicius
913 4622 1184 4687 cpiscopus
1237 4619 1421 4671 Joanni
1477 4622 1720 4687 episcopo
1777 4621 2078 4673 Ravennati.

631 4733 682 4782 Si
711 4732 822 4796 quis
854 4737 991 4782 esset
1018 4731 1231 4780 intuitus
1270 4728 1633 4781 ecclesiastica:
1661 4729 1968 4796 disciplima,
1999 4729 2083 4781 vel

549 4798 604 4870 ἐἰ
638 4818 756 4882 quid
806 4819 938 4881 apud
995 4826 1045 4868 te
1099 4815 1434 4867 sacerdotalis
1483 4815 1747 4868 modestia:
1795 4826 2078 4881 teneretur,

631 4934 654 4958 “
688 4925 813 4975 Cod.
841 4924 985 4985 l.uc.,
1016 4933 1222 4991 gestum.

632 5036 644 5063 ¹
690 5035 803 5084 llazc
834 5033 1046 5097 epistola
1085 5043 1319 5100 magnum
1362 5043 1414 5083 et
1452 5034 1894 5098 vigilantiss’mnm
1943 5037 2077 5086 Sim-

565 5103 695 5165 plicii
744 5116 885 5166 νίψω
925 5102 1147 5150 studium
1189 5101 1430 5160 ostendit,
1465 5103 1597 5166 quod
1629 5103 1723 5153 sub
1750 5105 1918 5167 gladio
1949 5105 2075 5154 Eru-

566 5174 724 5219 lorum
759 5178 1002 5224 erusteus,
1037 5184 1135 5218 non
1162 5170 1546 5232 prietermiserit
1575 5171 1970 5222 sollicitudinem
1990 5187 2077 5220 ex-

565 5247 818 5286 ternarum
856 5236 1215 5294 Ecclesiarum,
1245 5251 1357 5296 quat
1394 5236 1591 5300 longius
1620 5239 1813 5302 positm,
1845 5244 1940 5290 sub
1971 5237 2075 5289 Go-

567 5304 696 5352 lllltfa
729 5305 972 5354 servitute
1011 5306 1298 5368 gemebant.
1348 5304 1733 5354 Obset‘vatttluttt
1761 5308 1914 5369 quod,
1946 5308 2080 5357 sicut

567 5377 664 5421 hoc
705 5372 816 5422 loco
858 5372 1113 5423 Zenonem
1146 5371 1496 5435 lliSpalenscnt
1528 5372 1871 5424 Ecclesiarunt
1898 5374 2078 5438 Hispa-

2185 4468 2340 4528 (sicut
2369 4466 2530 4530 petiit)
2558 4475 2724 4514 tecum
2773 4464 3058 4524 habiturus,
3095 4463 3428 4514 Mutinensem
3457 4462 3706 4528 gubernet

2188 4553 2610 4616 Eaeiesiant,.et
2660 4553 3052 4604 contubernium
3110 4552 3339 4617 Spiritale
3395 4550 3703 4621 [speciale],

2183 4642 2317 4708 quod
2342 4642 2512 4692 sortiri
2541 4657 2637 4691 non
2665 4641 2929 4706 Oportebat
2957 4641 3169 4692 inv:tum
3188 4680 3202 4703 ,
3234 4656 3334 4691 ttnn
3365 4650 3567 4692 recusa
3595 4657 3706 4692 ani-

2185 4728 2359 4795 plceti.
2393 4727 2486 4779 Cui
2524 4728 2566 4778 si
2609 4728 2729 4793 quid
2773 4730 2963 4793 negotii
3011 4729 3222 4778 forsitan
3270 4729 3564 4792 emerserit,
3603 4744 3702 4781 no-

2183 4825 2349 4869 strum
2375 4814 2402 4851 b
2427 4830 2489 4866 ex
2522 4813 2621 4882 [ab]
2648 4830 2710 4865 eo
2739 4817 2817 4867 vel
2847 4827 3023 4866 contra
3063 4830 3179 4868 eum
3223 4826 3422 4882 petatur
3465 4815 3700 4871 examen.

2250 4922 2274 4960 ι)
2303 4922 2432 4974 Cod.
2461 4922 2607 4984 Luc.,
2636 4924 2693 4972 ab
2727 4939 2800 4973 eo.

2180 5034 2408 5084 nicarum
2435 5034 2678 5084 vicarium
2719 5036 3004 5096 constituit,
3059 5038 3122 5088 ita
3176 5038 3294 5089 alibi
3346 5037 3531 5090 Acacio
3567 5036 3700 5088 Con-

2177 5102 2634 5165 stantinopolitano
2665 5104 2716 5152 in
2732 5103 3080 5156 Orientalibus
3109 5107 3353 5157 Ecclesiis
3375 5107 3701 5158 moderandis

2179 5170 2316 5220 vices
2344 5184 2464 5222 snas
2485 5167 2815 5233 delegaverit.
2843 5172 2997 5236 quue
3027 5173 3214 5224 fletum
3239 5172 3353 5224 ideo
3375 5183 3422 5222 ut
3455 5174 3495 5222 is
3518 5173 3596 5223 cui
3624 5183 3702 5223 to-

2179 5237 2280 5288 tius
2312 5237 2557 5288 Ecclesia:
2586 5251 2705 5287 cura
2737 5253 2760 5287 a
2797 5239 2900 5288 Deo
2926 5242 3198 5292 commissa
3231 5240 3354 5301 fuit,
3389 5241 3526 5294 nulla
3556 5241 3602 5292 in
3644 5256 3702 5295 ro

2179 5306 2351 5358 officio
2376 5317 2470 5357 Suo
2493 5304 2716 5358 defuisse
2743 5307 3020 5360 videretur.
3051 5309 3172 5360 δην.
3211 5310 3398 5361 limus.
