3854 6228
584 244 658 304 39
1871 232 2190 292 *SIMPLICII
2255 232 2334 286 ra
2346 231 2452 286 με
3694 234 3766 290 ιθ

591 356 767 410 buissc
793 354 1024 407 videatur
1048 349 1316 405 atrocioris
1345 346 1595 400 insaniae:
1625 359 1728 413 quo
1754 332 1932 412 procul
1956 343 2118 396 dubio
2146 357 2198 414 Α
2290 339 2444 395 Certe
2471 348 2529 394 ut
2565 340 2728 394 facilis
2757 342 2906 397 vobis
2931 344 3222 398 necessaria
3253 358 3356 398 non
3389 344 3526 398 desit
3568 342 3766 399 instru-

590 440 716 496 Cain
751 446 862 511 ipso
889 443 1038 510 longe
1070 437 1424 493 detestabilior
1461 434 1793 503 approbatur.
1827 433 1920 486 ille
1958 432 2122 498 siqui-

591 531 707 583 dem
730 548 756 582 a
788 538 1079 598 perpetrato
1098 527 1257 581 semel
1287 525 1516 578 facinore
1544 523 1822 577 damnatus
1844 522 2119 584 abstinuit,

591 620 676 672 hic
703 619 916 687 profecit
937 618 1002 670 ad
1030 618 1246 671 crimina
1278 613 1472 682 majora
1500 625 1616 683 post
1647 629 1875 682 poenam.

657 728 759 780 Nec
784 741 847 779 eo
883 733 1062 779 tamen
1094 724 1350 778 scelerum
1386 723 1488 775 ﬁne
1527 731 1833 786 contentus,
1867 719 2124 774 Constan-

590 816 977 884 tinopolitanam
1002 814 1213 880 insuper
1240 812 1419 865 urbem
1436 853 1450 874 ,
1477 812 1609 866 recti
1633 826 1844 878 semper
1864 809 2124 878 dogmatis

587 920 763 957 amore
809 904 1107 972 ﬂagrantem
1141 904 1232 969 (ne
1268 901 1390 968 quid
1435 903 1799 954 intemeratum
1848 898 2124 967 populator

592 1000 827 1046 humanze
856 993 1038 1043 salutis
1060 991 1346 1057 omitteret)
1376 989 1541 1042 fertur
1563 989 1810 1041 audacter
1836 989 2121 1056 iugre-sus,

589 1093 642 1134 et
668 1097 695 1133 a
727 1097 832 1134 sua:
860 1079 1192 1133 consortibus
1231 1077 1499 1147 pravitatis
1531 1078 1753 1131 libenter
1787 1077 1996 1130 audisse
2024 1076 2123 1131 soli

589 1171 794 1223 Christo
829 1169 1054 1222 debitam
1081 1181 1290 1229 vocem,
1327 1181 1427 1234 qua
1473 1167 1626 1234 plane
1663 1181 1767 1219 non
1813 1166 1866 1218 in
1912 1165 2125 1218 nomine

595 1257 799 1310 Domini
832 1258 1008 1308 venire
1036 1255 1361 1317 benedictus,
1385 1255 1476 1308 sed
1505 1253 1666 1308 divini
1693 1253 1937 1306 culminis
1967 1265 2123 1306 usur-

591 1356 741 1415 pator
787 1347 1053 1399 evidenter
1102 1355 1183 1398 est
1233 1353 1552 1397 monstratus
1589 1344 1990 1398 Auticbristus:
2036 1345 2123 1409 qui

591 1452 707 1490 cum
729 1437 885 1489 etiam
916 1452 941 1485 a
970 1433 1336 1512 communione
1361 1432 1614 1487 catholica
1654 1439 1759 1486 tam
1797 1431 2128 1486 laudabiliter

591 1539 727 1579 esset
755 1528 1016 1588 exclusus,
1051 1540 1140 1593 per
1169 1524 1512 1591 quorumdam
1535 1524 1783 1591 ‘priratas
1811 1523 2012 1586 domos,
2045 1538 2128 1575 re-

586 1606 781 1681 spersis
807 1614 1032 1666 humano
1055 1614 1309 1679 sanguine
1334 1613 1594 1672 manibus,
1627 1625 1729 1663 non
1759 1611 1933 1662 divina
1963 1609 2129 1662 ωριῆ-

2222 430 2348 491 etio,
2376 429 2675 494 earumdem
2704 431 3016 498 exemplaria
3055 432 3340 486 litterarum
3366 433 3430 485 ad
3468 432 3686 487 fratrem
3715 445 3766 489 et

2221 514 2586 583 coepiscopum
2609 527 2844 571 nostrum
2870 521 3113 572 Acacium
3137 521 3254 573 misi
3280 521 3469 574 vestris
3496 523 3765 584 sensibus,

2222 606 2508 662 offerenda.
2544 607 2666 661 litec
2695 607 2849 676 igitur
2886 610 3050 678 pietas
3079 621 3167 663 tua
3195 611 3237 664 si
3267 625 3544 665 recensere
3581 612 3772 679 digne-

2224 703 2323 760 tur,
2357 695 2436 748 vel
2469 710 2585 763 quin
2615 697 2777 751 tetius
2803 698 3031 751 Orientis
3058 699 3288 766 episcopi
3329 703 3396 753 de
3431 699 3589 768 hujus
3634 716 3767 768 prae-

2222 786 2496 841 di'cationis
2540 789 2885 842 consensione
2929 791 3327 858 rescripserint,
3376 792 3596 857 aspiciet
3642 808 3766 857 pro-

2221 875 2362 930 fecto
2388 877 2678 931 examinata
2713 877 3009 946 diligenter,
3044 887 3099 931 et
3132 880 3390 933 veraciter
3413 880 3769 948 promulgata,

2221 972 2378 1033 atque
2400 965 2518 1018 ideo
2544 965 2803 1032 pestifera:
2833 966 3073 1020 falsitatis
3100 968 3403 1034 ambagibus
3433 983 3768 1036 nequaquam

2222 1054 2414 1107 debere
2455 1055 2668 1121 pulsari.
2710 1055 2840 1120 Quia
2880 1071 3058 1109 revera
3098 1071 3214 1125 quae
3257 1057 3328 1111 de
3374 1057 3768 1126 Scripturarum

2224 1143 2366 1195 fonte
2387 1142 2669 1209 purissimo
2690 1145 2892 1198 sincera
2921 1142 3295 1215 perSpicuaque
3324 1157 3629 1211 manarunt,
3656 1148 3769 1200 nul-

2223 1232 2288 1285 lis
2325 1231 2512 1300 agitari
2549 1231 2815 1285 nebulosa:
2853 1236 3096 1288 versutia:
3135 1246 3380 1303 peieruut
3418 1241 3769 1305 argumentis.

2225 1319 2432 1374 Perstat
2467 1322 2606 1374 enim
2653 1321 2705 1374 in
2750 1323 3141 1377 successoribus
3181 1323 3291 1376 suis
3333 1324 3445 1377 haec
3485 1337 3535 1378 et
3583 1327 3770 1378 eadem

2223 1409 2525 1476 apostolicae
2555 1425 2735 1463 norma
2764 1409 3038 1476 doctrinm,
3064 1413 3148 1465 cui
3194 1412 3449 1466 Dominus
3489 1415 3656 1466 totius
3685 1429 3772 1466 cu-

2226 1514 2336 1552 ram
2367 1500 2518 1553 ovilis
2556 1501 2809 1567 injuuxit,
2845 1503 2926 1554 cui
2965 1515 3024 1555 se
3071 1517 3237 1570 usque
3278 1504 3342 1555 ad
3390 1503 3545 1556 linem
3589 1506 3772 1558 s:cculi

2226 1587 2441 1641 minime
2463 1587 2791 1652 defuturum,
2823 1591 2903 1642 cui
2947 1599 3121 1656 portas
3159 1589 3312 1644 inferi
3341 1606 3606 1658 nunquam
3650 1607 3773 1660 pra:-

577 1677 724 1769 1icia,
771 1705 861 1757 sed
905 1677 1174 1770 sacrilegia
1211 1702 1505 1756 celebrasse
1538 1711 1883 1763 memoratur,
1931 1700 1983 1750 in
2023 1713 2126 1766 quo
2155 1711 2201 1769 Β
2227 1677 2474 1770 "muris
2513 1692 2634 1770 (⁵⁵⁸ίῖ
2671 1681 2939 1770 Ρτοφίξίῑῖ
2981 1683 3132 1745 cuius
3173 1681 3430 1735 semenlia
3473 1699 3591 1750 qui“
3641 1684 3773 1752 "83°

580 1795 763 1861 utique
790 1808 891 1845 non
912 1802 992 1845 est
1013 1792 1123 1859 ejus
1145 1790 1344 1842 ﬁrmata
1370 1788 1651 1857 susceptio,
1681 1788 1770 1840 sed
1795 1789 2124 1840 consciorum

588 1883 846 1951 divulgata
897 1882 1150 1949 proditio,
1195 1894 1312 1933 eum
1363 1878 1545 1931 eodem
1597 1878 1662 1930 de
1710 1877 1794 1929 illa
1843 1874 2127 1943 iniquitatis

590 1975 736 2038 sede,
771 1974 867 2026 nisi
895 1972 1225 2039 resipiscant,
1257 1969 1556 2024 omnimode
1584 1982 1817 2032 casuros,
1847 1981 2002 2036 quam
2024 1965 2127 2019 sie-

593 2073 649 2115 ut
683 2062 918 2115 diabolus
952 2071 1099 2127 pater
1119 2060 1252 2126 ejus,
1280 2059 1548 2112 Altissimo
1571 2059 1796 2111 similem
1819 2071 1875 2111 se
1903 2055 2122 2117 faciens,

584 2161 842 2205 aeternum
891 2149 991 2204 sibi
1039 2147 1267 2217 perﬁdus
1317 2157 1626 2201 construere
1677 2162 1784 2199 non
1831 2145 2020 2199 desinit
2061 2145 2125 2197 ad

589 2242 811 2293 ruinam.

660 2326 1124 2393 lliec,veucrabilis
1162 2325 1472 2392 imperator,
1511 2337 1627 2376 cum
1673 2323 1884 2376 horreat
1925 2323 2128 2375 animus

591 2418 676 2470 vel
705 2433 733 2468 a
764 2425 905 2467 tanto
933 2415 1216 2482 gladiatore
1252 2415 1412 2468 fuisse
1443 2422 1634 2466 tentata
1653 2457 1665 2478 ,
1697 2416 1925 2465 maxime
1955 2423 2125 2464 tamen

593 2505 808 2575 (lateor)
837 2512 1049 2569 stupore
1091 2501 1348 2566 detineor,
1377 2503 1473 2554 sub
1509 2512 1695 2554 vestra:
1735 2501 1941 2568 pietatis
1979 2515 2130 2567 aspe-

595 2594 760 2645 ctibus
792 2596 1018 2658 potu'sse
1039 2593 1313 2644 committi.
1336 2592 1463 2654 Quis
1488 2590 1628 2643 enim
1653 2589 1892 2642 devotam
1921 2602 2129 2656 semper

597 2683 704 2735 Deo
729 2682 1018 2736 clementia:
1047 2692 1233 2734 vestra:
1275 2691 1500 2733 mentem
1521 2720 1535 2743 ,
1575 2689 1628 2732 et
1655 2679 1957 2731 orthodoxis
1985 2679 2131 2731 dedi-

585 2782 699 2824 tam
730 2772 939 2836 tegulis,
978 2781 1063 2822 aut
1111 2773 1345 2837 ignoret,
1386 2777 1472 2821 ant
1513 2769 1773 2830 ambigat?
1813 2769 2005 2834 quippe
2041 2766 2129 2833 qui

593 2875 832 2926 superine
864 2860 1200 2924 dispositione
1239 2859 1602 2925 providentiae,
1632 2857 1760 2909 sicut
1791 2870 1883 2923 pro
1913 2854 2131 2906 utilitate

598 2949 799 3013 publica
827 2958 1055 3016 auguste
1086 2950 1348 3000 memoriae
1377 2947 1619 3000 Marciani
1653 2946 1844 3013 pariter
1864 2954 1916 2999 et
1944 2944 2131 2999 Leouis

2229 1774 2409 1819 rentur
2437 1766 2487 1818 in
2515 1767 2685 1829 terris,
2726 1757 2859 1819 solvi
2901 1777 3120 1822 testatus
3148 1778 3229 1822 est
3256 1786 3358 1824 non
3390 1786 3542 1838 posse
3581 1789 3684 1828 nec
3725 1791 3773 1829 In

2228 1855 2361 1908 caelo
2391 1854 2602 1917 (Matth.
2630 1855 2754 1922 ut).

2301 1946 2630 2014 Quapropter
2672 1947 3003 2001 clementiam
3052 1961 3315 2014 vestram,
3360 1953 3441 2004 cui
3469 1970 3606 2009 .mea
3660 1957 3775 2010 vice

2225 2037 2537 2106 propensius
2566 2037 2725 2091 frater
2755 2046 2808 2090 et
2833 2037 3174 2106 coepiscopus
3204 2055 3354 2095 meus
3381 2043 3609 2097 Aeacius
3650 2061 3777 2109 sup-

2227 2129 2464 2196 plicabit,
2501 2142 2685 2194 precor
2725 2137 2881 2196 atque
2927 2131 3168 2193 obsecro,
3212 2141 3272 2183 ut
3315 2132 3609 2186 imitatores
3656 2137 3775 2189 facti

2182 2233 2186 2238 '
2220 2226 2483 2270 tantorum
2516 2227 2567 2270 et
2610 2216 2788 2269 talium
2833 2217 3306 2293 prmdecessorum,
3338 2221 3583 2276 nefandm
3632 2238 3775 2292 pra:-

2228 2308 2542 2373 sumptionis
2573 2307 2840 2372 operarios
2883 2309 3142 2361 catholico
3183 2317 3393 2376 pectore
3435 2326 3774 2380 respuentcs,

2228 2399 2364 2466 regia
2389 2397 2645 2450 censeatis
2672 2405 2928 2463 potestate
2950 2397 3202 2451 cohiberi.
3223 2398 3455 2466 Quisquis
3476 2402 3620 2454 aliud
3654 2404 3777 2471 (sic-

2228 2496 2286 2540 ut
2326 2485 2564 2553 prtedixit
2601 2484 2906 2554 Apostolus)
2933 2497 3259 2554 praterquam
3299 2489 3431 2555 quod
3465 2491 3774 2557 accepimus.

2228 2578 2467 2628 seminare
2495 2576 2724 2639 molitur,
2761 2575 3025 2629 anathema
3050 2579 3113 2630 sit
3136 2579 3154 2644 (
3174 2576 3343 2631 Galat.
3371 2578 3439 2647 t).
3488 2579 3682 2635 Nullus
3714 2582 3775 2634 ad

2229 2681 2383 2718 aures
2410 2675 2613 2719 vestras
2642 2666 2951 2732 perniciosis
2995 2668 3255 2721 men-tibus
3299 2670 3619 2736 subrepeudi
3666 2672 3774 2740 (ΑΙ.

2231 2756 2569 2822 subripiendi)
2618 2756 2874 2822 pandatur
2921 2770 3162 2809 accessus
3200 2775 3213 2808 :
3263 2759 3403 2811 nulla
3448 2762 3770 2814 retractandi

2234 2844 2497 2912 quidpiam
2522 2845 2586 2896 de
2606 2844 2872 2896 veteribus
2895 2845 3192 2898 constitutis
3223 2846 3407 2899 fiducia
3429 2848 3773 2901 concedatur.

2232 2936 2360 2998 Quia
2393 2934 2546 3000 (sicut
2577 2934 2767 2999 saepius
2815 2933 3107 2985 iterandum
3139 2933 3249 3002 εει)
3288 2935 3422 3000 quod
3467 2937 3774 3002 apostolicis

595 3036 786 3089 eruditi
815 3037 1108 3098 virtutibus,
1149 3037 1224 3088 sic
1259 3051 1438 3089 eorum
1472 3037 1584 3088 sitis
1622 3036 1776 3089 etiam
1814 3034 1876 3087 ad
1911 3035 2084 3087 cathul
2107 3063 2132 3074 ο
2157 3046 2200 3106 C
2233 3025 2469 3079 manibus
2495 3038 2611 3076 cum
2646 3023 2888 3076 Ecclesia:
2923 3023 3231 3076 universalis
3265 3039 3480 3076 assensu
3512 3026 3630 3079 acie
3663 3043 3774 3080 mc-

597 3138 709 3176 cam
742 3125 1007 3176 veritatem
1049 3123 1288 3175 sensibus
1319 3124 1576 3176 instituti:
1609 3137 1702 3175 nec
1744 3124 1982 3189 cuiquam
2023 3138 2135 3173 om-

596 3213 724 3265 nino
763 3213 830 3264 sit
869 3212 1389 3278 dubium,pietatem
1432 3220 1570 3262 tuam
1613 3211 1816 3262 illorum
1859 3225 1976 3262 esse
2019 3210 2134 3261 ﬁdei

597 3315 889 3366 sequacem,
923 3314 1141 3365 quorum
1183 3315 1240 3351 es
1279 3301 1550 3350 successor
1595 3298 1816 3364 imperii.
1855 3297 1981 3360 Qua:
2017 3310 2134 3348 cum

597 3389 662 3441 de
709 3398 896 3439 vestrm
943 3389 1330 3454 tranquillitatis
1376 3387 1551 3438 animo
1595 3394 1737 3438 certa
1777 3385 1842 3436 ab
1894 3385 2135 3436 omnibus

594 3486 868 3527 teneantur
914 3487 966 3528 et
1009 3477 1139 3536 ﬁxa,
1180 3475 1315 3527 absit
1362 3485 1415 3527 ut
1465 3476 1784 3540 temporibus
1826 3475 2013 3526 vestris
2056 3473 2134 3525 die

598 3566 700 3616 vini
727 3565 892 3616 cultus
917 3565 1203 3629 inlegritas,
1235 3574 1288 3616 et
1321 3553 1609 3631 antiquitus
1637 3565 1878 3616 roborata
1902 3564 2016 3616 ﬁdei
2049 3579 2134 3616 ca-

599 3653 798 3704 tholica:
831 3661 1030 3717 putetur
1056 3653 1424 3718 intcrpellanda
1451 3653 1741 3704 sinceritas.

625 3744 942 3809 /llespit-itc,
971 3759 1169 3810 quscso,
1200 3742 1261 3794 ad
1293 3743 1465 3794 divina
1493 3743 1772 3805 beneficia;
1802 3748 1855 3793 et
1883 3756 1999 3808 qua:
2028 3740 2132 3794 sint

599 3833 740 3883 vobis
787 3834 973 3884 collata
1030 3833 1364 3898 perpendite;
1413 3844 1568 3898 atque
1611 3841 1666 3884 ut
1715 3833 1826 3884 hzec
1881 3846 2129 3898 prospera

598 3923 799 3972 valeant
847 3936 1169 3985 permanere,
1206 3920 1587 3987 propitiandum
1629 3934 1744 3972 esse
1789 3929 2002 3972 censete
2040 3933 2131 3969 au-

597 4019 790 4059 ctorem
815 4009 1061 4068 muneris,
1088 4023 1186 4059 non
1211 4008 1522 4060 laedendum.
1552 4008 1689 4059 Inter
1709 4007 1964 4072 quaslibet
1987 4007 2126 4058 enim

598 4095 961 4159 occupationes
1005 4095 1232 4158 publicas
1277 4108 1304 4142 a
1347 4093 1589 4157 religioso
1633 4093 1866 4156 principe
1911 4107 2127 4157 magno-

599 4197 720 4246 pere
758 4180 1130 4244 procuratulum
1162 4187 1267 4239 est,
1304 4178 1439 4243 quod
1470 4178 1580 4244 ejus
1620 4180 1843 4244 protegit
1871 4179 2129 4244 principa-

598 4281 738 4319 tum:
772 4279 821 4317 ct
863 4262 1177 4332 pra-lcrt'ttda
1210 4271 1408 4318 cunctis
1453 4268 1606 4319 rebus
1645 4277 1725 4319 est
1770 4268 1998 4319 caelestis
2035 4268 2126 4317 oh-

2236 3114 2340 3166 ruit
2360 3113 2687 3179 evangelistze
2716 3110 2860 3163 falcis
2883 3111 3114 3162 ahsciudi
3136 3151 3149 3169 .
3173 3113 3400 3178 vigorem
3431 3128 3643 3169 sumere
3673 3133 3772 3169 non

2236 3213 2401 3269 potest
2431 3199 2735 3254 renascendi
2763 3215 2778 3251 :
2810 3213 2904 3251 nec
2937 3199 2990 3251 in
3019 3200 3290 3252 dominicae
3331 3201 3453 3260 vitis
3487 3201 3769 3258 fiuctivam

2235 3290 2586 3356 (fructifcmm)
2611 3287 2746 3338 Valet
2781 3285 2953 3342 redire
2980 3289 3316 3357 propaginem
3335 3329 3350 3353 ,
3378 3291 3515 3357 quod
3542 3291 3652 3359 igni
3678 3296 3774 3372 ‘de-

2235 3385 2468 3443 putatum
2496 3385 2695 3428 constat
2723 3383 2940 3428 artemo.

2307 3465 2360 3519 Si
2414 3465 2672 3517 Interesum
2724 3468 2946 3534 denique
2995 3466 3409 3520 machinamenta
3460 3479 3771 3526 cunctarum

2231 3555 2602 3608 ecclesiasticis
2641 3565 2900 3622 prostrata
2948 3555 3173 3609 decretis
3211 3572 3473 3625 nunquam
3525 3565 3773 3614 sinuntur

2232 3645 2612 3713 Oppugnatione
2651 3645 2776 3698 elisa
2819 3647 3046 3712 reparari
3077 3647 3400 3699 certamina:
3431 3658 3554 3701 ante
3596 3654 3771 3703 omnia

2233 3743 2405 3785 autem
2456 3747 2665 3799 qua-so,
2722 3742 2776 3784 ut
2831 3733 2968 3785 beati
3025 3735 3177 3785 Marci
3226 3722 3560 3800 evangelista:
3618 3740 3773 3790 Sedes

2233 3822 2658 3890 (Alexandrinam
2684 3822 2864 3886 loquor
2885 3821 3196 3888 Ecclesiam)
3215 3837 3244 3873 a
3265 3825 3616 3878 cruentissimi
3643 3843 3773 3894 pra:-

2229 3912 2381 3965 donis
2411 3912 2741 3964 incubatione
2771 3913 3014 3975 liberata,
3047 3914 3303 3966 catholico
3330 3913 3648 3969 reformetur
3679 3933 3772 3969 an-

2230 4003 2405 4063 ti~titi,
2441 4002 2833 4067 libertatemque
2867 4016 3012 4054 suam
3045 4002 3238 4067 pariter
3279 4005 3494 4071 recipiat
3524 4015 3578 4057 et
3618 4009 3771 4074 quie-

2231 4096 2353 4142 tem.
2381 4093 2445 4142 At
2474 4105 2596 4142 νειτο
2626 4091 2812 4158 impius
2845 4093 3131 4156 parricida,
3163 4094 3249 4160 qui
3284 4093 3472 4147 divinis
3495 4095 3653 4149 simul
3693 4105 3770 4149 est

2229 4191 2348 4227 reus
2386 4178 2581 4244 legibus
2609 4189 2663 4230 et
2702 4179 2960 4240 humanis,
3006 4179 3250 4231 reductus
3287 4182 3470 4234 eodem
3509 4198 3616 4250 quo
3650 4185 3769 4251 jure

2227 4265 2394 4316 fuerat
2424 4278 2542 4320 ante
2574 4269 2833 4329 detrusus,
2865 4269 2928 4319 ab
2969 4267 3322 4321 innocentium
3365 4285 3494 4324 nece
3532 4277 3770 4326 retraha.

597 4359 866 4410 ενι-γειιιιίςυ
900 4355 1170 4419 rectitude,
1200 4357 1310 4406 sine
1341 4371 1439 4421 qua
1477 4367 1615 4408 recte
1646 4358 1782 4409 nulla
1812 4357 2120 4407 consistunt.
2153 4375 2200 4432 ι)
2229 4364 2310 4406 tur
2335 4357 2650 4419 animarum;
2681 4359 2854 4424 procul
2878 4373 2914 4440 a.
2934 4373 3094 4424 regno
3123 4357 3325 4424 pietatis
3355 4369 3539 4411 vestrm
3573 4361 3767 4415 funesti

596 4435 884 4510 Suppetunt
923 4444 1114 4495 affatim
1159 4445 1445 4495 clementia:
1488 4455 1587 4496 tua:
1629 4446 1692 4511 (si
1743 4446 1792 4495 in
1834 4445 2004 4510 palatii
2045 4439 2120 4494 sui

596 4535 780 4591 repiiii
831 4533 1035 4583 inundet
1077 4531 1330 4595 arcliivis)
1379 4545 1494 4581 cum
1545 4541 1836 4584 nostrorum
1884 4531 2119 4584 coeuntia

594 4623 887 4677 deﬁnitione
917 4619 1164 4684 majorum
1189 4619 1496 4669 documenta
1521 4619 1749 4683 copiosa.
1779 4619 1953 4686 Neque
1982 4619 2119 4671 enim

592 4712 958 4764 conscientiam
1006 4720 1227 4760 vestram
1278 4708 1436 4758 latere
1488 4707 1802 4759 credendum
1844 4718 1958 4771 est,
2007 4722 2122 4772 qua:

575 4781 681 4860 per
711 4808 919 4850 cunctas
943 4797 1227 4859 provincias
1247 4794 1474 4846 Orientis
1498 4811 1559 4845 ex
1591 4795 1790 4859 imperii
1817 4796 1969 4848 vestri
2000 4810 2118 4846 arce

591 4886 773 4941 dinosa
816 4894 969 4932 sunt:
1004 4884 1084 4932 illa
1123 4883 1318 4934 scilicet
1356 4896 1470 4947 qua:
1509 4883 1587 4931 vel
1632 4882 1694 4933 ad
1735 4898 1967 4948 augusue
2011 4897 2118 4933 me-

595 4976 766 5022 moriae
794 4971 912 5020 Man
937 4972 1055 5028 iani,
1089 4972 1422 5020 nihilominus
1450 4980 1500 5019 et
1536 4969 1740 5035 Leonis,
1772 4973 1851 5022 vel
1882 4972 1941 5020 ad
1969 4971 2119 5021 (Ilia!-

592 5062 893 5113 cedonensis
924 5060 1124 5110 concilii
1162 5061 1322 5112 bCRlil!
1356 5059 1729 5109 recordationis
1763 5059 2116 5122 praedecessor

597 5163 734 5199 mens
776 5151 874 5204 Leo
914 5149 1143 5199 consulta
1176 5147 1395 5196 direxit:
1428 5147 1611 5210 quibus
1659 5147 1724 5194 ita
1776 5148 1922 5209 plene
1963 5157 2114 5208 atque

594 5237 808 5288 dilucide
838 5244 1212 5286 sacramentum
1245 5234 1515 5283 dominica:
1548 5236 1920 5283 incarnitiouis
1956 5251 2112 5298 expo—

593 5335 720 5397 suit,
758 5340 808 5383 ut
842 5344 937 5377 non
980 5327 1131 5376 modo
1173 5324 1484 5380 catholicus,
1540 5324 1626 5372 sed
1674 5340 1736 5374 ne
1782 5323 2108 5376 Christianus

595 5417 793 5488 quidem
823 5419 978 5466 valeat
1011 5411 1310 5473 mmcuprtt'i,
1335 5413 1562 5473 quisquis
1595 5411 1694 5460 illic
1717 5424 1767 5463 ct
1794 5415 2016 5478 redenip-
2037 5413 2108 5463 io-

601 5504 676 5557 nis
698 5518 796 5555 sua
822 5513 999 5555 causas
1033 5516 1133 5549 non
1167 5497 1370 5547 evident
1400 5513 1430 5545 -r
1454 5510 1714 5562 agnoscat.

2224 4446 2410 4509 capitis
2455 4461 2650 4498 venena
2696 4446 2965 4499 discedant
2998 4463 3011 4496 :
3058 4461 3172 4513 qua:
3199 4447 3440 4513 quoniam
3477 4449 3766 4503 salutifera:

2226 4534 2608 4600 prazdicationis
2657 4537 2868 4587 auribus
2915 4537 3200 4598 obturatis,
3249 4537 3556 4587 medicamia
3606 4541 3764 4591 verba

2223 4638 2409 4688 capere
2447 4624 2816 4688 nequiverunt,
2849 4626 2914 4676 ab
2957 4626 3164 4676 humani
3206 4636 3493 4676 conventus
3535 4626 3763 4679 abducta

2225 4711 2471 4777 pernicie,
2501 4711 2551 4760 in
2578 4711 2866 4762 vitu'entire
2903 4727 3010 4763 sua:
3051 4729 3274 4779 congrua
3320 4715 3601 4767 solitudine
3637 4731 3766 4768 eun-

2226 4801 2525 4851 tabeseant:
2557 4814 2658 4865 quo
2688 4802 2846 4866 magis
2879 4802 2937 4853 B.
2966 4803 3103 4854 Petri
3131 4805 3349 4868 aposmli
3383 4821 3531 4868 voce,
3564 4809 3763 4873 qualis-
3842 4849 3843 4862 χ

2219 4900 2420 4949 minque
2457 4887 2593 4936 sedis
2638 4886 2752 4950 ejus
2807 4888 3069 4948 minister,
3112 4890 3370 4952 obtestor,
3414 4903 3466 4941 ut
3515 4894 3760 4944 inimicos

2218 4974 2438 5037 antiqua:
2469 4973 2584 5023 fidei
2613 4989 2712 5024 non
2740 4975 2878 5025 sinas
2908 4977 3114 5039 impune
3140 4979 3394 5042 grassari,
3425 4980 3508 5044 qui
3544 4991 3753 5032 vi-stros

2216 5064 2405 5126 cptatis
2440 5063 2627 5111 habere
2654 5063 2943 5127 subjectos;
2972 5074 3023 5114 ttt
3052 5081 3183 5116 vera:
3205 5066 3545 5117 confessionis
3573 5082 3756 5132 pacem

2221 5160 2432 5200 iunctas
2463 5150 2662 5200 Domini
2691 5168 2899 5205 scrvare
2927 5154 3220 5207 decernatis
3251 5155 3532 5214 Ecclesias,
3557 5159 3646 5224 qui
3678 5174 3759 5210 or-
3842 5159 3843 5172 ¹

2221 5239 2333 5290 bem
2376 5241 2534 5289 vestri
2577 5239 2779 5303 imperii
2824 5242 3132 5295 desideratis
3177 5255 3357 5296 tenere
3402 5257 3670 5309 paca'um;
3705 5258 3757 5298 et

2219 5327 2418 5376 unicam
2449 5342 2590 5388 spent
2621 5329 2818 5388 salutis,
2847 5346 2959 5392 quae
2994 5345 3154 5395 genus
3187 5332 3452 5383 hominum
3484 5335 3547 5382 ad
3594 5348 3750 5396 regna

2216 5415 2444 5465 cmlcsda
2469 5418 2724 5480 vitamque
2749 5417 2978 5481 perducit
2999 5429 3247 5471 aeternam
3266 5457 3280 5481 ,
3306 5421 3444 5470 nulla
3474 5423 3745 5486 patiamini

2217 5512 2358 5566 parte.
2395 5503 2597 5563 \i-dari,
2631 5503 2712 5566 qui
2747 5505 2997 5569 placatum
3045 5507 3205 5558 Deum
3238 5507 3315 5559 vel
3366 5521 3524 5572 regno
3565 5519 3744 5563 vestro
