3854 6228
389 251 452 313 45
525 259 531 276 ¹

1695 247 2002 306 SlMPLlCll
2037 249 2234 304 PAPE

3475 261 3542 326 ιιᾷ

385 371 441 414 ut
463 371 584 413 cum
609 357 673 412 ad
699 356 1028 420 dileCtionem
1057 363 1197 408 tuam
1228 354 1410 412 eadem
1441 361 1631 423 scripta
1661 371 1912 425 pervene-
1938 363 1992 422 Α
2017 356 2327 412 necessitate
2359 356 2605 426 dirigere,
2634 358 2738 412 nisi
2781 359 2844 412 ad
2890 372 3098 414 onmem
3141 360 3543 429 plenitudinem,

383 449 527 510 rint,
558 447 665 507 imo
701 445 1053 502 etiam‘donec
1089 444 1332 508 veniant,
1372 444 1510 512 apud
1537 445 1915 510 Christianissi-

379 553 525 594 mum
555 536 841 604 principem
872 534 1035 591 etiam
1073 543 1256 586 nostro
1294 533 1504 587 nomine
1529 548 1688 602 agere
1714 536 1914 603 suppli-

383 629 524 678 citer.
542 634 702 692 atque
726 625 995 695 insinuare
1019 636 1123 675 non
1151 621 1391 689 desinas,
1419 630 1477 674 ut
1511 637 1632 691 qum
1677 622 1835 699 toties
1862 630 1917 676 et

382 714 514 766 bene
535 722 731 768 statuta
766 722 920 776 sunt,
964 709 1102 763 nulla
1139 709 1444 777 obreptione
1465 711 1725 764 violentur
1751 727 1765 762 :
1795 711 1914 780 quia

352 805 527 872 [regni
574 802 693 872 ejus
729 810 930 855 certum
974 808 1029 854 et
1074 800 1337 867 singulare
1378 808 1463 854 est
1499 799 1920 877 ﬁrmamentum,

380 906 509 951 vero
533 901 690 961 atque
715 898 913 946 aeterno
937 891 1045 958 regi
1070 900 1501 959 congregatorum
1527 889 1580 944 in
1609 905 1766 945 causa
1796 890 1913 944 tidei

378 981 558 1039 divino
595 978 782 1050 spiritu
822 979 1150 1034 sacerdotum
1188 976 1413 1033 illaesum
1449 992 1762 1034 conservare
1788 992 1915 1033 con-

374 1068 581 1128 cilitun.

899 1197 1224 1253 EPISTOLA
1263 1197 1372 1253 Vll.

379 1325 616 1377 διιριιοιι
663 1325 806 1364 ΡΔΡΕ
853 1325 919 1363 ΔΙ)
963 1311 1314 1363 PRISBYTEBOS
1364 1323 1430 1361 ετ
1466 1322 1910 1366 ΔΒΕΗΙΠᾹΝΒΕΙΤΑῧ

818 1390 1472 1432 οοκδτωτιαοροωτλιεοε.

376 1491 684 1547 Clericotttm
707 1505 764 1541 ac
790 1488 1144 1541 monachorum
1172 1484 1601 1552 Constantinopoli
1627 1484 1909 1552 degentium

446 1559 562 1620 ﬁdei
599 1560 926 1611 constantiam
968 1557 1304 1630 cogmntenddt,
1343 1571 1452 1630 cunt
1489 1551 1801 1630 Timotheum
1843 1551 1909 1604 ad

443 1629 836 1681 communionem
876 1641 976 1678 non
1018 1626 1338 1684 admiserint;
1382 1623 1650 1690 illumque,
1693 1630 1747 1673 ut
1779 1635 1910 1687 σῶμα

440 1697 759 1761 cincnnatum,
788 1694 1002 1747 ostendit
1026 1709 1123 1745 non
1147 1691 1472 1745 audiendum.

376 1809 676 1879 Simplicius
715 1807 989 1881 episcopus
1033 1803 1353 1881 presbyteris
1391 1799 1909 1881 etarchimantlrijs

636 1872 774 1945 apud
803 1872 1309 1940 CotistantinopOIim
1331 1872 1650 1924 constitutis.

441 1967 543 2020 Per
571 1965 730 2018 lilium
760 1971 994 2017 nostrum
1022 1958 1334 2014 laudabilem
1364 1957 1531 2012 virum
1561 1955 1903 2024 Epiphanium

362 2054 560 2112 tlitteris
588 2064 775 2106 vestrae
813 2048 1111 2105 dilectionis
1144 2048 1314 2100 serius
1353 2060 1505 2112 quam
1543 2045 1780 2098 voluistis
1819 2057 1905 2096 ae-

367 2137 558 2208 .ce'ptis,
586 2155 775 2208 magno
793 2152 973 2192 sumus
999 2137 1178 2192 dolore
1205 2135 1424 2204 permoti
1445 2173 1460 2197 ,
1486 2135 1624 2201 quod
1645 2133 1749 2186 illic
1769 2133 1904 2186 intra

314 2241 320 2245 ·
358 2231 658 2287 Ecclesiam
682 2229 769 2284 Dei
791 2219 1152 2283 scandalorum
1175 2225 1402 2279 recidiva
1422 2232 1705 2279 nasc'untur
1721 2222 1902 2275 incen-

369 2325 474 2392 dia,
491 2324 578 2378 ubi
589 2322 746 2376 totius
757 2319 863 2390 [AL
878 2315 1039 2386 toties]
1051 2317 1358 2397 auctoritate
1371 2311 1666 2383 apostolicae
1678 2313 1837 2377 sedis,
1851 2321 1904 2365 et

358 2415 628 2470 sententia
651 2409 838 2477 synodi
868 2407 1175 2462 universalis
1197 2405 1451 2459 exstincta
1475 2403 1616 2459 sunt.
1639 2401 1732 2455 Cui
1757 2416 1904 2454 nam-

364 2517 469 2572 que
499 2504 553 2555 in
583 2509 692 2554 toto
722 2510 978 2552 terrarum
1008 2493 1137 2548 orbe
1163 2507 1281 2547 cum
1309 2492 1652 2560 perversitate
1685 2489 1900 2558 dogma-

359 2604 477 2647 .tum
518 2589 860 2644 nefandorum
901 2584 1157 2648 Nestorii,
1188 2583 1518 2652 Eutychetis,
1567 2579 1901 2646 Dioscorique

360 2681 657 2744 damnatio;
688 2679 774 2733 cui
810 2676 1071 2730 Timothei
1108 2688 1290 2741 rursus
1324 2672 1687 2728 Alexandrina:
1726 2671 1900 2726 Eecl‘e-

360 2771 456 2824 sia
481 2767 775 2838 pet-vasoris
797 2782 899 2821 non
924 2773 1006 2820 est
1032 2771 1155 2817 nota
1180 2761 1435 2829 dejectio?
1460 2761 1630 2816 Testis
1651 2772 1729 2815 est
1754 2769 1901 2813 antc-

362 2859 474 2912 rius
518 2856 867 2924 Epltesinum,
917 2853 1066 2907 testis
1110 2860 1192 2903 est
1246 2864 1431 2904 recens
1473 2848 1898 2904 Cltalcedonense

361 2947 664 3008 concilium,
689 2944 826 3011 quod
855 2941 1089 3012 quisquis
1113 2939 1374 2994 desiderat
1401 2944 1694 3007 retractari,
1723 2942 1773 2995 in
1803 2955 1896 2993 nu.

2018 460 2121 500 non
2146 446 2253 514 jam
2281 444 2640 510 defendendas,
2668 463 2783 516 qum
2808 449 2989 502 solidat
3015 449 3171 519 [forte
3199 450 3378 519 solide]
3408 453 3542 521 iacta

2016 543 2132 597 est,
2173 533 2322 598 ﬁdei,
2355 531 2445 586 sed
2471 534 2782 600 repellendis
2810 537 3067 590 hscreticis
3102 549 3258 606 atque
3285 539 3546 596 damnatis

2013 621 2103 675 illa
2127 621 2458 687 sufﬁcerent,
2487 636 2604 690 qua:
2633 625 2790 678 etiam
2818 625 2882 679 ad
2911 639 3103 681 sancta:
3131 630 3394 683 memoria:
3420 629 3544 682 Fla-

2011 710 2258 773 vianum,
2304 719 2460 778 atque
2497 712 2561 763 ad
2603 723 2831 765 sanctam
2870 712 3345 769 Chalcedonensem
3385 731 3544 786 syno-

2013 800 2166 864 dum,
2200 800 2276 853 vel
2323 801 2387 852 ad
2433 810 2664 869 augusta:
2708 803 3086 861 recordationis
3127 802 3441 858 Marcianum
3479 819 3542 860 ac

2014 887 2244 941 Leonem
2267 928 2280 952 ,
2311 889 2473 941 beatae
2502 886 2769 942 memoria:
2793 897 3176 943 antecessorem
3217 904 3386 943 meum
3412 891 3543 945 scti-

2014 975 2094 1042 psi
2124 989 2181 1029 se
2205 976 2461 1042 retinetis,
2491 985 2645 1045 atque
2666 976 2823 1030 totius
2847 977 3073 1031 Orienti~
3093 979 3320 1047 episcotti
3351 981 3540 1034 rescri-

2013 1065 2116 1133 ptis
2141 1065 2204 1117 ad
2234 1051 2518 1131 principem
2548 1074 2669 1118 tunc
2697 1065 2925 1119 Leonem
2961 1068 3184 1135 propriis
3212 1068 3361 1122 intim
3397 1080 3536 1123 runt.

2012 1155 2160 1208 Unde
2184 1153 2460 1210 insolubile
2481 1170 2597 1209 esse
2624 1170 2726 1209 non
2765 1156 2977 1210 dubium
3007 1165 3115 1221 est,
3146 1159 3280 1225 quod
3310 1160 3390 1212 vel
3419 1167 3541 1212 ante

2009 1241 2361 1296 decreverunt
2388 1243 2438 1295 in
2461 1258 2622 1297 unum
2646 1244 3014 1299 convenientes
3041 1253 3117 1298 tot
3138 1245 3340 1300 Domini
3369 1259 3539 1300 sacer-

1986 1331 2180 1398 dotes,
2210 1333 2291 1386 vel
2318 1334 2456 1401 quod
2476 1334 2661 1402 singuli
2691 1348 2785 1402 per
2810 1349 2933 1389 suas
2960 1334 3220 1389 Ecclesias
3247 1336 3537 1403 constituti,

2008 1419 2190 1473 eadem
2211 1420 2543 1476 nihilominus
2566 1421 2872 1486 sentientes,
2903 1421 3125 1478 diversis
3149 1423 3272 1491 quid
3301 1424 3535 1486 vocibus,

2008 1508 2096 1560 sed
2124 1523 2222 1561 una
2251 1516 2428 1562 mente
2455 1510 2724 1573 dixerunt,
2756 1508 3063 1564 damnantes
3089 1525 3270 1564 eorum
3299 1525 3534 1564 exsecra-

2007 1594 2187 1650 hilinm
2211 1606 2451 1652 auctores
2478 1598 2670 1667 pariter
2693 1608 2746 1653 et
2765 1613 3030 1668 sequaces.
3054 1599 3379 1668 Quapropter
3397 1602 3533 1654 iltlt'l'

1935 1695 1981 1754 Β
2007 1692 2084 1742 ιρι
2114 1685 2326 1752 formas,
2352 1700 2468 1753 qua:
2488 1697 2680 1741 erectae
2709 1683 2847 1753 sunt,
2879 1686 3210 1754 pradicandi,
3235 1703 3338 1742 non
3364 1701 3531 1742 asser-

2010 1774 2329 1838 tionenova,
2354 1775 2447 1846 sed
2474 1775 2766 1829 constantia
2789 1777 3054 1829 nitendum
3080 1787 3178 1831 est.
3205 1777 3320 1830 iam
3350 1777 3545 1844 proba~.

2009 1871 2115 1913 ttttn
2145 1869 2253 1926 est,
2279 1862 2404 1930 quid
2437 1862 2680 1932 (Domino
2708 1877 2798 1918 vos
2817 1853 3067 1932 juvante)
3111 1865 3428 1932 profect-rint
3465 1867 3535 1918 la-

2004 1948 2160 2004 bores
2193 1951 2373 2015 vestri,
2397 1950 2506 2005 Deo
2544 1951 2762 2020 placitus
2807 1951 3005 2007 fructus
3047 1953 3307 2015 ostendit,
3330 1953 3532 2022 quando

2003 2039 2117 2106 ejus
2145 2040 2354 2094 domum
2389 2042 2471 2096 vol
2493 2041 2537 2095 is
2564 2041 2936 2096 obsistentibus
2963 2043 3149 2097 latroni
3181 2047 3396 2098 introire
3431 2059 3534 2100 nou

1996 2128 2178 2192 licuit,
2207 2131 2293 2197 qui
2324 2130 2587 2183 nonnullis
2614 2132 3009 2185 occurrentibus
3033 2128 3178 2198 sibi,
3196 2132 3417 2186 latentes
3444 2135 3531 2184 ad~

1997 2216 2106 2271 .ltuc
2136 2216 2352 2271 forsitan
2389 2218 2468 2271 sul
2513 2218 2710 2280 similes
2740 2219 3051 2287 publicavit,
3096 2235 3198 2274 non
3243 2214 3383 2274 enim
3419 2221 3535 2288 iunv

1999 2314 2190 2374 guntur
2220 2306 2352 2370 bona
2381 2306 2649 2374 pt'ssintis,
2681 2319 2820 2362 recta
2853 2310 3146 2376 perversis;
3183 2325 3280 2365 nec
3321 2317 3532 2378 possud

1998 2391 2246 2446 salutaria
2268 2394 2411 2447 coire
2437 2407 2553 2448 cum
2577 2395 2782 2450 noxiis:
2807 2398 2925 2465 quia
2951 2382 3050 2451 luci
3075 2401 3374 2452 communio
3395 2399 3533 2452 nulla

1998 2495 2117 2536 cum
2148 2483 2414 2550 tenebris,
2458 2498 2554 2538 nec
2596 2484 2788 2538 inﬁdeli
2820 2487 2989 2554 portio
3034 2502 3152 2542 cum
3199 2488 3356 2540 lldeli.
3385 2487 3533 2542 L'ntla

1995 2557 2290 2625 necessario
2334 2572 2692 2627 damnatorum
2734 2577 3118 2629 comitatnntur
3160 2577 3386 2641 exitum,
3428 2580 3518 2645 qui

1998 2657 2173 2709 talium
2202 2657 2442 2726 delegere
2467 2661 2820 2726 consortium;
2870 2663 2983 2715 nisi
3014 2664 3146 2718 forte
3180 2666 3530 2731 resipiscenti-

1997 2744 2092 2798 bus
2119 2746 2338 2809 animis,
2371 2756 2423 2800 et
2451 2747 2676 2800 maxime
2720 2749 2806 2816 qui
2852 2765 3018 2818 nuper
3042 2753 3240 2817 decepti
3271 2766 3384 2805 Stlnt
3407 2792 3422 2816 ,
3453 2753 3528 2806 vi-

1994 2836 2179 2890 dentes
2217 2836 2268 2889 in
2303 2851 2419 2904 quas
2455 2839 2672 2905 abrupta
2711 2849 2833 2892 sunt
2873 2841 3012 2894 ducti
3035 2881 3049 2905 ,
3095 2843 3160 2894 ad
3185 2842 3524 2909 splendorem

1989 2939 2130 2991 vera:
2155 2925 2272 2978 lidei
2297 2926 2527 2997 discussa
2551 2927 2820 2981 conferant
2838 2944 2894 2982 se
2915 2931 3054 2984 nube
3078 2919 3354 2986 mendacii.
3376 2932 3525 2999 Quod

363 3049 511 3088 mero
542 3010 769 3086 ﬁdelium
810 3010 1110 3099 pronuntiat
1153 3042 1210 3082 se
1239 3044 1341 3082 non
1372 3030 1584 3095 haberi;
1613 3045 1730 3085 cum
1763 3046 1892 3099 prm-

1997 3010 2292 3081 apostollca:
2338 3014 2474 3068 sedis
2510 3016 2702 3083 pietate
2732 3025 2786 3070 ut
2830 3018 3105 3086 provenire
3160 3020 3324 3086 possit
3371 3035 3522 3088 op'a-

361 3125 619 3181 dictorum
671 3121 791 3175 talis
838 3120 1078 3189 impietas
1129 3120 1430 3175 auctoribus
1475 3130 1529 3177 et
1576 3108 1895 3188 principibus

360 3212 686 3276 Christianis,
719 3227 822 3266 non
844 3206 1012 3266 solum
1028 3212 1106 3271 ab
1131 3210 1378 3266 Ecclesia:
1397 3223 1634 3276 corpore,
1663 3224 1840 3262 verum
1863 3225 1892 3262 a

360 3311 501 3355 cmtu
529 3299 760 3354 omnium
790 3299 988 3353 exsiliis
1016 3308 1282 3366 segregata
1306 3295 1558 3359 diversis,
1592 3296 1750 3348 unita:
1774 3310 1894 3348 sen-

360 3391 538 3443 tentia:
564 3389 897 3442 damnatione
924 3401 1170 3456 percussa
1197 3395 1294 3441 est.
1325 3387 1399 3441 De
1423 3401 1641 3456 quorum
1663 3385 1787 3439 nihil
1813 3395 1894 3442 est

304 3487 307 3490 '
359 3491 498 3548 nunc
525 3491 707 3532 errore
733 3475 1039 3541 dicendum;
1070 3476 1185 3544 quia
1227 3484 1344 3544 post
1373 3474 1700 3529 traditionem
1724 3480 1890 3529 tanto-

359 3583 475 3621 rum
509 3566 708 3620 Domini
749 3565 1109 3629 sacerdotum,
1135 3564 1223 3633 qui
1251 3565 1404 3632 longe
1428 3575 1549 3618 ante
1576 3578 1672 3616 nos
1701 3564 1751 3616 in
1778 3568 1890 3618 uni-

358 3667 506 3708 verSa
552 3653 728 3708 mundi
777 3663 925 3722 parte
965 3651 1058 3705 has
1090 3651 1293 3718 quoque
1330 3651 1559 3705 basreses
1590 3643 1887 3714 evicerunt,

360 3738 525 3795 beitae
555 3739 929 3792 recordationis
969 3738 1320 3806 prmdecessor
1361 3747 1537 3790 noster
1583 3737 1686 3789 Leo
1715 3739 1892 3790 multi-

356 3829 479 3898 plici
505 3841 748 3890 sermone
785 3824 1035 3879 doctrinm
1053 3865 1068 3892 ,
1099 3823 1221 3891 quid
1250 3823 1521 3877 catholica:
1545 3823 1781 3876 veritatis
1807 3839 1886 3878 se-

355 3926 548 3985 quatur
600 3915 903 3984 integritas,
950 3914 1074 3983 quid
1119 3912 1430 3978 detestetur,
1485 3913 1724 3967 asseruit.
1772 3914 1890 3985 liae

352 4006 648 4068 eruditione
691 4004 932 4070 fundata,
981 4019 1085 4058 non
1126 4004 1460 4058 contentione
1499 4015 1632 4071 opus
1672 4012 1783 4069 est,
1829 4014 1887 4057 ut

353 4094 522 4151 adhuc
549 4103 790 4159 tanquam
819 4093 884 4145 de
920 4090 1091 4144 dubiis
1119 4089 1402 4155 iudicetur.
1433 4089 1538 4143 Sed
1577 4091 1713 4144 sicut
1752 4090 1888 4145 dile~

351 4182 579 4235 ctionem
602 4187 826 4234 vestram
854 4177 1141 4246 gaudemus
1167 4176 1370 4241 facere,
1399 4176 1561 4230 ﬁrmis
1585 4186 1766 4232 contra
1793 4177 1886 4232 ἀθ-

350 4273 688 4342 sectos‘state
713 4267 944 4336 vestigiis
976 4283 990 4321 :
1021 4281 1117 4320 nec
1153 4269 1248 4320 vos
1283 4266 1614 4320 adversarius
1658 4273 1881 4332 terreat,

346 4368 443 4422 aut
464 4357 672 4420 tardam
691 4356 880 4426 putetis
909 4355 1128 4423 desuper
1155 4355 1335 4408 venire
1363 4354 1652 4409 victoriam.
1684 4354 1882 4410 Cadere

351 4449 533 4506 didicit
558 4449 646 4516 qui
668 4447 904 4501 resultat.
929 4445 1164 4499 Breviter
1195 4446 1305 4500 haec
1331 4446 1396 4499 ad
1425 4447 1876 4516 consultationem,

349 4537 456 4591 imo
474 4537 629 4591 etiam
658 4533 1065 4591 consolationem
1096 4543 1281 4587 vestra:
1319 4534 1624 4602 scripsimus
1645 4536 1843 4589 caritati
1867 4578 1879 4600 ,

349 4628 581 4684 volentes
608 4626 836 4693 aliquos.
870 4622 1305 4692 quemadmodum
1336 4614 1554 4693 cupitis,
1590 4638 1684 4693 pro
1708 4640 1888 4680 causa:

465 4779 592 4830 tium
614 4774 754 4828 Zeno
785 4778 1066 4842 imperator
1093 4775 1516 4830 scelestissimum
1547 4777 1878 4832 Timotheum

347 4844 413 4898 ab
451 4844 635 4896 exsilio
664 4859 768 4911 quo
815 4847 960 4899 illum
1020 4843 1126 4911 Leo
1178 4843 1465 4910 imperator
1515 4848 1879 4910 mnlctaverat,

347 4911 657 4981 posthabitis
681 4909 939 4963 omnium
963 4909 1362 4981 catholicorumg
1390 4913 1552 4977 votis,
1585 4909 1883 4981 spretisque

345 4974 661 5036 sanctissimi
691 4981 957 5047 pontiﬁcis
970 4980 1155 5033 Leonis
1176 4981 1275 5045 piis
1303 4974 1767 5039 admonitionibus.
1794 4974 1882 5036 re-

345 5056 604 5112 vocasset,
653 5055 918 5115 eticnntra
967 5051 1131 5115 ipsum
1178 5047 1440 5101 Christum
1495 5049 1772 5103 D.tminum
1825 5052 1875 5104 in

344 5118 524 5170 urbem
557 5114 944 5184 introduxisset,
973 5114 1161 5169 accidit
1183 5117 1325 5178 justo
1350 5117 1438 5169 Dei
1463 5116 1682 5184 judicio,
1701 5126 1758 5170 ut
1776 5120 1878 5170 Ba-

346 5186 550 5237 siliscus
575 5183 834 5252 ﬂagellum
865 5182 954 5234 Dei
982 5193 1044 5238 et
1063 5187 1202 5252 virga
1228 5185 1419 5238 furoris
1451 5182 1656 5240 Domini
1683 5185 1748 5238 ad
1774 5186 1873 5240 Ze-

345 5266 534 5322 nonem
556 5250 897 5322 puniendum,
925 5250 1195 5322 imperium
1221 5254 1490 5315 invaserit.
1513 5267 1682 5322 eoque
1707 5255 1758 5307 in
1782 5269 1874 5307 ex-

347 5319 541 5384 silium,
579 5318 716 5372 unde
760 5319 1136 5372 exsecrandum
1179 5319 1476 5375 hmreticum
1513 5318 1866 5385 revocaverat,

339 5390 540 5453 (fugato,
585 5388 708 5440 illud
758 5402 894 5438 anno
939 5400 1043 5439 uno
1087 5398 1143 5440 et
1181 5401 1271 5440 sex
1314 5390 1578 5449 mensibus
1619 5390 1864 5444 tenuerit.

345 5454 540 5519 Quibus
575 5455 833 5516 evolutis,
875 5455 1029 5507 Zeno.
1065 5469 1156 5522 per
1201 5455 1494 5522 ltujusmodi
1539 5459 1863 5513 vexationem

344 5522 579 5577 nonnihil
616 5525 800 5579 melior
839 5522 1087 5592 redditus,
1134 5525 1466 5592 precibustct
1493 5525 1869 5584 intercessione

1995 3116 2129 3166 mus,
2158 3102 2275 3171 quia
2302 3103 2460 3155 vitam
2488 3104 2538 3155 in
2571 3104 2773 3156 Domini
2797 3105 3108 3159 voluntatem
3139 3109 3523 3176 cognoscimus,

1993 3190 2057 3248 ad
2087 3189 2574 3244 chnstianissimum
2613 3205 2817 3258 quoque
2861 3193 3146 3260 principem
3166 3232 3181 3256 ,
3211 3195 3293 3248 vel
3323 3194 3387 3249 ad
3417 3196 3524 3248 fm-

1994 3287 2123 3331 trem
2147 3287 2199 3332 et
2219 3279 2580 3348 coepiscopum
2612 3288 2847 3333 nostrum
2892 3283 3136 3336 Acacium
3173 3285 3525 3352 competentia

1990 3366 2142 3422 simul
2171 3368 2359 3433 scripta
2381 3367 2684 3431 direximus,
2709 3368 2856 3437 cujus
2877 3371 3225 3424 accusandum
3253 3373 3521 3427 silentium

1992 3469 2092 3506 non
2123 3464 2394 3523 putamus,
2425 3455 2543 3523 quia
2584 3456 2809 3511 scientes
2848 3457 2999 3511 [idem
3049 3459 3399 3528 probatissimi
3436 3475 3525 3512 sa-

1988 3542 2244 3611 cerdotis,
2277 3554 2476 3599 certum
2509 3553 2746 3599 tenemus
2781 3560 2931 3608 suum
2984 3563 3089 3602 non
3129 3562 3245 3603 csse
3274 3547 3410 3618 quod
3440 3557 3522 3602 ta-

1987 3634 2112 3686 cuit.
2142 3630 2210 3685 Ut
2238 3642 2412 3683 autem
2442 3633 2643 3697 plenius
2672 3632 2884 3687 dilectio
2915 3644 3087 3688 vestra
3115 3644 3397 3705 cognoscat
3423 3651 3522 3689 no—

1987 3711 2210 3773 strarum
2227 3759 2239 3778 .
2266 3734 2396 3787 quas
2423 3719 2487 3772 ad
2515 3718 3014 3776 Christianissimum
3045 3726 3330 3792 principem
3350 3723 3517 3778 misi-

1987 3820 2134 3870 mus,
2181 3807 2369 3859 seriem
2424 3806 2744 3874 litterarum,
2801 3810 3147 3878 exemplaria,
3197 3811 3516 3868 internuntio

1984 3910 2139 3974 quem
2191 3893 2405 3949 misistis
2457 3895 2733 3964 redeunte,
2782 3895 3084 3953 direximus.
3125 3899 3257 3955 Data
3293 3914 3348 3955 ut
3391 3899 3514 3957 idus

1982 3981 2236 4050 Januarii,
2270 3983 2484 4041 consule
2509 3986 2879 4055 suprascripto.

2497 4113 2818 4170 EPlSTOLA
2847 4117 2863 4149 ¹
2896 4115 3001 4171 Vill

2229 4213 2470 4254 εικηιοιι
2507 4218 2571 4254 ΔΙ)
2610 4219 2844 4258 ZENONII
2881 4220 3266 4263 IMPERATOREI.

1984 4285 2280 4364 Gratulatur
2311 4288 2360 4364 ei
2395 4288 2459 4342 de
2492 4296 2780 4364 recuperato
2822 4295 3059 4364 nuper-io,
3100 4296 3421 4364 hortaturque
3461 4306 3517 4352 at

2048 4356 2442 4438 Alexandrinum
2458 4356 2753 4438 episcopum
2781 4356 3016 4438 sedis-tite
3041 4356 3283 4426 restituat,
3303 4356 3368 4438 _et_
3390 4362 3520 4438 Leo.

2048 4429 2150 4493 nis,
2181 4436 2226 4480 et
2252 4426 2668 4480 Chalcedonensis
2695 4428 2886 4480 concilii
2909 4429 3105 4480 decreta
3131 4431 3314 4482 servari
3339 4431 3516 4499 faciat.

2187 4538 2483 4607 Simplicius
2512 4532 2787 4608 episcopus
2823 4537 3020 4592 Zenoni
3051 4539 3302 4606 Augusto.

2050 4628 2190 4683 Inter
2215 4641 2374 4695 opera
2408 4629 2595 4680 divina:
2632 4627 3002 4692 providentius,
3033 4642 3149 4696 quae
3190 4628 3270 4695 pia
3300 4643 3514 4695 semper

1980 4789 2174 4849 sanctae
2201 4779 2597 4849 protomartyris
2621 4779 2849 4842 Thecla.
2876 4778 3080 4837 devicto
3103 4787 3322 4849 tyranno
3347 4781 3410 4834 ad
3431 4781 3508 4833 la-

1981 4861 2098 4916 sces
2126 4846 2332 4916 imperii
2373 4846 2546 4914 rediit,
2592 4851 2884 4914 scriptaque
2917 4850 3091 4901 statim
3117 4846 3182 4901 ad
3211 4851 3508 4916 pontiﬁcem

1979 4914 2305 4986 §im_p|icium
2329 4917 2571 4986 epistola,
2598 4916 2903 4986 orthodoxa)
2944 4917 3061 4986 lidei
3088 4914 3357 4971 catholicae
3385 4931 3512 4986 pro-

1979 4982 2258 5036 fessionem
2286 4982 2668 5052 integerrimam
2715 4982 2894 5036 edidit.
2928 4984 3096 5052 Quam
3125 5000 3242 5049 enm
3276 4982 3504 5052 ponitl'ex

1979 5065 2165 5123 magno
2191 5065 2318 5123 cum
2352 5051 2890 5123 gaudio‘accepisset,»
2927 5050 3060 5105 hanc
3103 5053 3174 5105 illi
3227 5050 3508 5123 gratulatu-

1979 5121 2110 5172 riam
2138 5120 2408 5186 epistolam
2438 5119 2679 5181 reddidit,
2718 5132 2817 5185 qua
2861 5121 2927 5172 de
2955 5119 3264 5186 recuperato
3294 5119 3382 5184 per
3410 5120 3504 5175 Dei

2007 5189 2187 5250 ratium
2221 5188 2438 5255 imperio
2476 5188 2527 5240 ei
2564 5187 2974 5255 congratulatur,
3002 5200 3052 5241 et
3080 5196 3156 5255 ut,
3188 5195 3366 5240 amoto
3389 5191 3508 5240 vio-

1995 5265 2114 5308 ento
2135 5257 2374 5308 invasere
2392 5253 2687 5318 Timotheo,
2720 5268 2900 5308 verum
2928 5254 3296 5309 Alexandrinae
3320 5257 3507 5309 Eccleo

1971 5324 2063 5376 sia:
2089 5325 2374 5377 antistitem
2403 5322 2730 5377 exsulantem
2759 5324 2869 5376 sedi
2906 5339 3014 5378 sum
3042 5326 3298 5390 restituat,
3325 5325 3507 5378 horta-

1972 5399 2071 5444 tur.
2105 5392 2314 5444 lnvasor
2339 5393 2500 5456 sedis,
2529 5391 2740 5459 cognito
2767 5391 2880 5444 zelo
2907 5393 3253 5458 imperatoris,
3279 5407 3380 5445 non
3409 5396 3505 5446 ex-

1968 5460 2563 5528 spectattsrsentcntiam
2601 5458 2818 5528 iudicis,
2872 5461 3062 5528 aptae]:
3118 5458 3213 5511 tibi
3261 5469 3532 5528 προτείνῃ.

1967 5526 2131 5602 inquit
2162 5527 2430 5582 Liberatus
2455 5526 2626 5596 capite
2654 5529 2859 5585 decimo
2879 5526 3056 5594 sexto,
3094 5528 3307 5583 tit-istud
3325 5526 3514 5597 perae)
