3854 6228
205 278 252 330 i5
1457 257 1686 313 EPISTU

1819 228 1923 307 vut
3228 251 3294 304 se

208 392 242 435 et
259 383 374 445 justa
399 382 551 436 sunt,
580 372 770 425 nostris
807 382 1008 437 quoque
1048 366 1365 435 temporibus
1392 367 1560 432 eloqui
1595 379 1683 430 po-
1709 370 1757 426 Α
1786 374 1893 414 ram
1919 362 2068 430 longe
2097 361 2294 428 potiora
2321 376 2473 429 quam
2499 361 2695 430 cupio:
2722 363 2814 415 sed
2847 364 2942 416 mei
2964 378 3159 416 memor
3185 365 3298 416 ofﬁ-

209 466 356 522 teutias
379 463 580 517 Domini
611 462 690 514 vix
722 459 961 528 quotlibet
990 458 1211 509 humana
1242 457 1413 522 lingua
1440 455 1678 508 Sufﬁciet.

208 558 303 620 Quis
336 553 523 606 etenim
562 550 739 618 valeat
780 549 861 601 vel
900 547 1210 614 cogitatione
1253 547 1552 612 comp2ecti,
1603 545 1681 598 vel

207 660 303 698 voce
323 643 646 709 depromere,
674 636 809 704 quod
835 637 884 688 in
913 637 1024 702 ipso
1048 636 1314 702 utriusque
1342 635 1414 686 rei
1448 634 1684 686 laboran-

209 735 257 787 tis
277 731 477 784 articulo
503 738 556 783 et
579 727 710 780 votis
751 724 969 792 publicis
996 725 1257 791 religionis
1286 735 1475 776 sanetae
1514 722 1686 778 reddi-

205 823 358 876 ditvos
389 816 578 886 quieti,
615 812 712 868 nisi
742 805 878 881 quod
926 813 1051 865 tanti
1088 813 1503 881 consideratione
1529 811 1710 874 mira-,

197 911 284 964 culi
307 905 620 962 clamandum
643 913 723 956 est
750 917 868 955 cum
899 903 1149 970 propheta
1177 916 1188 953 :
1222 899 1346 953 Hac
1374 910 1442 953 est
1481 901 1685 952 mutatio

206 999 381 1050 dexterae
407 993 584 1046 excelsi
615 991 778 1058 (Psal.
807 986 1010 1057 um),
1041 1004 1156 1057 quat
1180 989 1466 1043 exultantes
1497 1000 1686 1042 semet-

205 1088 319 1152 ipsos
343 1090 574 1150 potenter
598 1078 850 1142 humiliut,
883 1089 936 1130 et
966 1077 1295 1130 tiumiliantes
1326 1092 1381 1131 se
1404 1077 1686 1132 clementer

205 1171 400 1226 eraltat?
440 1169 493 1223 ln
535 1169 717 1236 quibus
751 1168 905 1221 etiam
940 1167 983 1220 si
1018 1166 1414 1233 dispensationis
1451 1181 1687 1231 superna:

205 1263 401 1330 Sagacius
431 1273 671 1313 mensura
708 1258 942 1334 libretur,
984 1256 1214 1323 profecto
1243 1255 1507 1310 evidenter
1533 1271 1690 1322 appa-

205 1361 293 1416 ret,
330 1350 440 1403 ideo
468 1347 779 1417 perﬁdorum
825 1345 1095 1411 irrepsisse
1139 1344 1448 1412 perniciem,
1478 1352 1535 1400 ut
1563 1344 1690 1397 lidcs
1729 1356 1734 1361 ·

201 1439 454 1493 clementiae
512 1448 612 1488 tua:
670 1436 825 1487 etiam
886 1435 1021 1486 inter
1082 1431 1297 1484 advetsa
1349 1423 1686 1497 probaretur;

203 1537 467 1595 quantoque
511 1525 673 1590 magis
715 1521 870 1574 rebus
913 1520 1080 1586 urgeri
1124 1517 1421 1571 crederetur
1456 1517 1686 1582 infestis,

199 1625 314 1668 tanto
343 1616 525 1668 clarius
548 1621 715 1665 vestra
742 1608 1138 1676 magnanimitas
1164 1605 1457 1659 immineret
1493 1621 1508 1656 :
1539 1614 1692 1672 atque

1783 452 1869 515 cii,
1904 454 1955 506 in
1977 452 2109 507 hanc
2138 461 2330 520 partem
2360 453 2682 506 clementiam
2711 462 2849 505 tuam
2876 451 2992 506 ideo
3021 453 3296 520 prolixime

1784 539 1962 591 hortor
2006 540 2254 606 alloquio,
2304 541 2420 606 quia
2460 540 2660 606 imperii
2691 539 2759 591 tui
2809 540 3001 606 pariter
3031 550 3083 593 et
3119 542 3299 596 salutis

1781 626 1989 689 affectu,
2013 628 2117 682 illis
2157 637 2206 682 te
2240 628 2407 681 causis
2437 628 2689 680 inhaerere
2717 642 2921 695 semper
2945 640 3155 694 empto,
3184 631 3301 696 qui-

1783 717 1877 769 bus
1915 717 2041 769 solis
2069 725 2120 769 et
2141 717 2417 783 .prazsentis
2449 718 2588 788 regni
2620 717 2869 769 stabilitas
2891 718 3220 775 custoditur;
3251 728 3303 770 et

1785 805 1964 857 teterni
1985 804 2148 872 gloria
2179 813 2525 871 comparatur.
2561 803 2704 858 Unde
2743 813 2862 858 ante
2890 806 3062 856 omnia
3095 819 3296 869 precor,

1786 901 1841 944 ut
1881 891 2280 946 Alexandrinam
2329 893 2612 945 Ecclesium
2669 909 2769 944 non
2811 894 2978 945 minus
3026 907 3054 944 a
3101 892 3302 947 funesto
3389 891 3393 894 “

1785 993 1939 1047 quam
1982 980 2049 1034 ab
2079 980 2320 1034 haeretieo
2350 995 2624 1048 pervasore
2652 982 2938 1034 clementia:
2977 989 3162 1033 vestrm
3200 981 3304 1034 dis-

1790 1072 2131 1139 positionibus
2163 1073 2464 1138 liberatam,
2495 1074 2751 1126 catholico
2789 1088 2849 1126 ac
2890 1074 3115 1140 legitimo
3155 1074 3303 1126 resti-

1787 1159 1858 1211 tui
1888 1159 2144 1221 censeatis
2169 1161 2418 1222 antistiti;
2461 1162 2638 1227 eisque
2678 1161 2831 1214 etiam
2860 1175 2989 1228 quos
3013 1160 3304 1213 temeritate

1787 1248 2041 1301 diabolica
2068 1249 2287 1302 dixersis
2324 1249 2558 1301 ecclesiis
2579 1235 2844 1301 ordinasse
2873 1247 3169 1314 perhibetur
3195 1248 3307 1313 eje-

1787 1337 1901 1397 ctis,
1936 1349 2091 1388 recta:
2118 1336 2232 1390 fidei
2259 1336 2525 1404 subrogari
2552 1337 2876 1388 constituatis
2908 1337 3178 1404 episcopos
3207 1353 3222 1387 :
3251 1345 3307 1388 ut

1787 1425 1921 1477 sicut
1949 1424 2317 1492 rempublicam
2347 1435 2571 1478 vestram
2599 1439 2626 1476 a
2656 1426 2923 1496 tyrannica
2953 1423 3306 1477 dominatione

1791 1513 2073 1580 purgastis,
2105 1513 2175 1564 ita
2199 1514 2385 1580 ubique
2417 1513 2821 1567 Ecclesium-Dei
2853 1513 2918 1566 ab
2946 1513 3309 1567 hmreticorum

1790 1602 2075 1654 latrociniis
2129 1610 2281 1668 atque
2324 1601 2574 1669 contagiis
2625 1603 2853 1661 eruatis;
2901 1615 2995 1662 nec
3046 1602 3093 1652 id
3138 1601 3309 1668 potius

199 1695 253 1756 σι)
293 1707 380 1756 hoc
425 1698 831 1754 mansuetudinis
889 1705 1072 1748 vestra:
1114 1694 1180 1749 de
1220 1694 1686 1761 ConstantinOpoli.
1718 1692 1766 1752 B
1792 1689 2078 1756 pravalere
2124 1689 2404 1756 patiamini,
2445 1688 2582 1756 quod
2626 1688 2867 1755 iniquitas
2913 1695 3223 1754 temporum,
3253 1697 3308 1740 et

198 1797 298 1840 lana
320 1787 438 1841 urbe
460 1787 758 1854 provenisse
781 1784 1086 1845 discessum,
1109 1792 1163 1832 ut
1184 1782 1535 1848 universorum
1555 1783 1710 1840 desi-.

198 1877 330 1929 deriis
355 1875 597 1944 expetiti,
641 1873 800 1941 gloria
840 1871 1034 1936 majore
1065 1868 1334 1932 rediretis;
1383 1877 1438 1921 ut
1465 1885 1524 1924 ex
1564 1884 1707 1945 con-7

198 1964 435 2016 uariorum
458 1962 721 2029 periculis,
745 1960 881 2026 quod
917 1960 970 2011 in
1003 1957 1146 2010 vobis
1174 1966 1313 2010 esset
1339 1958 1538 2010 cunctis
1564 1959 1688 2010 utile

197 2057 481 2103 nosceretur.
517 2047 773 2102 Davidicze
811 2046 1052 2097 nimirum
1093 2043 1232 2096 illius
1263 2042 1468 2096 virtutis
1502 2056 1686 2096 exem-

195 2125 283 2206 pio,
317 2153 408 2207 qua
433 2138 679 2207 singulari
707 2135 954 2206 patientia
983 2134 1176 2187 cedens
1202 2133 1464 2199 paululum
1504 2132 1690 2185 furori-

195 2227 275 2280 bus
301 2227 582 2294 parricidae,
611 2226 858 2279 continuo
883 2223 1151 2276 Victoriam
1192 2221 1493 2288 pOpulorum
1526 2223 1691 2288 preci-
1732 2274 1737 2283 ι

196 2312 272 2368 bus
299 2309 589 2382 imploratos
622 2312 980 2380 praestantiore
1011 2311 1213 2379 fastigio
1241 2319 1321 2364 est
1367 2326 1605 2364 reversus
1638 2313 1687 2363 in

196 2420 400 2472 tegnmn.
448 2404 648 2456 Laetare
688 2404 859 2469 igitur,
901 2400 1210 2452 Venerabilis
1256 2401 1555 2462 imperator,
1599 2414 1689 2452 eos

196 2491 328 2546 fuisse
357 2503 467 2545 tuos
488 2492 668 2544 hostes
695 2492 781 2557 qui
805 2488 1114 2542 exstiterunt
1146 2473 1435 2539 Divinitatis
1464 2487 1686 2553 inimiCl;

194 2587 321 2646 atque
363 2581 526 2646 gaude
554 2593 668 2631 cum
717 2577 948 2629 Ecclesia
990 2570 1272 2639 laborasse,
1324 2585 1374 2628 et
1413 2591 1529 2628 cum
1570 2577 1687 2629 fidei

194 2667 434 2720 catholica:
455 2668 690 2719 libertate
718 2664 990 2732 imperium
1022 2666 1333 2724 resolutum,
1366 2672 1519 2730 atque
1559 2675 1609 2716 ut
1641 2666 1690 2716 in

192 2756 405 2807 omnibus
431 2755 621 2809 doceas
657 2767 862 2806 causam
893 2752 983 2805 tibi
1012 2767 1125 2804 cum
1159 2752 1264 2803 Deo
1302 2765 1418 2805 e~se
1455 2767 1690 2806 commu-

193 2855 310 2906 nem,
340 2848 484 2909 cujus
514 2858 610 2909 ope
638 2842 858 2894 viriliter
888 2842 1048 2893 fretus
1075 2842 1290 2899 insiste;
1338 2852 1388 2892 ut
1417 2857 1508 2907 per
1535 2858 1688 2907 quem

191 2935 400 2997 publicos
423 2934 753 2986 incubatores
777 2933 997 2998 subegit,
1023 2931 1268 2984 Ecclesia:
1289 2944 1489 2996 quoque
1514 2931 1690 2997 depel-

1788 1793 1879 1834 eos
1907 1794 2035 1846 quos
2058 1794 2158 1832 non
2187 1780 2351 1832 solum
2385 1789 2558 1833 vestro
2589 1780 2825 1845 imperio,
2865 1776 2957 1831 sed
2983 1788 3036 1830 et
3065 1778 3116 1830 in
3143 1777 3306 1830 Deum

1787 1882 1992 1935 quoque
2028 1869 2235 1922 rebellis
2272 1869 2485 1935 spiritus
2525 1869 2834 1931 concitavit;
2875 1883 3026 1935 quam
3056 1868 3190 1934 quod
3232 1875 3307 1919 tot

1788 1959 2019 2024 tantique
2060 1952 2347 2023 Pontifices,
2397 1967 2450 2009 et
2490 1972 2606 2009 cum
2647 1957 2869 2025 egregiis
2904 1958 3308 2018 orthodoxistue

1789 2043 2116 2110 pontiﬁcibus
2151 2045 2458 2096 universalis
2502 2044 2745 2117 Ecclesiae
2775 2045 2999 2097 decrevit
3041 2061 3306 2098 assensus.

1786 2130 2219 2200 Chalcedonensis
2243 2132 2426 2200 synodi
2464 2134 2764 2196 constituta,
2795 2134 2873 2185 vel
2910 2147 2971 2186 ea
2998 2149 3112 2202 qua:
3144 2136 3309 2206 beatae

1788 2220 2052 2273 memoria:
2093 2221 2443 2287 praedecessor
2486 2235 2631 2274 meus
2672 2221 2776 2274 Leo
2818 2223 3095 2289 apostolica
3130 2223 3308 2276 erudio

1791 2309 1927 2361 tione
1970 2309 2255 2374 perdocuit,
2313 2309 2614 2362 intemerata
2671 2312 2843 2376 vigere
2885 2311 3143 2376 iubeatis;
3191 2315 3308 2378 quia

1787 2412 1882 2450 nec
1906 2397 2012 2451 ullo
2041 2400 2194 2451 modo
2222 2399 2489 2451 retractari
2520 2406 2689 2466 potest
2717 2399 2851 2468 quod
2883 2397 3090 2453 illorum
3122 2401 3308 2453 deﬁni-

1787 2488 1928 2540 tione
1967 2485 2186 2553 sOpitum
2221 2496 2324 2551 est,
2363 2503 2458 2540 nec
2486 2472 2740 2542 ullatenus
2773 2472 2933 2556 recipi
2977 2489 3166 2544 tctiens
3208 2505 3310 2543 uno

1789 2574 2017 2642 undique
2057 2590 2148 2628 ore
2183 2575 2475 2629 damnatus.
2511 2577 2621 2644 Ipsa
2666 2587 2745 2632 est
2789 2573 2999 2645 quippe,
3047 2579 3177 2632 sicut
3208 2595 3310 2632 ει·
3362 2608 3370 2618 -

1789 2663 1920 2729 perti
1966 2663 2111 2726 estis,
2163 2663 2419 2716 catholica
2464 2664 2609 2730 ﬁdes,
2658 2681 2779 2732 qua;
2814 2658 3050 2733 potentes
3086 2668 3151 2720 de
3186 2668 3309 2722 sedo

1790 2750 1912 2803 la‘sa
1942 2751 2202 2819 deposuit,
2229 2762 2280 2804 et
2312 2752 2615 2806 exaltandos
2653 2753 2873 2808 humiles
2909 2755 3162 2808 custodita
3197 2770 3311 2810 ser-

1789 2841 1948 2891 vavit.
1981 2839 2156 2904 Quare
2196 2843 2323 2894 satis
2360 2843 2611 2909 agendum
2654 2853 2732 2896 est
2772 2845 2945 2912 pietati
2993 2854 3112 2908 tuas,
3141 2853 3196 2898 ut
3223 2847 3311 2913 qui

1792 2926 1944 2991 hujus
1971 2927 2060 2979 tibi
2087 2929 2266 2980 auctor
2291 2937 2370 2980 est
2393 2929 2534 2993 doni,
2572 2932 2639 2985 sit
2669 2930 2779 2996 ipse
2804 2932 2958 2984 etiam
2984 2943 3309 3000 propagator.

191 3026 248 3076 lat
274 3034 534 3092 tyrannos.
566 3023 711 3076 Sicut
738 3022 876 3074 enim
909 3020 1072 3086 pietas
1106 3027 1273 3070 vestra
1310 3021 1490 3071 merito
1516 3029 1686 3073 recte-
1791 3013 1914 3065 Data
1945 3023 2129 3066 octavo
2173 3015 2260 3083 [al.
2292 3016 2522 3085 septimo]
2574 3019 2690 3072 idus
2728 3020 2966 3072 Octobris
2995 3021 3150 3090 (anno
3184 3021 3306 3076 Chr.

191 3126 272 3177 que
296 3109 649 3174 eonfidit,‘illo
677 3124 771 3165 nos
799 3118 1032 3174 tempore
1070 3106 1195 3158 nihil
1227 3105 1362 3158 aliud
1406 3106 1565 3160 Deum
1598 3124 1692 3161 no-

191 3210 330 3253 strum
351 3201 660 3268 suppliciter
685 3198 1007 3264 implorasse,
1038 3210 1189 3262 quam
1221 3203 1276 3246 ut
1297 3195 1444 3247 nobis
1473 3194 1690 3249 Romani
1727 3242 1731 3247 .

192 3286 368 3354 imperii
411 3289 662 3356 pratsules
701 3287 879 3355 quales
925 3301 1059 3337 nunc
1090 3285 1367 3350 loquimur,
1407 3285 1691 3352 redderen-

191 3386 287 3440 tur;
324 3357 392 3429 ita"
432 3376 723 3445 exspectari
765 3376 958 3439 cernis,
1002 3382 1058 3425 ut
1105 3372 1399 3440 huiusmodi
1452 3388 1544 3427 vos
1578 3391 1692 3435 esse

191 3468 404 3534 ipsorum,
449 3479 659 3522 actuum
715 3467 964 3536 qualitate
1022 3467 1340 3520 monstretis.
1399 3465 1688 3532 ltespicite,

189 3571 360 3621 quem.
409 3566 648 3626 augusta:
701 3556 963 3610 memoria:
1016 3556 1260 3610 Marciani
1305 3565 1458 3623 atque
1505 3556 1694 3610 Leonis

188 3648 308 3696 omni
350 3646 548 3699 mundo
593 3646 923 3710 conspicuam
969 3644 1219 3703 catholica
1257 3644 1530 3697 devotione
1570 3659 1694 3696 con-

187 3735 402 3786 stantiam
429 3751 442 3797 ;
465 3744 518 3788 et
550 3733 742 3786 salubri
773 3731 1190 3787 consideratione
1221 3733 1541 3799 perpendite,
1572 3748 1689 3786 cum

187 3819 230 3871 in
255 3823 427 3874 eodem
456 3822 579 3874 loco
605 3829 747 3874 stare
766 3821 1092 3887 nequiverint
1120 3807 1207 3886 qui
1237 3821 1300 3870 ab
1334 3834 1509 3871 eorum
1542 3820 1694 3870 recti—

187 3909 342 3962 tudine
364 3911 666 3969 deviarunt,
704 3919 1054 3958 successorem
1093 3906 1247 3969 regia:
1275 3904 1541 3968 potestatis
1567 3903 1693 3969 legi-

188 3996 369 4057 timum,
395 4011 454 4049 ac
475 3996 737 4050 divinitus
770 3993 1067 4044 attributum
1097 4005 1214 4043 eum
1240 3989 1349 4042 fore
1379 3990 1490 4044 sine
1513 3991 1688 4059 dubio,

187 4088 256 4146 qui
284 4087 485 4138 illorum
520 4082 641 4136 ﬁdei
677 4081 960 4147 perstiterit
997 4080 1244 4132 imitator.
1274 4079 1462 4146 Debes,
1502 4082 1692 4150 glorio-

189 4172 366 4222 sissime
385 4180 441 4224 et
466 4168 874 4236 clementissime
903 4168 975 4220 ﬁli
1006 4169 1304 4236 imperator,
1331 4180 1560 4236 augusta:
1587 4187 1693 4223 me-

187 4261 340 4314 moria:
369 4268 638 4314 tantorum
659 4257 882 4310 virorum
909 4257 1188 4325 taliumque
1208 4259 1572 4333 reverentiam,
1604 4259 1695 4312 de—

1788 3102 1915 3169 477)
1944 3111 2058 3169 post
2086 3104 2407 3156 consulatum
2438 3106 2669 3160 Busilisci
2699 3118 2749 3160 et
2783 3107 3002 3162 Armati.

2385 3235 2700 3289 EPISTULA

2135 3362 2299 3401 Δυλειι
2328 3363 2392 3400 ΔΙ)
2425 3362 2708 3402 εωηιςιυιι
2738 3364 2900 3402 ΡΛΡΑἎΙ
2920 3361 2964 3403 ⁸.

1793 3454 2105 3524 Simplicium
2143 3457 2204 3508 de
2240 3458 2592 3509 Alexandrina
2619 3455 2855 3511 Ecclesia:
2893 3470 3024 3512 statu
3057 3464 3308 3516 certiorem

1862 3525 2005 3594 prcit,
2025 3527 2246 3594 scribens
2289 3526 2360 3594 abi
2385 3525 2628 3578 Timothei
2655 3526 2868 3594 heretici
2917 3540 3139 3594 mortem,
3170 3529 3312 3586 Petri

1861 3577 2039 3667 Mago}:
2060 3594 2280 3667 ejusdem
2330 3593 2563 3667 Ecclesia
2609 3577 3193 3667 pertulitnitoris.vli‘uvg‘ttrvu,~
3197 3662 3201 3665 η
3217 3577 3314 3667 3&1

1858 3675 1962 3711 cem
1993 3660 2230 3714 Ecclesiae
2255 3663 2496 3714 redditam
2520 3677 2642 3726 esse,
2668 3678 2727 3714 ac
2758 3663 2798 3714 Τ
2798 3660 3066 3717 ἱιιιοιήεἰιιιῖ
3083 3660 3291 3722 ,ιιιιέἱσά

1860 3729 2151 3781 restitutum.

1794 3835 2014 3889 Domino
2042 3839 2350 3911 beatissimo
2381 3840 2728 3911 sanctoupatri
2767 3840 3154 3911 archiepiscopo
3192 3842 3309 3911 [pa-

2025 3903 2253 3954 triarcha
2273 3905 2521 3972 episcopo]
2551 3905 2814 3970 Simplicio
2839 3909 3072 3960 Aeacius.

1860 3989 2268 4043 Sollicitudinem
2318 3991 2546 4044 omnium
2597 3992 2974 4058 Ecclesiarum,
3021 3995 3305 4053 secundum

1792 4069 2095 4147 Apbstolum
2126 4078 2207 4149 (Η
2242 4079 2358 4135 Cor.
2389 4082 2484 4150 xi),
2516 4080 2960 4148 circumferentes,
2997 4100 3090 4139 nos
3115 4086 3309 4142 intlesi.

1795 4178 1976 4222 neuter
2006 4169 2302 4232 hortamini,
2329 4169 2564 4236 quamvis
2592 4181 2774 4237 sponte
2803 4173 3072 4240 vigilantes
3096 4190 3154 4229 ac
3175 4191 3306 4244 prm-

1794 4269 2062 4311 currentes
2096 4275 2107 4308 :
2136 4260 2229 4311 sed
2255 4273 2346 4310 vos
2365 4258 2592 4312 divinum
2623 4261 2788 4314 zelum
2817 4264 2967 4315 solito
2995 4264 3180 4334 [diuino
3200 4267 3306 4320 ulc

187 4349 263 4403 bes
283 4352 418 4404 vices
455 4347 766 4403 muneribus
795 4346 906 4399 Dei.
943 4347 1034 4399 llle
1064 4355 1116 4400 te
1157 4348 1220 4400 ad
1252 4347 1466 4400 istorum
1493 4347 1696 4402 reduxit
1722 4358 1769 4416 ι)
1796 4335 2051 4426 sollicitos]
2092 4348 2478 4410 demonstratis,
2508 4359 2696 4401 statum
2730 4351 3088 4406 Alexandrina!
3128 4354 3306 4411 Eccle-

186 4437 476 4507 intperium:
509 4448 565 4492 tu
614 4435 722 4489 Deo
749 4435 860 4488 istis
904 4435 1123 4489 similem
1168 4436 1326 4488 redde
1370 4436 1687 4489 famulatum.

186 4528 236 4579 Et
259 4530 369 4596 quia
399 4529 518 4582 hac
546 4527 702 4579 beato
733 4524 978 4591 Apostolo
1011 4522 1229 4576 docente
1257 4538 1350 4576 nos
1387 4523 1539 4575 Petro
1577 4537 1690 4576 mea

184 4601 663 4684 nuper'buinilitate
701 4611 1030 4679 prmdicante,
1071 4610 1292 4663 refutata
1319 4619 1455 4669 sunt,
1488 4625 1514 4660 a
1544 4626 1695 4662 casu-

185 4706 258 4765 ris.
290 4705 393 4758 Deo
421 4704 658 4763 fautore,
688 4698 955 4765 proficiant
997 4697 1046 4748 in
1079 4697 1221 4763 regni
1263 4697 1518 4749 soliditate
1545 4713 1690 4750 mau—

184 4794 314 4846 turis.
345 4792 608 4861 Equidem
653 4785 836 4840 litteris
863 4791 990 4853 quas
1017 4794 1191 4838 vestra
1228 4786 1495 4839 clementia
1534 4788 1689 4840 desti-

183 4883 324 4945 narit,
379 4884 577 4949 pignus
634 4877 936 4931 immensum
986 4877 1292 4930 venerandae
1342 4879 1688 4946 religiositatis

182 4969 524 5039 accipiens,_et
555 4965 756 5032 ingenti
782 4963 1120 5032 gratulatione
1145 4965 1367 5031 respiro,
1399 4975 1450 5018 et
1478 4969 1690 5019 omnino

181 5070 265 5106 non
289 5055 497 5122 ambigo
524 5060 760 5104 mentem
791 5059 1009 5103 vestram
1039 5050 1089 5102 in
1122 5053 1274 5104 rebus
1304 5051 1492 5106 divinis
1515 5067 1687 5122 gestu-

235 5215 257 5242 ι
284 5207 335 5259 l'o
364 5203 488 5259 cod.
525 5195 797 5253 vetustiss.
823 5194 1132 5263 Frisingeusi
1170 5213 1322 5260 διες..
1356 5207 1409 5251 ιιι
1442 5199 1561 5251 alibi
1590 5215 1681 5252 an-

182 5276 361 5332 notavi.
421 5287 548 5330 vm,
605 5267 718 5333 hinc
771 5265 988 5333 epistola
1033 5267 1098 5316 ita
1149 5271 1443 5320 enuntiatur
1474 5269 1675 5333 :lncip.

181 5330 434 5410 «etapium
462 5332 696 5407 epistolae
717 5347 858 5400 quem
883 5330 998 5400 (sic)
1027 5334 1156 5384 misit
1181 5334 1390 5386 Aeacius
1408 5337 1473 5385 ad
1502 5330 1680 5387 sancta

182 5462 384 5504 menter
408 5465 586 5507 orans.
617 5446 680 5497 ab
709 5442 926 5508 humana
953 5442 1050 5494 vita
1088 5442 1262 5494 hausta
1289 5461 1471 5497 veneno
1500 5446 1690 5496 solum:

182 5528 256 5575 at.
279 5519 344 5572 ita
367 5522 418 5574 in
446 5515 798 5580 semetipsum
815 5511 956 5578 justo
983 5510 1288 5578 Deijudicio
1317 5511 1503 5566 vindex
1529 5513 1689 5566 scele-

1794 4435 1885 4486 sim
1914 4434 2106 4486 certius
2146 4437 2498 4500 requirentes;
2530 4447 2585 4490 ut
2627 4453 2718 4504 pro
2759 4441 2983 4503 ptternis
3022 4445 3304 4498 canonibus

1794 4521 2086 4585 suscipiatis
2131 4522 2381 4586 laborem,
2426 4525 2656 4590 piissimo
2693 4526 2943 4580 stillantes
2984 4530 3172 4584 sudore
3212 4549 3305 4600 pro

1796 4609 1892 4670 bis,
1925 4611 2056 4660 siettt
2082 4622 2285 4675 semper
2315 4622 2394 4664 est
2431 4615 2788 4678 approbatum.
2822 4615 2924 4667 Sed
2954 4617 3184 4672 Christus
3207 4621 3306 4676 Do-

1795 4699 1964 4750 minus
1987 4710 2179 4764 noster,
2209 4703 2292 4765 qui
2324 4702 2652 4768 diligentibus
2677 4718 2733 4755 se
2762 4703 2811 4754 in
2849 4705 3035 4760 bonum
3057 4723 3306 4776 coopera-

1795 4799 1874 4842 tur
1910 4789 2079 4858 (Rom.
2129 4794 2257 4858 vm),
2303 4796 2490 4846 nostris
2529 4797 2918 4863 cogitationibus
2968 4802 3216 4866 insidens,
3251 4813 3306 4858 et

1794 4893 1947 4929 unum
1973 4879 2117 4932 nobis
2150 4882 2196 4932 in
2226 4881 2304 4934 his
2331 4893 2553 4936 mentem
2580 4895 2729 4950 atque
2759 4888 2989 4940 eamdem
3017 4906 3107 4956 pro
3135 4893 3305 4959 gloria

1792 4983 1880 5020 sita
1911 4983 2026 5020 esse
2052 4984 2388 5038 cognoscens,
2415 4989 2618 5025 omnem
2645 4975 3040 5044 ﬂctorianripse
3065 4980 3295 5048 perfecit,

1792 5065 2059 5109 consortes
2092 5074 2185 5110 nos
2211 5075 2325 5112 eum
2358 5061 2780 5131 tranquillissime
2811 5068 3040 5132 principe
3073 5067 3298 5132 faciens,

1784 5207 2029 5282 memoria:
2058 5205 2367 5282 Simplicium
2395 5226 2577 5282 papam
2601 5212 2835 5282 Romanae
2861 5219 3011 5282 urbis,
3043 5219 3122 5269 ubi
3152 5220 3296 5274 dumo

1785 5281 1956 5323 natum
1991 5277 2154 5326 retulit
2179 5274 2818 5343 Petrum‘Alexandrinum.

1794 5458 1906 5496 rum
1928 5457 2136 5517 suorum
2167 5447 2463 5517 insurrexit,
2493 5450 2576 5502 cui
2602 5451 2932 5514 imperatores
2960 5451 3043 5517 qui
3073 5465 3296 5517 praecen-

1793 5516 1972 5566 seruut
1995 5513 2167 5580 inique
2199 5515 2472 5569 admodum
2505 5513 2819 5582 ignoverant.
2848 5513 3194 5575 SvaBuitus.
