3854 6228
464 298 529 352 r1
1122 340 1127 350 .
1764 293 2066 348 sutrucn
2104 293 2299 349 eam
3545 252 3611 348 is

445 415 515 457 .et
555 399 881 455 Timotheum
909 399 1115 468 quidem
1149 398 1499 464 decessorem,
1546 399 1830 468 spirantem
1864 416 1984 467 prn-
2011 407 2058 464 Α
2088 402 2185 466 dit,
2228 415 2344 470 qua:
2392 414 2487 454 nos
2515 401 2703 455 liberos
2752 415 2844 470 pro
2889 401 3092 470 pupulis
3132 399 3436 456 Christianis
3475 410 3610 469 aput

460 493 640 554 cellas,
674 500 727 544 et
753 490 1154 544 ecclesiasticam
1188 489 1614 557 tranquillitatem
1646 489 1802 558 (sicut
1827 505 1984 558 appa-

459 581 584 649 ruit)
621 580 1034 642 conturbantem,
1076 580 1193 632 vita:
1218 578 1466 632 subduxit
1502 579 1760 643 humanae,
1806 581 1985 634 dicens

455 673 502 728 ei
527 685 543 722 :
567 669 696 735 Tace
717 678 764 727 et
785 667 1262 735 obmutescdﬂarc.
1291 667 1387 736 tv).
1419 670 1625 722 Petrum
1649 685 1873 738 quoque,
1896 673 1984 738 qui

456 759 522 810 ab
548 756 864 810 Alexandria
895 769 1040 808 more
1072 754 1315 809 similiter
1340 755 1561 827 [similis]
1593 741 1986 824 procella-sur-

455 855 685 908 rexerat,
709 843 1002 910 dissipavit,
1042 853 1200 908 atque
1227 844 1278 896 iu
1305 853 1552 916 aeternam
1581 844 1750 912 fugam
1780 845 1984 912 (sancto

454 935 651 1002 Spiritu
682 931 858 1001 fla'ute)
887 932 1166 991 convertit.
1205 949 1363 988 unum
1403 921 1458 989 et
1489 937 1654 1003 ipsum
1690 936 1756 989 de
1788 938 1868 990 his
1893 938 1980 1004 qui

453 1025 575 1075 olim
616 1024 820 1077 fuerant
841 1023 1088 1075 damnati.
1123 1023 1263 1076 Sicut
1286 1024 1425 1077 enim
1458 1025 1508 1077 iu
1535 1027 1728 1079 nostris
1755 1027 1980 1081 arcbivis

455 1110 720 1182 [conciliis]
753 1112 1018 1164 inventum
1047 1119 1146 1176 est,
1191 1097 1338 1165 etde
1383 1113 1573 1165 vestris
1610 1114 1814 1166 scriniis
1840 1113 1980 1184 [atre-

454 1197 614 1268 nue],
661 1199 707 1253 si
754 1198 1034 1268 dignamini
1079 1200 1364 1267 requirere,
1418 1201 1654 1267 poteritis
1698 1217 1982 1271 agnoscere

453 1305 569 1354 qua
598 1290 648 1342 in
690 1297 924 1356 tempore
971 1287 1037 1342 de
1084 1288 1268 1342 eodem
1309 1289 1605 1354 subsecuta,
1651 1290 1717 1343 ab
1757 1291 1981 1344 Alexan-

455 1378 606 1430 drino
644 1377 886 1445 episcopo
933 1375 1150 1429 Romam
1193 1377 1257 1429 ad
1304 1375 1615 1430 alterutrum
1655 1378 1760 1430 sint
1799 1379 1976 1431 relata.

454 1465 552 1531 Qui
578 1466 762 1519 Petrus
790 1465 956 1519 noctis
985 1463 1215 1518 existens
1253 1461 1408 1526 ﬁlius,
1439 1471 1493 1520 et
1527 1479 1739 1540 operum
1765 1467 1864 1520 diei
1892 1467 1979 1520 lu-

455 1556 684 1611 centium
707 1557 907 1609 alienus
925 1543 1202 1624 apparens,
1227 1558 1441 1611 omnino
1465 1558 1704 1611 tenebras
1731 1559 1795 1612 ad
1823 1560 1980 1612 latro-

453 1647 647 1699 cinium
699 1643 1052 1713 peragendum
1104 1659 1392 1713 congruas,
1443 1660 1621 1698 earum
1671 1657 1982 1714 cooperator

453 1734 726 1787 inveniens
747 1732 916 1786 media
944 1741 1118 1796 nocte,
1148 1731 1544 1798 adhucjaceute
1564 1732 1816 1786 cadavere
1842 1733 1980 1786 illius
2011 1750 2056 1808 Β

451 1821 536 1890 qui
565 1829 810 1889 paternos
836 1833 1066 1874 canones
1089 1818 1439 1882 subverterat,
1482 1819 1763 1885 insepulta,
1801 1818 1982 1874 subrel

453 1912 555 1980 psit
584 1912 632 1963 in
671 1909 846 1964 sedem
877 1909 1142 1979 [surripuit
1173 1905 1381 1978 sedem],
1406 1907 1536 1962 sicut
1555 1907 1677 1975 ipse
1702 1909 1981 1962 arbitratus

452 2010 555 2064 est,
595 2012 702 2053 uno
729 2008 782 2054 et
809 1998 924 2053 solo
964 2007 1242 2068 praesente,
1291 2007 1345 2052 et
1371 2012 1436 2052 eo
1476 1998 1563 2064 qui
1591 2012 1807 2053 consors
1843 1997 1980 2052 illius

459 2090 732 2142 insistebat
751 2089 986 2151 insaniae,
1013 2087 1082 2141 ita
1112 2098 1166 2140 ut
1192 2096 1407 2157 propter
1431 2087 1531 2141 hoc
1553 2088 1837 2154 majoribus
1858 2101 1980 2154 sup—

452 2180 622 2247 pliciis
645 2177 960 2233 subderetur
989 2194 1000 2228 :
1031 2191 1129 2231 nec
1157 2178 1292 2244 quod
1332 2177 1573 2245 sperabat
1603 2177 1844 2230 eﬂectum
1875 2184 1974 2230 est.

452 2269 554 2324 Sed
585 2267 672 2322 ille
690 2266 895 2336 quidem
920 2265 985 2320 de
1013 2280 1070 2320 se
1098 2280 1162 2319 ex
1192 2275 1337 2334 parte
1367 2266 1443 2320 vel
1479 2265 1691 2318 minima
1717 2265 1976 2333 judicans,

452 2371 702 2425 nusquam
733 2356 938 2424 penitus
959 2353 1172 2408 omnino
1210 2354 1518 2420 comparuit.
1557 2355 1861 2407 Timotheus
1889 2367 1978 2405 au-

452 2466 554 2504 tem
577 2462 907 2520 paternorum
928 2463 1181 2502 canonum
1210 2452 1406 2513 custos,
1437 2449 1524 2516 qui
1554 2447 1810 2501 Davidicze
1831 2461 1979 2500 man-

450 2539 736 2592 suetudinis
758 2536 998 2603 exemplo
1033 2536 1292 2599 subditur,
1323 2544 1374 2588 et
1407 2551 1572 2602 usque
1609 2535 1661 2588 iu
1707 2535 1861 2588 finem
1890 2549 1977 2602 pa-

435 2609 616 2692 .tiens,
658 2635 811 2694 atque
841 2623 1081 2693 potestati
1109 2625 1332 2692 prapriin
1374 2625 1644 2677 restitutus
1673 2639 1700 2676 a
1747 2624 1975 2689 Christo,

451 2717 673 2788 propria:
698 2715 838 2770 sedis
869 2718 1064 2769 honore
1096 2715 1337 2768 lietatur:
1371 2724 1422 2767 et
1458 2714 1805 2780 spiri‘ualium
1848 2714 1978 2764 filio-
2008 2725 2010 2728 '

453 2823 565 2860 rum
600 2820 754 2859 voces
793 2805 1073 2872 accipiens,
1121 2804 1337 2872 gratiam
1387 2804 1669 2854 curatioitis
1713 2812 1980 2867 esspectat

454 2896 791 2963 ntultiplieatu
819 2895 871 2947 in
889 2909 946 2948 se
970 2894 1167 2946 hunore
1196 2909 1222 2944 a
1246 2890 1452 2945 Christo
1479 2892 1709 2958 principe
1734 2890 1980 2944 sacerdo-

451 2997 559 3039 tum
591 3002 602 3037 :
637 2992 851 3052 proiitcr
876 2998 1029 3050 quem
1073 2993 1126 3035 et
1153 2977 1444 3035 tulerantia:
1484 2995 1728 3033 coronam
1775 2981 1979 3034 sibimet

2084 491 2513 558 ornuipotentiam
2562 491 2830 544 cmlestem
2868 497 3078 558 praestat
3105 489 3434 558 interpretes.
3465 489 3613 543 Sicut

2082 598 2207 653 ergo
2246 585 2298 636 in
2328 580 2496 634 reditu
2529 579 2704 633 fratris
2734 592 2782 634 et
2815 579 3108 648 coepiscopi
3157 579 3320 632 nostri
3348 579 3610 634 Timothei

2082 673 2426 742 gratulamur,
2467 671 2536 722 ita
2560 685 2675 743 eum
2701 678 3066 722 communenIe
3090 667 3380 723 .dilectioue
3408 677 3492 720 tua
3518 685 3610 721 cu-

2082 763 2251 829 pimus
2301 757 2808 826 irreprehensibilem
2857 757 3074 824 reperiri
3111 775 3123 810 :
3154 757 3276 825 quia
3325 757 3608 810 meministi

2045 848 2202 912 .boc,
2233 862 2350 900 eum
2390 846 2692 914 jamdudum
2733 846 2897 900 fidelis
2934 846 3171 913 praesulis
3215 861 3315 898 non
3361 845 3608 899 habuisse

2080 935 2449 999 constantiam,
2478 936 2685 1004 quando
2712 937 2780 999 ei,
2818 945 2873 989 ut
2901 936 3126 988 damnati
3161 935 3386 989 Dioscuri
3418 948 3605 987 nomen

2081 1028 2218 1082 inter
2261 1026 2441 1079 altaria
2481 1027 2808 1090 recitaretur,
2853 1033 3112 1078 extortum
3148 1035 3248 1078 est.
3289 1025 3413 1078 Data
3452 1023 3607 1076 tertio

2081 1117 2197 1171 idus
2248 1116 2417 1170 Martii
2466 1116 2618 1185 (anno
2660 1114 2780 1169 Chr.
2825 1115 2972 1183 478),
3021 1116 3114 1169 Illo
3155 1115 3268 1169 viro
3312 1114 3606 1169 clarissimo

2076 1206 2310 1261 consule.

2624 1296 2941 1351 EPISTOLA
2974 1297 3014 1349 Χ
3029 1335 3044 1350 .

2241 1401 2476 1440 εικριιοιι
2505 1401 2647 1439 ΡΔΡΞ
2685 1402 2750 1439 ΑΙ)
2789 1400 3021 1439 ΖΕΝΟὯΜ
3057 1401 3435 1441 ιυρειίιτοιιευ.

2078 1490 2280 1546 Gratias
2309 1497 2411 1561 agit
2453 1491 2766 1545 Timotheum
2795 1493 3144 1546 Alexandrinis
3183 1493 3414 1561 Ecclesia;
3453 1494 3600 1544 reati-

2149 1559 2578 1632 tutuiit,'euntque
2618 1572 2759 1632 roget
2788 1572 2840 1632 ut
2877 1561 3074 1613 Petrum
3113 1563 3331 1632 ejusdem
3363 1559 3602 1614 Ecclesia:

2148 1631 2532 1696 perturbatorcnt
2563 1629 2744 1699 expelli
2757 1631 2948 1700 jubeat.

2283 1739 2580 1806 Simplicius
2603 1741 2879 1806 episcopus
2908 1740 3102 1792 Zenoni
3132 1740 3384 1808 Augusto.
3433 1804 3435 1806 η

2150 1831 2249 1884 Per
2278 1831 2486 1884 Petrum
2513 1831 2677 1883 virum
2717 1829 3051 1897 spectabilem
3089 1829 3331 1883 comitem
3361 1826 3602 1882 Pfac'dia:

2079 1917 2417 1972 nobilissima:
2463 1917 2669 1971 femina:
2719 1916 2846 1969 olim
2897 1915 3192 1968 divinorum
3253 1915 3602 1969 exsultatione

2078 2023 2370 2072 munerum,
2397 2007 2722 2075 triumphalis
2753 2007 2802 2060 in
2836 2005 3058 2060 Domino
3086 2007 3231 2074 regni
3261 2006 3416 2060 vestri
3439 2005 3602 2073 gloria

2075 2097 2338 2162 dilatatur,
2388 2113 2506 2149 cum
2552 2097 2862 2150 universalis
2908 2095 3154 2149 Ecclesia!
3191 2095 3377 2162 gaudio
3407 2095 3603 2148 medio-

2076 2187 2272 2239 critatis
2297 2201 2424 2238 utea:
2453 2185 2656 2238 litteras
2684 2184 2936 2236 obtulisse
2960 2180 3316 2245 meminerint;
3345 2196 3442 2234 nec
3471 2183 3556 2232 iuta
3577 2195 3602 2233 r

2078 2274 2347 2327 universos
2395 2273 2665 2325 catholica:
2713 2271 2829 2324 θάςὶ
2863 2271 3161 2324 sacerdotes
3199 2285 3355 2336 opera
3398 2269 3600 2321 Domini

2077 2362 2238 2415 nustii
2265 2362 2345 2414 vel
2389 2361 2530 2416 solus
2570 2361 2713 2428 potui
2741 2370 2935 2422 tacere,
2979 2361 3059 2412 vel
3100 2358 3339 2426 primus:
3377 2356 3492 2424 quia
3519 2371 3602 2408 se-

2075 2450 2301 2504 cundum
2332 2449 2540 2504 beatum
2571 2449 2782 2502 Paulum
2811 2449 3098 2516 apostolum
3123 2445 3206 2517 (Il
3229 2444 3346 2499 Cor.
3371 2446 3484 2510 xu),
3507 2445 3601 2498 Ec-

2077 2541 2351 2595 etesiarum
2380 2540 2608 2594 omnium
2635 2554 2813 2593 curam
2861 2540 3145 2604 sustinens,
3186 2539 3312 2591 mihi
3341 2551 3596 2590 summam

2075 2632 2248 2698 gaudii
2273 2629 2338 2683 de
2361 2629 2560 2683 reddita
2585 2643 2677 2698 pro
2705 2631 2872 2683 cleuie
2897 2631 2983 2682 dia
3017 2638 3186 2681 vostra
3213 2643 3388 2680 carum
3429 2625 3600 2692 quiete

2077 2717 2373 2784 specialiter
2418 2716 2696 2781 vindicavi,
2745 2719 2881 2783 quod
2931 2731 3022 2768 vos
3062 2715 3353 2769 Divinitatis
3389 2714 3600 2777 auxilio,

2078 2807 2292 2870 dejectis
2345 2806 2608 2873 religionis
2658 2815 2710 2858 et
2748 2805 2889 2872 regni
2939 2802 3200 2870 hostibus,
3260 2803 3603 2855 meruerimus

2081 2894 2270 2946 habere
2323 2894 2564 2955 victores,
2616 2901 2668 2945 et
2723 2892 2775 2944 in
2831 2906 2934 2943 uno
2989 2891 3275 2958 eodemque
3325 2898 3600 2956 proventu,

2081 2985 2290 3038 Christo
2320 2986 2368 3038 in
2405 2983 2552 3037 nobis
2583 2983 2774 3052 ubique
2804 2981 3059 3046 vincente,
3100 2989 3152 3034 et
3180 2981 3350 3034 cultus
3381 2993 3515 3031 vera:
3545 2980 3604 3029 ti-

452 3078 710 3145 religavit.
766 3074 1032 3128 Attentius
1075 3072 1230 3140 igitur
1270 3079 1384 3126 oret
1426 3082 1594 3126 vestra
1644 3059 1981 3125 heatitudoﬂet
2005 3077 2052 3140 ς
2080 3076 2182 3136 dei,
2221 3085 2274 3128 et
2306 3084 2470 3127 status
2499 3082 2578 3127 est
2607 3084 2873 3140 reparatus
2900 3071 3139 3138 imperii:
3171 3069 3306 3137 quod
3330 3076 3601 3133 utrumque

452 3180 545 3234 pro
580 3163 1023 3217 Christianissimo
1071 3160 1403 3229 imperatore,
1453 3169 1504 3214 et
1543 3177 1638 3229 pro
1681 3160 1974 3228 nobisipsis.

451 3255 587 3310 Nihil
615 3255 754 3308 enim
783 3251 1186 3320 prmtermittitur
1213 3265 1394 3304 eorum
1423 3265 1537 3316 quae
1579 3250 1643 3302 ad
1690 3244 1976 3302 custodiam

452 3343 819 3399 ecclesiasticas
864 3342 1146 3408 respiciunt
1179 3339 1488 3407 disciplinac.
1530 3337 1835 3390 Uuiversam
1877 3338 1979 3390 fra~

455 3431 749 3486 ternitatem
781 3443 894 3496 quae
935 3429 1196 3481 vobiscum
1248 3436 1327 3479 est
1360 3429 1410 3478 in
1437 3425 1670 3486 Christo,
1722 3437 1770 3479 et
1803 3441 1898 3493 t-go
1928 3434 1978 3477 et

453 3523 538 3589 qui
578 3533 779 3572 mecum
823 3524 962 3580 sunt,
1003 3516 1308 3566 salutamus.
1347 3513 1406 3564 Et
1437 3515 1538 3565 alia
1577 3529 1746 3564 manu.
1797 3512 1849 3564 lu
1882 3513 1980 3564 Do-

455 3605 969 3670 ntinoconserveris,
1021 3604 1347 3656 sanctissime
1392 3612 1442 3656 ct
1485 3603 1784 3655 bettissime
1832 3612 1980 3667 pater

455 3697 563 3767 [ora
585 3709 674 3763 pro
699 3693 857 3754 nobis,
887 3692 1159 3758 iustissime
1180 3687 1361 3757 pater].

1009 3819 1329 3873 EPISTULA
1363 3817 1447 3871 IX.

827 3924 1060 3962 ειωιωοιι
1085 3924 1226 3962 ΡΔΡΕ
1265 3926 1330 3961 All
1361 3924 1599 3961 ACACJJII.

453 4003 747 4057 Gratulatur
772 4002 1423 4070 TimotliettmrAlcxandriw
1455 4003 1735 4070 ρρὶεςορειηι
1770 4001 1977 4053 catholi-

691 4087 800 4122 cum
848 4085 949 4121 sua:
979 4069 1213 4122 Ecclesiw
1242 4071 1397 4136 fuisse
1431 4069 1731 4123 restitutum.

456 4160 752 4230 Simplicius
794 4160 1070 4226 episcopus
1097 4157 1288 4276 Aclacio
1331 4161 1576 4224 episcopo
1603 4159 1977 4210 Constantino-

769 4269 774 4272 .
1101 4239 1165 4276 no
1190 4235 1346 4276 itano.

1101 4239 1346 4290 pontano.

520 4318 685 4382 Quam
715 4316 782 4368 sit
821 4313 1002 4368 efficax
1045 4313 1444 4381 supplicantium
1489 4311 1709 4364 Domino
1739 4327 1978 4379 per:eve-

2081 3165 2196 3216 ideo
2231 3161 2395 3215 fuerat
2425 3162 2654 3228 (diabolo
2682 3174 2738 3212 se
2773 3159 2835 3212 ad
2869 3170 3070 3225 tempus
3099 3156 3463 3222 interserente)
3493 3165 3597 3208 tur-

2079 3251 2275 3313 batum,
2307 3259 2362 3301 ut
2397 3247 2700 3300 alterutrius
2736 3245 3048 3300 adversariis
3093 3243 3377 3311 dissipatis,
3409 3256 3602 3310 pra-co-

2080 3339 2162 3391 nia
2201 3339 2384 3392 flerent
2426 3337 2623 3406 majora
2675 3337 2962 3400 vincentis;
3001 3335 3134 3387 unde
3183 3341 3284 3386 tam
3338 3332 3604 3400 praeclara:

2079 3427 2297 3480 fructum
2327 3429 2527 3479 virtutis
2568 3425 2784 3493 adeptus
2807 3439 2924 3479 cum
2955 3424 3128 3477 laetitia
3150 3422 3474 3475 'universals
3507 3421 3602 3472 Ec-

2077 3517 2248 3570 clesia:
2273 3531 2409 3568 nunc
2428 3531 2631 3583 quoque
2655 3541 2667 3564 τ
2683 3517 2766 3569 ine
2787 3516 3078 3569 cessatione
3109 3513 3271 3576 facio;
3306 3521 3476 3566 tacere
3500 3528 3603 3564 nou

2081 3619 2288 3671 possum
2330 3606 2522 3669 gratias
2565 3606 2677 3656 sine
2706 3603 2862 3656 dubio
2905 3617 3159 3670 perennes
3204 3603 3338 3669 quod
3377 3600 3603 3667 antiqua:

2079 3705 2317 3757 verisque
2344 3692 2457 3742 fidei
2489 3689 2540 3742 in
2571 3692 2728 3743 fratre
2764 3701 2816 3744 et
2845 3691 3154 3756 coepiscupo
3184 3703 3300 3743 meo
3328 3688 3603 3740 Timotheo

2080 3778 2482 3831 Alexandrinam
2529 3779 2813 3830 Ecclesiam
2852 3779 3182 3842 reddidisds,
3222 3779 3371 3846 cujus
3411 3780 3474 3829 ad
3520 3792 3604 3830 me

2079 3885 2244 3936 nuper
2285 3869 2395 3923 litte
2428 3885 2471 3922 ac
2507 3883 2879 3932 commeantes,
2911 3871 3124 3935 expulsa
3157 3869 3465 3936 profanitate
3502 3867 3603 3920 Eu-

2081 3958 2302 4027 tychetis
2345 3969 2501 4027 atque
2547 3959 2778 4012 Dioscuri
2813 3957 3197 4020 damnatorum,
3246 3959 3310 4010 ad
3349 3957 3603 4026 regendos

2077 4046 2398 4099 orthodoxos
2441 4047 2577 4100 beati
2615 4046 2752 4101 Petri
2781 4055 2835 4100 et
2878 4043 3206 4113 evangelista
3236 4045 3394 4096 Marci
3422 4043 3602 4096 sedem

2083 4132 2240 4201 (quod
2283 4141 2403 4186 ante
2431 4145 2748 4200 compertum
2785 4137 2886 4201 est)
2912 4150 2970 4188 se
2996 4135 3254 4202 recepisse
3282 4148 3603 4186 cutnmctno-

2081 4222 2243 4284 ravit;
2269 4221 2487 4275 incitans
2509 4238 2606 4276 nos
2633 4225 2884 4286 volentes,
2915 4235 2970 4276 ut
3004 4224 3114 4278 huic
3145 4225 3252 4290 ipsa
3283 4225 3489 4292 pictatis
3514 4241 3602 4277 ve-

2080 4311 2200 4362 stris
2241 4310 2480 4363 scusibus
2524 4310 2856 4363 riferrentus.
2899 4311 2966 4364 Ut
2994 4326 3122 4376 ergo
3147 4313 3492 4378 tranquillitas
3523 4329 3603 4367 ve-

456 4406 617 4459 rantia
649 4405 1000 4466 sacerdotum,
1048 4410 1101 4456 et
1144 4417 1294 4469 quant
1330 4402 1557 4469 jucundo
1589 4404 1874 4470 gratuletur
1900 4400 1976 4452 af-
2005 4404 2053 4461 D
2078 4403 2169 4453 stri
2203 4411 2445 4466 perpetua
2476 4409 2526 4452 et
2557 4400 2658 4452 fixa
2687 4400 2753 4452 sit
2776 4401 2938 4468 regni,
2969 4399 3196 4467 quietem
3220 4416 3371 4466 quam
3403 4412 3551 4453 cunct
3577 4418 3601 4454 s

453 4496 610 4557 fectu,
636 4494 862 4547 studium
893 4491 1029 4558 quod
1060 4489 1348 4543 defensioni
1398 4491 1515 4542 fidei
1546 4491 1763 4542 sinceris
1793 4491 1978 4541 menti-

455 4585 550 4638 bus
605 4583 896 4644 exhibetur,
941 4580 1126 4633 litteris
1169 4588 1270 4630 tuie
1316 4579 1609 4632 dlecziunis
1659 4588 1974 4646 agnoscitur,

453 4674 658 4740 quando
688 4682 803 4739 post
831 4679 968 4723 tanta
1011 4671 1315 4730 certamina,
1348 4668 1534 4735 quibus
1569 4669 1658 4722 Dei
1684 4671 1978 4721 misericnr-

451 4765 539 4818 dia
565 4764 615 4814 in
645 4777 800 4815 causa
831 4763 1055 4828 propriis
1086 4759 1352 4826 religionis
1378 4758 1594 4812 famulos
1622 4769 1673 4813 et
1713 4761 1978 4812 tninistios

450 4868 558 4904 suic
600 4853 922 4904 constituens
973 4850 1237 4917 potestati,
1278 4849 1669 4915 probatissimos
1717 4851 1812 4902 sibi
1857 4849 1978 4900 fecit

452 4956 569 4996 esse
601 4943 842 5001 victorei,
871 4940 1124 5008 siquidem
1155 4939 1507 4992 Alexandrina
1537 4941 1770 4994 Eccles‘a
1800 4941 1976 4993 divino

453 5031 660 5085 tandem
686 5031 881 5097 judicio
912 5033 1149 5092 liberata,
1187 5032 1236 5081 in
1269 5030 1585 5082 CIIIIS-tl'lillm
1622 5021 1976 5084 communium

453 5136 547 5174 nos
575 5121 835 5172 advocans
862 5121 1186 5185 gaudiorum,
1211 5135 1327 5170 eum
1358 5119 1442 5184 qui
1470 5119 1535 5170 ab
1559 5120 1622 5171 ha
1641 5125 1805 5174 retico
1836 5121 1976 5186 fuga-

453 5217 534 5262 tus
561 5212 744 5269 fuerat,
771 5208 831 5257 ad
863 5207 976 5271 ejus
996 5207 1170 5259 sedem
1196 5207 1408 5258 rediisse
1429 5209 1653 5261 testaris.
1689 5209 1832 5262 Unde
1863 5208 1974 5260 ani-

456 5302 552 5351 mis
582 5298 955 5352 exsultantibus
999 5297 1060 5347 ad
1102 5296 1404 5348 universalis
1452 5295 1694 5351 Ecclesia:
1723 5299 1970 5366 quietem,

455 5387 660 5440 Christo
697 5390 799 5440 lico
849 5397 1025 5439 nostro
1075 5399 1166 5451 pro
1203 5385 1367 5436 salute
1419 5385 1637 5451 primum
1688 5389 1974 5439 fidelissimi

456 5477 702 5542 principis
731 5478 1102 5542 sttpplicatnus,
1147 5473 1227 5524 cui
1270 5489 1361 5537 pro
1399 5476 1690 5539 devotione,
1725 5493 1820 5543 qna
1851 5493 1975 5527 tun-

453 5578 565 5617 ctos
595 5565 853 5631 antevenit
899 5564 1211 5629 sacerdotes,
1246 5562 1410 5630 pictas
1445 5561 1551 5616 hmo
1580 5563 1748 5617 divina
1790 5581 1976 5619 conce-

2080 4493 2128 4544 in
2171 4502 2455 4542 memorata
2501 4490 2734 4544 Ecclesia
2780 4489 3116 4558 pratstitistis,
3156 4489 3389 4557 pervigili
3430 4503 3602 4559 prosc-

2078 4581 2248 4634 ctiune
2288 4582 2541 4634 custodite
2574 4600 2584 4632 :
2616 4590 2666 4634 et
2712 4581 2847 4648 quod
2885 4581 3098 4649 juvante
3140 4594 3232 4632 vos
3261 4579 3480 4631 Domitio
3510 4596 3601 4644 pro

2079 4672 2425 4725 innocentium
2460 4672 2651 4726 fecistis
2695 4674 2860 4726 salute
2910 4673 3223 4735 animarum,
3277 4670 3602 4738 religiOsiuro

2077 4762 2248 4815 studio
2295 4773 2346 4816 et
2389 4765 2655 4830 diligentia
2700 4763 2976 4817 attentiore
3015 4763 3267 4829 protegite
3299 4777 3311 4812 :
3343 4762 3458 4827 quia
3499 4779 3599 4813 non

2083 4850 2298 4930 minoris
2336 4862 2414 4905 est
2467 4853 2643 4920 gloria:
2687 4852 2823 4919 quod
2859 4851 3156 4904 condideris
3206 4861 3415 4903 servare
3447 4863 3599 4915 quani

2081 4940 2366 4993 concedere
2396 4938 2642 5010 [condere]
2665 4958 2678 5004 ;
2719 4952 2771 4994 et
2799 4943 3039 4994 omnibus
3062 4951 3139 4994 est
3167 4941 3457 5007 probatum,
3490 4950 3600 4988 tau-

2083 5035 2189 5079 tum
2224 5027 2366 5079 vobis
2409 5029 2565 5080 divini
2599 5030 2786 5082 favoris
2817 5030 3133 5095 impensum,
3171 5043 3419 5096 quantum
3451 5024 3599 5076 Chr;-

2081 5115 2260 5168 stianm
2283 5115 2516 5183 religieni
2543 5132 2572 5168 a
2602 5127 2773 5169 vestra
2808 5117 2996 5184 pietate
3021 5126 3101 5170 est
3129 5115 3422 5170 sedulitatis
3448 5113 3598 5165 exhi-

2079 5205 2263 5256 bitutn.
2295 5205 2352 5256 Et
2377 5207 2611 5271 quamvis
2644 5207 2692 5258 in
2721 5207 2860 5257 omni
2887 5215 3030 5272 parte
3057 5207 3201 5272 regni
3228 5205 3305 5257 sui
3337 5200 3599 5269 profutura

2075 5293 2247 5345 divina
2285 5293 2444 5345 cultui
2472 5295 2787 5360 providentia
2820 5305 2989 5346 vestra
3022 5311 3123 5346 non
3163 5295 3430 5346 desisteret
3462 5291 3602 5340 curis

2078 5383 2294 5448 publicis
2340 5386 2762 5452 tranquillitatem
2812 5385 3055 5438 Ecclesia:
3103 5384 3370 5450 praeferre,
3420 5396 3600 5447 precor

2078 5482 2245 5524 tamen
2289 5481 2343 5524 ut
2396 5475 2530 5539 quod
2581 5491 2674 5541 per
2715 5488 2810 5526 nos
2845 5474 2982 5526 serio
3026 5473 3275 5540 postulat,
3319 5471 3422 5521 into
3463 5467 3600 5531 quod

2078 5566 2171 5632 ipsi
2219 5566 2489 5631 specialius
2543 5566 2916 5632 supplicamus,
2965 5566 3173 5619 l’etrum
3234 5559 3602 5615 Alexandriam
