3854 6228
288 266 359 317 ις)
1627 255 1814 312 EPIST

1917 258 1950 310 Δ
1988 251 2098 307 Xll.
3373 242 3443 296 50

266 378 542 429 .I'Lt-clesire
589 389 934 441 pervasorem,
991 382 1042 426 et
1078 373 1143 427 ob
1190 373 1287 423 hoc
1330 371 1444 437 jure
1491 369 1811 433 damnatum,
1840 374 1887 431 Α
1917 362 2115 432 sumus)
2146 363 2195 416 iu
2222 362 2392 430 aliqua
2436 360 2684 427 religione
2728 359 2899 431 [forte
2926 353 3159 427 regione]
3201 356 3443 423 antiquus

286 467 413 531 quia
450 465 618 516 moliri
645 464 879 531 quaedam
910 464 1072 515 latens
1101 462 1150 514 in
1182 457 1524 512 Alexandrina
1557 456 1711 525 (sicut
1748 454 1812 506 ad

287 568 387 603 nos
429 557 676 618 scripturn
725 552 823 615 est)
854 550 1061 603 civitate
1098 559 1279 601 contra
1317 545 1427 597 haec
1461 558 1577 611 qua:
1605 558 1634 594 a
1672 542 1816 595 vobis

285 648 412 691 sunt
468 647 677 700 statuta,
736 648 1085 699 memoratur,
1124 634 1190 687 ad
1236 633 1493 687 exteriora
1545 630 1813 685 transferri

287 728 530 794 piissima
574 728 915 793 prteceptione
959 725 1203 792 jubeatis,
1253 739 1320 776 ne
1362 723 1563 791 aliquos
1598 722 1815 775 modica:

285 817 411 868 ﬁdei
444 816 600 883 (quod
630 816 800 869 facere
842 815 1165 883 perhibetur)
1194 812 1410 877 inficiet,
1431 820 1485 866 et
1509 810 1574 864 ad
1604 825 1817 880 perver-

285 906 465 956 sitatis
489 920 597 958 sua:
627 906 969 957 instrumenta
1010 903 1264 956 traducat.
1300 902 1474 970 Longe
1500 902 1604 953 sint
1632 901 1698 953 ab
1744 900 1819 951 in-

285 994 600 1046 nocentibus
623 993 911 1059 perniciosa
934 992 1196 1057 contagia,
1228 1001 1283 1043 ut
1314 1006 1403 1056 per
1434 1004 1525 1041 vos
1556 989 1687 1040 intra
1720 988 1818 1039 Du.

286 1081 635 1148 mi..i.igregis
675 1082 811 1135 ovile
858 1082 926 1133 sit
966 1080 1261 1142 sinceritas,
1300 1094 1453 1147 quam
1488 1077 1596 1130 snla
1642 1086 1817 1142 tenere

283 1168 463 1238 potest
491 1171 773 1240 imperiaiis
801 1172 1104 1224 auctoritas.

833 1280 1154 1335 EPISTOLA
1194 1279 1257 1332 Xl
1270 1319 1283 1332 .

650 1387 887 1427 διιριιειι
926 1390 1066 1427 ΡΔΡΑΕ
1104 1389 1169 1426 AD
1206 1387 1443 1426 Αειειωι.

282 1457 477 1512 Scribit
505 1458 817 1513 Timotheum
856 1462 1171 1514 Alexandra:
1194 1461 1493 1513 catholicum
1529 1462 1817 1528 episcopum

351 1546 385 1578 a
409 1545 463 1581 se
488 1531 674 1581 veniam
698 1531 908 1596 petiisse,
937 1530 1069 1595 quod
1092 1530 1316 1581 Dioscuri
1330 1544 1516 1596 nomen
1544 1532 1670 1579 inter
1692 1532 1821 1581 alta-

352 1597 430 1647 ria
461 1598 630 1649 timore
675 1594 850 1649 ductus
894 1594 1164 1659 recitasset,
1205 1611 1250 1649 et
1278 1594 1340 1649 se‘
1364 1600 1429 1647 ad
1472 1598 1820 1660 imperatorem

352 1665 548 1717 litteras
571 1667 764 1717 dedisse
788 1675 840 1716 ut
866 1664 1069 1717 Petrum
1091 1666 1231 1717 dictat
1256 1663 1489 1717 Ecclesia!
1510 1666 1818 1733 perturbato-

350 1748 458 1783 rem
486 1735 661 1801 procul
687 1743 872 1786 arceat.

278 1819 587 1889 Simplicius
644 1823 921 1891 episcopus
986 1823 1177 1901 acacia
1238 1822 1819 1889 Constantino,tolitano

800 1958 809 1966 ι
925 1905 1192 1958 episcopo.

350 1976 589 2041 Quantos
611 1988 665 2031 et
708 1992 861 2046 quam
890 1977 1077 2031 uberes
1106 1980 1305 2032 fructus
1336 1981 1640 2033 constantia:
1678 1981 1817 2047 fidei,

276 2073 336 2115 et
362 2064 671 2117 derutarum
701 2067 837 2119 circa
886 2067 1189 2134 religionem
1230 2069 1538 2143 catltqlicatn
1568 2070 1817 2123 mentium

277 2168 495 2221 semper
526 2157 712 2210 habeat
736 2157 1006 2223 fortitudo,
1031 2160 1178 2214 labor
1207 2172 1307 2214 tua:
1334 2163 1625 2216 dilectionis
1651 2172 1705 2218 et
1728 2179 1819 2218 eo-

277 2254 399 2290 rum
447 2241 535 2307 qui
566 2243 758 2309 pariter
786 2256 998 2313 repente
1026 2246 1234 2300 diabolo
1271 2248 1574 2315 jamdudum
1604 2252 1817 2305 turban-

279 2337 385 2389 tur,
438 2332 687 2384 ostendit.
734 2332 861 2386 Nam
908 2348 1024 2386 cum
1066 2336 1261 2388 Christi
1293 2336 1532 2391 inimicus
1572 2346 1625 2391 et
1674 2340 1820 2407 regni

275 2419 564 2473 Christiani
607 2435 816 2491 semper
864 2425 1035 2477 aulam
1084 2441 1202 2479 mox
1252 2442 1471 2482 casurus
1515 2430 1818 2496 invaderet,

277 2525 443 2579 atque
489 2517 644 2583 impia
670 2518 1034 2583 persecutione
1065 2519 1241 2572 fideles
1269 2520 1472 2574 Domini
1516 2522 1822 2591 plebemque

274 2613 606 2665 concuteret,
636 2605 870 2658 oratione
914 2616 1067 2673 atque
1114 2607 1303 2668 vigiliis
1350 2610 1603 2677 sacrilega
1658 2622 1822 2664 tenta-

274 2694 456 2741 menti
504 2691 799 2757 superavit,
841 2704 892 2746 et
929 2708 985 2746 se
1032 2698 1240 2747 victoria
1290 2697 1519 2751 caelestis
1547 2715 1611 2753 eo
1659 2716 1820 2769 usque

272 2782 540 2845 porrexit,
572 2791 627 2833 ut
672 2796 910 2850 regressu
939 2784 1313 2850 religiosissimi
1344 2789 1611 2855 principi,
1642 2791 1822 2843 Eccle-

216 2922 221 2925 _
270 2869 370 2920 sic
397 2884 608 2937 quoque
631 2872 999 2927 Alexandrina:
1029 2876 1317 2929 catholicus
1346 2878 1657 2933 redderetur
1681 2884 1816 2934 anti-

272 2964 410 3017 stes,
460 2955 529 3007 de
572 2971 674 3023 quo
704 2973 820 3011 mox
858 2975 978 3012 cum
1022 2963 1365 3016 exsultatione
1407 2965 1598 3018 divina:
1636 2970 1817 3035 gratia:

269 3043 466 3110 gaudia
496 3054 676 3099 nostra
707 3048 1040 3111 contulimus,
1065 3058 1119 3101 et
1146 3052 1335 3102 mutuis
1364 3067 1457 3105 nos
1482 3054 1663 3107 litteris
1691 3057 1810 3109 feci-
1841 3046 1884 3104 C

269 3148 397 3185 unus
427 3134 697 3200 gratulari.
728 3133 795 3189 Et
839 3137 961 3190 licet
1011 3137 1201 3191 laetitia:
1234 3139 1391 3205 'psius
1428 3155 1688 3209 nunquam
1732 3148 1813 3199 sui

271 3220 511 3274 defuerit
532 3224 817 3289 plenitudo,
836 3233 1007 3278 tamen
1032 3227 1103 3278 fru
1113 3236 1192 3280 ter
1211 3235 1265 3279 et
1284 3228 1622 3298 coepiscopus
1642 3246 1816 3286 noster

271 3310 590 3364 Timotheus
616 3316 975 3377 persecutione
1018 3315 1332 3379 irobabilinr
1380 3315 1565 3381 factus,
1612 3320 1815 3381 pristini

272 3416 385 3455 non
430 3402 708 3453 immemor
735 3404 952 3457 instituti
995 3420 1086 3471 per
1122 3405 1332 3458 fratrem
1361 3414 1414 3459 et
1455 3408 1813 3478 coepiscopum

272 3489 487 3551 lsaiaut,
517 3500 569 3542 et
596 3490 728 3544 filios
756 3505 963 3547 nus-tros
989 3494 1157 3547 Nilum
1188 3495 1569 3563 presbyterum,
1595 3506 1648 3551 et
1686 3501 1817 3555 Mar-

274 3582 476 3647 tyrium
527 3583 797 3636 diaconum
845 3584 1207 3644 Alexandrina:
1270 3592 1518 3649 Ecclesiae
1562 3592 1815 3649 solemnia

270 3668 473 3735 scripta
502 3670 712 3734 direxit,
742 3672 928 3740 quibus
956 3684 1010 3728 et
1040 3676 1163 3731 illud
1194 3680 1329 3747 quod
1358 3693 1480 3736 ante
1509 3683 1816 3749 perterritus

270 3758 342 3811 de
370 3757 609 3812 Dioscuri
634 3762 841 3815 nomine
866 3762 1075 3827 fecerat,
1125 3780 1181 3819 se
1207 3767 1527 3823 destruxisse
1557 3786 1815 3824 memora-

271 3851 374 3911 vit,
402 3858 460 3901 et
487 3850 843 3905 remissionem
872 3854 1032 3919 ipsius
1050 3858 1246 3909 erroris
1271 3860 1503 3926 expetiit,
1526 3874 1724 3927 nosque
1747 3860 1814 3912 de

270 3937 458 4002 quiete
503 3936 623 3989 fecit
668 3936 914 3991 Ecclesia:
955 3941 1229 4006 graIulari,
1288 3955 1533 4010 expertus
1580 3938 1701 4013 erga
1757 3960 1815 4000 se

271 4034 536 4092 quantum
563 4025 831 4078 nobiscum
859 4036 945 4079 tua
975 4032 1168 4082 caritas
1187 4031 1346 4097 videt,
1368 4034 1504 4101 quod
1532 4036 1579 4087 in
1609 4051 1671 4089 eo
1694 4046 1813 4089 tunc

269 4113 717 4181 reprehendimus
763 4129 866 4167 non
912 4117 1129 4171 inultum
1178 4130 1231 4173 et
1268 4125 1653 4177 reconciliatum
1690 4126 1810 4192 sibi,

270 4216 424 4254 nunc
449 4201 645 4254 divinae
671 4204 1015 4260 miserationis
1038 4208 1303 4273 affectum,
1343 4212 1501 4266 frater
1525 4214 1813 4279 carissime,
1842 4232 1843 4235 ‘

269 4289 591 4345 memoratis
618 4293 669 4344 in
715 4290 862 4356 urbe,
892 4309 1009 4363 quae
1056 4312 1173 4349 mox
1219 4311 1486 4367 venerant,
1520 4304 1814 4357 constitutis

1917 454 2004 508 ille
2049 466 2265 520 serpens
2313 450 2465 505 toties
2501 448 2662 504 excisi
2690 449 2876 515 capitis
2916 450 3059 501 virus
3086 444 3342 508 eiundat,
3390 455 3445 498 et

1915 541 2185 597 inficiendi
2212 541 2412 608 aliquos
2439 540 2765 593 occasionem
2799 537 2959 606 (quod
2982 536 3140 606 absit)
3168 549 3346 588 rursus
3372 534 3447 586 in-

1916 633 2108 695 veniat,
2130 631 2343 699 provida
2368 623 2742 697 praceptorum
2762 640 2869 679 suae
2894 626 3095 689 pietatis
3118 624 3446 678 ordinatione

1915 721 2157 788 disponat
2198 717 2482 786 religiosis,
2529 726 2581 769 et
2628 716 2761 769 sicut
2801 714 3094 767 evidentius
3139 711 3447 780 approbarit

1920 809 2044 874 Deo,
2082 822 2140 861 se
2176 803 2651 860 commendantibus
2682 802 2882 870 legibus
2920 802 3137 865 sanciat,
3180 814 3247 854 ne
3274 803 3352 853 vel
3394 800 3445 852 in

1919 896 2142 949 tenebris
2166 895 2489 955 delitescant,
2517 901 2572 946 et
2610 893 2869 961 improvisi
2899 891 3221 943 ambulantes
3250 892 3302 942 in
3330 890 3446 942 luce

1918 985 2223 1051 percutiunt,
2252 993 2306 1036 et
2335 983 2410 1035 bis
2436 996 2567 1050 quos
2596 981 2649 1034 in
2679 981 2777 1033 fide
2807 993 3060 1049 pauperes
3088 994 3205 1033 esse
3234 992 3446 1045 repec-

1918 1077 2022 1127 rint
2061 1075 2220 1143 (quod
2265 1074 2511 1141 propheta
2561 1071 2801 1139 testatur)
2844 1071 3116 1125 insidietur
3156 1078 3213 1122 ut
3258 1072 3441 1135 rapiat.

1919 1163 2125 1217 Petrum
2166 1164 2409 1223 maxime,
2441 1162 2525 1231 qui
2558 1163 2917 1216 nonnullarum
2948 1160 3239 1223 domorum,
3264 1160 3447 1226 suiquo

1919 1255 2163 1307 similium
2196 1255 2407 1308 latebris
2435 1253 2768 1317 confovetur;
2811 1263 2862 1308 et
2889 1268 3043 1321 quem
3072 1251 3185 1307 zelo
3223 1250 3340 1305 ﬁdei
3379 1252 3447 1304 ab

1917 1347 2216 1412 episcOpatu
2242 1348 2510 1400 constituit
2542 1346 2859 1410 submoveri,
2891 1348 2942 1399 in
2972 1345 3259 1399 exteriores
3284 1355 3447 1399 terras

1916 1435 2092 1501 abjiei,
2123 1436 2255 1488 sicut
2283 1447 2335 1489 et
2360 1450 2455 1490 nos
2484 1436 2661 1503 pietati
2690 1436 2803 1503 ejus
2836 1436 3161 1503 scripsimus,
3188 1432 3251 1488 ad
3281 1434 3446 1488 eccle-

1918 1524 2175 1579 siasticam
2200 1541 2377 1591 pacem
2406 1527 2617 1593 speciali
2649 1528 2995 1596 praeceptione
3019 1528 3297 1581 decernat:
3326 1528 3446 1595 quia

1921 1628 2099 1669 rursus
2144 1616 2393 1669 asseritur
2432 1615 2601 1681 aliqua
2656 1626 2835 1669 contra
2888 1614 3277 1682 dispositionem
3328 1615 3445 1671 ﬁdei

1849 1713 1891 1772 Β
1921 1709 2080 1776 ipsius
2109 1710 2220 1761 sine
2245 1708 2537 1762 cessatione
2563 1707 2751 1760 moliri.
2781 1709 2910 1772 Quia
2938 1706 3091 1774 igitur
3119 1708 3229 1759 litec
3251 1720 3447 1774 oppor-

1921 1802 2137 1853 tunila'e
2165 1799 2434 1864 perlatoris
2462 1797 2698 1850 fidissimi
2729 1812 2821 1849 nos
2850 1798 3079 1866 oportuit
3120 1796 3368 1856 indicare,
3392 1805 3445 1849 et

1918 1888 2194 1955 specialius
2235 1887 2537 1953 admonere,
2570 1887 2837 1941 hortamur
2865 1897 2920 1940 ut
2947 1901 3063 1940 cum
3103 1887 3445 1940 internuntius

1918 1979 2150 2030 remeare
2176 1978 2415 2042 creperit,
2444 1978 2523 2030 vel
2564 1978 2607 2031 si
2653 1992 2752 2044 qua
2795 1976 3010 2030 forsitan
3047 1979 3213 2029 altera
3244 1979 3445 2031 occasio

1910 2059 2225 2131 reperietur,
2253 2066 2631 2133 quamprimum
2666 2080 2760 2119 nos
2786 2065 2944 2119 facias
2970 2067 3240 2131 certiores,
3269 2075 3321 2119 et
3358 2082 3445 2120 cu-

1919 2168 2028 2207 ram
2052 2166 2280 2206 nostram
2302 2153 2573 2207 sublevare
2594 2154 2927 2221 deproperes.
2944 2153 3004 2208 Ut
3029 2162 3200 2207 autem
3224 2154 3447 2220 perfecto

1918 2242 2104 2312 gaudio
2126 2244 2487 2313 gauderemus,
2511 2243 2645 2295 idem
2670 2242 2828 2294 frater
2847 2251 2900 2295 et
2918 2243 3252 2310 coepiscopus
3274 2250 3446 2295 noster

1919 2333 2222 2387 Timotheus
2274 2333 2568 2399 exemplum
2621 2331 2780 2384 libelli
2832 2330 3198 2383 satisfactionis
3264 2345 3443 2385 eorum

1917 2438 2048 2491 quos
2088 2437 2119 2477 a
2147 2422 2417 2476 CillhOliCiP.
2447 2421 2563 2486 fidei
2608 2424 2823 2474 veritate
2854 2420 3157 2473 Timotheus
3182 2430 3235 2473 et
3265 2420 3444 2471 Petrus

1917 2515 2122 2583 utrique
2160 2513 2412 2575 damnati,
2440 2512 2790 2565 damnationis
2838 2522 3035 2564 terrore
3074 2509 3441 2575 traduxerant,

1918 2607 2118 2657 veniam
2148 2604 2486 2671 postulantes,
2508 2602 2573 2654 ad
2614 2616 2709 2654 nos
2730 2602 2923 2670 pariter
2947 2602 3244 2664 destinavit,
3271 2615 3442 2655 sarcr-

1918 2694 2074 2748 dotali
2106 2695 2294 2760 pietate
2324 2693 2482 2759 lapsis
2520 2692 2796 2746 subvenire
2823 2692 3160 2745 desiderans:
3189 2692 3324 2760 quod
3365 2690 3443 2746 di-

1918 2785 2050 2834 vina:
2076 2782 2422 2858 miserationis
2451 2781 2660 2845 intuitu,
2689 2794 2802 2847 qua:
2827 2781 3083 2832 neminem
3109 2780 3214 2833 vult
3250 2780 3440 2848 perire,

1917 2872 2189 2925 refutabile
2218 2887 2320 2924 non
2354 2884 2613 2938 putamus.

2430 3000 2753 3055 EPISTULA
2792 3001 2929 3054 Xlll.

2076 3103 2308 3141 stupucu
2346 3104 2488 3141 parte
2526 3105 2591 3141 AD
2627 3082 2860 3141 testones
2900 3104 3281 3143 ικρειιλτοηευ.

1916 3177 2161 3229 Hortatur
2216 3185 2269 3228 ut
2318 3174 2620 3228 Timotheum
2670 3177 3021 3227 Alexandrina:
3070 3176 3306 3229 Ecclesite
3346 3194 3439 3231 sua

1982 3260 2132 3364 (ἐξιεῖσα
2168 3240 2445 3297 restitutum
2486 3252 2727 3313 protegat,
2776 3254 2824 3323 et
2867 3253 2920 3294 ut
2967 3243 3169 3322 Petrum
3218 3247 3439 3311 ejusdem

2018 3314 2224 3364 .cclesim
2250 3315 2632 3364 perturbatorem
2661 3313 2854 3364 lunatas
2882 3312 3061 3364 expelli
3084 3314 3262 3364 iubeat.

2018 3312 2224 3366 Ecclesia:
2248 3315 2632 3380 perturbatorem
2661 3313 2854 3379 longius
2882 3312 3061 3377 expelli
3072 3314 3262 3382 jubeat.

2136 3405 2428 3472 Simplicius
2453 3405 2726 3472 episcopus
2757 3404 2947 3457 Zenoai
2978 3407 3227 3473 Augusto.

1986 3494 2225 3547 Proxime
2247 3493 2454 3562 quidem
2476 3508 2591 3545 cum
2615 3494 2678 3546 ad
2708 3492 2894 3546 Urbem
2918 3492 3075 3544 frater
3096 3501 3149 3547 et
3176 3494 3438 3559 coepiscn.

1916 3600 2010 3652 pus
2034 3585 2403 3637 mediocritatis
2430 3599 2559 3636 mea:
2583 3582 2887 3636 Timotheus
2912 3582 3275 3636 Alexandrina:
3300 3583 3439 3636 urbis

1913 3675 2127 3728 antistes
2157 3683 2344 3727 novato
2371 3688 2517 3727 more
2543 3674 2788 3729 misisset.
2818 3675 3083 3727 victoriam
3114 3684 3299 3729 vestra:
3321 3674 3439 3726 fidei

1916 3763 1969 3815 in
1988 3763 2099 3827 eius
2121 3762 2446 3815 reStitutione
2466 3768 2703 3828 cognovi.
2727 3761 2923 3816 Pietate
2948 3764 3085 3815 enim
3117 3776 3283 3816 vestra
3314 3764 3437 3815 fulta

1916 3856 2207 3907 Divinitatis
2233 3855 2443 3916 auxilio,
2474 3864 2526 3906 et
2557 3855 2755 3919 imperii
2786 3856 3149 3917 tranqui‘litas,
3177 3864 3229 3907 et
3248 3856 3439 3915 catho-

1913 3943 2027 3994 lica:
2052 3943 2315 4010 religionis
2359 3941 2683 4007 Splendnrem
2711 3956 2881 4007 suum,
2915 3941 3281 3994 scandalorum‘
3300 3944 3438 3996 nulte

1913 4029 2162 4090 discussa,
2196 4030 2389 4095 recepit
2431 4030 2693 4096 integritas
2727 4046 2739 4081 :
2770 4028 2835 4081 de
2865 4043 2965 4096 quo
2995 4045 3074 4079 tne
3100 4030 3293 4095 gratias
3320 4040 3437 4096 post

1918 4122 2074 4174 Deum
2102 4120 2389 4173 clementia:
2428 4130 2615 4172 vestra:
2644 4120 2807 4186 egisse
2854 4118 3178 4182 reminiscor,
3210 4127 3261 4171 et
3301 4132 3437 4171 nune

1915 4225 2121 4278 quoque
2142 4210 2332 4261 cultum
2375 4218 2549 4263 vestro
2577 4221 2737 4274 regno
2759 4206 2980 4259 debitum
3008 4208 3166 4261 silere
3193 4222 3297 4259 non
3330 4222 3437 4285 [po-

1919 4302 2009 4363 tui,
2037 4314 2103 4352 ne
2131 4298 2508 4367 quodammodo
2536 4297 2739 4349 viderer
2765 4296 3015 4362 ingratus,
3066 4297 3108 4347 si
3136 4296 3284 4348 vobis
3311 4311 3437 4363 qua-

270 4379 612 4434 occasionetn
641 4380 728 4433 lilii
751 4386 915 4458 postri
944 4384 1218 4449 Petrl,viri
1250 4391 1547 4455 Spectabilis
1583 4395 1807 4457 comitis,
1842 4375 1891 4433 Ι)
1920 4387 2039 4438 libet
2062 4385 2444 4451 opportunitate
2472 4386 2550 4436 vel
2598 4384 2799 4451 imperii
2830 4385 2907 4436 vel
2956 4384 3298 4436 Ecclesiarum
3329 4384 3435 4436 lau-

270 4468 432 4537 quasi
458 4483 525 4519 ex
552 4471 802 4522 sententia
832 4472 1206 4538 proficiscentis
1235 4478 1481 4542 amplexi,
1504 4488 1605 4530 tam
1632 4489 1809 4533 nostro

272 4558 575 4621 praposito,
602 4571 755 4622 quam
785 4559 1033 4626 petitione
1056 4561 1226 4614 fratris
1254 4571 1307 4615 ct
1327 4566 1616 4631 coepiscOpi
1646 4568 1807 4619 nostri

270 4643 570 4706 Timothei,
598 4644 984 4714 legatorumque
1008 4650 1164 4717 ipsius
1190 4655 1451 4718 precibus,
1482 4656 1700 4722 idipsum
1741 4656 1804 4707 ad

271 4739 426 4780 tuam
474 4730 728 4784 voluimus
772 4734 1041 4799 pervenire
1087 4739 1344 4799 notitiam,
1377 4750 1428 4792 ut
1472 4743 1625 4792 etiam
1674 4758 1807 4796 nunc

268 4815 636 4867 communium
681 4816 832 4870 fieres
877 4821 1131 4888 particeps
1160 4826 1476 4891 gaudiorum,
1510 4836 1563 4879 et
1590 4829 1637 4879 in
1671 4844 1805 4894 prte-

267 4902 436 4954 dicta:
474 4902 717 4957 Ecclesiae
762 4909 1132 4974 tranquillitac
1182 4913 1635 4981 (quemadmodum
1678 4918 1808 4969 dixi-

270 4992 435 5055 mus)
485 4991 677 5044 laboris
723 4996 792 5046 tui
840 4998 1104 5051 nobiscum
1150 5016 1392 5066 carperes
1446 5002 1702 5066 fructum,
1758 5014 1811 5058 et

265 5082 714 5137 ehristianissimo
741 5094 793 5136 et
820 5088 1218 5145 clementissimo
1248 5096 1461 5162 principi
1501 5108 1701 5149 nostras
1730 5099 1812 5151 lit-

264 5183 420 5223 teras
448 5170 695 5231 offerens,
719 5185 875 5237 super
904 5173 1000 5226 hac
1028 5179 1177 5229 etiam
1212 5195 1285 5243 re,
1316 5193 1370 5235 ut
1395 5191 1448 5235 et
1473 5184 1583 5249 ipse
1606 5199 1807 5249 quoque

264 5263 567 5315 devotionis
614 5272 669 5316 et
722 5261 845 5314 fidei
891 5266 1111 5331 propriae
1166 5270 1333 5332 donis,
1378 5287 1435 5324 se
1490 5274 1593 5324 Deo
1639 5284 1809 5340 prote-

265 5359 448 5420 gente,
483 5352 709 5411 laetetur,
739 5358 893 5415 atquc
935 5352 1203 5407 insistente
1231 5360 1444 5412 caritate
1485 5368 1569 5411 tua
1598 5364 1809 5413 acriori—

266 5444 372 5493 bus
398 5442 580 5495 studiis
608 5440 883 5493 catholicae
915 5442 1172 5508 religionis
1200 5438 1438 5500 salutaria
1470 5451 1661 5515 scripta
1690 5453 1809 5502 mit-

266 5534 427 5587 tendo
466 5533 675 5586 munire
719 5529 959 5597 dignetur
1000 5530 1276 5597 Ecclesias,
1324 5551 1387 5589 ne
1420 5536 1573 5601 (sicut
1604 5540 1802 5601 experti

1916 4475 2040 4525 dare
2068 4474 2371 4525 desisterem
2404 4481 2478 4524 tot
2508 4472 2816 4539 triumphos.
2854 4472 3115 4523 Exhibens
3142 4486 3265 4537 ergo
3293 4471 3435 4523 debi-

1915 4570 1977 4613 ta:
2008 4558 2350 4612 veneratiunis
2377 4558 2623 4625 officium,
2672 4574 2849 4624 precor
2892 4569 2946 4612 ut
2990 4558 3271 4613 studiosius
3298 4559 3434 4611 circa

1913 4652 2185 4703 universos
2227 4659 2384 4704 rectae
2431 4650 2550 4703 fidei
2594 4650 2906 4712 sacerdotes,
2955 4660 3007 4702 et
3053 4651 3276 4703 maxime
3301 4649 3433 4702 circa

1911 4738 2317 4791 Alexandrinum
2346 4739 2665 4804 episcopum,
2697 4738 2841 4803 cujus
2868 4738 3166 4791 certaminis
3194 4747 3247 4791 et
3276 4746 3435 4791 testes

1909 4826 2077 4880 fuistis
2105 4837 2155 4877 et
2189 4826 2410 4892 judices,
2443 4826 2777 4892 protectionis
2822 4825 3124 4890 impendatis
3156 4826 3427 4886 auxilium,

1908 4925 1959 4968 et
1981 4916 2268 4967 decernatis
2292 4915 2537 4981 piissimis
2557 4914 2846 4967 constitutis
2872 4913 3074 4965 Petrum
3105 4914 3243 4966 sedis
3272 4913 3431 4977 ipsius

1910 5019 2235 5073 pervasorem
2268 5005 2371 5072 (cui
2414 5019 2507 5056 nec
2555 5005 2604 5056 in
2648 5004 2916 5055 diaconatu
2946 5016 3067 5053 suus
3110 5002 3271 5067 potuit
3298 5002 3427 5053 ordo

1912 5092 2171 5159 constare)
2203 5093 2399 5161 longius
2429 5108 2456 5145 a
2488 5100 2589 5144 tam
2637 5092 2878 5158 praeclara
2927 5092 3131 5143 civitate
3174 5088 3425 5155 relegari,

1914 5196 1978 5233 ne
2024 5180 2337 5233 infirmiores
2386 5180 2541 5250 [forte
2584 5177 2888 5247 inﬁrmioris]
2917 5179 3030 5231 fidei
3058 5176 3257 5241 aliquos
3296 5175 3427 5227 forte

1913 5268 2144 5331 seducat,
2173 5276 2226 5319 et
2258 5268 2309 5319 in
2336 5268 2516 5321 eadem
2547 5268 2774 5320 Ecclesia
2819 5266 2978 5335 (quod
3007 5264 3163 5325 absit)
3204 5278 3319 5329 qua:
3344 5276 3429 5315 so-

1915 5356 2061 5424 pistis
2098 5357 2339 5409 scandala
2380 5372 2553 5409 rursus
2579 5358 2817 5424 exagitet.
2846 5353 3103 5406 Prohastis
3130 5354 3181 5403 in
3208 5366 3429 5418 corpore

1912 5445 2051 5497 illum
2083 5444 2228 5496 vobis
2257 5446 2482 5497 dexterae
2512 5458 2617 5497 sua:
2662 5444 2863 5496 dedisse
2899 5441 3213 5506 prasidiutn,
3248 5441 3333 5507 qui
3365 5441 3427 5491 ad

1912 5537 2065 5588 totius
2092 5534 2229 5587 orbis
2258 5534 2519 5600 gaudium,
2548 5544 2599 5587 ct
2646 5534 2695 5586 in
2728 5532 2967 5584 Ecclesia:
2998 5532 3298 5583 universalis
3337 5546 3425 5581 ex-
