3854 6228
420 261 480 312 st
1712 258 2014 315 srucucn
2054 254 2244 312 pars;
2583 223 2589 228 “
3502 257 3572 312 se

415 367 745 420 saltationem
798 367 848 420 in
889 377 1056 422 vestra
1104 366 1374 420 clementia
1429 365 1716 419 Romanum
1765 376 1938 422 servat
1965 371 2011 427 Α
2038 367 2151 434 guis
2187 367 2436 435 jubeutur
2474 371 2644 437 perire
2688 371 2954 439 suppliciis

420 456 712 520 imperium.
747 456 866 508 Data
910 472 940 508 x
982 455 1220 509 calendas
1263 454 1570 509 Novembris
1615 456 1772 524 (anno
1814 452 1940 508 Chr.

419 541 566 610 478),
592 543 710 596 Viro
740 544 1026 596 clarissimo
1052 543 1288 596 consule.
1499 545 1501 547 ’

911 673 926 701 ¹
972 671 1286 725 EPISTULA
1326 672 1458 726 XIII.

782 777 1018 815 SINPLICII
1055 779 1195 829 ΡᾼΡιε
1232 780 1298 815 ΔΙ)
1335 778 1573 817 ΑεΑειωι.

684 874 872 928 Eadem
910 891 1022 943 quia
1070 875 1123 928 in
1159 875 1405 943 superiori
1450 875 1680 943 epistola.

415 980 710 1049 Simplicius
747 984 1043 1050 epiSCOptts,
1076 984 1265 1036 Acacio
1291 982 1537 1050 episcopo
1579 982 1946 1037 Constantino-

1061 1051 1308 1119 politano.

487 1159 733 1211 Proxime
761 1158 971 1227 quidem
999 1157 1261 1211 dilectioni
1287 1167 1406 1220 tute,
1433 1157 1724 1222 petentibus
1751 1156 1832 1210 his
1859 1158 1944 1225 qui

413 1246 478 1299 ad
508 1262 602 1300 nos
627 1261 655 1298 a
686 1247 844 1300 fratre
883 1254 936 1300 et
976 1247 1284 1311 coepiscopo
1313 1240 1492 1299 nost'ro
1518 1245 1794 1299 TimOIbeo
1826 1245 1948 1298 Ale-

415 1334 684 1387 xandrina:
714 1334 957 1387 Ecclesiae
979 1332 1207 1388 antistite
1228 1332 1410 1386 directi
1433 1333 1655 1396 fuerant,
1673 1347 1947 1386 commune

418 1423 665 1485 gaudium
695 1421 882 1475 litteris
912 1422 1152 1485 iudicavi,
1187 1430 1241 1475 et
1266 1421 1332 1474 de
1374 1420 1542 1473 fructu
1569 1420 1787 1487 piissimi
1822 1433 1949 1486 ope-

419 1511 512 1573 tis,
544 1510 678 1577 quod
721 1510 1008 1563 catholicus
1055 1518 1356 1563 memorata:
1403 1508 1652 1562 Ecclesia:
1701 1507 1948 1563 sacerdos

413 1607 500 1651 est
525 1599 813 1665 restitutus,
855 1602 1054 1666 pariter
1078 1613 1172 1652 nos
1201 1597 1425 1666 gaudere
1453 1598 1774 1651 memoravi:
1809 1597 1946 1665 quod

2999 386 3014 421 :
3063 373 3116 423 in
3163 385 3263 439 quo
3308 379 3362 424 et
3402 373 3565 438 quieti

2048 457 2290 510 Ecclesia:
2313 465 2365 510 et
2394 467 2567 511 vestro
2593 459 2875 513 consulctis
2902 460 3141 527 imperio,
3164 461 3283 528 quia
3311 458 3569 512 vindicata

2047 543 2137 596 Dei
2163 546 2476 622 contumelia
2507 546 2803 600 ulciscentis
2841 557 2917 601 est
2948 547 3134 615 gratia,
3166 558 3215 599 et
3261 547 3571 600 conciliatur

2047 633 2125 684 his
2154 633 2313 686 divini
2343 633 2534 687 favoris
2555 636 2824 699 auxilium,
2851 650 3069 702 quorum
3093 650 3216 689 cura
3243 637 3570 703 sacrilegium

2044 734 2147 771 non
2179 721 2448 788 reliquerit
2475 723 2803 790 impunitum.
2833 724 3023 800 Sedut
3052 725 3231 791 loquar
3260 723 3570 777 ﬁducialiter

2045 811 2260 877 principi
2287 811 2602 878 Christiano,
2629 814 2672 866 si
2701 815 3078 880 prasteritarum
3108 813 3392 866 litterarum
3437 828 3568 881 quas

2043 903 2107 954 de
2129 903 2269 956 Petri
2292 905 2612 972 aliorumque
2639 906 2850 958 nomine
2876 905 3173 973 iamdudum
3196 904 3258 958 ad
3286 902 3495 956 fratrem
3519 912 3575 956 et

2043 990 2404 1058 coepiscopum
2431 1008 2601 1046 meum
2626 993 2869 1048 Acacium
2895 993 3166 1060 scripsisse
3193 991 3426 1057 memini,
3445 993 3576 1044 ordo

2047 1090 2329 1144 teneretur,
2359 1082 2423 1135 ad
2469 1085 2564 1137 hoc
2608 1099 2710 1138 non
2739 1085 2904 1150 potuit
2939 1083 3239 1150 pervenire;
3281 1083 3424 1151 quod
3456 1081 3576 1148 jure

2044 1185 2184 1224 nunc
2209 1171 2397 1223 meruit
2423 1171 2703 1226 vindicare.
2733 1171 3095 1226 Mandaveram
3112 1185 3331 1238 namque
3357 1177 3413 1224 ut
3439 1169 3576 1221 facta

2044 1263 2375 1329 suggestione
2406 1264 2581 1329 pietati
2610 1274 2819 1326 vestrae,
2864 1264 3162 1331 pradictus,
3211 1273 3267 1316 ut
3307 1271 3360 1316 et
3399 1260 3576 1316 cancri

2046 1348 2134 1414 qui
2167 1364 2258 1414 per
2293 1351 2618 1404 occasionem
2650 1351 2947 1420 tyrannicaa‘
2970 1350 3338 1404 dominationis
3366 1349 3577 1402 invase—

2045 1445 2161 1486 rant
2211 1434 2470 1490 Ecclcsias
2502 1437 2614 1500 Dei,
2661 1447 2808 1491 extra
2849 1446 3012 1491 metas
3057 1436 3213 1491 vestri
3253 1436 3582 1505 pellerentur

2048 1518 2272 1586 imperii.
2304 1537 2368 1576 ne
2397 1524 2658 1592 pestiferis
2687 1525 2927 1583 sensibus
2975 1526 3261 1593 quibusque
3288 1524 3582 1593 simplicio-

2048 1609 2193 1662 ribus
2221 1627 2313 1666 ore
2355 1615 2612 1684 sacrilego
2638 1616 2780 1670 virus
2809 1616 3161 1682 infunderent,
3193 1625 3246 1670 et
3272 1618 3444 1671 verbis
3472 1618 3580 1670 im-

415 1703 553 1740 nunc
578 1702 783 1756 quoque
806 1688 1098 1756 significare
1124 1687 1532 1755 properavimus,
1558 1693 1616 1738 ut
1639 1699 1948 1752 agnosceres

2054 1700 2147 1765 piis
2174 1712 2352 1755 contra
2399 1704 2550 1756 fidem
2595 1703 2938 1757 orthodoxam
2968 1706 3353 1759 innocentiores
3378 1705 3583 1756 animas

414 1780 602 1846 gaudia
629 1780 895 1834 silentium
919 1794 1019 1831 non
1044 1793 1240 1830 amare.
1265 1776 1413 1830 Unde
1433 1789 1639 1842 semper
1660 1776 1948 1837 exsultans,

415 1881 468 1921 et
493 1870 785 1922 orationum
815 1871 1159 1924 communium
1181 1869 1394 1936 cupiens
1425 1876 1540 1920 vota
1571 1867 1778 1931 sociari,
1830 1867 1948 1919 hor-

419 1971 520 2021 tur,
553 1960 712 2013 frater
753 1961 1038 2024 carissime,
1070 1970 1124 2012 ut
1172 1961 1326 2013 rebus
1355 1975 1448 2028 per
1484 1960 1948 2013 clementissimum

417 2059 471 2100 ct
495 2047 996 2102 Cbristianissimum
1043 2048 1325 2116 principem
1375 2049 1479 2102 Deo
1506 2057 1716 2113 auctore
1740 2037 1952 2114 eampo-

418 2141 552 2201 sitis,
592 2141 870 2207 diligentiae
896 2140 1188 2194 sollicitudo
1215 2155 1319 2192 non
1350 2139 1484 2191 desit
1511 2154 1524 2189 :
1552 2139 1644 2192 sed
1671 2139 1855 2192 Petrus
1883 2141 1950 2194 ab

419 2231 650 2283 indebito
670 2230 766 2283 sibi
796 2230 994 2284 honore
1018 2229 1270 2296 di-jeetus,
1295 2228 1345 2280 in
1368 2227 1711 2280 Alexandrina
1740 2229 1951 2293 regione

418 2334 520 2370 non
545 2320 746 2372 sinatur
776 2318 1032 2378 habitare,
1062 2319 1152 2371 sed
1197 2317 1373 2384 procul
1401 2325 1548 2368 extra
1579 2315 1826 2368 terminos
1856 2331 1948 2383 pa-

421 2411 564 2472 trias,
610 2407 742 2460 sicut
788 2408 947 2460 etiam
987 2421 1080 2458 nos
1126 2407 1488 2471 poposcimus,
1537 2402 1792 2468 frequenti
1832 2419 1948 2455 eum

421 2495 648 2562 postules
673 2495 915 2562 snggesti-
940 2508 1003 2546 ne
1033 2493 1280 2561 relegari;
1321 2507 1394 2546 ne
1423 2507 1554 2559 quos
1593 2492 1949 2558 imperitorum

419 2584 691 2650 pravitatis
737 2599 844 2636 suae
887 2584 1220 2649 persuasione
1275 2583 1510 2643 seducat,
1538 2591 1590 2635 ct
1618 2597 1644 2632 a
1684 2581 1950 2637 catholicae

421 2675 628 2727 tramite
656 2675 886 2727 veritatis
918 2683 1136 2726 avertat.
1162 2673 1418 2741 Quidquid
1447 2656 1618 2725 autem
1652 2675 1717 2726 de
1745 2675 1953 2741 religio-

421 2764 634 2816 sissima
662 2762 960 2826 impetrabis
989 2763 1227 2828 imperio,
1257 2776 1378 2814 cura
1425 2771 1524 2839 ιιιξς
1568 2761 1858 2816 dilectionis
1887 2763 1950 2815 ad

422 2866 590 2906 meam
637 2852 872 2904 notitiam
918 2851 1070 2905 faciat
1097 2851 1388 2920 pervenire,
1420 2859 1473 2904 et
1519 2866 1613 2904 nos
1642 2859 1848 2904 actuum
1883 2851 1948 2902 ad

422 2939 711 2992 custodiam
759 2942 1068 3007 evangelica}
1129 2941 1380 2992 doctrinae
1443 2940 1814 3006 pertinentium
1862 2939 1953 2991 det

2050 1793 2380 1856 sauciarent;
2427 1794 2565 1861 quod
2608 1805 2712 1847 tum
2742 1805 2978 1862 apparet,
3019 1811 3135 1849 cum
3166 1797 3339 1848 minus
3365 1797 3458 1848 ista
3485 1809 3583 1847 cu—
3613 1849 3622 1858 ,

2049 1890 2246 1943 rantur,
2275 1891 2326 1932 et
2349 1882 2478 1935 levia
2508 1896 2624 1934 esse
2647 1882 2953 1945 creduntur;
2981 1894 3152 1935 aetum
3173 1891 3273 1946 est,
3301 1890 3355 1935 ιιι
3373 1883 3583 1950 (quem-

2047 1969 2324 2024 admodum
2373 1969 2677 2038 perbibetis)
2720 1972 2856 2023 inter
2887 1970 3090 2032 altaria,
3122 1985 3224 2022 non
3263 1969 3366 2035 jam
3425 1965 3578 2036 plebs

2051 2063 2471 2128 persuasionibus
2497 2077 2704 2124 eorum,
2744 2063 2832 2114 sed
2871 2061 2969 2129 ipsi
3006 2077 3212 2129 quoque
3249 2063 3494 2124 prmsules
3522 2069 3584 2114 et

2049 2151 2421 2218 pradicatores
2450 2150 2567 2204 fidei
2607 2151 2838 2218 perirent
2866 2149 3085 2202 funestis
3122 2150 3306 2217 gladiis
3329 2149 3582 2200 sacerdo-

2050 2248 2147 2293 tes.
2185 2240 2330 2294 Unde
2353 2240 2399 2294 si
2426 2255 2540 2308 quae
2570 2241 2684 2292 alia:
2716 2239 2946 2306 reliquias
2973 2233 3072 2303 sub
3109 2247 3279 2291 vestro
3303 2237 3583 2303 reperiun-

2051 2335 2135 2379 tur
2155 2328 2392 2393 imperio,
2425 2340 2512 2379 eas
2541 2327 2622 2380 vel
2651 2342 2786 2380 nunc
2816 2328 2864 2378 in
2896 2326 3184 2380 exteriores
3213 2336 3376 2378 terras
3399 2325 3584 2392 iubete

2049 2417 2292 2486 propelli,
2315 2432 2384 2470 ne
2411 2432 2511 2486 qua
2541 2411 2785 2483 deinceps
2808 2416 2858 2468 in
2880 2430 2943 2469 eo
2964 2417 3032 2467 sit
3053 2413 3333 2467 necessitas
3352 2423 3401 2466 et
3422 2428 3583 2467 causa

2050 2505 2319 2574 supplicii;
2349 2505 2466 2572 quia
2499 2503 2684 2557 melius
2725 2513 2803 2557 est
2837 2490 3030 2555 aditum
3065 2502 3384 2555 ob~trnxisse
3421 2516 3581 2567 quam

2049 2610 2253 2663 paruam
2278 2595 2511 2661 exegisse
2539 2593 2746 2657 peccati.
2791 2592 2852 2644 Et
2887 2591 3126 2657 quoniam
3155 2588 3433 2641 seditiones
3463 2587 3572 2638 An-

2051 2683 2317 2735 tiochettas
2360 2680 2750 2746 religiosissime
2778 2676 3040 2744 proposito
3068 2676 3319 2727 sedandas
3354 2690 3452 2726 non
3481 2674 3579 2724 ali-

2049 2780 2126 2824 ter
2153 2769 2518 2829 existimastis,
2551 2766 2648 2818 nisi
2684 2757 2881 2830 praeter
2905 2763 3255 2830 przejudicium
3293 2761 3576 2814 venerandi

2050 2861 2186 2913 illius
2210 2858 2414 2912 concilii
2443 2857 2634 2910 Nicmni
2675 2854 2811 2922 apud
2853 2851 3353 2916 Constantinottolim
3394 2850 3579 2903 iisdem

2055 2948 2352 3016 petentibus
2376 2945 2704 2998 ordinaretur
2731 2944 2961 3005 antistes,
2977 2940 3114 3008 quod
3138 2942 3188 2992 iu
3216 2928 3327 3006 ejus
3353 2947 3583 2991 tantum-

424 3041 542 3080 esse
579 3038 863 3081 consortes.
915 3029 1040 3080 Data
1072 3043 1152 3080 xvt
1181 3029 1421 3082 calendas
1457 3027 1762 3083 Novembris
1789 3026 1950 3097 (anno
1975 3017 2019 3077 C
2053 3037 2206 3090 modo
2235 3050 2452 3101 ρετεοητι
2484 3035 2557 3085 sic
2603 3029 2927 3085 memor-asas
2981 3038 3323 3094 assumptum.
3357 3035 3409 3079 ιη
3436 3028 3586 3080 ἀεί..-

423 3117 546 3170 libr.
575 3117 720 3188 478),
751 3119 843 3170 Illo
865 3120 975 3171 viro
1003 3119 1292 3173 clarisSImo
1316 3121 1547 3174 consule.

940 3228 1258 3282 EPISTULA
1297 3229 1431 3282 XIV.

583 3330 818 3368 SHIPLICI!
854 3332 1010 3368 I‘APB'
1036 3333 1098 3368 AD
1138 3330 1371 3368 ZENONEH
1414 3329 1791 3368 IMPERATORI-Il.

429 3402 620 3456 Laudat
645 3404 949 3466 imperatoris
986 3403 1365 3454 sollicitudinem
1392 3405 1443 3454 in
1481 3403 1557 3454 his
1583 3403 1842 3465 puniendis
1871 3403 1953 3468 qui

414 3513 416 3515 .
495 3471 766 3523 Antiochiae
787 3473 838 3520 in
861 3472 1202 3535 episcoporum
1224 3471 1380 3521 credes
1401 3473 1820 3533 conspirarerunt.
1855 3471 1954 3521 Do-

495 3541 560 3588 let
585 3554 700 3588 snas
731 3538 797 3588 ad
826 3538 1058 3588 Acacium
1099 3539 1289 3588 litteras
1332 3540 1631 3590 exsecutioni
1679 3555 1776 3588 non
1806 3539 1955 3600 fuisse

494 3605 779 3668 mandatas,
804 3612 849 3654 et
881 3605 1196 3656 Antiocheam
1227 3603 1461 3657 Ecclesia?
1484 3606 1715 3656 antis'itit
1757 3607 1961 3656 electio:

498 3690 631 3737 nem,
663 3671 713 3724 Ν
719 3674 860 3725 icwni
887 3675 1082 3726 concilii
1119 3689 1216 3725 non
1245 3674 1495 3726 observato
1519 3677 1711 3726 decreto
1730 3713 1742 3735 ,
1773 3679 1955 3740 factum

497 3742 755 3812 approbat.

631 3830 925 3895 Simplicius
952 3831 1244 3898 episcopus,
1277 3831 1469 3896 Zenoni
1493 3833 1743 3900 Augusto.

502 3922 573 3974 De
607 3922 838 3975 Ecclesia
862 3915 1186 3975 Antiochcna
1224 3923 1546 3976 venerandos
1585 3924 1708 3975 mihi
1751 3936 1958 3988 semper

434 4023 622 4063 vesme
665 4011 874 4078 pietatis
910 4012 1085 4078 apices
1125 4011 1333 4078 gavisus
1372 4012 1569 4078 accepi,
1599 4013 1785 4078 quibus
1809 4013 1956 4078 inge-

435 4099 543 4149 nito
573 4097 718 4151 vobis
748 4098 920 4150 studio
956 4098 1224 4150 catholicae
1251 4099 1510 4163 religionis
1553 4111 1669 4164 post
1697 4099 1960 4152 defensio-

435 4201 554 4239 nem
588 4187 724 4248 fidei,
744 4201 857 4252 quae
883 4174 978 4237 vos
1014 4193 1187 4237 serVat
1212 4199 1271 4239 ac
1294 4186 1542 4246 custodit,
1570 4187 1848 4250 impietatis
1870 4201 1960 4238 au-

437 4275 636 4326 daciam
663 4283 716 4325 et
745 4272 970 4324 facinora
1000 4274 1132 4339 apud
1159 4271 1484 4324 Antiochiam
1512 4280 1798 4337 perpetrata
1822 4287 1960 4325 coer-

2049 3142 2172 3194 ceps
2193 3125 2476 3179 secundum
2505 3114 2834 3176 definitiones
2864 3120 3071 3170 Patrum
3097 3117 3347 3183 Orientali
3371 3115 3584 3184 synodo

2049 3219 2242 3270 ercatio
2271 3215 2572 3268 Antiocheni
2623 3210 2880 3279 pontificis
2916 3218 3231 3270 reservetur,
3265 3221 3360 3258 nec
3402 3204 3588 3259 haberi

2052 3308 2166 3359 loco
2195 3306 2350 3357 vultis
2379 3303 2604 3370 injuriae.
2641 3301 2776 3370 quod
2813 3300 3152 3354 dissensionis
3189 3301 3352 3367 gratia
3387 3299 3584 3350 factum

2051 3404 2132 3446 6st
2182 3391 2496 3444 auferendae.
2535 3390 2700 3443 Tenet
2738 3391 2870 3442 hanc
2911 3389 3114 3456 pietatis
3157 3397 3344 3440 vestra:
3391 3387 3584 3440 beatus

2053 3479 2236 3532 Petrus
2262 3479 2525 3545 apostolus
2553 3476 2904 3544 sponsionem,
2924 3485 2978 3528 et
3004 3474 3430 3529 Christianissimi
3451 3473 3583 3525 fide-

2053 3567 2338 3633 lissimique
2374 3565 2619 3631 principis
2661 3575 2886 3615 mentem
2929 3563 2981 3614 in
3021 3563 3132 3614 haec
3171 3560 3325 3614 verba
3351 3562 3580 3627 jurass",

2053 3657 2188 3724 quod
2220 3655 2432 3722 posthac
2463 3655 2514 3706 in
2544 3652 2866 3704 Antiochena
2903 3652 3032 3704 urbe
3060 3652 3236 3704 -veteri
3283 3666 3424 3704 more
3466 3664 3587 3702 ser-

2057 3754 2172 3800 vatzi
2197 3760 2225 3796 a
2250 3740 2769 3810 comprovincialibus
2795 3741 2902 3794 suis
2923 3738 3180 3806 episcopis
3204 3739 3490 3802 ordinetur,
3513 3753 3588 3791 ne
3656 3726 3665 3731 ’

2056 3834 2190 3903 quod
2218 3848 2352 3886 nunc
2382 3832 2541 3885 frater
2570 3841 2622 3883 et
2644 3831 2983 3897 eoepiscopus
3015 3843 3160 3881 meus
3189 3829 3404 3882 Aeacius
3431 3828 3584 3880 vobis

2055 3931 2136 3977 est
2159 3921 2454 3990 iubentibus
2475 3928 2770 3978 exsecutus.
2805 3919 2855 3970 in
2897 3931 3044 3969 usum
3073 3918 3386 3984 posteritatis
3410 3916 3589 3970 veniat

2057 4023 2108 4064 et
2146 4019 2336 4062 statuta
2364 4010 2602 4070 Patrum,
2646 4022 2760 4075 quae
2789 4005 3050 4074 praecipue
3082 4003 3363 4070 prtestastis
3399 4003 3587 4063 illmsa,

2057 4097 2360 4150 confundat.
2391 4096 2537 4149 Unde
2573 4111 2686 4161 quae
2713 4111 2741 4145 a
2778 4084 2924 4146 vobis
2965 4106 3144 4147 amore
3180 4091 3370 4159 quietis
3404 4100 3591 4144 sancte

2061 4198 2112 4241 et
2143 4187 2382 4254 religiose
2412 4194 2532 4236 sunt
2557 4185 2811 4243 ordinata,
2845 4183 3125 4248 reprobare
3158 4197 3587 4250 nonpossumus,

2063 4291 2128 4328 ne
2169 4284 2328 4326 status
2362 4273 2695 4324 Antiochense
2733 4270 2982 4322 Ecclesiae
3012 4271 3108 4321 sub
3151 4281 3325 4322 nostra
3373 4271 3548 4322 dubita
3573 4303 3589 4310 -

439 4364 537 4414 cita
584 4362 885 4427 reperimus.
947 4361 1272 4414 Exsultantes
1324 4361 1471 4414 vobis
1518 4361 1688 4415 inesse
1735 4364 1960 4414 animum
1990 4339 2039 4395 Ῑ)
2065 4367 2201 4417 tione
2230 4364 2460 4417 videatur
2489 4361 2776 4426 ambiguus,
2803 4360 3198 4428 prmeipue‘cum
3225 4359 3266 4411 is
3289 4359 3374 4425 qui
3402 4359 3590 4424 legitur

441 4449 722 4502 fidelissimi
750 4450 1034 4502 sacerdotis
1073 4458 1124 4502 et
1169 4450 1434 4515 principis,
1476 4458 1530 4500 ut
1559 4449 1842 4515 imperialis
1866 4464 1960 4501 au-

441 4540 654 4589 ctoritas
684 4547 736 4589 et
759 4538 935 4603 juncta
978 4538 1282 4590 Christiana:
1310 4535 1570 4590 devotioni
1598 4536 1965 4604 accoptabilior

445 4627 552 4678 Deo
596 4626 760 4689 fleret,
805 4637 856 4678 et
895 4635 1169 4692 appareret
1213 4626 1499 4691 integritas,
1545 4639 1662 4676 cum
1702 4625 1750 4675 hi
1797 4626 1881 4692 qni
1914 4626 1963 4676 in

425 4714 801 4778 episcoporum
833 4727 986 4765 ncces
1029 4713 1276 4779 sacrilega
1321 4712 1462 4765 eazde
1493 4702 1850 4774 versatisunt,
1881 4712 1963 4764 di-

519 4845 533 4872 ¹
575 4843 874 4893 Timotheus
932 4844 1304 4895 Alexandrinus
1354 4844 1628 4909 episcopus
1676 4845 1723 4894 in
1789 4845 1963 4896 sedem

450 4913 717 4963 restitutus
755 4921 859 4960 tres
896 4911 1049 4962 hosce
1078 4914 1290 4975 legatos,
1317 4911 1494 4962 I~aiam
1526 4913 1845 4975 cpiscoiium,
1876 4911 1964 4961 Ni-

448 4981 554 5030 lum
586 4978 940 5046 presbyterum
973 4990 1023 5030 et
1056 4975 1348 5046 Martyrium
1389 4978 1683 5046 diaconum.
1721 4995 1783 5031 ex
1827 4993 1968 5030 more

452 5047 661 5110 antiquo
691 5045 752 5093 ad
787 5045 1066 5094 [intnauutn
1105 5045 1394 5109 piutilicem
1441 5045 1726 5107 ablegavit,
1763 5048 1966 5098 veniam

449 5129 639 5178 rogans
677 5112 848 5163 delicti
893 5114 966 5162 sui
1012 5115 1144 5163 illius
1171 5129 1290 5174 quo,
1323 5112 1500 5174 gladiis
1531 5111 1969 5180 Eutyeltianomm

451 5192 680 5242 uinctus,
719 5190 891 5230 contra
930 5181 1318 5230 (‘Olltllttlllullcs
1361 5180 1544 5230 Leonis
1588 5197 1751 5246 parum,
1783 5197 1969 5233 nomen

455 5252 680 5298 Dioscuri
714 5249 845 5311 apud
871 5249 1028 5297 altare
1056 5249 1304 5296 recitavit.
1336 5247 1396 5297 Et
1421 5262 1706 5311 quanquam
1732 5252 1778 5300 id
1807 5251 1971 5302 moui.-

458 5323 541 5373 tns'
570 5315 793 5375 fecisset,
828 5331 927 5366 non
976 5315 1084 5364 leve
1131 5324 1298 5364 tamen
1346 5314 1541 5364 facinus
1587 5316 1702 5365 illud
1747 5321 1795 5369 in
1831 5328 1972 5370 tanto

459 5385 696 5444 pulllIIICC
723 5383 877 5431 videri
911 5392 1125 5446 poterat.
1162 5384 1374 5442 Insuper
1396 5381 1574 5432 eadem
1605 5384 1855 5449 legatione
1884 5401 1975 5435 no-

457 5461 563 5498 ιλιιιι
596 5450 710 5498 Ieril
743 5451 943 5499 Petrum
977 5451 1208 5513 Moggutn
1259 5450 1614 5500 Alexandriae
1653 5453 1790 5502 sedis
1833 5456 1969 5502 inva~

458 5529 648 5578 actem,
681 5518 763 5582 qui
788 5518 951 5582 fugant
983 5529 1215 5584 captasse
1247 5516 1530 5579 videbatur,
1556 5519 1602 5569 in
1635 5520 1835 5572 civitate
1866 5521 1975 5571 lati.-

2065 4452 2351 4509 ordinatus.
2383 4449 2676 4501 testimonio
2713 4448 3002 4499 clementiae
3031 4455 3235 4507 vestrm,
3264 4453 3316 4497 ct
3352 4454 3487 4496 tanta
3517 4447 3591 4498 sit

2066 4537 2428 4604 pratdieatione
2458 4537 2725 4597 subnixus,
2761 4543 2816 4586 ut
2855 4535 2901 4585 in
2934 4549 2994 4585 eo
3038 4543 3224 4599 praeter
3254 4533 3435 4584 horum
3467 4534 3590 4583 vul-

2068 4641 2246 4678 nerum
2285 4625 2511 4677 dolorem
2557 4627 2722 4690 pasito
2768 4626 3021 4688 possimus
3083 4631 3135 4674 et
3182 4621 3427 4674 Ecclesiae.
3470 4639 3590 4689 quas

2069 4713 2210 4765 illum
2244 4711 2450 4773 meruit,
2478 4711 2705 4778 gloriari.
2746 4711 2864 4761 llaec
2909 4709 3141 4775 repeusis
3181 4709 3504 4761 sermonibus
3533 4720 3594 4763 et

2069 4851 2199 4901 tare,
2234 4850 2285 4892 ct
2324 4855 2526 4894 secreto
2570 4858 2678 4892 rem
2715 4855 2882 4906 agere,
2913 4841 3243 4892 seducentem
3276 4845 3484 4903 multos,
3533 4853 3595 4896 et

2069 4911 2266 4960 cladem
2312 4909 2447 4960 illius
2480 4911 2720 4961 Ecclesiae
2757 4909 2981 4974 graviter
3019 4912 3593 4978 procurarezadeoque

2071 4979 2416 5030 necessarium
2449 4978 2608 5029 videri
2640 4989 2691 5026 ut
2717 4978 2777 5027 ad
2813 4978 2918 5026 Iure
2951 4979 3172 5038 pericu'a
3204 4981 3445 5038 tollenda,
3475 4979 3594 5028 lon-

2069 5047 2183 5112 gius
2212 5048 2260 5095 in
2289 5045 2522 5095 exsilium
2569 5045 2860 5108 pelleretur.
2909 5046 2996 5095 His
3024 5047 3248 5109 acceptis
3282 5047 3458 5098 scribit
3489 5045 3593 5095 im-

2073 5114 2294 5175 peratori
2326 5122 2374 5162 et
2402 5113 2588 5163 Acario
2613 5114 2856 5175 episcopo
2894 5112 3186 5176 Simplicius
3221 5128 3369 5177 papa,
3409 5120 3597 5176 petens

2076 5181 2171 5231 Itoc
2201 5181 2377 5231 sedulo
2421 5183 2588 5229 curari
2640 5192 2692 5229 ιιι
2739 5183 3111 5244 quamprimum
3161 5185 3312 5231 homo
3341 5181 3598 5231 scelestus

2076 5249 2276 5314 longius
2305 5248 2352 5298 iu
2382 5247 2618 5298 exsilium
2647 5249 2950 5299 detrudatur
2979 5266 2988 5296 :
3015 5248 3128 5298 ideo
3155 5251 3200 5298 itt
3231 5250 3426 5311 primis,
3453 5253 3597 5312 quod

2073 5317 2371 5380 episcopum
2401 5315 2720 5366 Alexandria:
2754 5325 2941 5380 ageret,
2977 5331 3126 5380 quem
3161 5319 3374 5366 necdum
3412 5316 3597 5366 diaco-

2077 5400 2196 5434 num
2263 5384 2548 5432 ordinatura
2616 5398 2726 5432 esse
2787 5392 3067 5433 constat-et.
3131 5384 3254 5433 Vide
3316 5384 3606 5436 Baronium

2077 5467 2210 5503 anno
2233 5450 2348 5513 Δ578,
2384 5466 2521 5502 num.
2548 5450 2577 5503 9
2609 5462 2658 5502 et
2686 5451 3035 5515 sequentibus.
3070 5451 3190 5501 Sev.
3225 5451 3414 5501 limus.
