3854 6228
131 273 187 328 57
1457 267 1785 323 EPISTOLA
1826 267 1984 322 XVII.

3255 262 3326 318 5‘3

135 389 260 438 tione
300 384 650 452 sententiam,
695 397 760 436 ne
795 380 917 450 quid
949 354 1158 436 contra
1202 389 1403 436 tantum
1468 396 1531 436 ac
1574 382 1680 437 tale
1705 383 1756 444 Α
1782 383 2004 438 subinde
2031 397 2148 452 quas
2171 392 2436 452 gerantur,
2463 397 2648 454 quasve
2670 383 2894 454 gerenda
2921 384 3044 448 sint,
3067 384 3327 439 veraciter

140 475 487 527 testimonium
518 486 845 543 prapropere
861 470 1048 526 fecisse
1067 470 1356 540 iudicarer.
1399 471 1505 527 Sed
1536 471 1664 526 illud

138 579 212 618 me
251 578 352 616 non
389 562 732 617 mediocriter
768 562 888 614 fecit
925 561 1204 614 attonitum
1229 603 1246 629 ,
1293 561 1433 631 quod
1482 561 1670 616 iisdem

139 655 319 708 litteris
355 655 469 707 suis
513 653 746 714 Petrum,
776 652 864 721 qui
883 653 1250 708 bareticorum
1278 653 1452 706 socius
1469 651 1669 710 dudum

134 744 386 798 exstitisse
450 743 704 812 probetur
755 751 809 797 et
870 743 1151 812 princeps,
1202 743 1343 812 quod
1398 744 1672 799 conscien-

135 835 243 886 tiam
281 835 584 888 dilectionis
628 841 729 887 tute
755 833 1091 887 meminimus
1128 847 1234 888 non
1265 835 1450 899 latere,
1480 835 1677 888 instru-

134 924 428 990 ctionesque
497 922 640 991 ipsas
700 907 1094 994 quibus‘fuerit
1137 923 1475 990 confutatus,
1520 937 1678 978 nosse

135 1013 462 1079 confidimus,
501 1027 766 1082 quemque
804 1011 963 1067 etiam
1000 1013 1216 1068 dubium
1260 1031 1363 1069 non
1399 1016 1468 1070 sit
1507 1016 1680 1070 adhuc

134 1114 265 1156 extra
321 1103 752 1158 communionem
801 1103 995 1158 durare
1037 1103 1386 1168 catholicam,
1435 1118 1680 1173 sameque

134 1208 219 1247 nos
263 1195 328 1248 de
367 1194 557 1248 eodem
604 1209 668 1249 ex
711 1194 797 1246 illa
842 1193 970 1248 urbe
1010 1194 1254 1263 pellendo
1297 1195 1573 1263 scripsisse
1611 1196 1682 1251 sit

131 1296 340 1350 certum,
367 1287 437 1338 ad
464 1288 695 1354 praefata:
720 1285 974 1341 Ecclesiae
1000 1287 1237 1355 regimen
1265 1287 1530 1342 existimet
1561 1303 1681 1357 pro—

132 1379 414 1432 reheodum
451 1396 464 1430 :
494 1394 720 1447 cumque
750 1378 1022 1447 promittat
1061 1388 1223 1432 rectae
1263 1378 1380 1431 ﬁdei
1419 1378 1678 1432 definitio-

136 1471 275 1523 nibus
298 1471 586 1523 convenire
612 1510 627 1534 ,
657 1484 686 1522 a
714 1471 865 1533 cujus
891 1471 1069 1535 utique
1096 1468 1255 1538 (sicut
1280 1470 1521 1533 superius
1551 1469 1680 1538 dixi)

132 1560 381 1612 consortio
407 1569 510 1610 tam
538 1557 684 1626 degit
702 1566 1003 1622 extraneos,
1035 1570 1188 1624 quam
1217 1554 1282 1608 ab
1308 1555 1422 1622 ejus
1445 1571 1682 1608 commu-

134 1649 275 1700 nione
302 1648 564 1701 discretus
594 1659 671 1700 θεῖ
696 1687 711 1710 ,
742 1645 808 1700 ad
838 1660 994 1714 quam
1021 1646 1064 1698 si
1094 1659 1232 1698 nunc
1254 1646 1433 1699 redire
1464 1655 1683 1699 co..ten-

135 1739 178 1790 di
220 1778 234 1798 .
263 1739 358 1791 nisi
389 1753 487 1806 per
515 1736 927 1790 satisfactionem
967 1734 1278 1789 Christianis
1312 1736 1504 1804 regulis
1528 1750 1671 1788 eom-
1703 1736 1746 1794 Β

136 1836 373 1895 potentem
417 1843 523 1882 non
562 1836 734 1896 potest
777 1827 1025 1893 introire,
1065 1839 1128 1878 ac
1165 1825 1383 1895 perinde
1424 1823 1675 1895 [proinde]

137 1930 223 1968 non
267 1917 328 1969 ad
377 1916 643 1984 fastigium
689 1915 1031 1969 sacerdotalis
1077 1914 1343 1981 dignitatis
1382 1915 1673 1978 accedere;

135 2007 212 2057 sed
238 2005 489 2068 medelas,
523 2020 642 2072 quae
682 2013 796 2068 post
830 2003 1206 2072 paenitudinem
1237 2004 1528 2070 praestanda
1555 2013 1673 2068 est,

136 2107 502 2160 consequenter
524 2092 691 2162 aptari
715 2093 906 2146 animm
931 2106 1041 2146 sua:
1069 2093 1284 2161 cupiens
1311 2093 1676 2148 reconciliatus

137 2186 358 2237 auxilium
384 2228 396 2244 .
431 2201 534 2238 non
567 2185 782 2248 gradum
812 2187 1002 2237 summi
1031 2182 1245 2238 honoris
1271 2183 1521 2238 affectans
1540 2225 1552 2244 ,
1585 2183 1673 2252 qui

136 2273 209 2326 ditt
231 2276 558 2328 convincitur
581 2274 742 2328 fuisse
771 2289 1056 2342 perversos
1079 2315 1093 2339 ,
1120 2291 1186 2328 ne
1215 2289 1307 2342 per
1330 2274 1560 2341 speciem
1593 2290 1676 2328 re-

139 2365 332 2416 meantis
361 2378 467 2444 non
499 2361 792 2417 remedium
818 2364 1040 2448 sincera:
1074 2362 1387 2417 salvationis
1417 2362 1668 2431 inquirat,

139 2454 216 2506 scd
256 2457 554 2509 facoltatem
587 2452 936 2522 propagandae
969 2453 1242 2521 pravitatis
1276 2453 1528 2506 inveniat.
1559 2453 1674 2519 Quo

139 2542 254 2597 faito
286 2560 386 2598 non
435 2545 576 2598 hunc
614 2543 782 2612 magis
818 2544 885 2595 ab
920 2557 1101 2596 errore
1126 2541 1484 2606 detrahimus,
1515 2526 1671 2610 quam

139 2634 393 2699 perniciem
430 2634 675 2688 fidelibus
705 2633 1030 2700 irrOgamus,
1067 2647 1236 2700 euque
1265 2633 1421 2686 modo
1449 2631 1671 2686 Chalce-

143 2725 360 2778 doitensis
397 2725 590 2794 synodi
627 2733 820 2777 statuta
851 2724 1141 2786 violantes,
1170 2724 1371 2777 aditum
1407 2737 1542 2776 saava
1576 2739 1670 2777 co-

144 2814 375 2880 pulatione
421 2815 701 2883 grassandi
758 2815 809 2868 in
869 2815 1158 2868 Ecelesiam
1207 2813 1344 2882 lupis
1394 2815 1671 2880 rapacibus

145 2905 388 2969 aperimus.
428 2905 664 2972 Denique
693 2904 760 2957 ab
784 2905 980 2958 eisdem
1011 2904 1160 2971 ipsis,
1186 2917 1304 2956 cum
1333 2901 1521 2971 quibus
1547 2903 1670 2957 olim

145 3008 163 3041 ει
192 2993 425 3046 catholica
460 2993 858 3061 participatione
887 2993 1088 3046 divisus
1120 3002 1230 3056 est,
1263 2991 1496 3058 pontifex
1535 2991 1671 3046 dici-

145 3089 208 3134 tur
232 3084 472 3151 postttlari
517 3101 533 3136 :

143 3181 304 3226 rectam
345 3174 502 3228 fidem
533 3175 686 3238 velle,
721 3174 814 3229 sed
849 3174 900 3228 in
941 3173 1168 3242 pratsule
1211 3173 1424 3241 proprio
1451 3171 1661 3225 nefandi

145 3261 363 3331 dogmatis
402 3281 644 3334 quarrere
685 3275 1034 3335 potestatem;
1069 3279 1240 3335 neque
1276 3265 1411 3319 inter
1444 3264 1587 3333 ipsos
1616 3272 1671 3317 et

144 3356 362 3409 veraciter
405 3357 702 3411 sentientes
739 3371 839 3426 pax
877 3356 1000 3410 inde
1034 3356 1202 3424 possit
1240 3354 1376 3411 fceda
1402 3353 1668 3425 generari,

145 3444 259 3499 unde
277 3447 639 3500 barrticarutn
663 3448 916 3500 montium
937 3448 1130 3502 crescit
1152 3445 1354 3499 funesta
1377 3444 1666 3509 damnatio,

144 3543 185 3586 et
203 3536 564 3591 catholicorum
605 3537 841 3591 succedit
868 3535 1168 3590 miseranda
1200 3536 1496 3602 captivitas.
1531 3535 1669 3587 Tau-

145 3625 197 3676 tis
227 3625 372 3692 igitur
404 3626 562 3682 malis
591 3638 747 3696 atque
785 3627 1033 3697 periculis
1066 3643 1161 3694 pro
1187 3626 1466 3681 sacerdotii
1496 3627 1668 3695 quali-

148 3724 246 3779 tate,
275 3725 324 3771 et
347 3719 624 3772 catholica;
653 3719 1042 3786 praedicationis
1069 3718 1279 3782 intuitu,
1306 3724 1363 3769 ut
1389 3732 1488 3783 qua
1517 3724 1668 3784 potes

146 3805 312 3862 ratione
347 3809 620 3878 sapienter
653 3809 914 3873 obsistas,
958 3807 1201 3862 maximis
1243 3808 1470 3874 undique
1508 3807 1668 3859 rebus

143 3897 407 3977 astringeris
459 3916 473 3950 :
538 3913 640 3952 nec
680 3897 946 3951 dilectioni
993 3905 1095 3949 tuze
1125 3897 1202 3948 fas
1244 3905 1327 3947 est
1363 3895 1413 3946 id
1457 3893 1666 3958 segnius

143 3989 332 4048 operari,
357 3987 498 4054 quod
543 3987 610 4040 ad
649 3988 838 4038 animm
870 3993 972 4038 ture
1001 3983 1486 4054 causamthonoris
1524 3982 1658 4034 aesti-

146 4076 452 4141 mationisque
473 4083 774 4142 respectum
798 4088 900 4126 non
921 4072 1127 4126 dubitas
1153 4074 1439 4140 pertinere.
1463 4070 1688 4140 Ορῃοττ

147 4163 411 4215 lttnitatibus
441 4179 572 4230 ergo
601 4162 846 4229 repertis,
874 4162 1272 4217 clementissimi
1303 4163 1550 4230 principis
1571 4177 1664 4213 vo-

147 4247 357 4302 luntatem
378 4250 768 4305 incessabiliter
792 4266 884 4318 pro
906 4252 1005 4306 fide
1025 4253 1279 4306 catholica
1300 4251 1661 4320 supplicando,

144 4344 185 4386 et
211 4338 264 4388 ab
291 4339 364 4392 his
402 4340 592 4394 sedulo
630 4355 877 4394 revocare
914 4356 1031 4409 qua:
1063 4340 1243 4394 nociva
1279 4349 1402 4393 sunt
1431 4340 1660 4408 dogmati

1772 473 2028 539 indicare,
2057 482 2110 527 ut
2141 473 2462 527 creditorum
2497 473 2701 528 tibimet
2735 473 3128 543 dispensatione
3156 475 3326 529 domi-

1771 562 1887 616 nica
1919 561 2235 635 talentorum
2264 563 2317 615 iu
2346 561 2446 616 hac
2484 562 2914 631 multiplicatione
2939 563 3108 618 fidelis
3139 577 3326 619 servus

1773 653 2067 708 ostendaris
2087 695 2103 721 ,
2130 654 2175 707 si
2206 667 2310 708 non
2337 661 2537 706 tantum
2567 653 2621 707 in
2659 653 2890 708 Ecclesia
2920 656 3003 708 cui
3035 654 3321 724 praesides,

1773 743 1866 797 sed
1892 743 2191 811 ubicunque
2219 744 2452 812 potueris
2471 783 2497 816 κ
2516 758 2612 811 pro
2636 744 2838 800 unitate
2863 744 3122 800 catholica
3151 755 3203 798 et
3231 758 3331 814 pro

1777 835 2009 905 paternis
2033 835 2427 890 definitionibus
2454 837 2678 891 suadere
2703 851 2806 891 non
2833 850 3041 892 renuas.
3071 834 3197 890 Data
3229 835 3333 890 idi-

1775 925 1874 980 bus
1899 925 2049 980 Juliis
2075 926 2234 995 (anno
2261 926 2387 980 Chr.
2423 926 2572 997 482),
2602 924 2852 982 Severino
2886 928 3000 982 viro
3037 927 3330 981 clarissimo

1777 1014 2013 1072 consule.
2666 1032 2674 1037 ·

2122 1269 2143 1303 ⁸
2162 1280 2626 1340 FRAGMENTUM
2663 1279 3018 1370 EPISTQLE

2162 1449 2404 1491 ευιιοωειι
2432 1451 2577 1491 PAPB
2607 1451 2674 1492 AD
2703 1451 2960 1492 ZENONEI.

1783 1586 1969 1656 incipit
1998 1587 2451 1662 epistola_sanctac
2491 1590 2763 1662 memeriae
2793 1591 3050 1661 Simplicii
3085 1606 3231 1662 papae
3261 1594 3326 1650 ad

2207 1656 2474 1712 Zenonem
2502 1659 2892 1728 imperatorem.

2181 1795 2326 1850 Inter
2353 1808 2530 1852 caetera
2552 1807 2598 1852 et
2617 1799 2685 1851 ad
2713 1799 2898 1851 locum.

1845 1911 1950 1967 Sed
1979 1911 2085 1979 jam
2113 1911 2387 1965 veniamus
2411 1910 2476 1964 ad
2505 1926 2595 1964 eos
2625 1927 2846 1980 quorum
2869 1929 3028 1967 unum
3059 1929 3089 1968 a
3122 1917 3336 1985 pontific

1773 2002 1858 2055 cio
1879 1995 2251 2054 Alexandrinae
2274 1999 2519 2053 Ecclesia:
2537 2000 2934 2063 secludendum,
2963 2004 3183 2058 alterum
3207 2006 3330 2059 hui-

1777 2091 2164 2159 praeficiendum
2193 2090 2586 2157 tranquillitatis
2610 2086 2713 2145 tuae
2740 2093 2932 2161 scripta
2961 2097 3327 2164 pronuntiant,

1774 2196 1836 2236 ac
1860 2182 2051 2251 primo,
2083 2182 2125 2234 si
2152 2181 2320 2248 placet
2354 2195 2574 2248 persona
2597 2181 2736 2235 Petri
2755 2210 2779 2247 ,ν
2796 2184 3038 2237 meritum
3073 2187 3328 2255 expenda-
3363 2216 3369 2227 κ

1775 2286 1911 2326 mus.
1942 2270 2196 2324 Nimirum
2223 2271 2308 2324 hic
2347 2278 2428 2324 est
2458 2270 2696 2336 complex
2729 2273 3005 2340 parricida:
3031 2273 3185 2344 [forte
3209 2255 3331 2344 par-

1773 2359 1964 2431 ricidii]
1990 2359 2283 2423 Timothei,
2317 2368 2370 2413 et
2406 2359 2592 2414 exsilio
2628 2361 2955 2429 sempiterno
2982 2372 3162 2418 vestra
3202 2382 3329 2435 quo-o

1773 2467 1875 2519 que
1911 2439 2531 2521 iussione‘dignissimus.
2562 2449 2657 2504 ilic
2683 2460 2864 2505 contra
2893 2453 3168 2509 veritatem
3196 2457 3332 2510 mili-

1775 2540 1995 2594 tantium
2043 2540 2218 2594 socius
2267 2553 2511 2609 semper,
2565 2549 2620 2595 et
2670 2539 2874 2596 doctor.
2934 2541 3060 2607 Hic,
3113 2544 3181 2599 de
3228 2560 3330 2614 quo

1774 2630 2129 2686 Alexandrina
2160 2631 2291 2684 urbe
2319 2630 2561 2699 pellendo
2595 2645 2738 2700 sa‘pe
2780 2647 2865 2686 me
2898 2633 3093 2704 litteris
3118 2617 3331 2702 rogasse

1773 2739 1880 2777 non
1905 2723 2119 2778 dubium
2146 2731 2254 2786 est;
2285 2721 2375 2790 qui
2399 2723 2443 2776 si
2468 2731 2608 2778 esset
2635 2731 2792 2778 recta:
2823 2725 2962 2790 fidei,
2993 2727 3044 2780 in
3073 2728 3331 2784 catholica

1774 2813 1954 2882 utique
1988 2813 2361 2868 communione
2389 2812 2688 2866 mansisset.
2721 2813 2870 2888 Quod
2899 2814 2944 2869 si
2983 2798 3046 2867 ad
3076 2831 3192 2871 eam
3233 2832 3331 2870 nu-

1773 2921 1868 2975 per
1906 2903 2266 2959 emendandus
2293 2904 2496 2956 accedit
2525 2903 2623 2955 hoc
2661 2903 2829 2970 ipsum
2873 2905 2960 2958 diu
2992 2904 3179 2960 retenti
3205 2920 3330 2960 con-

1777 2995 1972 3050 futatur
2005 2994 2234 3056 erroris,
2271 3008 2429 3062 quam
2478 3003 2651 3048 tamen
2695 2997 3116 3051 emendationem
3162 2999 3207 3052 si
3247 3000 3330 3056 vel

581 3093 639 3137 ut
679 3085 806 3136 sutis
839 3083 1110 3137 evidenter
1150 3090 1401 3150 appareat
1438 3096 1539 3134 non
1578 3094 1671 3134 eos
1697 3080 1740 3140 C
1772 3101 1912 3140 nunc
1946 3086 2150 3138 sincera
2180 3091 2356 3138 mente
2386 3087 2732 3153 perquireret,
2759 3088 3165 3142 satisfactionem
3199 3104 3328 3143 cau-

1768 3183 2050 3244 sequenter
2077 3173 2290 3228 afferret
2321 3189 2336 3224 :
2370 3188 2472 3226 non
2520 3175 2718 3242 expetit
2755 3175 2911 3245 [forte
2943 3177 3213 3249 exspectat]
3249 3179 3328 3232 di-

1767 3269 2049 3335 gn'tatem,
2088 3263 2175 3333 qui
2219 3271 2335 3332 post
2376 3264 2752 3331 paenitudinem
2793 3265 3108 3335 indulgentia
3139 3269 3328 3337 dignus

1768 3363 1870 3420 est,
1899 3369 2001 3408 non
2027 3338 2254 3406 honore.
2286 3352 2437 3408 Absit
2462 3363 2522 3406 ut
2547 3354 2662 3421 ejus
2685 3353 2840 3407 saluti
2866 3352 2909 3408 si
2932 3355 3208 3423 resipiscit,
3240 3359 3326 3412 in-

1770 3444 2006 3509 videam;
2029 3445 2369 3512 complector,
2394 3444 2579 3498 hortor
2609 3453 2662 3498 et
2699 3445 2920 3514 gaudeo,
2949 3446 3326 3517 gloriosissime

1768 3533 2086 3601 imperator;
2117 3525 2320 3586 sed-diu
2352 3534 2621 3600 pravitatis
2650 3534 2871 3590 vulnere
2890 3538 3128 3592 sauciato
3153 3540 3324 3594 medi-

1765 3623 1900 3676 cinae
1931 3624 2080 3676 venia
2115 3610 2390 3688 competit,
2416 3637 2521 3676 non
2554 3625 2848 3691 potestatis.
2876 3625 3019 3679 Tunc
3037 3627 3175 3681 enim
3203 3629 3327 3683 reli~

1765 3714 1936 3782 gioiiis
1967 3714 2160 3781 pulerit
2187 3714 2507 3781 nunrupari,
2535 3714 2579 3768 si
2617 3716 2962 3787 perversitate
2985 3719 3226 3773 damnata
3256 3721 3323 3775 ad

1765 3820 1947 3860 sanam
1996 3804 2151 3858 fidem
2197 3819 2434 3858 remeare
2477 3807 2828 3874 prteelegerit.
2870 3808 3116 3875 Alioquin
3157 3815 3326 3864 mani-

1766 3894 1929 3947 festus
1974 3903 2055 3948 est
2094 3909 2213 3948 eum
2264 3911 2370 3946 non
2416 3895 2740 3948 curationem
2780 3899 2973 3964 proprii
3015 3899 3329 3956 desiderare

1764 3983 2060 4050 languoris,
2104 3983 2196 4036 sed
2239 3983 2438 4036 ambire
2484 3983 2776 4052 fastigium,
2807 4000 2911 4052 quo
2949 3988 3176 4054 ρει-Μὶν
3212 4004 3329 4044 sua:

1763 4073 1906 4124 virus
1951 4070 2154 4125 miseris
2195 4070 2548 4125 animantibus
2586 4073 2932 4128 confidentius
2976 4076 3335 4144 licentiusque-

1762 4159 2046 4225 diffundat,
2088 4169 2143 4212 et
2180 4158 2246 4212 de
2285 4159 2555 4226 superiore
2594 4160 2709 4214 loco
2746 4161 2911 4214 multo
2939 4161 3219 4218 violentius
3265 4169 3331 4219 in-

1766 4249 2073 4304 servitutem
2125 4249 2439 4302 catholicam
2497 4249 2700 4314 redigat
2756 4250 3074 4306 libertatem.
3129 4252 3333 4318 Quaeso

1762 4339 1952 4394 deinde
1983 4341 2071 4408 qui
2102 4339 2216 4405 ejus
2248 4339 2517 4406 provectui
2545 4335 2928 4408 suﬂ'rageutur,
2957 4352 3009 4394 et
3037 4357 3128 4396 eos
3159 4345 3326 4397 audio

146 4424 420 4495 Christiano,
450 4439 504 4484 et
525 4431 815 4483 secundum
853 4429 965 4483 ha-e
993 4445 1108 4498 quae
1139 4430 1467 4494 mandamus,
1502 4429 1664 4481 infor-
1686 4423 1738 4482 D
1763 4443 1880 4484 esse
1925 4428 2392 4491 archimandritas,
2437 4438 2490 4481 et
2524 4429 2842 4494 monachos,
2873 4430 2957 4483 vel
2990 4431 3032 4484 si
3071 4432 3157 4496 qui
3195 4444 3318 4487 sunt

148 4527 262 4567 mare
279 4518 480 4581 crebro,
511 4520 670 4586 inque
707 4532 822 4570 eam
851 4525 1053 4585 partem
1090 4533 1207 4585 quae
1226 4519 1403 4595 amica
1431 4518 1498 4570 sit
1525 4517 1662 4571 veri-

147 4604 218 4655 tati
236 4644 248 4663 .
282 4609 444 4673 potius
483 4610 687 4662 instare
712 4622 816 4660 non
843 4606 1056 4660 desinas
1075 4648 1090 4671 ,
1121 4617 1174 4660 et
1202 4608 1283 4676 (ut
1308 4618 1544 4662 sanctum
1567 4608 1657 4660 Ti-

157 4692 371 4748 uotheum
435 4696 765 4750 venerandus
822 4696 1092 4760 apostolus
1158 4696 1354 4748 Paulus
1413 4696 1660 4766 instituit)

146 4790 398 4839 opportune
418 4826 432 4848 ,
462 4785 795 4850 importune,
817 4783 1162 4848 obsecrando,
1197 4785 1514 4840 insinuando
1561 4803 1656 4840 ex-

152 4870 451 4938 ponendoque
493 4870 794 4925 nullatenus
835 4872 1064 4940 allegare
1100 4875 1367 4940 cessabis,
1408 4884 1461 4929 et
1507 4878 1660 4930 nobis

148 5022 343 5089 periurus
370 5037 510 5091 esset
536 5027 766 5081 Joannes
798 5046 810 5079 :
842 5036 1021 5096 utpote
1055 5031 1140 5098 qui
1179 5031 1412 5098 Jurasset
1440 5048 1543 5084 non
1575 5033 1655 5085 fu.

149 5103 282 5169 turum
322 5104 376 5148 ut
417 5099 1101 5169 pa_teret_t_tr_se_aliquando
1144 5100 1193 5150 in
1238 5103 1648 5154 Alexandrinum

151 5163 405 5233 episcopum
441 5165 584 5231 eligi.
610 5163 743 5216 Vide
773 5163 1050 5219 Baroitium
1079 5183 1218 5221 anno
1245 5170 1380 5233 482,
1410 5186 1554 5223 num.
1590 5175 1647 5223 11

150 5239 188 5278 ct
211 5232 278 5281 η.
297 5232 416 5285 Ssv.
456 5235 654 5287 BINIUS.

142 5311 160 5372 ἰ
202 5298 215 5328 ¹
249 5297 458 5366 Epistula
500 5300 756 5372 Simplicii
801 5316 1083 5372 papzeiqua
1127 5306 1413 5369 reSpondet
1454 5305 1652 5361 Zenoni

154 5370 401 5436 imperatori
446 5370 642 5436 petenti
693 5370 1058 5423 Alexandriam
1105 5373 1353 5426 Ecclesia:
1407 5391 1472 5429 ex
1521 5392 1652 5430 nece

152 5432 377 5511 :l‘nnotheo
409 5432 549 5493 illata
579 5440 1001 5511 vacantipreelici
1028 5441 1234 5511 l’etrum
1265 5444 1528 5511 Moggum,
1559 5460 1643 5497 re-

153 5515 256 5564 let'to
288 5507 473 5563 Joanne
507 5523 662 5579 quem
703 5508 799 5559 sibi
837 5510 1184 5579 Alexandrina
1219 5507 1450 5564 Ecclesia
1478 5517 1648 5579 elege-

155 5581 228 5633 ιιι,
254 5581 450 5643 epistola
478 5579 608 5644 haec,
646 5576 856 5646 inquam
880 5617 894 5644 ,
928 5578 1193 5647 hucusque
1218 5582 1363 5634 latuit
1393 5576 1642 5649 eruditos,

1761 4520 1849 4572 alii
1887 4520 1973 4586 qui
2009 4531 2128 4570 sese
2155 4531 2182 4568 a
2223 4517 2594 4572 communione
2632 4518 2886 4572 catholica
2919 4531 3314 4584 separaverunt.

1763 4609 1962 4662 llorum
2006 4621 2132 4670 ergo
2171 4605 2527 4660 testimonium
2554 4605 3007 4673 comprobandum
3042 4613 3154 4672 est,
3187 4625 3322 4676 quo—-

1761 4712 1876 4751 rum
1911 4695 2228 4750 admittenda
2260 4709 2517 4763 persona,
2545 4694 2730 4763 quibus
2757 4710 2899 4749 sance
2928 4696 3048 4751 fidei
3094 4714 3150 4759 ει
3181 4713 3318 4752 conp

1757 4787 1992 4842 scientia:
2037 4799 2190 4839 causa
2231 4801 2336 4839 non
2376 4785 2639 4855 suppetit,
2678 4793 2732 4838 et
2769 4786 2854 4853 qui
2901 4801 3018 4840 eum
3068 4788 3308 4843 eumdem

1764 4875 1994 4949 [eodem]
2022 4876 2132 4944 pari
2158 4885 2400 4930 tenentur
2428 4891 2626 4931 errore.
2657 4873 2822 4928 Finis.

1760 5032 1993 5098 quamvis
2018 5030 2083 5083 de
2114 5030 2362 5096 petitione
2384 5032 2481 5084 bac
2505 5046 2532 5082 a
2565 5030 2780 5084 Zenone
2810 5031 2943 5084 facta
2974 5033 3154 5086 moniti
3190 5033 3306 5088 fuc-

1761 5110 1882 5154 runt
1922 5114 1984 5152 ex
2022 5099 2240 5159 cpistola
2281 5099 2535 5166 Simplicii
2578 5100 2640 5151 ad
2679 5100 2946 5152 Acacium.
2982 5102 3122 5154 Hauc
3157 5118 3303 5164 vero,

1759 5169 1993 5234 quamvis
2022 5183 2124 5220 non
2165 5171 2438 5235 integram,
2471 5168 2616 5222 dedit
2642 5169 2794 5222 nobis
2831 5170 3093 5234 inSperato
3127 5181 3302 5224 vetus-

1760 5238 1988 5290 tissimus
2012 5238 2129 5288 cod.
2159 5236 2538 5303 Frisingeusis,
2570 5253 2723 5304 quem
2753 5237 2804 5290 in
2836 5254 2982 5290 usum
3019 5237 3168 5302 hujus
3194 5243 3305 5293 edi-

1759 5307 1911 5357 tionis
1948 5306 2210 5358 consuluit
2250 5307 2306 5359 P.
2354 5305 2640 5359 Frobenius
2681 5305 2892 5364 Forster
2933 5306 3303 5364 Benedielinus

1759 5377 1898 5436 prior
1918 5384 1970 5426 et
1996 5374 2427 5428 biblimheearius
2445 5375 2498 5427 S.
2535 5373 2847 5427 Emmerami
2877 5373 3194 5429 Ratisbonae.
3226 5382 3299 5435 Ex

1757 5444 1850 5495 hac
1881 5458 2002 5494 vero
2032 5443 2161 5494 nihil
2194 5444 2442 5496 discimus
2478 5457 2631 5509 supra
2669 5443 2720 5493 id
2749 5442 2885 5508 quod
2914 5442 3017 5508 jam
3054 5445 3298 5502 innotue-

1754 5522 1853 5570 rat.
1871 5511 2194 5576 Simplicium
2218 5511 2420 5567 scilicet
2439 5511 2657 5580 obsequi
2681 5511 2982 5579 imperatori
3003 5520 3297 5572 recusasse,

1753 5582 1902 5636 Jom.
1937 5579 2072 5636 Bon.
2101 5581 2286 5636 Maasx.
