3854 6228
599 256 664 315 59
913 273 916 277 ‘
1602 253 1899 310 SIMPLICH
1935 251 2131 308 PAPIE
2161 249 2474 306 EPISTOLA
2519 246 2697 301 X‘illl.
3669 241 3742 295 60

1069 363 1419 419 'EPISTOLA
1447 363 1625 441 xvnt.

1063 488 1294 526 SIIPLICII
1320 488 1385 525 AD
1412 486 1637 525 EUIDBII.

598 581 776 634 Mirari
805 599 854 634 se
880 585 948 633 ait
976 581 1203 632 Acacium
1237 581 1297 629 de
1327 577 1672 630 Alexandrina
1707 574 1936 626 Ecclesia
1962 589 2110 626 uexa-

665 652 874 702 tionibns
912 663 1214 714 nequaquam
1235 662 1288 698 se
1316 646 1588 706 monuisse;
1614 643 1844 714 hortatur
1870 651 2034 696 autem
2059 650 2112 692 ut

662 718 949 781 imperatori
982 712 1193 768 insinuet
1244 721 1296 764 tit
1339 714 1495 765 eidem
1539 712 1771 763 Ecclesia:
1811 727 1911 777 pax
1948 719 2114 778 optata

665 786 919 837 reddatur.

818 892 1162 946 Dilectissimo
1191 889 1334 942 fratri
1357 888 1544 941 Acaeio
1573 886 1880 952 Simplicitts.

669 981 1048 1050 Cagitationum
1079 981 1232 1034 feri-is
1257 994 1359 1030 non
1384 979 1666 1031 habemus:
1690 990 1784 1029 nec
1804 977 1942 1028 enim
1969 974 2116 1040 quie-

598 1085 745 1124 scere
787 1086 885 1124 nos
927 1085 1079 1124 causa
1125 1069 1411 1136 permittit,
1456 1082 1606 1135 quam
1648 1065 1690 1118 si
1734 1065 2114 1131 relinquamus,

601 1157 734 1224 apud
771 1156 1032 1211 Christum
1070 1156 1340 1226 Dominum
1383 1167 1612 1208 nosuum
1635 1194 1649 1219 ,
1690 1151 1834 1218 cujus
1872 1153 2116 1213 interest,

600 1245 920 1302 excusabiles
963 1244 1117 1315 [forte
1157 1238 1531 1309 inmutabiles]
1576 1253 1782 1304 sumus.
1825 1238 1891 1292 Et
1932 1238 2120 1291 mirum

601 1342 684 1386 est
711 1332 1034 1386 dilectionem
1065 1339 1204 1385 tuam
1236 1338 1310 1384 tot
1335 1327 1560 1382 emensis
1588 1327 1934 1395 temporibus,
1957 1334 2010 1379 et
2049 1332 2122 1378 tot

605 1421 1068 1488 opportunitatibus
1092 1419 1209 1472 inde
1235 1415 1575 1478 venientibus,
1603 1414 1672 1467 nil
1690 1427 1794 1467 'nos
1820 1413 1884 1466 de
1904 1411 2125 1465 Alexan-

606 1510 753 1562 drina
786 1510 1009 1563 Ectlesia
1027 1547 1044 1574 ,
1074 1523 1188 1576 qua
1214 1517 1315 1559 tam
1347 1507 1570 1575 graviter
1595 1503 1841 1572 quatitur,
1870 1502 2124 1554 instruere

606 1599 861 1662 voluisse;
888 1613 1003 1651 cum
1031 1610 1240 1650 monere
1262 1603 1310 1648 to
1339 1607 1432 1647 nec
1457 1591 1738 1658 increpatio
1766 1599 1939 1643 nostra
1968 1587 2128 1642 desti-

2130 362 2177 420 A
2205 373 2300 414 suo
2327 358 2588 421 cognoscit
2612 353 2829 422 imperio
2847 392 2862 416 ,
2892 353 3136 406 Ecclesiae
3163 351 3251 405 Dei
3275 350 3340 405 ab
3369 351 3741 405 hmretieorum

2209 445 2516 512 contagione
2550 453 2600 496 et
2637 442 2885 509 pravitate
2909 442 3181 504 violentur,
3207 440 3300 494 sed
3335 440 3583 493 doctrina:
3620 439 3745 492 dia-

2209 536 2390 588 bolicae
2419 534 2758 602 prteceptiono
2793 533 2998 600 pietatis
3029 533 3188 597 ipsius
3215 540 3524 597 prmstentur
3548 531 3746 582 immu-

2212 638 2324 676 nes.
2367 623 2428 677 Ut
2469 624 2500 674 ii
2536 625 2622 690 qtti
2667 623 2766 674 sibi
2807 620 3118 674 crediderint
3152 620 3470 684 sacerdotale
3504 619 3752 671 ministe—

2212 711 2343 763 rium
2376 711 2602 763 damnati
2645 710 2869 763 hminis
2907 710 3305 777 praesumptione
3335 706 3591 767 conferri.
3621 721 3752 774 pro-

2212 798 2433 864 mulgata
2477 797 2731 864 imperiali
2776 796 3147 850 constitutione
3193 795 3348 848 etiam
3395 809 3425 848 a
3476 803 3751 848 conventu

2217 886 2484 940 hominum
2531 885 2833 955 segregandi
2874 885 3151 953 iubeantur
3192 883 3391 939 excludi
3430 900 3444 936 :
3489 892 3753 951 quatenus

2217 974 2296 1028 his
2331 974 2617 1044 submotis,
2645 985 2798 1042 atque
2837 975 2888 1026 in
2930 974 3221 1027 solitudinis
3255 973 3500 1041 perpetua
3543 973 3755 1040 relega-

2220 1064 2360 1116 tione
2388 1063 2954 1125 damnatis,_antistites
2979 1061 3219 1115 catholici
3245 1061 3478 1129 deceptis
3507 1061 3588 1112 vel
3629 1060 3755 1112 red-

2217 1152 2408 1206 dantur
2446 1151 2726 1214 EOt'iCSiiS,
2757 1151 2835 1204 vel
2880 1161 3138 1205 creentur.
3181 1150 3231 1202 In
3273 1164 3373 1214 quo
3419 1163 3514 1202 nec
3554 1158 3755 1200 nostra

2219 1254 2404 1309 preces
2431 1240 2567 1307 apud
2594 1239 3039 1307 religiosissimum
3062 1238 3367 1306 principem,
3397 1253 3492 1292 nec
3511 1239 3754 1292 dilectio-

2218 1332 2301 1384 nis
2335 1339 2435 1384 tua:
2463 1331 2756 1398 sttggestio.
2781 1339 2871 1383 aut
2895 1338 3149 1384 tantorum
3182 1328 3394 1382 fratrum
3427 1337 3754 1391 nostrorum,

2220 1433 2351 1487 quos
2378 1418 2652 1473 advenisse
2677 1417 3176 1486 Constantinopolim
3211 1418 3527 1485 reperimus,
3562 1417 3758 1483 implo-

2223 1506 2353 1560 ratio
2374 1506 2726 1568 sacerdotum,
2757 1515 2845 1559 ant
2870 1507 3176 1574 supplicatio
3205 1496 3575 1559 monachorum
3605 1505 3758 1558 labo-

2224 1608 2339 1646 rare
2366 1595 2574 1661 poterit.
2596 1593 2730 1659 Quin
2752 1595 2998 1663 quidquid
3023 1594 3084 1648 ad
3108 1595 3451 1662 integritatem
3475 1593 3759 1657 catholica:

607 1687 746 1750 terit,
777 1694 830 1738 ut
859 1685 1154 1752 participata
1181 1680 1542 1743 sollicitudine,
1575 1678 1771 1731 litteras
1806 1688 1948 1729 meas
1984 1673 2117 1742 apud
2148 1672 2192 1732 Β
2220 1679 2336 1732 fidei
2367 1682 2621 1748 pertinet,
2654 1682 2704 1734 in
2739 1697 2837 1749 qua
2881 1683 3228 1736 Eeclesiarnm
3257 1692 3337 1736 est
3364 1684 3644 1736 constituta
3677 1696 3759 1733 se«

603 1773 1098 1827 Christianissimum
1123 1778 1179 1826 et
1201 1768 1662 1824 clementissimum
1690 1752 1969 1833 principem
1993 1778 2128 1831 prse-

603 1863 834 1915 sentibus
871 1872 972 1912 tuac
1012 1858 1306 1912 dilectiOois
1345 1856 1730 1927 prosequereris
1764 1852 2033 1920 alloquiis,
2073 1860 2128 1904 et

592 1941 822 2003 instituti
842 1949 1024 2002 veteris
1046 1961 1262 2009 memor,
1281 1947 1329 1998 in
1350 1939 1753 1999 orthodoxorum
1774 1941 2124 1995 defensionem

606 2039 871 2091 nobiscum
897 2038 970 2091 sic
994 2052 1197 2103 semper
1226 2036 1552 2089 incnmberes
1570 2075 1584 2096 .
1620 2049 1686 2087 ne
1714 2032 1984 2101 quisquam
2029 2045 2125 2082 no-

604 2137 797 2190 stt-um,
825 2127 1115 2180 Christiana
1147 2126 1298 2192 plebe
1321 2130 1605 2190 pereunte,
1635 2132 1830 2174 reatum
1853 2118 2129 2173 deditionis

605 2214 867 2279 incurrat,
897 2224 947 2267 et
987 2213 1337 2268 mercenarius
1365 2213 1534 2279 potius
1563 2210 1794 2262 videatur
1822 2221 1937 2261 esse
1974 2221 2127 2274 qnam

605 2312 796 2372 pastor.
831 2302 975 2357 Unde
1015 2302 1276 2353 hortamur
1301 2300 1629 2353 dilectionem
1670 2306 1806 2350 tuam
1847 2307 1902 2349 ut
1937 2312 2128 2362 oppor-

607 2401 732 2444 tune
758 2398 913 2458 atque
941 2391 1234 2458 importune
1259 2388 1356 2454 piis
1384 2387 1592 2439 auribus
1621 2385 1881 2454 insinuare
1902 2397 2006 2435 non
2034 2382 2130 2436 de-

605 2479 773 2541 sinat,
805 2485 1054 2543 quatt-nus
1079 2475 1293 2526 remotis
1319 2472 1576 2526 scandulis
1602 2480 1714 2540 quae
1747 2473 1795 2523 in
1824 2470 2132 2523 Alexandri-

588 2581 730 2618 'nam
779 2564 1064 2618 Ecclesiam
1126 2563 1371 2616 recidivis
1423 2561 1632 2613 ausibus
1684 2563 1984 2624 irrue'runt,
2035 2575 2131 2628 pax

607 2661 778 2718 optata
805 2651 1064 2713 reddatur,
1088 2660 1139 2703 et
1159 2649 1398 2701 celeriter
1419 2647 1695 2716 vigilantia:
1721 2641 1818 2701 tunc
1839 2649 2121 2714 profectus,

611 2740 915 2808 posthabitis
966 2739 1396 2803 diticultatibus,
1444 2736 1737 2790 inducatur.
1782 2738 1904 2788 Data
1954 2746 2135 2790 octavo

611 2830 726 2883 idus
754 2830 1078 2895 Novembris,
1108 2830 1360 2883 Severino
1388 2828 1621 2892 consule,
1651 2829 1836 2881 directa
1861 2843 1946 2896 per
1975 2829 2135 2882 Resti-

611 2927 787 2972 tutum.

1218 3006 1530 3059 EPISTULA

1080 3109 1310 3146 SIMPLICII
1342 3111 1406 3147 AD
1432 3111 1660 3148 BUIDEI.

927 3183 966 3233 Α
1000 3181 1129 3233 Luca
1160 3182 1436 3238 IIolsteittio
1471 3184 1640 3244 Roma:
1666 3184 1818 3236 edito.

845 3269 1188 3323 Dilectissimo
1216 3271 1354 3323 fratri
1380 3272 1569 3323 Acacio
1593 3270 1905 3335 Simplicius.

681 3357 897 3411 Litteris”
929 3370 1028 3409 tua:
1056 3357 1379 3418 dileCtionis,
1415 3371 1543 3423 quas
1580 3372 1671 3422 per
1707 3357 1865 3408 tilium
1907 3365 2138 3408 nostrum

621 3443 965 3509 Epiphaniam
1002 3443 1274 3495 diaconum
1318 3442 1553 3508 probatae
1593 3441 1710 3494 fidei
1754 3440 2034 3507 direxisti,
2079 3457 2139 3496 ea

619 3545 736 3595 qua:
760 3530 974 3581 strictim
1005 3527 1375 3595 religioissimi
1397 3528 1493 3581 viri
1525 3529 1616 3580 filii
1645 3529 1804 3588 nostri
1834 3529 2141 3596 presbyteri,

620 3615 1034 3670 archimandritas
1069 3630 1185 3668 cum
1224 3616 1490 3670 monachis
1527 3617 1610 3671 vel
1649 3626 1769 3671 ante
1807 3618 2140 3684 scripserant,

619 3705 783 3758 latius
817 3703 1082 3766 indicasti,
1129 3713 1180 3756 et
1226 3705 1425 3770 prolixo
1471 3705 1674 3772 quidem
1717 3706 2006 3769 volumine,
2054 3708 2144 3759 sed

620 3807 862 3846 sermone
890 3793 1185 3847 necessario
1221 3793 1473 3855 retulisti;
1507 3800 1563 3845 ut
1591 3794 1720 3860 'quid
1748 3793 1826 3846 vel
1853 3793 2146 3847 Constanti-

610 3882 829 3950 *nopoli,
860 3881 940 3934 vel
980 3882 1032 3934 in
1067 3880 1182 3934 aliis
1223 3881 1518 3947 regionibus
1554 3883 1618 3934 ab
1657 3882 1912 3936 haereticis
1946 3891 2143 3949 gestum

621 3970 935 4024 disceremus
967 3983 1064 4021 :ae
1087 3970 1282 4037 singula
1312 3983 1425 4036 quae
1455 3979 1635 4023 contra
1665 3970 2038 4024 ecclesiasticas
2064 3987 2142 4024 re-

621 4058 798 4123 gulas,
835 4068 888 4110 et
920 4065 1099 4110 contra
1135 4056 1299 4122 ipsam
1339 4056 1645 4110 catholicam
1672 4058 1822 4112 ﬁdem
1853 4059 2177 4125 ubicunque-

626 4145 897 4197 commissa
927 4154 1066 4210 sunt,
1097 4152 1216 4196 ante
1256 4152 1463 4196 nostros
1490 4145 1666 4196 oculos
1691 4147 1990 4208 collocaui;
2022 4161 2148 4212 qua-

627 4243 776 4285 tenus
805 4233 1038 4284 videatur
1071 4245 1173 4297 quo
1207 4231 1363 4282 etiam
1405 4231 1632 4283 remedio
1662 4232 2022 4284 subveniretur
2052 4235 2148 4285 Ee-

2225 1770 2417 1822 enritas
2444 1784 2680 1838 regressu
2709 1769 2921 1838 pietatis
2943 1785 3072 1834 suae,
3102 1769 3316 1823 Domino
3339 1786 3394 1822 se
3415 1771 3602 1838 ubique
3632 1784 3759 1836 pro-

2225 1867 2476 1922 sequente
2501 1857 2732 1910 onmium
2749 1846 3085 1923 praeveniens
3109 1867 3228 1910 vota
3256 1858 3500 1911 restituft.
3531 1857 3595 1910 Et
3619 1856 3761 1924 apud

2226 1954 2450 1997 mentem
2478 1943 2970 1998 Christianissimam
3005 1945 3171 1999 facilis
3199 1954 3279 2000 est
3302 1947 3610 2013 impetrandi
3641 1961 3762 2014 gra-

2228 2031 2292 2083 tia
2312 2069 2328 2092 ,
2360 2031 2445 2083 ubi
2477 2031 2742 2099 religionis
2780 2041 2861 2084 est
2894 2047 3067 2103 causa.
3096 2033 3242 2087 Sient
3279 2049 3404 2100 ergo
3438 2033 3622 2087 litteris
3661 2018 3772 2087 no-V

2225 2118 2369 2183 stris,
2402 2120 2471 2171 ita
2494 2103 2593 2172 tute
2625 2119 2944 2186 dilectionis,
2978 2121 3054 2173 vel
3085 2121 3313 2173 omnium
3340 2121 3554 2173 fratrum
3584 2121 3674 2187 qut
3706 2135 3763 2173 se

2227 2206 2291 2258 ad
2339 2207 2649 2260 documenta
2705 2207 2826 2260 fidei
2877 2221 2986 2261 suae
3030 2207 3459 2261 Christianissimi
3511 2207 3764 2274 principis

2230 2293 2611 2358 'prtesentavere
2649 2296 2990 2362 conspectui,
3043 2297 3369 2362 sugchtione
3419 2297 3765 2361 repetendum

2229 2393 2336 2446 cst,
2367 2395 2423 2436 ut
2453 2385 2760 2439 Timotheus
2786 2400 2902 2439 cum
2940 2386 3248 2454 sequacibus
3282 2388 3390 2440 suis
3415 2388 3476 2438 ad
3515 2388 3768 2440 irremea--

2232 2474 2332 2527 bile
2353 2474 2603 2543 dirigatur
2630 2476 2892 2529 exsilium.
2916 2475 3042 2529 Cum
3069 2490 3172 2544 quo
3197 2477 3386 2530 Paulus
3407 2475 3472 2528 ab
3499 2475 3767 2544 Ephesiua

2239 2564 2493 2626 Ecclesia,
2525 2575 2576 2617 et
2604 2565 2786 2618 Petrus
2807 2567 2872 2618 ab
2897 2564 3224 2619 Antiochena
3251 2565 3460 2618 civitate
3491 2553 3766 2632 depulsus,

2232 2661 2386 2718 atque
2413 2667 2595 2705 omnes
2621 2653 2708 2720 qni
2733 2653 2799 2705 ab
2826 2661 2888 2705 eo
2913 2668 2990 2716 se,
3020 2653 3101 2705 vel
3125 2653 3190 2705 ab
3217 2652 3299 2706 his
3322 2668 3454 2719 quos
3483 2653 3666 2706 illicite
3691 2654 3768 2705 fe-

2232 2747 2406 2802 cerat,
2437 2740 2694 2793 acstimant
2721 2740 2993 2807 episcopos
3031 2741 3299 2794 ordinatos
3320 2784 3333 2806 ,
3368 2742 3546 2793 cadent
3577 2741 3768 2794 debent

2237 2826 2352 2892 lege
2393 2828 2619 2893 percelli.
2661 2828 2734 2881 De
2772 2829 2996 2880 Antonio
3038 2838 3242 2892 autem,
3283 2829 3370 2895 qni
3408 2843 3587 2881 eorum
3631 2838 3769 2895 quos

2237 2923 2414 2966 eontra
2469 2915 2752 2969 Eeelesiam
2805 2927 3048 2988 tyrannos
3096 2920 3350 2980 miserat,
3397 2917 3770 2983 antesignanus

2162 2993 2206 3055 C
2235 3004 2501 3071 existens,
2531 3007 2662 3058 sicut
2690 3007 2938 3074 scriptum
2970 3018 3048 3060 est
3079 3006 3246 3076 (Psal.
3272 3023 3389 3070 vnt,
3419 3007 3495 3074 3),
3529 3007 3771 3059 inimicus

2237 3104 2290 3146 et
2314 3093 2559 3148 defensor
2586 3095 2840 3161 apparuit.
2870 3095 2942 3148 De
2970 3096 3168 3149 Joanne
3204 3095 3427 3160 quodam
3457 3092 3761 3147 Constanti-

2156 3247 2161 3252 ,
2238 3175 2555 3248 n0politano‘,
2583 3181 2758 3248 q'uiah
2776 3180 3034 3234 haereticis
3054 3182 3374 3248 Apamenum
3398 3174 3770 3243 sacerdotium,

2239 3268 2374 3335 quod
2399 3269 2471 3331 ei,
2499 3268 2586 3335 qui
2624 3269 2896 3337 presbyter
2920 3269 3127 3322 aliunde
3165 3269 3359 3334 fuerat,
3387 3269 3468 3322 vel
3497 3284 3526 3322 a
3554 3269 3770 3322 catboii—

2238 3355 2316 3406 cis
2343 3361 2682 3419 sumere'non
2710 3355 2931 3420 licebat,
2963 3370 3019 3409 se
3043 3356 3342 3410 hmreticum
3374 3355 3691 3423 publicatit,
3721 3367 3771 3408 et

2225 3443 2377 3509 'quod
2407 3444 2455 3494 in
2489 3457 2546 3496 se
2580 3458 2851 3510 perperam
2880 3443 3068 3496 factum
3097 3454 3175 3496 est
3197 3440 3563 3511 improperium
3595 3454 3768 3498 retor-

2242 3531 2311 3583 sit
2364 3531 2413 3583 itt
2467 3541 2761 3592 auctorem;
2815 3531 3086 3598 expellens
3130 3531 3194 3582 ab
3241 3530 3509 3583 Antiochia
3558 3532 3770 3584 Petrum

2245 3633 2575 3687 pervasorem
2599 3620 2782 3685 ipsius,
2815 3618 3052 3670 eamdem
3080 3617 3364 3678 Ecclesium
3391 3603 3507 3686 ipse
3527 3617 3767 3685 pervasit,

2247 3709 2345 3760 sub
2370 3708 2697 3760 anathemate
2728 3723 2754 3758 a
2781 3706 3191 3761 Christianorum
3222 3710 3517 3774 consortio,
3549 3709 3632 3761 vel
3663 3709 3770 3773 ipsa

2245 3798 2593 3864 appellatione
2633 3811 2958 3849 removemns
2995 3812 3009 3847 :
3057 3812 3152 3848 nec
3187 3810 3429 3863 ttnqttam'
3452 3797 3533 3848 bis
3567 3794 3771 3848 satisfa-

2246 3884 2433 3936 ctionis
2455 3881 2840 3950 patefaciendus
2863 3891 2942 3934 est
2964 3883 3127 3935 locus.
3157 3883 3282 3947 Quia
3305 3883 3437 3934 sicut
3458 3882 3616 3934 Judas
3638 3881 3771 3933 inter

2245 3973 2528 4038 apostolos,
2567 3973 2634 4024 ita
2662 3972 2741 4022 isti
2770 3971 2904 4023 inter
2933 3970 3194 4022 ministros
3223 3969 3314 4022 Dei
3345 3969 3556 4021 subdola
3587 3979 3634 4021 ct
3662 3969 3772 4020 dia-

2245 4059 2400 4111 bolici
2441 4060 2652 4123 spiritus
2694 4059 2872 4111 fraude
2912 4058 3189 4112 latuerunt.
3225 4059 3295 4110 De
3324 4056 3600 4111 Christiani
3640 4072 3774 4122 quo-

2247 4160 2348 4212 que
2391 4147 2560 4212 papuli
2590 4145 2691 4197 fide
2725 4155 2776 4196 et
2813 4146 3087 4197 devotione
3133 4146 3414 4212 gaudentes
3438 4185 3452 4207 ,
3487 4146 3766 4210 proiectum

2248 4227 2361 4297 ejus
2387 4241 2440 4284 et
2466 4231 2942 4297 multiplicationem
2965 4232 3069 4284 Deo
3093 4232 3280 4295 jugiter
3306 4223 3650 4297 supplicantes
3681 4246 3772 4282 ex-

623 4320 817 4382 clcsiis,
850 4319 1031 4384 quibus
1054 4316 1156 4367 vim
1185 4317 1280 4368 sub
1304 4318 1575 4370 occasione
1604 4319 1883 4386 tyrannica:
1911 4319 2147 4370 domina-
2173 4310 2224 4366 D
2248 4318 2467 4384 petimus
2499 4334 2513 4368 :
2545 4327 2597 4368 ut
2626 4318 2676 4368 in
2707 4318 2889 4368 timore
2917 4327 3069 4381 atque
3096 4331 3272 4368 amore
3295 4318 3494 4368 Domini
3524 4331 3765 4384 perseve-

625 4407 822 4470 tionis,
871 4414 924 4457 et
971 4420 1061 4472 per
1102 4404 1385 4457 absentiam
1433 4405 1853 4458 Christianissimi
1903 4407 2146 4473 principis

628 4495 946 4562 perniciosus
985 4495 1114 4546 latro
1158 4503 1208 4545 et
1249 4493 1500 4546 recidivus
1539 4496 1744 4546 invasor
1789 4495 2146 4548 Alexandrina:

630 4582 876 4635 Ecclesia:
906 4581 1078 4645 lapsus
1098 4580 1291 4632 exsiliis
1323 4580 1585 4646 irrogavit.
1619 4582 1763 4633 Unde
1791 4583 1996 4635 unicum
2028 4592 2143 4649 post

629 4671 819 4733 Deum,
851 4669 942 4735 qui
986 4667 1265 4720 Eeclesiam
1305 4676 1354 4719 et
1395 4669 1761 4732 rempublicam
1797 4673 2002 4722 consola
2031 4671 2147 4723 ioue

631 4759 847 4809 mirabili
877 4758 1102 4808 visitavit
1124 4799 1136 4820 ,
1163 4755 1364 4809 etiamsi
1389 4755 1486 4806 hoc
1517 4756 1624 4807 fieri
1656 4757 1864 4810 minime
1892 4761 2146 4825 postulas-

625 4862 710 4899 ses
728 4886 744 4910 ,
765 4845 1148 4898 clementissimi
1179 4845 1501 4911 imperatoris
1528 4843 1769 4894 auxilium
1794 4847 2028 4898 duximus
2054 4847 2149 4898 im-

631 4935 960 5000 pro-audam;
990 4941 1045 4984 ttt
1075 4950 1167 4999 pro
1197 4934 1435 4985 omnibus
1455 4946 1571 4997 quae
1594 4947 1749 4998 regno
1770 4935 1878 4999 ejus
1903 4936 2146 4987 Dominus

628 5023 822 5084 li‘ibllil,
856 5037 918 5072 ne
951 5021 1159 5072 ulterius
1197 5023 1245 5072 in
1292 5020 1417 5072 urbe
1450 5030 1721 5082 terrarum,
1755 5036 1880 5086 quas
1909 5023 2140 5075 subditas

698 5197 711 5224 ¹
746 5197 1024 5247 Perbreves
1062 5194 1212 5246 hasce
1245 5202 1294 5242 et
1326 5192 1580 5243 aculeatas
1624 5191 1812 5244 litteras
1850 5200 2132 5259 postremas

629 5263 688 5312 ad
716 5264 950 5314 Acacium
977 5263 1115 5312 dedit
1142 5261 1461 5325 Simplicius,
1497 5259 1681 5324 quibus
1711 5261 1850 5311 illum
1883 5262 2129 5311 adversus

632 5331 897 5381 hereticos
929 5330 990 5379 ad
1024 5331 1250 5394 praelium
1282 5344 1340 5376 ev
1364 5342 1497 5377 mare
1524 5334 1768 5386 conatur;
1799 5329 1884 5379 sed
1928 5331 2132 5388 frustra,

633 5405 805 5457 utpote
835 5398 915 5460 qui
951 5393 1205 5460 transfuga
1242 5393 1403 5445 factus
1436 5396 1484 5444 in
1511 5395 1694 5444 castris
1726 5396 2135 5447 adversariorum

634 5466 834 5526 militet,
866 5463 1177 5528 solliciteque
1206 5464 1338 5529 apud
1382 5463 1741 5528 imperatorem
1784 5473 1916 5530 agat,
1947 5473 2000 5515 ut
2033 5463 2134 5514 duo

2252 4421 2370 4458 rans
2389 4448 2402 4468 ,
2435 4415 2487 4458 et
2516 4421 2730 4457 numero
2758 4406 2959 4471 augeri,
2988 4417 3036 4457 et
3075 4405 3269 4457 cmlesti
3311 4415 3566 4457 mereatur
3598 4413 3768 4469 prote-

2251 4495 2422 4548 ctione
2467 4494 2676 4546 muniri.
2721 4494 2773 4544 lit
2818 4509 2919 4560 quo
2966 4495 3188 4546 maxime
3234 4487 3538 4559 gloriamur,
3580 4507 3629 4544 et
3664 4494 3764 4543 Deo

2249 4592 2428 4635 nostro
2466 4583 2833 4648 gratulabimur
2899 4581 3253 4646 complacerc,
3294 4581 3412 4648 quia
3460 4579 3760 4646 pastoralem

2247 4675 2454 4741 reSpicit
2505 4676 2763 4739 fructum,
2804 4674 3026 4739 religiosi
3075 4673 3223 4726 ovilis
3274 4680 3622 4739 augmentum.
3671 4670 3759 4720 Din

2245 4775 2418 4817 autem
2451 4765 2633 4817 fratres
2669 4773 2723 4816 et
2758 4765 3090 4829 coepiscopos
3119 4772 3321 4813 nostros
3354 4760 3485 4825 apud
3513 4760 3760 4812 Constan-

2247 4851 2512 4917 tinopolim
2553 4865 2651 4900 non
2695 4850 2937 4901 convenit
2973 4849 3229 4900 demorari
3271 4865 3284 4898 :
3325 4863 3458 4900 nunc
3488 4847 3757 4914 praecipue.

2245 4952 2360 4988 cum
2405 4944 2613 5002 prepter
2643 4937 3033 4987 concussioncm
3065 4936 3434 5000 persecutionis
3468 4950 3580 5003 quae
3628 4944 3758 4984 mota

2247 5021 2413 5075 fuetat
2432 5065 2445 5088 ,
2473 5023 2708 5074 sollicita:
2737 5032 2887 5086 atque
2923 5022 3150 5073 attonita:
3177 5031 3295 5073 sunt
3323 5022 3373 5074 in
3404 5019 3758 5086 suprascripzis

2238 5192 2472 5242 venenati
2500 5191 2711 5251 colubri,
2740 5193 3036 5243 truculenta:
3061 5192 3238 5252 bestiae
3262 5200 3313 5244 et
3333 5192 3468 5244 faces
3496 5188 3758 5240 haeretico-

2241 5275 2375 5318 rum,
2406 5258 2676 5317 Cnapheus
2696 5271 2748 5310 et
2782 5262 2985 5324 Moggns
3012 5262 3344 5311 Antiochenze
3370 5267 3425 5310 et
3449 5255 3750 5324 Alexandri-

2243 5343 2320 5376 n;e
2347 5326 2452 5376 sedi
2481 5326 2842 5387 obtrudantur,
2871 5323 3182 5392 legitimiqne
3213 5326 3536 5393 possessores
3563 5323 3755 5393 Calen-

2241 5394 2358 5510 gititt
2413 5402 2463 5444 et
2510 5393 2735 5445 Joannes
2781 5389 3004 5459 episcopi
3061 5389 3178 5446 inde
3214 5389 3572 5460 'cxpellantur.
3631 5389 3752 5441 Ssv.

2287 5475 2432 5510 mus.
3266 5489 3269 5493 -

2287 5475 2432 5512 INIUS.
3266 5489 3269 5493 -
