3854 6228
149 307 196 356 απ
687 303 693 308 ’
1496 303 1858 360 ΕριδτοιιΕ.
2957 263 2959 266 ⁴
3163 311 3232 362 66

149 411 392 466 exercuisti.
423 409 643 465 Mutatus
696 419 780 464 est
811 410 956 476 ordo,
1003 419 1056 466 et
1106 409 1157 466 in
1201 411 1357 466 domo
1409 411 1608 465 Domini
1637 417 1688 474 Α
1739 445 1742 456 ι

147 502 302 562 apicem
327 497 550 564 attigiSti,
583 497 670 564 qui
700 513 802 550 non
827 498 876 550 in
899 498 1200 551 exuberanti
1241 497 1487 551 mundani
1512 498 1614 550 las-

149 598 207 638 lus
226 585 418 652 fulgore,
446 586 534 638 scd
585 585 639 638 in
687 585 907 638 maxime
954 585 1126 638 inﬁma
1177 585 1364 639 mentis
1400 584 1613 652 depres-

147 678 276 734 sione,
302 683 348 725 et
372 671 545 724 humili
583 673 865 738 resupinati
894 672 1067 726 cordis
1105 673 1390 740 altjectione
1417 681 1614 739 pertra-

144 764 322 813 ctandus
368 771 461 814 est.
509 762 606 825 Qui
643 761 765 813 olim
805 760 1076 814 conabaris
1128 761 1377 813 natalium
1427 759 1612 814 decora

149 851 304 901 additis
342 849 614 902 honoribus
666 863 931 917 superare,
985 864 1080 904 nec
1120 851 1371 903 credebas
1416 851 1612 904 homini

144 941 355 1000 sollicere,
381 937 421 990 si
448 939 650 991 caeteris
699 953 792 1006 par
839 947 998 1002 esset,
1029 948 1083 992 et
1126 952 1280 1007 pares
1310 953 1410 992 non
1442 948 1611 992 trans-

146 1027 416 1094 grederetur,
447 1028 496 1079 in
541 1042 660 1080 eum
707 1037 896 1081 statum
938 1026 1214 1090 devenisti,
1247 1029 1297 1080 in
1344 1040 1447 1096 quo
1490 1027 1615 1080 licet

142 1113 340 1179 superior
358 1113 472 1164 nulli
496 1123 546 1165 te
565 1113 724 1166 debes
750 1114 1072 1181 superiorem
1100 1123 1372 1181 reputare;
1399 1115 1614 1168 minimo

141 1202 411 1254 subditorum
441 1210 644 1254 tuorum
668 1202 984 1269 suppositus,
1015 1217 1079 1256 eo
1110 1203 1223 1269 plus
1247 1204 1353 1256 eris
1375 1203 1602 1258 honora-

141 1293 239 1353 tior,
261 1306 348 1358 quo
389 1299 437 1344 te
482 1289 750 1345 humilitas
795 1291 988 1346 Christi
1038 1292 1291 1359 accinget,
1335 1301 1388 1344 et
1431 1304 1616 1343 eorum

141 1386 304 1450 plautas
323 1383 651 1444 osculaberis,
675 1395 828 1450 supra
855 1397 1072 1450 quorum
1114 1385 1283 1449 capita
1310 1381 1466 1449 pedes
1494 1389 1617 1434 tuos

141 1475 239 1525 nliztt
273 1473 510 1526 collocare
556 1472 937 1540 dedignabaris.
994 1474 1093 1526 Iste
1125 1474 1354 1540 profecto
1380 1473 1482 1537 jam
1513 1471 1603 1524 tibi

141 1562 258 1613 labor
282 1561 531 1623 incumbit,
565 1545 622 1614 ut
649 1562 724 1614 sis
746 1561 976 1613 omnium
998 1575 1199 1624 servus,
1231 1561 1315 1626 qui
1347 1559 1604 1612 videbaris

137 1651 325 1704 omnium
369 1651 623 1712 dominus,
648 1659 700 1702 et
741 1649 858 1702 aliis
907 1648 1216 1724 incurvatis,
1246 1649 1334 1716 qui
1387 1659 1607 1701 cazteros

2245 413 2263 443 ¹
2289 410 2603 466 EPISTOLA
2637 412 2696 467 ll.

1709 533 2002 571 8ANCTORUI
2025 533 2365 573 ενιδεοροιιωι
2394 535 2506 572 ιορι
2528 535 2812 574 τιιιολεεικι
2832 539 2898 576 ΕΤ
2927 540 3194 580 ῑυρηιιωειι
3209 527 3230 556 ⁸

1781 600 2282 652 Αυουετουυκεκδιε,
2312 603 2374 641 ΑΙ)
2413 602 2664 640 ηιλδιυιι
2703 605 2973 645 EPISCOPUI
3008 608 3233 647 Αιωεω-

1779 668 1995 708 νεμεειι.

1711 741 1785 795 De
1812 743 2229 825 solemnitatibus,
2255 755 2300 796 et
2321 745 2381 826 de
2393 746 2594 816 bigamis
2616 749 2822 814 clericis,
2846 761 2894 802 et
2919 752 2982 804 iis
3007 755 3092 820 qui
3109 768 3231 806 cort-

2199 823 2367 883 jugati
2393 828 2725 871 assumuntur.

1710 895 1928 950 Domino
1953 911 2132 972 sancto
2158 909 2212 972 et
2233 902 2291 972 in
2320 899 2698 972 Christoxcultu
2731 914 2884 972 atque
2912 904 3108 958 honore
3133 921 3224 960 ve-

1779 965 2010 1043 nerando
2038 967 2335 1043 beatissimo
2364 970 2507 1043 fratri
2533 971 2733 1043 Talasio
2754 965 2994 1043 episcopo
3011 1014 3025 1039 ,
3052 973 3226 1043 Lupus

1778 1044 1830 1087 et
1856 1033 2182 1102 Euphronius
2202 1037 2427 1104 episcopi
2455 1042 2644 1105 pariter
2673 1033 2843 1107 positi.

1776 1120 2239 1176 Commonitorium
2255 1126 2389 1190 quod
2423 1141 2513 1191 per
2536 1128 2904 1182 subdiaconum
2921 1129 3222 1185 Aronntium

1708 1210 1925 1267 missum
1952 1212 2141 1278 fuerat,
2175 1215 2492 1283 inspeximus
2524 1235 2535 1268 :
2565 1219 2627 1270 ad
2656 1220 2790 1286 quod
2822 1222 3074 1274 sanctitati
3104 1232 3225 1286 tuae,

1708 1297 1838 1351 sicut
1868 1301 2164 1367 poposcisti,
2196 1302 2510 1369 respondere
2536 1306 2848 1360 curavimus.
2881 1303 3060 1376 Vigilia
3084 1319 3230 1362 nata-

1707 1385 1776 1437 lis
1791 1386 1995 1441 Domini
2014 1391 2164 1460 longe
2191 1391 2292 1443 alio
2314 1405 2483 1452 more.
2512 1407 2662 1460 quam
2692 1393 2901 1448 Pascha:
2927 1396 3118 1465 vigilia,
3143 1411 3230 1449 cc-

1709 1471 1950 1524 lebranda
2005 1490 2018 1524 :
2064 1475 2181 1542 quia
2235 1476 2316 1529 hic
2383 1478 2664 1531 nativitatis
2708 1479 2958 1534 lectiones
3002 1482 3230 1549 legenda

1707 1570 1844 1624 sont,
1878 1563 1982 1616 illic
2001 1567 2170 1617 autem
2201 1566 2468 1630 passionis.
2490 1568 2790 1635 Epiphaniae
2811 1585 3015 1638 quoque
3039 1572 3231 1626 solem-

1708 1650 1842 1702 nitas
1867 1651 2017 1706 habet
2047 1668 2197 1706 suum
2226 1654 2740 1720 specialemeultum.
2772 1656 2903 1720 Quae
2926 1654 3112 1724 vigiliae
3141 1659 3224 1712 vel

137 1739 448 1803 couculcabas,
487 1754 591 1791 non
619 1738 737 1805 quia
757 1752 875 1790 eras
897 1737 1274 1805 superbus,sed
1297 1737 1414 1805 quia
1441 1736 1611 1804 digni-
1640 1736 1684 1794 B
1713 1737 1962 1800 maxime,
1994 1747 2083 1790 aut
2115 1750 2323 1806 perpete
2352 1749 2530 1808 nocte,
2562 1750 2648 1794 aut
2671 1751 2810 1797 certe
2840 1745 2890 1796 in
2920 1745 3228 1796 matutinum

139 1837 272 1879 tatutn
309 1827 674 1894 praiteritarum
725 1826 1012 1892 majestate,
1047 1841 1111 1878 ne
1159 1826 1324 1878 dicam
1363 1824 1607 1888 vanitate,

141 1924 304 1966 tantum
345 1915 430 1967 tibi
459 1927 679 1968 caeteros
732 1913 1146 1968 antecedentium
1197 1922 1330 1973 erat.
1362 1921 1607 1980 quantum

138 2001 211 2053 tibi
250 2001 388 2053 modo
414 2015 519 2067 pra:
562 2000 765 2053 caeteris
815 2008 894 2052 est
937 1999 1304 2052 recedendum.
1337 1997 1437 2050 Fac
1485 2013 1608 2064 ergo

136 2103 179 2139 ut
204 2103 318 2141 nunc
356 2088 613 2156 ingenium
646 2086 929 2140 transferas
957 2086 1021 2138 ad
1053 2087 1247 2149 diiina,
1276 2087 1363 2153 qui
1409 2094 1607 2137 tantum

138 2177 306 2230 Vllﬂiali
332 2176 391 2230 ad
420 2177 665 2230 humana.
697 2176 952 2244 Colligant
979 2174 1154 2244 plebes
1185 2185 1286 2226 NIB
1315 2188 1377 2227 ex
1408 2187 1497 2226 ore
1525 2183 1610 2225 tuo

137 2269 279 2332 spinas
303 2267 362 2320 de
381 2268 548 2335 capite
575 2267 838 2328 Crucilixi,
865 2265 949 2334 qui
972 2279 1034 2318 ex
1065 2264 1238 2317 verbis
1262 2264 1362 2316 tuis
1400 2261 1612 2330 collige—-

141 2357 382 2408 bantrosas
409 2357 471 2409 'de
495 2371 682 2424 pompa
711 2356 1058 2417 mundiali;et
1082 2358 1288 2422 capiant
1315 2355 1379 2406 de
1404 2351 1613 2419 eloquio

139 2448 375 2500 sacerdotis
410 2448 564 2501 verba
595 2447 887 2513 disciplina:
926 2446 1176 2506 caelestis,
1223 2445 1308 2512 qui
1339 2444 1613 2510 capiebant

139 2539 189 2587 de
231 2537 415 2604 eloquio
459 2535 776 2589 do:ninantis
824 2549 1056 2587 normam
1087 2532 1373 2599 disciplinae
1424 2531 1610 2583 civilis.

139 2629 224 2698 Ego
262 2631 449 2696 quidem
476 2631 561 2697 qui
612 2639 662 2683 te
710 2637 908 2682 tantum
954 2629 1120 2680 amavi
1157 2640 1273 2679 cum
1317 2624 1614 2692 sequebaris

141 2721 388 2772 ariditatent
417 2717 611 2780 siccnli,
646 2717 784 2782 quali
829 2732 1066 2771 mensura
1115 2727 1267 2786 putas
1304 2715 1409 2782 jam
1441 2726 1616 2764 amare

142 2819 398 2876 sequentem
429 2812 476 2861 ul
496 2818 716 2862 ertatem
747 2808 897 2860 cmli?
932 2807 1044 2859 iam
1072 2805 1296 2868 delibor,
1323 2811 1376 2855 ct
1419 2803 1616 2868 ins'ans

141 2906 203 2949 est
235 2897 465 2950 resolutio
505 2912 642 2960 mea,
695 2896 786 2948 sed
843 2910 944 2948 non
999 2902 1245 2961 putavero
1297 2890 1618 2957 resolvi,qui

142 2983 232 3036 licet
255 2986 460 3046 solutus,
492 2987 542 3040 in
575 2995 622 3037 te
673 2984 862 3047 vivam,
892 2993 944 3036 et
992 2984 1121 3035 tein
1173 2983 1404 3034 Ecclesia
1459 2980 1617 3031 relin-

1709 1834 1955 1890 vergente
1980 1864 1994 1889 ,
2026 1826 2266 1879 curandae
2294 1837 2416 1880 sunt
2439 1832 2460 1892 ';
2490 1829 2743 1896 paschalis
2785 1839 2955 1883 autem
2993 1846 3022 1883 ν
3044 1830 3162 1898 gilia
3201 1845 3228 1886 a

1710 1927 1922 1979 vespere
1945 1928 2065 1966 raro
2095 1917 2144 1966 in
2173 1917 2477 1993 matutinum
2508 1933 2668 1984 usque
2696 1918 3015 1986 perducitur.
3039 1919 3229 1987 Deinde

1709 1999 1760 2050 in
1787 2001 1953 2067 vigilia
1977 2001 2188 2054 Pascha:
2209 1997 2532 2056 diversorum
2556 2006 2803 2058 librorum
2833 2009 3083 2061 lectiones
3111 2017 3230 2062 sunt

1707 2088 2058 2151 recensendac,
2084 2104 2198 2156 quae
2229 2097 2347 2142 totze
2371 2092 2592 2144 habeant
2621 2094 2812 2162 aliquid
2843 2095 2909 2148 de
2931 2096 3230 2164 praefigura-

1710 2177 1870 2239 tione,
1890 2188 1977 2230 aut
2004 2178 2241 2232 vaticinio
2256 2181 2534 2246 passionis:
2562 2184 2816 2237 antedicta
2845 2194 3015 2238 autem
3038 2185 3230 2254 vigilia,

1712 2274 1863 2333 prout
1908 2266 2075 2318 visum
2130 2266 2314 2330 fuerit;
2345 2269 2478 2322 inter
2505 2271 2822 2338 psallendum
2857 2280 2908 2326 et
2938 2273 3231 2339 legendum,

1715 2355 1824 2407 sive
1850 2354 1914 2407 de
1940 2354 2205 2422 pr0phetis
2225 2397 2239 2421 ,
2271 2359 2379 2410 sive
2421 2359 2486 2410 de
2512 2358 2654 2412 Novo
2681 2360 3012 2414 Testamento
3034 2401 3048 2425 ,
3093 2363 3231 2429 quod

1711 2445 1932 2511 quisque
1959 2445 2207 2508 voluerit,
2239 2460 2338 2498 non
2369 2445 2658 2515 leg'tli,.sed
2685 2447 2969 2501 voluntaria
3011 2447 3229 2503 lectione

1713 2543 2004 2598 praesumet.
2033 2533 2102 2585 De
2129 2534 2330 2586 clericis
2364 2549 2484 2588 vero
2512 2535 2728 2603 bigamis
2748 2573 2764 2598 ,
2791 2550 2952 2603 usque
2980 2536 3041 2588 ad
3071 2547 3229 2589 ostia-

1713 2620 1818 2671 rios
1849 2621 2075 2672 Ecclesia
2102 2621 2351 2685 permittit
2376 2631 2428 2675 et
2452 2624 2741 2690 patiturzct
2754 2639 2902 2691 quam
2922 2627 3037 2692 quis
3059 2638 3232 2678 sacer-

1715 2706 1888 2759 dotum
1909 2711 2133 2776 regulam
2166 2725 2258 2776 pro
2278 2710 2596 2764 districtione
2616 2725 2705 2766 sua
2731 2713 3090 2780 assumpserit,
3117 2714 3233 2780 jure

1713 2797 1987 2850 custodiet.
2013 2798 2305 2851 Exorcistas
2325 2815 2469 2862 vero,
2501 2809 2587 2853 aut
2613 2801 2972 2864 subdiaconos,
2997 2817 3025 2853 a
3046 2817 3232 2854 secun-

1716 2885 1794 2938 dis
1824 2886 2014 2952 nuptiis
2041 2889 2241 2954 penitus
2268 2889 2512 2940 excludit.
2535 2888 2930 2943 Generationem
2955 2906 3077 2944 vero
3103 2890 3232 2944 lilio-

1717 2988 1826 3024 rum
1873 2977 1937 3023 ali
1969 2973 2047 3024 his
2072 3013 2086 3036 ,
2129 2990 2258 3037 quos
2295 2979 2599 3041 conjugalos
2651 2978 2959 3030 assumimus
2987 3016 3004 3042 ,
3047 2981 3232 3033 melius

141 3074 500 3138 quam.Gaudc-o
540 3073 682 3136 exui,
717 3083 985 3139 postquam
1041 3069 1324 3140 Ecclesium
1380 3068 1497 3119 indu
1521 3060 1884 3130 sti,Ce%sel.
1944 3064 1984 3112 si
2035 3064 2143 3114 ﬁeri
2189 3065 2390 3128 possit,
2448 3065 2610 3116 arceri
2665 3081 2680 3119 τ
2727 3081 2856 3132 quos
2915 3071 3096 3120 melius
3150 3079 3234 3124 est

139 3174 178 3212 et
196 3174 236 3216 te
276 3164 425 3215 induit
479 3163 734 3216 Ecclesia.
788 3161 950 3213 Macte
995 3159 1221 3211 amicitia
1272 3167 1490 3218 vetuste,
1523 3157 1613 3209 scd

139 3251 413 3307 fraternitate
438 3269 639 3308 recens.
667 3252 953 3322 Supprizuit
981 3260 1274 3320 postremus
1306 3249 1484 3304 titulus
1517 3263 1612 3301 au~

137 3344 292 3411 tiquos,
316 3345 432 3398 nihil
461 3353 543 3399 est
577 3345 714 3411 quod
745 3345 898 3397 hodie
927 3344 1078 3396 velim
1119 3341 1185 3395 de
1213 3342 1470 3409 praztcrita
1503 3353 1611 3393 nie-

138 3432 310 3486 minisse
357 3433 646 3501 dilectione,
697 3432 903 3501 quando
954 3432 1200 3485 moderna
1241 3431 1502 3497 dignitatis
1557 3436 1612 3482 et

139 3520 372 3573 ﬁrmiorem
409 3520 530 3574 facit
577 3535 694 3574 esse
741 3524 1008 3573 caritatem
1050 3530 1102 3574 et
1129 3519 1462 3572 tenaciorent.
1496 3518 1537 3569 0
1567 3519 1611 3570 si

138 3605 245 3660 Deus
264 3610 401 3661 vellet
428 3619 482 3662 ut
513 3621 561 3661 te
585 3609 955 3675 amplecterer!
984 3607 1073 3661 sed
1109 3609 1157 3660 in
1189 3608 1372 3674 spiritu
1403 3605 1613 3672 perﬁcio

138 3695 243 3759 quod
269 3711 358 3749 non
407 3712 613 3764 possum
665 3699 717 3750 in
763 3711 1001 3763 corpore,
1032 3703 1082 3748 et
1123 3703 1377 3762 praesente
1403 3693 1609 3745 Christo

142 3796 220 3833 non
261 3785 467 3850 amplus
513 3783 1130 3850 reipublicaa'prcclectnm
1179 3795 1396 3834 veneror
1435 3788 1488 3832 et
1531 3793 1615 3832 os-

140 3872 271 3934 culor,
297 3875 380 3926 sed
414 3875 678 3936 Ecclesiae,
710 3874 794 3941 qui
827 3874 947 3924 milti
980 3872 1112 3923 ﬁlius
1153 3879 1327 3930 mtate.
1355 3871 1605 3936 dignitate

139 3959 279 4019 lrater,
307 3971 357 4015 et
383 3963 575 4014 meritis
617 3969 761 4028 pater
801 3967 900 4012 est.
929 3961 1026 4011 Ora
1067 3971 1158 4022 pro
1188 3971 1289 4018 tne,
1323 3966 1379 4006 ut
1422 3955 1474 4006 in
1507 3956 1612 4007 Do-

137 4045 250 4101 mino
265 4059 806 4121 consummatus,0pus
826 4047 962 4112 quod
992 4043 1216 4110 injunxit
1243 4056 1617 4106 consummem,

136 4135 236 4186 etin
262 4151 318 4188 eo
341 4136 544 4188 tandem
570 4133 814 4199 impleam
851 4140 1082 4198 tempora
1110 4145 1224 4196 qua:
1265 4137 1486 4193 restant,
1532 4129 1621 4195 qui

137 4227 192 4270 tot
209 4231 252 4272 et
276 4230 404 4274 tanta
427 4223 538 4288 (ve
568 4220 724 4272 mihi!
749 4218 767 4287 )
792 4219 870 4272 his
900 4233 1016 4286 qua:
1050 4233 1151 4272 non
1177 4217 1352 4282 debui,
1386 4217 1618 4285 implevi,

1713 3167 1816 3203 non
1847 3152 2060 3213 assumi,
2088 3166 2239 3216 quam
2257 3152 2321 3202 de
2344 3152 2422 3204 his
2445 3162 2619 3217 postea
2651 3155 2745 3206 sub
2766 3155 2965 3208 diversa
2990 3171 3227 3211 sensuum

1714 3239 1959 3290 vitricum
1986 3240 2171 3290 certari
2203 3253 2218 3292 :
2247 3253 2360 3291 cum
2393 3239 2574 3292 melius
2594 3241 2663 3293 sit
2689 3256 2870 3295 omnes
2891 3243 3228 3310 disceptatio-

1716 3344 1834 3379 num
1858 3341 2039 3380 causas
2068 3328 2269 3379 excludi
2291 3371 2303 3394 ,
2337 3337 2391 3379 ut
2429 3329 2514 3396 qui
2542 3343 2640 3381 non
2664 3330 2766 3382 vult
2798 3330 2848 3383 in
2874 3331 3114 3385 clericattt
3139 3347 3230 3400 ge-

1717 3416 1881 3468 nerari
1904 3456 1916 3477 ,
1946 3431 2046 3468 non
2072 3419 2420 3468 constituatin
2438 3419 2618 3470 altario
2641 3420 2959 3488 conjugatos.
2991 3421 3108 3473 llaec
3139 3435 3234 3488 pro

1717 3509 2088 3560 ciuisnetndine
2136 3508 2478 3560 Ecclesiarum
2509 3519 2798 3564 nostrarum
2825 3550 2840 3574 ,
2876 3528 3092 3576 murum
3133 3527 3232 3566 una

1711 3605 1787 3644 est
1812 3596 2011 3659 regula,
2048 3595 2246 3660 pagina:
2286 3595 2435 3660 hujus
2463 3610 2703 3650 sermone
2728 3599 2999 3651 texuimus.
3031 3598 3084 3652 Si
3113 3601 3234 3666 quid

1713 3698 1834 3735 vero
1882 3697 1972 3750 pro
2011 3683 2205 3736 honore
2251 3684 2448 3737 Domini
2491 3696 2661 3752 potest
2709 3686 3042 3738 districtionis
3062 3701 3237 3741 accre-

1711 3786 1873 3831 scere,
1904 3780 1956 3822 et
1980 3773 2019 3823 si
2041 3772 2226 3823 imitari
2256 3787 2354 3824 non
2377 3787 2778 3839 possumus,pro
2809 3773 3008 3826 Domini
3037 3773 3234 3826 honore

1714 3861 2050 3912 laudabimus.
2081 3861 2203 3911 Nam
2233 3861 2340 3926 jam
2371 3861 2612 3912 Ecclesia
2639 3861 2900 3928 obsequiis
2927 3870 3228 3928 aggregatos

1716 3954 1780 4002 ad
1819 3953 2068 4003 secundas
2115 3954 2320 4019 nuptias
2364 3953 2584 4003 transire
2619 3965 2718 4003 non
2771 3953 2992 4017 patimur
3025 3967 3040 4002 :
3078 3966 3236 4018 quos,

1719 4051 1985 4105 pOStqnam
2015 4039 2258 4104 assumpti
2287 4037 2513 4102 fuerint,
2555 4037 2711 4090 etiam
2739 4053 2767 4089 a
2805 4037 2982 4104 primis
3031 4038 3233 4102 penitus

1717 4143 1981 4192 arcemus;
2021 4131 2305 4182 exorcistas
2350 4128 2632 4189 duntaxat,
2670 4136 2822 4194 atque
2863 4125 3229 4178 subdiaconos.
3300 4173 3304 4175 Α

1720 4218 1774 4272 1η
1805 4217 2252 4286 Augustodunensi
2296 4232 2466 4270 autem
2498 4215 2722 4270 Ecclesia
2742 4258 2757 4282 ,
2789 4215 2870 4268 vel
2911 4215 3153 4266 05tiarius
3181 4215 3233 4267 in

137 4307 204 4360 sed
224 4311 344 4377 apud
389 4310 661 4364 Dominum
693 4307 1066 4363 misericordia.
1101 4309 1298 4361 Memor
1344 4318 1459 4362 esto
1493 4305 1616 4361 mei.
1647 4303 1699 4362 D
1725 4309 1827 4363 imo
1854 4310 2027 4364 ofﬁcio
2054 4310 2363 4363 constitutus
2390 4351 2402 4375 ,
2435 4309 2478 4362 si
2518 4323 2730 4361 uxorem
2760 4306 2910 4361 aliam
2944 4306 3199 4374 accepeiit
3223 4344 3238 4371 ,

173 4481 336 4548 ‘Hujns
349 4483 504 4536 etiam
527 4480 760 4550 epistola:
775 4491 975 4547 tempus
989 4481 1237 4534 incertum
1249 4491 1348 4544 est,
1364 4481 1459 4533 nisi
1478 4480 1614 4547 quod

137 4546 284 4602 Talasii
313 4552 450 4616 novi,
481 4563 537 4603 ut
559 4546 806 4617 apparet,
845 4546 1070 4617 episcopi
1108 4551 1386 4602 admonere
1431 4546 1615 4601 nomen

137 4617 315 4683 vitetur,
357 4628 417 4671 ut
454 4635 552 4672 non
592 4616 753 4682 multo
781 4625 896 4683 post
918 4616 1285 4683 Andegavense
1319 4617 1614 4678 concilium,

141 4686 175 4753 in
199 4702 284 4752 quo
307 4691 578 4753 episcopus
605 4687 872 4737 ordinatus
897 4695 993 4747 est,
1025 4689 1085 4736 ad
1115 4701 1233 4738 eum
1257 4687 1466 4736 miSsatn
1496 4700 1612 4737 cre-

139 4751 300 4807 damus.
327 4751 520 4808 Prmter
550 4755 691 4806 varia
738 4754 850 4820 ejus
892 4754 1224 4820 exemplaria,
1255 4769 1369 4819 qua:
1413 4754 1462 4804 in
1512 4767 1620 4803 ma-

141 4833 219 4888 nus
269 4834 464 4874 nostras
520 4829 802 4882 venerunt,
868 4821 1322 4874 animadvertimus
1387 4821 1622 4888 ejusdem

139 4887 222 4938 licri
266 4900 396 4942 ment
419 4904 579 4940 onem
621 4891 671 4941 in
727 4888 935 4957 antiqua
988 4892 1296 4943 collectione
1329 4904 1614 4955 canonum,

138 4969 226 5018 qna
282 4970 355 5008 est
413 4961 465 5008 in
525 4956 938 5011 bibliothecas.
990 4958 1231 5011 Germani
1293 4958 1613 5012 l’arisiensis.

141 5025 228 5094 ltc.
286 5027 676 5094 SlilONDLL—
723 5025 914 5080 Talasii
962 5027 1187 5094 episcol‘ii
1259 5027 1621 5079 consultationi

139 5090 186 5162 de
220 5094 365 5146 tribus
399 5091 639 5162 capitulis
683 5090 1012 5162 reSpondent.
1054 5090 1286 5146 Primum.
1323 5094 1394 5148 de
1433 5095 1620 5160 vigiliis

140 5157 295 5214 Natalis
321 5163 556 5223 Domini,
601 5157 970 5227 Epltip'hanire,
1021 5172 1072 5214 et
1103 5163 1311 5215 Pascha:
1331 5157 1615 5228 ,‘quo'ritn

139 5230 422 5283 cclebranda:
449 5231 572 5281 sint.
595 5230 726 5280 'l'utn
751 5229 816 5279 de
838 5229 1166 5283 inferioribus
1183 5230 1406 5292 clericis,
1432 5231 1616 5297 quibus

140 5310 290 5351 uxores
324 5302 512 5350 ducere
552 5297 672 5349 licet
696 5306 913 5358 ,putrum
957 5300 1208 5352 secundas
1245 5299 1449 5364 nuptias
1489 5300 1616 5349 inire

140 5369 318 5426 pissint.
349 5368 458 5430 θυι
492 5367 541 5417 in
571 5379 630 5418 re
662 5366 762 5429 pati
788 5365 993 5430 quidem
1025 5367 1302 5419 Ecclesiam
1334 5369 1538 5427 docent,
1563 5376 1617 5418 ut

139 5433 300 5487 ostiarii
324 5441 450 5489 alias
475 5447 674 5488 uxores
703 5433 898 5486 ducam
918 5472 931 5494 ,
965 5444 1023 5486 et
1058 5436 1242 5501 bigami
1276 5437 1396 5485 tiant
1425 5451 1435 5484 :
1467 5449 1618 5486 exor-

139 5501 263 5554 cistas
284 5520 399 5558 vero
424 5513 476 5556 et
497 5501 846 5554 subdiaconus
872 5517 900 5551 a
930 5506 1169 5554 secundis
1202 5505 1391 5568 nuptiis
1413 5503 1618 5567 punitus

143 5570 394 5629 excludere.
421 5571 682 5628 (laterum
705 5571 753 5625 iu
779 5569 958 5624 Ecclcs
981 5585 1008 5622 a
1027 5571 1311 5624 Tricassina
1337 5569 1619 5624 exorclstas

1717 4481 2048 4546 etdiaconos,
2070 4487 2338 4548 postquam
2368 4480 2416 4531 in
2439 4480 2633 4532 clerum
2662 4480 2907 4546 assumpti
2925 4491 3063 4541 sunt,
3084 4481 3238 4533 etiam

1724 4563 1753 4601 a
1782 4550 1960 4614 primis
1979 4552 2167 4614 nuptiis
2188 4549 2350 4600 arceri
2381 4564 2392 4600 :
2422 4549 2470 4599 in
2500 4548 2966 4614 Augustoduncnsi,
2996 4549 3236 4600 osziarios

1715 4631 1743 4669 a
1788 4618 2047 4669 secantis.
2098 4616 2363 4668 Postremo
2410 4617 2748 4668 subdiaconus
2794 4630 2969 4681 pacem
3009 4617 3141 4668 inter
3181 4630 3238 4668 se

1715 4684 1839 4738 dare
1866 4690 1920 4736 in
1941 4685 2166 4736 saei-arin
2196 4686 2420 4745 debere,
2449 4701 2550 4736 non
2596 4685 2646 4736 in
2672 4685 2874 4736 altario.
2911 4683 3088 4735 Exstat
3129 4684 3238 4735 haec

1715 4756 1932 4816 epistola
1972 4751 2019 4802 in
2054 4752 2210 4804 variis
2250 4755 2512 4818 codicibus
2551 4751 3140 4820 antiquistcitaturque
3187 4753 3238 4820 in

1721 4829 2016 4886 pervetusta
2057 4822 2365 4873 collectione
2409 4838 2665 4873 canonum
2703 4823 2756 4874 ὃ.
2804 4818 3238 4872 ϐετιιιειιὶῬπὶ-

1719 4889 1926 4940 siensis.
1963 4888 2076 4939 Jac.
2110 4889 2418 4942 Stanoanos.

1786 4957 1804 4985 '
1836 4959 1958 5022 Lupi
1991 4956 2265 5008 Tric.tssitti
2307 4958 2532 5023 episcopi
2573 4955 2706 5022 apud
2733 4969 2912 5007 omnes
2949 4956 3234 5010 clarissima

1716 5034 1795 5077 est
1823 5025 2066 5076 memoria
2103 5042 2112 5074 :
2161 5027 2442 5091 Ettpltt'onii
2470 5025 2951 5091 AttgnStodunensis
2991 5040 3051 5075 ex
3080 5025 3234 5076 Sidu-

1718 5097 1824 5153 nio,
1848 5092 2104 5154 Gregorio
2133 5093 2324 5144 Turon.
2363 5103 2417 5145 et
2449 5109 2510 5145 ex
2554 5093 2710 5144 ldatio
2749 5093 2832 5159 qui
2869 5093 3081 5143 alteram
3123 5093 3236 5157 ejus

1717 5161 1987 5222 epistolam
2044 5170 2418 5214 commemorat
2473 5163 2520 5212 in
2555 5162 2808 5212 Chronico
2844 5161 2965 5212 anni
3013 5174 3189 5211 ccccu
3223 5177 3235 5210 :

1718 5229 1918 5287 Diebus,
1951 5230 2069 5289 inth
2098 5239 2134 5289 t,
2188 5231 2485 5296 insequentis
2534 5226 2741 5278 Post-lue
2777 5231 2878 5296 visa
2922 5228 3146 5296 qumdam
3188 5229 3238 5278 in

1717 5299 1852 5358 ca’lo,
1881 5298 2156 5361 regionibus
2197 5294 2505 5357 Galliarum;
2538 5298 2737 5362 cpisiola
2768 5298 2825 5348 de
2854 5294 2927 5344 his
2959 5295 3239 5360 Euphrouii

1718 5366 2170 5430 Augustodunensis
2224 5367 2440 5430 episcopi
2499 5370 2561 5414 ad
2624 5365 2946 5431 Agrippinum
3014 5366 3241 5414 comitem

1718 5435 1850 5500 facta
1873 5432 2118 5482 evidenter
2158 5436 2387 5484 ostendit.
2418 5434 2486 5485 De
2515 5430 2718 5484 Talasio
2745 5430 3117 5500 'Attdegavcnsi
3164 5433 3245 5482 di-

1719 5511 1855 5553 ctum
1877 5501 2037 5570 estad
2061 5501 2313 5567 synodum
2345 5503 2795 5570 Andegavensem,
2829 5499 2878 5552 in
2907 5513 3005 5567 qua
3034 5500 3246 5554 ordina-

1723 5579 1802 5621 tus
1825 5578 1919 5620 est.
1943 5567 2055 5620 Jac.
2081 5573 2390 5623 διηυυκειιε.
