3854 6228
524 192 587 244 67
1429 161 1436 168 ’
1815 182 2058 237 nomen
2095 180 2385 236 urtseort
3597 176 3697 234 se.

527 306 592 356 ab
619 302 786 354 ollieio
828 301 1029 367 penitus
1066 296 1349 350 abdicatur.
1381 279 1730 349 Subdiaconos
1767 302 1939 346 autem
1977 293 2041 344 ad
2069 297 2117 352 Α
2143 293 2276 344 sicut
2300 305 2451 354 supra
2485 297 2821 340 memoratum
2849 296 2947 348 est,
2977 287 3236 347 ostiarius.
3266 295 3322 340 ut
3347 285 3585 340 secundis
3611 301 3686 339 so

526 406 702 458 pacem
728 390 860 441 inter
888 387 1013 441 sein
1040 387 1264 438 sacrario
1292 395 1494 452 oportet
1524 382 1773 435 accedere
1798 399 1811 434 :
1838 382 1888 434 in
1912 382 2040 433 alta-

525 481 606 532 rio
647 488 816 530 autem
843 519 856 540 ,
889 491 987 529 non
1019 476 1114 528 nisi
1145 477 1265 527 dum
1307 473 1766 541 porrigunt.pallus
1791 472 2036 533 diacono,

526 579 614 619 aut
651 567 932 632 suscipiunt
975 563 1112 631 quod
1151 561 1403 624 refertur;
1433 561 1496 611 ad
1530 575 1706 620 pacem
1744 567 1917 610 autem
1944 574 2035 609 ne-

524 670 776 721 quaquam
799 653 874 705 eis
905 654 1209 718 permissum
1236 659 1335 702 est.
1365 649 1418 702 Si
1449 657 1618 700 autem
1643 649 1777 698 illius
1803 647 2042 698 amentia:

529 740 709 801 fuerit,
756 739 832 790 vel
875 740 1155 796 excrcisla,
1205 737 1282 787 vel
1327 735 1708 794 subdiaconus,
1740 735 1817 785 vel
1865 733 2043 796 etiam,

2145 381 2338 448 nuptiis
2372 379 2577 446 illigarit
2600 420 2615 442 ,
2660 393 2759 429 no-i
2804 379 2972 430 solum
3000 379 3063 429 ab
3092 378 3297 440 cilicio,
3326 377 3416 430 s.d
3451 377 3611 431 etiam
3646 391 3684 429 a

2143 471 2507 523 communione
2549 469 2750 533 penitus
2787 477 3012 520 arcetur.

2214 557 2406 627 (Habes
2435 559 2564 624 infra
2603 557 2867 607 nonnullas
2910 557 3099 607 Ruricii
3127 566 3171 607 et
3201 555 3396 606 Sidonii
3424 553 3685 624 Rhegien-

2142 648 2210 697 sis
2236 649 2466 713 epistolas
2491 647 2555 695 ad
2584 643 2774 710 Lupum
2803 644 3084 696 Trecensem
3111 646 3364 709 scriptas.)

526 837 3659 908 Μ

1690 981 1854 1024 ANNO
1899 981 2120 1025 DOKINI
2161 981 2477 1023 CCCCLXXX
2490 1009 2501 1020 .

1049 1285 1064 1302 ο
1284 1139 2895 1372 BUBICIUS.

1645 1443 2544 1472 *-

773 1579 1163 1666 JACOBI
1228 1577 1743 1662 BASNAGII
1812 1571 1929 1653 IN
1999 1567 2591 1651 RUBICIUM
2660 1572 3406 1655 OBSERVATIO.

595 1777 836 1831 Ruricius
869 1775 1054 1829 Senior
1081 1773 1269 1836 dictus,
1307 1780 1363 1822 ut
1402 1769 1804 1834 distingueretur
1837 1765 1903 1816 ab
1937 1765 2050 1831 ejus
2077 1765 2124 1823 Β
2149 1760 2587 1829 ibiqueinstitutis
2606 1761 2866 1814 canonicis
2889 1761 3207 1829 regularibus
3228 1761 3680 1830 iuissesepultutn.

531 1874 719 1931 nepote
755 1861 1058 1931 cognomine
1095 1869 1145 1913 et
1182 1856 1534 1911 Lemovicensi
1573 1856 1837 1922 episc0po,
1882 1867 1943 1906 ex
1986 1851 2050 1903 ilo

2145 1866 2261 1920 qua:
2288 1852 2460 1904 omnia
2485 1866 2515 1904 a
2543 1866 2668 1903 vero
2689 1861 2810 1904 sunt
2834 1853 3019 1905 aliena.
3054 1852 3178 1904 Illud
3203 1852 3544 1905 certissimum
3568 1861 3683 1916 est,

533 1953 837 2007 lustrissima
875 1950 1168 2003 Aniciorum
1214 1947 1448 2015 prosapia
1495 1953 1640 1996 ortus
1675 1950 1803 1995 erat.
1847 1941 2050 1995 Samnio
2145 1939 2411 1998 Ruricium
2463 1940 2688 2004 Fausto,
2731 1941 2966 2006 Leontio,
3012 1941 3225 2005 IEonio,
3266 1941 3504 2000 Sidonio.
3547 1941 3687 2007 quin

533 2041 753 2108 primum
798 2039 892 2091 fuit
932 2039 1177 2098 addictus,
1207 2045 1260 2086 ut
1281 2045 1498 2086 testatur
1526 2032 1743 2084 Faustus
1766 2029 1949 2096 (Epist.
1973 2029 2048 2097 6),

535 2127 630 2194 ipsi
653 2127 1014 2185 amicissimus,
1038 2125 1123 2190 qui
1147 2123 1212 2174 de
1247 2122 1384 2173 illius
1424 2119 1760 2172 conversione
1802 2118 1870 2167 ita
1913 2117 2053 2168 lata-

536 2215 736 2269 bttntlus
756 2213 977 2266 exsultat
1001 2227 1024 2261 ει
1051 2209 1169 2261 Post
1192 2212 1343 2274 huius
1371 2210 1481 2259 vitm
1518 2208 1803 2272 iactatione:
1840 2204 1906 2253 ad
1940 2219 2050 2272 por-

539 2314 638 2356 tum
650 2302 918 2370 religionis,
933 2313 1130 2368 proram
1148 2315 1200 2350 sa
1210 2298 1341 2351 'utis.
1361 2296 1560 2350 Excelsi
1581 2311 1727 2346 manu
1738 2292 2052 2361 gubernante,

537 2393 770 2446 convertit
791 2407 807 2442 :
826 2407 934 2454 post
952 2390 1152 2440 umbras
1168 2388 1250 2438 sed
1257 2389 1498 2438 ucentium
1512 2387 1782 2438 vanitatum
1797 2394 1840 2437 et
1852 2383 2056 2436 inlusio-

540 2475 624 2531 nes
648 2479 1054 2530 transvolantium
1082 2477 1406 2536 somniorum,
1437 2490 1667 2524 mansura
1687 2481 1731 2524 et
1760 2471 1922 2525 solida
1948 2488 2059 2524 con-

542 2561 744 2635 cupivit,
768 2573 813 2616 et
834 2565 1056 2631 despecto
1082 2563 1277 2614 tandem
1315 2563 1494 2614 sarculo
1533 2561 1739 2628 infelici,
1773 2569 1926 2612 artem
1952 2563 2059 2626 ejus

544 2673 774 2722 inagnam
799 2657 986 2722 rapuit.
1013 2655 1225 2706 lberiam
1255 2667 1464 2706 uxorem
1494 2651 1728 2704 duxerat.
1753 2649 1828 2702 Ex
1855 2664 1911 2703 ea
1935 2650 2062 2702 iibe-

545 2758 630 2795 ros
652 2758 752 2794 non
778 2743 1066 2808 suscepisse
1095 2741 1312 2793 videtur.
1336 2740 1566 2792 Clericus
1590 2739 1774 2800 factus,
1793 2738 1856 2789 ad
1878 2738 2064 2789 Lemo-

545 2833 800 2886 t-iccnsem
828 2818 1175 2897 episcopatum
1206 2837 1469 2894 promotus
1494 2838 1591 2891 est,
1624 2828 1708 2894 qui
1735 2836 1844 2880 tum
1877 2840 2062 2892 magno

546 2935 647 2972 non
680 2918 958 2969 habebatur
1007 2919 1056 2966 in
1103 2919 1283 2982 pretio.
1326 2917 1440 2968 Ideo
1491 2926 1661 2980 tamen
1710 2929 1767 2968 se
1804 2913 2061 2966 contemni

548 3015 650 3056 non
683 3004 964 3069 patiebatur
995 3002 1247 3054 Ruricius.
1300 3002 1474 3067 Nobis,
1521 3003 1800 3069 inquiebat,
1849 3001 2064 3053 auctori-

2148 2028 2252 2080 imo
2272 2027 2368 2094 ipsi
2395 2028 2642 2092 Ctesario,
2670 2030 3019 2082 celeberrimis
3047 2039 3168 2080 tunc
3210 2029 3454 2096 temporis
3485 2027 3688 2080 Gallia-

2149 2129 2262 2166 rum
2285 2116 2562 2181 episcopis,
2591 2115 2748 2168 fuisse.
2771 2116 3162 2177 amicissimum,
3199 2123 3257 2167 ut
3282 2129 3342 2168 es
3383 2115 3544 2180 ipsius
3565 2115 3689 2181 epi-

2150 2205 2298 2257 stolis
2331 2214 2487 2270 patet.
2520 2204 2619 2258 Per
2647 2215 2962 2259 senectutem
2989 2206 3069 2256 vix
3098 2220 3272 2258 aerem
3310 2205 3444 2258 ferte
3472 2204 3645 2270 potuit
3670 2219 3688 2254 :

2154 2306 2246 2358 per
2276 2294 2496 2346 hiemem
2529 2293 2680 2361 paulo
2720 2294 2997 2357 robustior,
3036 2295 3230 2346 aestivis
3270 2293 3450 2346 diebus
3488 2293 3539 2343 in
3580 2291 3687 2344 lto—

2155 2384 2311 2452 spitio
2336 2392 2389 2436 et
2415 2382 2540 2435 locis
2570 2381 2765 2447 frigidis
2788 2383 3287 2434 oonsuetudinariam
3324 2381 3686 2434 inﬁrmitatem

2155 2488 2398 2540 superare
2423 2472 2504 2525 vix
2536 2482 2753 2539 poterat.
2788 2471 2906 2525 Ideo
2945 2487 2971 2524 a
3009 2472 3226 2526 concilio
3267 2471 3547 2539 Agatltensi
3585 2471 3687 2524 ab-

2160 2563 2258 2615 fuit
2289 2579 2301 2614 :
2329 2561 2451 2615 illud
2478 2575 2615 2628 agre
2645 2575 2826 2627 passus
2873 2569 2952 2613 est
2993 2561 3266 2625 Caesarius,
3302 2575 3332 2612 a
3371 2574 3472 2629 quo
3514 2560 3689 2614 fuerat

2157 2652 2420 2702 invitatus.
2449 2650 2580 2714 Quin
2604 2650 2706 2701 imo
2732 2648 2969 2712 Sedulus,
2991 2649 3353 2703 Nemztttseosis
3374 2651 3679 2717 episcopus,

2158 2736 2328 2788 hacin
2361 2751 2417 2804 re
2441 2736 2664 2788 Cursario
2709 2751 2890 2788 manus
2919 2736 3079 2788 d--dit.
3133 2737 3382 2801 Querelas
3429 2736 3511 2790 vel
3549 2736 3691 2801 inju-

2160 2827 2286 2878 riam
2310 2825 2494 2892 repulit
2511 2825 2765 2890 Ruricius,
2783 2827 2976 2877 litteras
2995 2813 3203 2879 Cmsarii
3231 2829 3291 2879 ad
3315 2842 3372 2882 se
3393 2827 3692 2880 tardissima

2161 2917 2364 2970 venisse
2391 2915 2708 2982 signiﬁcans,
2741 2931 2828 2968 nec
2870 2926 3029 2969 tamen
3055 2917 3278 2970 debuisse
3312 2919 3502 2970 tardius
3543 2932 3692 2968 cont-

2162 3005 2371 3067 moneri,
2419 3005 2500 3072 qui
2544 3007 2754 3070 fortasse
2798 3009 3074 3058 merebatur
3111 3007 3303 3057 ambiri.
3351 3007 3490 3058 Obiit
3531 3005 3691 3073 paulo

545 3103 699 3144 tatem
747 3091 936 3141 denme
988 3104 1084 3140 non
1129 3089 1262 3140 debet
1320 3090 1451 3142 urbis
1498 3090 1767 3148 humilitas.
1814 3089 2064 3154 Siquidem
2091 3084 2136 3143 C
2167 3105 2282 3163 post
2319 3095 2440 3147 illud
2469 3095 2761 3147 concilium.
2795 3093 2949 3145 Aiunt
2990 3094 3313 3168 biblictbeeaa
3337 3093 3545 3146 Patrum
3571 3095 3691 3146 edi-

551 3180 705 3230 multo
734 3178 904 3228 melius
953 3179 1201 3242 multoque
1241 3176 1529 3228 eminentius
1578 3186 1668 3239 est,
1718 3177 1960 3227 deitatem
2004 3175 2065 3225 de

550 3260 820 3321 sacerdote,
849 3274 988 3325 quam
1015 3257 1313 3308 sacerdotsm
1339 3259 1396 3307 de
1427 3258 1619 3308 civitate
1646 3272 1843 3308 noscere
1878 3255 2060 3324 (Epist.

550 3352 636 3408 5:2,
665 3349 751 3398 lib.
793 3347 870 3411 tt).
918 3347 1074 3398 Aiunt
1114 3345 1161 3396 iu
1204 3346 1289 3397 illo
1317 3345 1612 3411 episcopatu
1640 3353 1754 3410 post
1783 3343 2063 3402 Martialem

551 3434 846 3485 vicesimum
878 3441 1112 3498 quartum
1163 3432 1318 3485 fuisse
1359 3446 1733 3486 successorem.
1782 3433 1882 3487 Sed
1928 3434 2061 3487 inter

553 3521 750 3574 fabulas
775 3517 1037 3570 atnandari
1063 3519 1214 3571 debet
1244 3520 1328 3570 ille
1367 3519 1608 3572 Martialis
1636 3529 1744 3571 sum
1773 3520 2063 3586 apud‘Bur-

551 3608 870 3674 degalcnses,
902 3615 1009 3656 tum
1037 3605 1170 3671 apud
1202 3604 1598 3666 Lemovicenses
1629 3607 1918 3672 episcopus.
1958 3607 2065 3658 Mo-

552 3708 635 3748 net
683 3695 884 3759 quidem
930 3692 1150 3745 amicum
1194 3692 1400 3744 Celsum
1430 3732 1444 3756 ,
1501 3703 1552 3744 at
1599 3695 1665 3744 ad
1710 3695 2065 3745 solemnitatim

551 3795 831 3840 sanctorum
874 3799 982 3834 cum
1029 3796 1200 3833 sorore
1237 3783 1397 3834 ueniat
1430 3781 1613 3850 (Epist.
1657 3781 1752 3834 114
1777 3824 1790 3847 ,
1846 3782 1934 3834 lib.
1973 3780 2060 3850 tl):

552 3875 687 3927 unde
714 3873 827 3939 quis
852 3871 1025 3923 forsan
1063 3870 1322 3938 conjiciat,
1362 3879 1681 3932 sanctorum,
1724 3883 1936 3936 quorum
1981 3884 2065 3921 so—

555 3963 744 4014 lemnia
775 3965 1164 4015 celebrabantur
1201 3961 1334 4028 apud
1367 3961 1683 4025 Lemovices,
1721 3976 1878 4012 unum
1910 3959 2065 4012 fuisse

556 4048 854 4101 Martialem.
889 4052 1023 4102 hit-ra
1053 4060 1130 4102 est
1159 4051 1484 4114 ceiijcctura!
1516 4050 1617 4101 Sed
1651 4059 1896 4114 praeterea
1939 4062 2063 4099 san.

555 4145 666 4187 ctos
695 4138 928 4200 antiquos
949 4138 1032 4200 qui
1064 4151 1319 4200 nunquam
1355 4136 1614 4194 exstitere,
1649 4143 1736 4186 aut
1778 4134 1962 4186 saltem
2001 4133 2066 4186 de

531 4223 743 4290 quibus
772 4223 999 4274 fabulosa
1032 4223 1189 4274 multa
1213 4232 1502 4282 narrantur,
1531 4223 1652 4284 coli,
1678 4224 1789 4288 quis
1818 4222 2066 4276 hodierno

560 4320 638 4369 die
670 4317 917 4368 miretur?
949 4318 1019 4368 De
1057 4316 1167 4381 ipso
1196 4316 1415 4377 Ruricio,
1471 4316 1555 4382 qui
1582 4315 1750 4367 notior
1792 4315 1937 4367 nobis
1975 4315 2064 4368 de-

2164 3191 2300 3235 tores
2329 3183 2558 3249 attigisse
2582 3195 2770 3233 annum
2801 3179 2924 3234 499.
2959 3180 3062 3234 Sed
3108 3195 3223 3233 cum
3250 3182 3523 3233 concilium
3551 3181 3687 3248 Agao

2164 3268 2347 3322 tbense
2367 3268 2466 3320 sub
2492 3268 2718 3320 Casario
2746 3277 3083 3320 convocatum
3111 3267 3264 3320 fuerit
3288 3281 3373 3319 an.
3400 3266 3521 3332 506,
3552 3268 3692 3322 ulte—

2163 3357 2271 3410 rius
2292 3357 2452 3409 multo
2474 3355 2630 3408 vitam
2657 3355 2960 3420 produxisse
2987 3355 3248 3408 Ruricium
3271 3362 3490 3407 constat.
3516 3353 3692 3408 Polito

2161 3445 2312 3515 stylo,
2347 3453 2405 3497 ut
2444 3444 2631 3496 saecula
2655 3443 2907 3504 ferebant,
2933 3443 3136 3509 scriptae
3158 3441 3278 3494 sunt
3293 3442 3404 3509 ejus
3420 3441 3685 3507 epistola;

2164 3532 2469 3598 paucissima
2498 3541 2669 3584 tamen
2691 3545 2805 3597 quae
2831 3529 2911 3582 vel
2953 3531 3014 3580 atl
3043 3529 3301 3596 dogmata,
3333 3530 3409 3582 vel
3449 3529 3514 3581 ad
3563 3529 3688 3583 illo-

2161 3633 2275 3670 rum
2305 3627 2591 3683 temporum
2630 3617 2895 3669 bistoriam
2945 3618 3259 3682 pertineant,
3299 3616 3466 3681 possis
3501 3630 3687 3672 excer-

2163 3717 2321 3772 pere;
2352 3705 2607 3771 pleraeque
2647 3704 2782 3755 enim
2826 3713 2946 3756 sunt
2989 3703 3234 3756 omciosae
3277 3703 3511 3770 epistola:
3536 3742 3550 3763 ,
3597 3703 3686 3757 vel

2162 3792 2539 3855 consolatorie,
2569 3791 2648 3845 vel
2683 3792 2744 3844 ad
2779 3793 3019 3857 pietatem
3075 3790 3349 3859 fugamque
3386 3791 3559 3844 saeculi
3586 3793 3685 3843 ad-

2164 3879 2481 3933 bortatoriaz.
2510 3880 2816 3934 Observavit
2845 3879 3102 3945 Balusins,
3151 3880 3247 3946 ipsi
3287 3893 3482 3932 morem
3523 3877 3686 3933 fuisse

2163 3969 2403 4020 meliores
2429 3969 2708 4035 scriptores
2733 3967 3018 4036 perlegere,
3047 3955 3379 4036 ipsorumque
3407 3967 3564 4020 verba
3583 3965 3686 4018 sibi

2163 4054 2371 4120 pmpria
2409 4055 2610 4118 facere;
2653 4056 2803 4122 idque
2840 4061 3021 4124 probat
3064 4058 3219 4110 variis
3256 4055 3569 4126 argumentis
3615 4069 3684 4108 ex

2163 4144 2399 4210 geminis,
2447 4159 2572 4210 quas
2617 4154 2723 4197 tum
2774 4145 2977 4210 edebat,
3013 4147 3216 4210 Sulpitii
3245 4146 3419 4200 Severi
3448 4144 3686 4211 epistolis

2167 4231 2401 4300 (Miscell.
2429 4242 2549 4283 tom.
2597 4232 2637 4296 Ι,
2687 4232 2879 4300 ρωῄ),
2921 4246 2988 4284 ex
3017 4231 3204 4297 quibus
3238 4221 3412 4298 utique
3446 4230 3686 4284 hausisse

2167 4321 2358 4387 aliqua,
2387 4299 2579 4372 indicto
2600 4299 2827 4384 nomine,
2858 4321 3059 4372 videtur
3094 4318 3361 4381 Ruricius;
3409 4328 3462 4370 et
3499 4333 3686 4371 revera

561 4407 669 4457 linit
693 4419 825 4466 esse,
861 4403 1047 4466 ferunt,
1081 4405 1128 4454 in
1152 4403 1407 4454 communi
1445 4403 1727 4454 Lemovica'
1772 4400 2066 4456 coemeterio
2092 4399 2142 4456 D
2168 4407 2334 4473 aliqua
2364 4417 2483 4459 sunt
2511 4407 2718 4468 similia,
2741 4408 2808 4460 ita
2830 4417 2883 4460 ut
2913 4407 3064 4474 plagii
3091 4421 3210 4459 reus
3230 4419 3345 4458 esse
3366 4404 3599 4458 videatur
3619 4420 3686 4457 eo

564 4495 926 4545 monasterium
951 4495 999 4543 in
1044 4494 1288 4544 honorem
1326 4493 1486 4544 sancti
1511 4491 1776 4559 Augustini
1808 4496 2061 4558 erexisse,

573 4606 3644 4632 mm

2170 4495 2464 4557 deterioris,
2493 4496 2627 4562 quod
2660 4497 2812 4549 verba
2851 4509 2903 4548 et
2932 4510 3087 4548 voces
3112 4506 3306 4547 tantum
3337 4494 3684 4560 usurpaverit.

3645 4618 3692 4631 ,π

1006 4691 1582 4814 RURICII
1668 4693 2326 4816 EPISCOPI
2419 4697 3226 4820 EPISTOLfE.

1554 4887 2707 5069 LIBEmMUS.

1035 5133 1343 5185 EPISTOLA
1386 5133 1610 5189 PRIMA.

644 5222 848 5274 Domino
878 5222 1234 5293 suo_peculiari_
1262 5225 1309 5274 in
1343 5223 1554 5285 Christo,
1588 5225 1777 5275 Damno
1798 5237 2003 5293 patrono

955 5288 1139 5340 Fausto
1162 5291 1382 5358 episwpo
1419 5293 1669 5344 Ruricius.

637 5393 769 5446 Olim
797 5396 1097 5460 te,.domine
1125 5396 1192 5448 uti
1223 5399 1536 5463 venerande,
1578 5413 1635 5450 ac
1667 5399 1957 5455 beatissime
1986 5418 2068 5456 sa-

2173 5141 2374 5203 cerdos,
2427 5140 2557 5190 fama
2589 5141 2917 5193 celeberrima
2948 5140 3256 5208 prredirante
3283 5141 3512 5206 cognovi.
3549 5138 3681 5192 Olim

2171 5229 2426 5281 desilerio
2456 5229 2520 5292 pii
2547 5229 2738 5280 amoris
2767 5229 2964 5291 infuso,
2997 5230 3098 5282 illis
3121 5239 3168 5280 te
3188 5269 3203 5293 ,
3240 5229 3423 5294 quibus
3457 5228 3685 5281 scribere

2168 5316 2410 5382 dignaris.
2433 5316 2593 5368 oculis
2613 5316 2783 5370 cordis
2807 5317 3034 5378 intueor;
3059 5316 3149 5369 sed
3171 5317 3504 5370 nihilominus
3524 5313 3680 5367 etiam

2166 5407 2430 5474 corporeis
2461 5405 2629 5460 videre
2660 5403 2942 5474 festinog-si
2969 5419 3068 5476 quo
3100 5407 3252 5460 modo
3282 5404 3492 5474 possim,
3511 5402 3686 5464 inter-7‘
