3854 6228
89 287 140 335 ω
1274 266 1734 322 srusrocsnun
1773 267 1895 323 LIB.
1934 269 1970 322 l.
3105 268 3171 321 7o

92 387 336 444 (edentibus
360 386 533 447 vobis,
586 392 912 449 peccatorum
945 394 1178 433 meorum
1211 380 1420 432 .vincula
1446 378 1555 432 dis-
1582 383 1629 438 Α
1658 388 1891 447 peccato,
1918 377 2223 444 sinejudicii
2248 379 2607 435 recordatione
2632 424 2644 446 ,
2678 388 2970 449 peccatum;
3001 389 3055 433 ut
3079 382 3173 433 du-

94 492 303 545 mmpere,
324 474 647 541 arreptisque
675 472 923 527 columba)
954 471 1089 522 illius
1120 467 1299 536 pennis
1322 464 1435 537 (Ps.
1459 483 1560 529 ων,

96 570 147 631 7),
168 582 189 618 a
209 565 476 615 venantium
500 560 698 626 laqueis
725 559 937 610 evolare
961 556 1074 627 (Ps.
1098 570 1180 620 xc,
1210 557 1287 623 5),
1318 555 1563 608 etvobis-

95 668 181 705 cum
207 652 379 717 positus
402 648 452 701 in
487 646 745 699 dominica
774 644 885 710 lege
912 643 1241 710 requie~cere
1264 658 1278 706 ;
1315 650 1372 693 ut
1399 640 1562 704 sitim,

96 756 211 807 quam
226 739 450 805 opuscula
474 744 644 787 vestra
671 733 883 800 legendo
903 732 1139 799 concepi,
1163 732 1275 798 ipso
1290 736 1561 796 prmsente,

96 830 198 880 unde
219 827 295 879 illa
317 830 602 883 manarunt,
631 821 840 872 uberius
871 821 1113 871 hauriens
1158 820 1561 885 restinguerem,

92 910 675 978 inusitatisigniculum,
717 922 873 974 quem
904 908 955 959 in
987 906 1173 973 tepidis
1208 906 1395 958 anima:
1438 905 1566 957 dor-

96 1004 258 1055 mientis
302 999 482 1052 favillis
520 996 839 1051 ferventibus
886 995 1192 1055 suscitastis,
1243 994 1455 1062 prolatis
1502 993 1566 1046 de

94 1090 303 1143 condensa
330 1088 697 1152 scripturarum
727 1084 957 1151 pabulis,
998 1083 1145 1134 vivax
1180 1082 1383 1134 ﬂamma
1417 1080 1568 1134 robo~

94 1188 219 1239 met,
255 1190 360 1243 quae
395 1172 603 1239 eloquio
642 1172 808 1224 Sancti
845 1172 949 1223 oris
990 1182 1236 1232 accensa,
1284 1181 1428 1220 more
1471 1166 1566 1220 sibi

94 1267 239 1328 solito,
277 1265 325 1315 in
364 1272 573 1329 pectore
611 1260 899 1328 peccatoris
950 1259 1053 1310 vim
1106 1266 1301 1309 naturae
1346 1255 1567 1323 potentis

91 1360 309 1415 cxcreret,
334 1348 681 1403 calefacienda
702 1347 899 1414 frigida,
926 1345 1279 1399 inluminando
1312 1343 1561 1395 tenebro-
1582 1368 1607 1377 γι

94 1453 151 1497 sa.
170 1448 212 1491 et
229 1434 684 1509 spinascriminum
707 1430 1081 1486 consumendo.
1109 1430 1359 1493 Adhaesit,
1388 1430 1569 1481 doctor

96 1526 263 1588 eximie,
287 1524 450 1577 anima
475 1521 591 1575 inea
618 1530 733 1589 post
748 1527 819 1573 te.
848 1520 929 1573 Me
957 1522 1130 1571 autem
1170 1516 1415 1584 adjuvent
1444 1531 1567 1566 ora-

99 1616 226 1665 tiones
250 1619 360 1674 tuae,
391 1619 445 1662 ut
469 1608 689 1684 possim,
712 1607 930 1662 terrenis
957 1606 1153 1658 actibus
1181 1602 1390 1671 spretis,
1415 1601 1574 1657 cele-

1662 467 1779 533 plici
1814 475 1966 533 atque
2001 465 2182 533 majori
2223 467 2411 520 delicto
2456 468 2569 534 ipse
2598 484 2681 521 me
2717 482 2979 535 premam,
3010 476 3067 520 ut
3086 469 3173 534 qui

1661 554 1917 607 tarditatis
1955 568 2074 608 reus
2112 569 2247 619 sum,
2286 569 2401 611 esse
2449 556 2689 623 incipiam
2728 554 3002 608 falsitatis:
3034 557 3178 608 etab

1661 643 1883 695 humana
1909 658 2069 707 usque
2092 643 2276 710 injuria
2298 645 2491 699 crimen
2516 644 2789 697 extendam
2811 644 2873 695 ad
2894 653 3173 696 aeternam:

1662 748 1799 786 nunc
1839 742 2032 784 tantum
2072 741 2379 800 exspectans
2415 735 2480 786 de
2517 734 2750 800 segnitiae
2792 747 2924 785 noxa
2964 727 3173 786 senten-

1662 823 1814 885 tiam;
1858 821 2047 873 divina:
2097 836 2220 874 vero
2248 834 2340 887 pro
2384 822 2635 874 mendacii
2684 821 2876 873 ultione
2913 819 3175 886 subjiciar.

1662 907 1955 961 Praesertim
1982 924 2097 961 cum
2120 922 2241 962 vera
2269 909 2527 962 coofessio
2548 908 2914 976 indulgentiam
2940 947 2954 971 ,
2977 916 3025 961 et
3056 909 3178 965 falsa

1662 998 1928 1049 excusatio
1960 1005 2216 1051 mereatur
2238 996 2510 1050 ollensam.
2551 997 2682 1049 Malo
2712 998 2881 1065 itaque
2914 1005 3016 1049 tam
3054 999 3181 1049 sim.

1665 1086 1784 1152 plici
1810 1086 2139 1141 confessione
2166 1102 2317 1154 quam
2344 1088 2559 1155 supplici
2584 1088 2782 1141 veniam
2815 1097 3008 1155 petere,
3030 1103 3181 1157 quam

1665 1183 1876 1240 peccata
1905 1175 2189 1241 geminare.
2224 1175 2389 1228 llabes
2417 1190 2563 1242 ergo,
2590 1156 2736 1240 pater
2766 1176 2982 1242 optime,
3011 1156 3182 1241 pastor

1664 1265 1893 1329 egregie,
1909 1276 2074 1334 meam
2093 1264 2255 1330 culpa:
2275 1277 2404 1316 mea:
2424 1272 2761 1330 spontaneum
2785 1248 3184 1317 confessionem.

1666 1350 1836 1404 Habes
1881 1362 1933 1403 et
1974 1354 2021 1402 in
2062 1352 2299 1420 discipuli
2345 1366 2545 1415 errore,
2584 1352 2719 1418 quod
2762 1366 2792 1405 c
2829 1353 3021 1421 rrigas;
3055 1353 3184 1406 etin

1666 1441 1885 1494 oviculae
1918 1441 2187 1508 languore,
2215 1441 2352 1509 quod
2373 1456 2544 1494 sanes.
2576 1442 2953 1507 Potestatisque
2975 1452 3026 1494 et
3043 1440 3185 1508 judi-

1664 1529 1730 1580 cEi
1764 1528 1833 1580 tui
1862 1539 1959 1590 est,
1993 1536 2163 1581 utrum
2190 1530 2317 1582 velis
2353 1529 2543 1583 ulceris
2568 1530 2669 1582 mei
2709 1529 3032 1598 putredinem
3066 1530 3186 1583 ferri

1668 1618 1839 1685 rigore
1868 1617 2188 1683 rescindere,
2232 1632 2315 1670 an
2339 1617 2815 1671 medicamentorun
2855 1618 3073 1693 lenitate
3099 1633 3188 1671 cu-

98 1702 225 1752 stibus
241 1698 448 1751 inhiare.
463 1695 593 1762 Quia
612 1709 823 1763 corpus,
840 1693 974 1763 quod
998 1693 1366 1760 corrumpnur,
1390 1686 1569 1759 aggraé

1678 1722 1806 1759 rare.
1838 1706 1943 1772 Ego
1966 1716 2135 1760 tamen
2167 1715 2333 1760 utram
2357 1704 2621 1772 elegeritis
2650 1686 2974 1759 curationem
3001 1706 3190 1771 ample-

102 1796 161 1839 rat
180 1788 379 1839 animam
407 1784 559 1856 (Sap.
583 1800 655 1848 ix,
690 1782 808 1853 15),
856 1794 910 1835 ut
938 1782 1188 1835 inclinare
1218 1781 1575 1843 nummariam

102 1875 148 1926 ad
161 1874 338 1927 omnia
358 1874 531 1926 divina
554 1887 655 1926 non
676 1872 842 1939 possit
863 1868 977 1939 (Ps.
993 1885 1129 1932 xuv,
1153 1869 1257 1935 ll),
1289 1878 1344 1921 ut
1367 1868 1587 1943 domum)

106 1965 228 2027 patris
269 1962 457 2014 oblivio
493 1960 763 2022 obediens,
810 1975 925 2027 quae
976 1958 1210 2011 vocantis
1252 1948 1468 2023 imperio
1513 1955 1579 2008 de

103 2060 206 2103 terra
234 2064 317 2103 sua
341 2058 394 2104 et
420 2048 730 2116 cognatione
774 2046 1003 2100 discedat
1032 2045 1179 2114 (Gen.
1215 2060 1307 2108 xu,
1344 2044 1393 2106 l)
1426 2053 1578 2109 atque

105 2144 237 2207 illam,
257 2158 363 2210 qua
382 2143 431 2196 ei
453 2144 859 2203 demonstratur,
891 2137 1060 2207 potius
1086 2134 1436 2202 concupiscat.
1464 2134 1576 2203 Non

104 2234 208 2283 enim
244 2232 401 2284 adhuc
441 2231 574 2282 valet
620 2228 879 2299 pusi‘llitas
905 2236 1078 2279 nostra
1108 2234 1301 2278 metum
1341 2222 1581 2275 obnoxias

102 2319 358 2373 conditionis
397 2319 683 2386 expellere,
736 2326 789 2369 et
825 2316 1027 2370 caritati
1075 2314 1320 2383 perfecta:
1367 2322 1580 2383 purgata

102 2409 222 2461 corda
243 2421 487 2471 reserare,
531 2417 589 2459 ut
633 2404 984 2471 relinquentes
1016 2402 1312 2470 praeacutis,
1340 2411 1579 2466 petamus

104 2507 275 2561 aeterna;
302 2497 565 2565 eiectaque
589 2493 773 2546 ancilla
795 2492 942 2559 (Gen.
960 2506 1069 2554 ut,
1096 2491 1202 2557 10),
1228 2488 1577 2540 hereditatem

104 2596 317 2650 paternam
338 2586 485 2639 liberi
508 2584 765 2651 possimus
779 2581 1013 2647 adipisci.
1036 2573 1381 2654 Quamobrem
1404 2592 1579 2644 spero,

108 2674 264 2727 domine
286 2656 350 2726 mi
369 2716 385 2741 ,
416 2681 475 2725 ut
495 2685 590 2739 pro
608 2684 692 2724 me
718 2669 1069 2723 indesinenter
1094 2667 1275 2728 oretis,
1306 2674 1357 2719 et
1378 2666 1582 2733 quoties

106 2760 252 2827 dignati
301 2760 498 2816 fueritis
538 2758 832 2813 ariditatem
886 2766 1039 2810 teme
1097 2769 1226 2808 meae
1274 2754 1582 2821 eloquentia:

109 2861 246 2906 vestra
274 2853 431 2907 imbre
459 2834 792 2919 perfundere,
817 2863 919 2901 non
951 2846 1096 2909 mihi,
1127 2846 1261 2899 sicut
1290 2858 1428 2897 nunc
1459 2843 1582 2896 feci-

108 2944 187 3005 stis,
215 2952 259 2996 et
282 2944 445 2995 adhuc
482 2956 615 2994 meat
653 2939 970 2992 inﬁrmitatis
1016 2937 1210 3003 ignari,
1256 2935 1507 2986 delicatos
1530 2940 1578 2983 et

1676 1807 1789 1851 ctar
1810 1797 2129 1865 intrepidus;
2180 1812 2275 1850 nec
2310 1807 2537 1864 paterna:
2584 1798 2741 1850 ictum
2776 1797 3005 1851 dexterae
3034 1798 3185 1851 decli-

1678 1888 1848 1946 nabo;
1899 1886 2183 1938 dummodo
2227 1886 2515 1952 portionem
2566 1886 2834 1955 promissa:
2880 1885 3198 1940 htereditatis

1674 1976 1951 2041 adipiscar.
2001 1974 2176 2039 Neque
2216 1974 2475 2026 attendam
2515 1988 2632 2041 quas
2672 1975 2795 2026 mihi
2841 1982 3008 2039 ptena‘
3029 1974 3096 2026 sit
3142 1974 3190 2026 in

1666 2061 1899 2123 ﬂagello,
1939 2061 2027 2113 sed
2080 2076 2230 2128 quam
2283 2063 2497 2116 habeam
2543 2064 2594 2114 in
2638 2070 2960 2115 testamento.
3017 2055 3199 2115 Melius'

1676 2150 1812 2204 enim
1850 2150 1977 2201 mihi
2010 2159 2092 2202 est
2136 2149 2263 2202 flere
2298 2164 2453 2217 super
2496 2162 2668 2215 patre,
2708 2166 2860 2218 quam
2910 2160 2961 2203 ut
2990 2151 3202 2203 abdit-cr

1650 2244 2001 2305 "contemptus
2037 2253 2066 2291 ει
2114 2245 2275 2303 patre.
2322 2238 2448 2301 Quia
2488 2247 2757 2305 parentum
2788 2239 2949 2304 pietas
2986 2238 3191 2291 distrin.

1675 2324 1781 2390 git,
1826 2335 1882 2377 ut
1910 2325 2165 2393 corrigat;
2203 2340 2305 2377 non
2352 2332 2689 2392 perseverat,
2732 2336 2786 2378 ut
2833 2329 3049 2393 puniat,
3103 2340 3193 2379 nec

1679 2426 1873 2469 tantum
1928 2418 1974 2470 ei
2021 2420 2259 2472 maeroris
2299 2418 2451 2471 infert
2485 2419 2773 2485 arrogantia
2826 2419 3193 2485 superbientis.

1676 2517 1922 2572 quantum
1953 2506 2190 2573 gaudium
2223 2508 2317 2559 icrt
2364 2506 2621 2558 humilitas
2644 2508 2957 2561 conﬁtentis.
2992 2507 3077 2561 Sic
3105 2508 3192 2560 ille

1681 2592 1941 2671 Evangelii
1981 2594 2452 2662 indulgentissimus
2497 2606 2640 2664 pater
2692 2598 2871 2659 lilium,
2928 2608 3196 2664 prmceptm

1683 2683 1984 2737 Substantia:
2043 2684 2365 2737 decoctorem
2400 2724 2415 2747 ,
2484 2686 2599 2735 laeto
2652 2684 2879 2750 suscepit
2934 2684 3194 2751 amplexu,

1682 2775 1969 2841 p‘omptior
2012 2775 2237 2841 gaudere
2285 2772 2350 2827 de
2398 2774 2596 2835 reditu,
2644 2787 2795 2839 quam
2842 2773 3097 2839 imputare
3134 2774 3196 2826 de

1682 2864 1826 2931 lapsu
1868 2864 2022 2930 (Luc.
2068 2864 2188 2931 xv).
2240 2862 2467 2928 Denique
2507 2876 2607 2913 n0n
2650 2861 3027 2929 exprobrantur
3066 2863 3196 2915 fat-i-

1682 2966 1835 3013 nora,
1884 2967 1985 3003 non
2026 2950 2256 3013 luxuria,
2297 2963 2400 3001 non
2430 2958 2669 3018 egestas;
2720 2951 2830 3003 sola
2858 2952 3092 3003 conversi
3119 2967 3196 3004 re-

111 3030 243 3085 dulres
279 3031 438 3096 cibos,
491 3029 583 3081 sed
630 3027 964 3087 austeriores,
1016 3032 1069 3076 et
1116 3022 1405 3088 aegritudini
1450 3034 1577 3071 mete

1678 3039 1847 3091 versio
1896 3038 2064 3089 omnia
2111 3038 2293 3090 damna
2341 3049 2658 3101 compensat.
2721 3038 2848 3105 Quia
2896 3039 3058 3107 major
3106 3038 3198 3093 fuit

109 3133 310 3188 congruos
334 3114 652 3185 suggeratis;
684 3115 801 3179 quia
824 3126 924 3164 non
952 3109 1231 3173 eXpediunt
1259 3110 1418 3161 stulto
1445 3107 1579 3159 deli-

108 3212 201 3276 cia;
236 3211 549 3278 postmodum
582 3205 932 3275 proditoribus
968 3202 1098 3255 meis
1129 3196 1420 3253 censorium
1447 3210 1585 3266 prae,-

108 3296 232 3350 beatis
256 3310 520 3351 assensum
545 3338 559 3361 ,
592 3294 679 3362 qui
718 3306 863 3346 more
894 3291 1101 3344 humani
1131 3287 1350 3356 ingenii,
1393 3285 1582 3339 aﬂ'ectu

111 3386 231 3439 nimio
259 3386 548 3455 praepediti,
586 3399 614 3436 a
648 3382 868 3436 veritate
906 3377 1086 3449 judicii
1117 3377 1458 3440 declinantes,
1505 3376 1585 3427 in-

106 3485 279 3529 currunt
315 3492 404 3545 pro
440 3488 625 3528 amore
655 3471 1000 3526 mendacium.
1046 3469 1183 3522 Sane
1218 3481 1313 3520 nec
1345 3476 1585 3519 vereatur

106 3566 300 3617 sanctitas
326 3575 518 3624 vestra,
542 3577 607 3616 ne
628 3560 925 3613 vulneribus
948 3558 1075 3610 meis
1092 3555 1286 3624 gratior
1311 3556 1379 3607 sit
1403 3554 1583 3604 foven-

106 3651 153 3702 tis
183 3650 392 3716 dextera,
437 3666 595 3721 quam
641 3648 889 3703 secantis.
926 3647 1054 3709 Quia
1100 3659 1162 3697 ea
1189 3656 1286 3695 nec
1311 3657 1394 3693 me
1428 3652 1581 3707 posse

106 3744 253 3803 curari.
267 3753 312 3795 et
333 3750 508 3797 tamen
524 3740 750 3807 graviter
763 3752 877 3791 com
886 3736 1161 3804 putruisse,
1180 3732 1395 3785 Domino
1410 3731 1583 3807 dante,

105 3828 188 3893 iam
203 3831 373 3885 sentio.
405 3831 470 3885 Et
500 3830 619 3883 ideo
644 3828 805 3895 eligo,
836 3835 892 3877 ut
914 3839 997 3877 me
1020 3824 1193 3890 justus
1218 3818 1586 3873 misericordia:

106 3914 405 3985 increpatione
449 3918 739 3983 corripiat,
783 3927 936 3978 quam
985 3918 1139 3974 caput
1188 3921 1360 3959 meum
1412 3905 1584 3955 oleum

106 4008 340 4067 Peccatum
384 4004 675 4071 impinguet
718 3998 989 4065 (Ps.cxr.,
1018 3995 1095 4059 5).
1143 3990 1374 4058 Supplici
1414 3990 1585 4056 itaque

106 4108 220 4156 prem
242 4097 481 4162 deposco,
528 4100 583 4143 ut
610 4090 675 4142 de
705 4088 794 4140 illo
829 4085 1073 4137 thesauro
1121 4078 1463 4147 penetralium
1494 4093 1585 4132 ve-

105 4190 304 4246 strorum,
342 4181 481 4235 unde
513 4191 649 4231 nova
675 4184 728 4229 et
758 4184 937 4229 vetera
973 4170 1205 4238 proferre
1240 4167 1587 4234 consuevistis

104 4265 273 4333 (Natta.
296 4284 405 4337 xm,
428 4266 549 4336 52).
579 4264 873 4334 peritissimi
897 4269 1075 4329 utpote
1101 4258 1282 4311 medici
1300 4299 1315 4319 ,
1356 4259 1441 4325 qui
1479 4257 1587 4309 lan-

1682 3124 1862 3193 procul
1913 3125 2069 3176 dubio
2112 3126 2244 3191 patri
2293 3125 2515 3178 facultas
2558 3125 2783 3191 reditus,
2825 3142 2977 3192 quam
3024 3141 3195 3179 rerum

1681 3216 1914 3269 facultas.
1974 3213 2150 3283 Itaque
2181 3212 2443 3266 abscessio
2482 3227 2625 3265 reum
2662 3216 2894 3275 iecerat,
2936 3214 3197 3280 ⁵νρεηξεείο

1674 3301 1803 3357 fecit
1852 3303 2127 3355 insontem.
2196 3300 2266 3353 Ea
2326 3300 2680 3353 misericordia
2742 3299 2931 3375 sufﬁcit
2974 3299 3198 3355 ‘hmredi.

1676 3392 1813 3457 Quin
1844 3393 1995 3444 etiam
2025 3399 2251 3458 paternae
2281 3389 2570 3444 clementia:
2610 3390 2759 3441 venia
2799 3389 2907 3443 sola
2938 3401 3038 3441 nun
3092 3389 3199 3441 suf.

1682 3485 1807 3555 ﬁcit,
1843 3484 1978 3552 quod
2016 3484 2146 3535 ulnis
2190 3481 2349 3546 fovet,
2392 3480 2527 3548 quod
2564 3480 2725 3549 gratia
2752 3481 3066 3548 permulcet;
3102 3479 3201 3531 nisi

1683 3572 1736 3629 et
1764 3589 1976 3627 munera
2004 3573 2141 3639 larga
2173 3570 2494 3638 multiplicet.
2522 3571 2615 3621 Dat
2643 3570 2885 3622 annulum
2916 3584 2981 3621 ne
3024 3583 3202 3621 rursus

1682 3678 1711 3715 a
1749 3672 1917 3731 patre,
1957 3660 2170 3729 perﬁdia
2216 3662 2367 3725 duce,
2409 3659 2659 3712 discedat.
2712 3658 3074 3713 Calceamenta
3117 3661 3203 3711 dat

1682 3751 1922 3821 pedibus,
1961 3766 2063 3819 quo
2108 3749 2305 3803 facilius
2347 3748 2491 3801 ardui
2536 3748 2731 3801 itineris
2766 3762 2947 3814 aspera
2987 3757 3039 3801 et
3076 3747 3203 3800 dura

1682 3843 1999 3893 contemnat.
2055 3838 2150 3889 Dat
2196 3846 2249 3890 et
2295 3837 2456 3900 ipsam
2486 3834 2702 3901 primam
2732 3849 2882 3900 quam
2914 3832 3206 3899 perdiderat

1682 3926 1889 3987 stolam,
1920 3934 1976 3976 ut
2003 3938 2153 3986 quem
2180 3937 2207 3972 a
2236 3930 2400 3973 morte
2425 3929 2711 3985 receperat,
2750 3921 2959 3985 pristina
2998 3921 3207 3972 immor-

1682 4011 1879 4063 talitate
1904 4009 2139 4061 donaret.
2176 4008 2335 4059 Datur
2358 4006 2510 4059 etiam
2533 4007 2642 4069 ipse
2660 4005 2853 4071 juniori
2884 4006 3072 4056 vitulus
3112 4022 3202 4058 re-

1684 4113 1855 4161 verso,
1911 4095 1999 4165 qui
2044 4096 2234 4148 seniori
2281 4108 2443 4161 agnus
2480 4093 2631 4145 datus
2672 4091 2842 4145 fuerat
2893 4092 2957 4147 de
2983 4092 3209 4161 Egypto

1686 4188 1998 4257 profecturo.
2021 4186 2149 4251 Quia
2174 4185 2283 4253 ipse
2312 4183 2486 4237 educit
2506 4198 2569 4236 ex
2602 4181 2830 4252 Egypto
2858 4192 3022 4251 pater.
3055 4183 3208 4238 Tanti

1686 4277 2138 4345 parentis'imitare
2161 4282 2331 4327 tantus
2352 4271 2527 4325 ﬁdem.
2553 4271 2719 4325 Trade
2742 4272 3096 4339 peccatoribus
3118 4272 3210 4325 ad-

104 4356 318 4417 eundum
350 4356 656 4409 innumeras
682 4357 740 4404 et
764 4349 935 4402 varias
956 4345 1301 4436 aegritudines
1330 4342 1581 4409 quotidie,
1612 4346 1662 4404 ι)
1682 4342 1949 4436 ﬂuuium.
1982 4373 2166 4433 pmm
2194 4362 2499 4425 conantibw
2527 4361 2914 4423 remissionem,
2960 4358 3219 4423 inme“);

104 4441 233 4505 gratia
254 4442 337 4498 Dei
359 4442 663 4510 adiuvante,
702 4436 924 4499 sanatis,
954 4433 1185 4502 languori
1213 4445 1414 4499 quoque
1450 4443 1591 4491 meo,

105 4542 190 4593 qua
207 4530 474 4588 convenire
506 4524 848 4595 cognoscitis,
878 4522 1256 4575 medicamenta
1286 4515 1521 4571 mittatis.

618 4630 939 4685 EPISTOLA
972 4629 1035 4681 ll.

155 4724 469 4790 Destinatum,
496 4723 738 4790 peculiari
757 4724 811 4790 in
832 4720 1026 4790 Christo
1055 4718 1265 4790 Domino
1293 4728 1523 4785 patrono,

210 4742 469 4790 mtuo,
531 4742 738 4777 unum
761 4742 811 4771 in
832 4742 1026 4774 utrum
1055 4742 1196 4771 vanu

210 4810 211 4813 ‘
463 4742 529 4845 1'?
520 4800 659 4844 aucto
683 4789 919 4858 episcopo
942 4788 1196 4840 Ruricius.

155 4880 211 4933 ita
231 4898 307 4937 me
350 4885 610 4936 hactenus
652 4878 810 4947 impia
852 4875 1165 4944 negligentia
1212 4883 1265 4927 et
1319 4873 1589 4943 negligens

106 4969 293 5041 impietas
317 4970 689 5041 possederunt,
728 4976 783 5020 ut
826 4964 947 5034 quid
973 5004 987 5029 ,
1034 4964 1243 5017 domine
1272 4963 1379 5027 mi,
1420 4961 1469 5014 in
1513 4976 1594 5014 me

107 5059 380 5124 missimam
411 5070 689 5119 accusem,
710 5054 977 5118 nesciam;
1022 5062 1075 5105 et
1123 5051 1243 5119 quid
1288 5054 1337 5103 in
1375 5064 1457 5104 me
1487 5050 1593 5115 pri-

108 5164 217 5203 mum
252 5164 531 5213 excusem,
585 5160 691 5199 non
734 5146 1011 5198 inveniam.
1054 5145 1109 5198 St
1147 5146 1287 5197 enim
1325 5153 1597 5208 argumen-

110 5236 307 5293 tationem
360 5237 596 5307 aliquam
662 5234 727 5286 ad
769 5233 1092 5307 excusandas
1143 5231 1504 5285 excusationes
1543 5225 1596 5278 in

113 5325 291 5391 mutis
334 5326 591 5389 exhibere
631 5324 903 5376 tentaver'a
944 5320 1054 5390 (Ps.
1083 5335 1200 5382 (ιιι,
1241 5318 1317 5386 4),
1354 5314 1615 5381 adjiciam

162 5495 404 5555 Hamis
452 5490 670 5559 ωιαυί
718 5472 915 5546 litteras
957 5490 1180 5547 amabat.
1217 5489 1367 5541 illum
1413 5484 1578 5538 virum

1688 4458 1886 4510 sionem
1928 4455 2143 4521 largire,
2183 4452 2557 4520 conﬁtentique
2596 4451 2703 4504 lilio
2748 4464 2849 4503 non
2886 4450 3057 4504 solum
3099 4451 3212 4517 ipse

1689 4543 1886 4597 veniam
1916 4543 2103 4600 tribue.
2130 4540 2219 4592 sed
2255 4541 2364 4607 ipse
2390 4542 2589 4593 veniam
2617 4538 2895 4606 deprecare
2919 4553 2933 4599 ;
2975 4548 3030 4589 ut
3056 4553 3210 4604 quem

1688 4635 1742 4687 in
1772 4631 2038 4699 peregrina
2072 4628 2234 4694 patria
2254 4626 2742 4693 appellasliherum,
2776 4626 2824 4677 in
2856 4624 3059 4693 propria
3088 4638 3213 4690 pos-

1694 4724 1765 4775 sis
1792 4720 1965 4772 videre
1994 4719 2285 4770 liberatum.
2316 4717 2377 4769 Et
2397 4718 2479 4783 qui
2512 4730 2603 4782 per
2629 4730 2686 4768 se
2701 4715 2871 4767 amisit
2897 4713 3210 4767 dominicam

1692 4805 2073 4874 liberalitatem,
2108 4816 2272 4873 perte
2313 4813 2567 4855 mereatur
2613 4801 2858 4867 consequi
2899 4801 3211 4863 libertatem,

1692 4913 1789 4952 nec
1836 4912 1864 4948 a
1911 4907 2085 4950 vestro
2126 4902 2398 4964 separetur
2451 4892 2674 4955 solatio,
2724 4891 2810 4957 qni
2867 4901 3214 4958 sequeSIratm-

1693 4989 1924 5058 praemio.

2231 5050 2548 5106 EPISTULA
2594 5048 2679 5100 lll.

1697 5144 2069 5200 Devinctissimo
2105 5129 2239 5196 Filio
2271 5156 2556 5260 segperque
2596 5138 2861 5206 magniﬁco
2896 5145 2919 5171 ³
2988 5128 3216 5180 Πε⁵Ρε¹’¹⁰

2377 5222 2582 5260 unctus.

2377 5222 2582 5260 unctus.

1764 5303 2036 5372 Scribendi
2078 5302 2208 5355 milii
2258 5300 2321 5352 ad
2376 5296 2763 5363 unanimitatem
2807 5299 2945 5343 tuam
2996 5289 3217 5354 aditum,

1683 5476 2037 5545 magniﬁcum,
2086 5475 2353 5530 Geminam
2383 5470 2678 5525 litterarum
2723 5472 2777 5517 et
2816 5460 3097 5515 amicorum
3130 5476 3215 5526 ap-
