3854 6228
503 183 578 236 Ἠν
1817 178 2063 237 1111111011
2100 165 2398 234 EPlSGOPl

502 307 658 366 quem
681 299 1017 377 obstruxerat
1044 293 1324 363 imperitia,
1357 292 1601 363 patefecit
1632 292 1848 347 allectus
1871 301 1926 347 et
1965 293 2050 346 illa
2077 297 2129 353 Α

502 385 821 442 dominatrix
858 385 1092 438 omnium
1129 385 1323 452 pictas,
1357 399 1448 452 per
1475 399 1632 453 quam
1667 382 1948 436 ﬂectuntur
1974 383 2051 436 ri-

502 478 642 548 gida,
674 489 830 528 saxea
868 474 1195 539 molliuntur,
1239 473 1494 529 sedantur
1525 473 1747 540 tumida,
1786 472 2052 526 leniuntur

503 579 713 632 aspera,
754 573 1053 619 tumescunt
1095 565 1255 626 lenia,
1300 565 1584 618 mitescunt
1628 578 1786 628 strva,
1832 565 2054 618 saeviunt

504 654 681 719 initia,
728 654 1082 708 accenduntur
1113 653 1340 722 placida,
1386 669 1644 726 acuuntur
1671 655 1821 709 bruta
1841 692 1856 717 ,
1884 653 2056 708 domi-

504 759 694 800 nantnr
720 745 976 810 barbara,
1025 745 1271 798 immania
1324 745 1609 814 placantur.
1663 745 1831 799 Etiam
1870 748 1922 798 in
1969 759 2054 799 me

503 852 636 904 opus
653 851 803 889 suum
836 850 1107 904 peragens.
1133 849 1193 889 os
1213 835 1421 906 elingue
1451 837 1724 900 reser.tvit,
1759 836 2053 902 produccns

505 941 588 979 me
608 941 671 980 ex
700 925 962 989 tutissimo
991 924 1186 978 silentii
1215 939 1424 978 recessu
1459 923 1522 978 ad
1561 925 1823 991 publicum
1869 922 2054 975 formi-

503 1017 838 1084 dandutnque
863 1013 1118 1082 judicium
1151 1026 1199 1067 et
1244 1014 1484 1078 invitatio
1511 1015 1670 1068 vestri
1707 1028 1839 1066 nova
1877 1011 2056 1066 subire

504 1107 789 1176 compellit.
820 1106 1052 1170 Scilicet,
1083 1106 1243 1173 utqui
1270 1105 1524 1158 hactenus
1563 1105 1702 1158 illam
1737 1103 2051 1158 sententiam

504 1207 718 1252 secutus
760 1198 1050 1267 antiquam,
1093 1212 1194 1262 qua
1240 1195 1433 1250 dicitur
1467 1212 1482 1248 :
1519 1196 1896 1263 Sa-penumero
1924 1209 2058 1263 prte-

509 1296 650 1341 stare
676 1295 882 1353 tacere,
917 1276 1073 1354 quam
1109 1286 1321 1348 dicere;
1368 1284 1695 1339 inscientiam
1737 1297 1905 1336 meam
1947 1297 2057 1335 ma-

507 1376 692 1431 luerim
718 1376 1045 1431 t‘erecundite
1068 1375 1418 1428 taciturnitate
1461 1375 1664 1444 legere,
1696 1389 1851 1444 quam
1889 1375 2057 1439 impu-

508 1468 697 1523 denter
720 1466 987 1520 incondito
1009 1479 1252 1520 sermone
1280 1465 1539 1533 proferre,
1570 1479 1687 1518 non-
1705 1474 1809 1518 tam
1837 1478 2058 1518 consue-

510 1555 709 1610 tudinis
757 1570 890 1610 mea:
939 1555 1233 1622 immemor,
1287 1570 1443 1623 quam
1493 1553 1800 1608 rusticitatis
1841 1553 2054 1618 oblitus,

2761 291 2974 348 EPIST.
3013 291 3102 346 iV.

2224 382 2603 440 Det'inctistimo
2629 382 2736 450 ﬁlio
2769 397 3059 453 semperque
3090 379 3358 451 magniﬁca
3389 378 3667 448 Hesperio

2800 453 3057 508 Ruricius.

2223 565 2415 634 [lecepi
2445 565 2619 632 apices
2646 563 3000 618 unanimitatis
3046 572 3170 628 tuae,
3207 570 3310 616 tam
3340 561 3508 630 gratia
3556 575 3741 630 quam

2151 655 2484 724 eloquentia;
2532 663 2636 707 tam
2684 667 2864 708 amore
2913 655 3110 721 pariter
3153 667 3308 720 quam
3338 651 3555 720 lepore;
3620 660 3738 702 tam

2152 746 2265 800 sale
2286 759 2442 815 quam
2473 743 2630 799 melle
2670 759 2956 812 respersas.
2989 744 3042 798 ltt
3087 744 3278 813 quibus
3315 757 3415 797 nec
3440 741 3740 796 dulcedini

2153 837 2364 891 deesset
2390 834 2608 904 aliquid,
2655 848 2751 888 nec
2773 833 2967 900 sapori.
2993 834 3091 899 Qui
3126 848 3249 906 cum
3292 832 3438 886 omni
3464 831 3743 885 dictionis

2153 937 2209 982 et
2236 925 2452 985 rationis
2480 933 2594 978 arte
2617 923 3012 992 praemineant,
3040 925 3154 978 solo
3183 933 3356 978 tamen
3379 937 3410 976 a
3431 938 3489 978 se
3509 922 3742 978 discre-

2155 1028 2282 1084 pare
2302 1013 2546 1075 videntttr
2568 1012 2786 1081 judicio.
2809 1013 2943 1066 Dum
2963 1012 3103 1066 enim
3137 1014 3393 1081 paginula:
3420 1028 3589 1082 mezr,
3620 1027 3739 1067 non

2156 1103 2294 1157 laudi
2322 1113 2478 1172 apte,
2527 1103 2620 1157 sed
2651 1104 3018 1171 vituperationi
3056 1103 3249 1171 ineptia
3280 1105 3601 1158 rusticitatis
3632 1119 3740 1170 ap-

2119 1241 2122 1244 .
2157 1204 2296 1262 tatre,
2345 1194 2543 1262 majora
2591 1196 2794 1248 meritis
2824 1194 3052 1248 tribuere
3098 1195 3330 1260 festinas,
3374 1205 3427 1249 et
3469 1193 3741 1264 sequeris

2157 1286 2241 1339 vel
2267 1284 2664 1338 declamationis
2691 1299 2927 1346 cursum,
2977 1284 3058 1337 vel
3082 1284 3346 1353 diligentis
3370 1283 3672 1349 allectum;
3707 1299 3737 1337 tt

2159 1389 2340 1428 norma
2364 1375 2494 1429 recti
2520 1374 2699 1444 judicii
2726 1374 3018 1430 declinasti.
3045 1375 3122 1453 Ad
3152 1389 3304 1444 quant
3337 1391 3447 1430 rem
3469 1389 3574 1444 ego
3600 1390 3736 1443 per-

2157 1467 2434 1520 fectionem
2466 1481 2569 1521 non
2599 1466 2904 1535 ignorantia:
2935 1466 3080 1534 vitio,
3126 1468 3219 1521 sed
3249 1477 3542 1537 spontaneo
3577 1470 3738 1522 arbi-

2159 1566 2272 1611 tror
2304 1556 2644 1612 descendisse
2679 1557 2920 1621 consilio,
2979 1556 3166 1626 triplici
3220 1572 3287 1611 ex
3335 1573 3534 1612 causa:
3575 1566 3643 1611 ut
3681 1559 3739 1611 in

506 1650 652 1716 quasi
679 1663 745 1702 ex
777 1648 970 1701 Arione
998 1648 1050 1700 in
1073 1647 1337 1714 Orpheum
1369 1654 1585 1713 repente
1612 1654 1864 1709 mutatus,
1894 1644 2051 1698 velim
2085 1648 2129 1706 Β
2159 1648 2300 1702 tenui
2325 1647 2544 1701 materia
2583 1657 2637 1701 et
2663 1662 2882 1702 acumen
2914 1648 3128 1715 ingenii,
3173 1658 3222 1702 et
3253 1651 3362 1702 oris
3387 1649 3735 1714 facundiam,

509 1739 867 1794 disertissimis
895 1737 1110 1790 auribus
1146 1738 1250 1790 tuis
1297 1751 1390 1791 ore
1425 1735 1636 1804 garrulo
1669 1750 1775 1787 non
1811 1748 1913 1787 tam
1943 1733 2057 1788 ofﬂ-

507 1829 680 1882 ciosns
705 1843 861 1896 qttam
889 1826 1173 1894 iniuriosus
1195 1825 1441 1879 existere.
1493 1824 1625 1878 Dum
1656 1834 1710 1878 et
1733 1824 1909 1894 ignota
1942 1837 2058 1892 per-

508 1929 676 1982 tento,
719 1927 770 1972 et
825 1918 1026 1970 insueta
1073 1930 1354 1984 prazsumo.
1403 1913 1506 1970 Sed
1549 1913 1758 1975 dabitis,
1810 1925 1866 1967 ut
1918 1928 2057 1986 regr,

506 2009 714 2062 veniam
741 2007 971 2060 venienti
1000 2022 1064 2059 ex
1104 2005 1492 2060 necessitudine
1526 2003 1836 2059 necessaria:
1878 2019 2062 2058 neces-

509 2099 699 2165 sitatis.
755 2097 887 2160 Quia
938 2095 1076 2164 quod
1124 2095 1340 2148 dilectio
1378 2096 1430 2146 in
1469 2095 1769 2148 mortalium
1802 2093 2062 2148 mentibus

511 2184 734 2240 naturali
788 2193 1060 2252 potestate
1095 2181 1192 2236 sibi
1252 2179 1499 2245 \ittdit-et,
1553 2182 1823 2235 conscium
1870 2191 2063 2235 mutua

512 2274 772 2342 passionis
797 2285 978 2341 pectus
998 2274 1250 2340 agnoscit.
1282 2273 1418 2339 Ergo
1450 2291 1458 2320 I
1483 2271 1847 2324 eexcnsationi
1866 2270 2064 2324 diutius

513 2368 873 2430 immorantes,
913 2365 983 2417 ita
1013 2365 1251 2432 paginam
1289 2363 1587 2424 dilatemus,
1643 2373 1701 2417 ut
1747 2377 1850 2416 non
1894 2363 2064 2416 solum

513 2458 603 2510 tibi
642 2471 745 2508 non
775 2456 1030 2509 exhibeat
1073 2467 1248 2506 sermo
1291 2453 1625 2522 inconiptior,
1679 2467 1860 2507 verum
1907 2453 2066 2507 etiam

476 2535 480 2538 ’
512 2546 660 2613 copia
709 2543 1006 2598 inordinata
1060 2543 1366 2610 fastidium;
1415 2543 1522 2612 jam
1573 2544 1623 2597 iu
1654 2559 1836 2598 vocem
1859 2545 2066 2612 pietatis

512 2635 856 2704 erumpimus,
903 2643 957 2690 et
988 2634 1369 2688 desideriorum
1400 2633 1557 2688 verba
1589 2645 1875 2702 ructamus,
1923 2649 2068 2689 com-

512 2725 824 2779 mendantes
872 2723 965 2778 tibi
1015 2724 1204 2793 pignus
1235 2731 1504 2787 nostrum,
1548 2722 1845 2790 depositum‘
1895 2733 2061 2790 tuum,

472 2834 477 2838 -
513 2814 662 2883 cujus
690 2828 785 2867 nos
813 2815 1146 2882 susceptione
1174 2813 1379 2879 cepisti.
1411 2812 1528 2865 Tibi
1551 2814 1689 2866 enim
1719 2828 1864 2876 spem
1894 2825 2072 2880 posue-

514 2903 686 2957 ritatis
714 2917 883 2966 metu;
937 2903 1027 2955 tibi
1080 2901 1324 2955 solatium
1351 2902 1473 2954 vitae
1503 2902 1805 2968 prmsentis,
1847 2911 1897 2954 ct
1930 2901 2069 2952 leva~

2159 1745 2214 1790 et
2231 1737 2548 1791 afﬂuentiam
2580 1737 2841 1791 sermonis
2866 1737 3194 1792 ostenderes.
3241 1740 3404 1793 Sicuti
3452 1741 3504 1794 in
3533 1742 3740 1808 jejuno

2160 1834 2314 1894 atque
2343 1826 2516 1879 otioso
2554 1826 2752 1894 ceSpite
2781 1827 2945 1896 magis
2990 1827 3271 1881 strenuitas
3308 1829 3527 1884 cultoris
3557 1845 3738 1897 πριιιι-

2161 1923 2262 1980 ret,
2280 1930 2396 1969 cum
2425 1923 2517 1968 aut
2544 1915 2885 1970 rebellionem
2910 1915 3180 1985 glebarum
3204 1917 3460 1972 tenacium
3490 1923 3734 1987 repetita

2159 2005 2352 2072 sapius
2396 2006 2741 2074 imptessione
2767 2007 2996 2061 vomeris
3041 2007 3237 2072 domat,
3285 2019 3376 2061 aut
3413 2008 3734 2061 arittitatem

2158 2095 2374 2148 nimiam
2421 2098 2671 2149 stercoris
2696 2097 3000 2164 aspersione
3043 2097 3306 2160 fecundat,
3362 2105 3419 2150 ut
3447 2097 3734 2152 fructuum

2162 2185 2387 2254 copim,
2413 2200 2568 2254 quam
2595 2185 2694 2240 soli
2725 2194 2906 2240 natura
2938 2196 3109 2256 negat,
3139 2187 3396 2241 industria
3427 2188 3733 2257 producat;

2165 2275 2235 2327 ita
2282 2284 2336 2330 et
2376 2285 2430 2329 tu
2458 2283 2742 2344 egestatem
2796 2277 3030 2343 epistola:
3073 2293 3204 2332 meat
3247 2279 3565 2344 eloquentia:
3625 2292 3738 2332 tute

2165 2365 2404 2420 ubertate
2441 2367 2636 2434 ditasti,
2669 2375 2728 2420 ut
2757 2368 2921 2435 possit
2950 2382 3089 2430 esse,
3118 2368 3160 2422 si
3191 2382 3302 2422 eam
3333 2371 3734 2435 suppresseris,

2166 2465 2216 2510 te
2245 2457 2508 2526 loquente,
2557 2457 2865 2523 laudabilis;
2913 2458 2958 2512 si
3001 2474 3124 2513 vero
3156 2458 3452 2527 protuleris,
3500 2459 3737 2514 incutiat

2133 2557 2218 2617 ‘et
2251 2548 2373 2601 mitti
2396 2547 2460 2601 de
2486 2547 2610 2602 falsa
2640 2547 2816 2614 laude,
2855 2557 2908 2602 et
2935 2549 3026 2602 tibi
3061 2548 3128 2603 de
3151 2546 3333 2616 judicii
3366 2537 3548 2602 errore
3573 2562 3737 2602 vete-

2167 2639 2429 2692 cundiam.
2480 2638 2545 2690 Et
2573 2638 2785 2704 idcirco,
2829 2640 2946 2707 quia
2975 2637 3289 2714 imperitiam
3317 2653 3488 2692 meam
3516 2638 3594 2692 tui
3628 2652 3734 2705 pu-

2154 2721 2311 2782 doris
2331 2743 2463 2795 Opus
2487 2743 2604 2784 esse
2624 2730 2857 2791 voluisti,
2886 2745 3012 2784 cave
3035 2745 3121 2794 ne,
3150 2729 3414 2798 praeconio
3443 2739 3536 2782 tuo
3566 2730 3735 2782 nobis

2171 2833 2271 2869 nun
2298 2817 2755 2884 respondentibus,
2788 2827 2873 2871 tua
2905 2820 3230 2885 periclitetur
3257 2817 3466 2871 electio.
3516 2815 3729 2883 itaque,

2169 2909 2213 2960 si
2238 2907 2358 2975 quid
2389 2906 2514 2959 mihi
2545 2908 2735 2972 credis,
2785 2908 2831 2962 si
2880 2908 3002 2976 quid
3034 2917 3240 2973 utrtstue
3272 2906 3529 2973 consulis,
3587 2904 3734 2959 indi-

515 3006 655 3056 men.
686 2992 730 3059 εἰ
755 2991 1002 3043 (“Villius
1045 2992 1309 3054 θηηυετίιν
1343 2990 1560 3053 “Num;
1614 2990 1705 3043 libi
1759 2992 1846 3044 uni
1889 2992 2062 3042 omnia
2090 2987 2134 3049 C
2167 3013 2323 3066 gnum
2353 3012 2552 3054 memor
2573 3015 2625 3064 a,
2656 3000 2920 3054 oblivione
2946 2999 3308 3069 dignis~ituum
3334 3002 3576 3054 vo‘umen
3603 2998 3731 3051 abs-

516 3095 629 3134 tnea
674 3089 792 3132 vuta
840 3078 1102 3133 commisi.
1155 3078 1231 3133 Te
1270 3088 1292 3115 ⁸
1335 3079 1629 3134 elicitorem
1651 3091 1703 3135 et
1729 3081 2066 3134 formatorem

516 3171 813 3240 lapillorum
847 3169 1126 3234 nobilium,
1155 3177 1210 3224 et
1236 3170 1537 3225 rimatorem
1562 3171 1713 3236 auri,
1753 3182 1804 3225 te
1830 3181 2070 3238 reperto-

516 3278 628 3317 rem
659 3276 808 3330 aqute
837 3262 1048 3315 latentis
1074 3263 1205 3330 elegi
1229 3302 1241 3324 ,
1269 3263 1354 3329 qui
1397 3263 1546 3316 sciris
1587 3263 1859 3316 abstrusas
1886 3262 2071 3330 lapidi-

517 3349 614 3407 bus
640 3365 870 3416 gemsz
900 3352 1124 3418 propriae
1154 3350 1377 3403 reddere
1403 3366 1519 3419 gent
1538 3353 1773 3415 rositati;
1824 3367 1941 3419 qua:
1969 3355 2070 3404 uti-

517 3458 621 3511 que
641 3444 700 3507 in,
717 3448 858 3493 tanta
878 3457 960 3494 rer
1002 3457 1048 3493 tn
1074 3441 1380 3496 confusione
1401 3443 2065 3513 amitterentnobilitatcm,

517 3532 559 3583 si
585 3529 814 3598 judicent
845 3545 948 3580 non
981 3531 1254 3582 haberent.
1297 3531 1496 3585 Aurum
1528 3507 1756 3600 qttoqtie,
1785 3533 1959 3585 arenis
1977 3521 2066 3586 ivio

518 3617 653 3672 libus
689 3616 943 3681 mittunt,
1000 3618 1098 3667 nisi
1150 3619 1367 3670 artiiicis
1416 3620 1626 3672 solertia
1664 3621 1864 3672 lavetur
1898 3619 2068 3686 aquis,

517 3708 726 3776 ignibus
746 3707 1040 3774 eliquctur,
1085 3721 1182 3758 nec
1218 3708 1551 3774 sptendorem
1597 3711 1790 3776 poterit
1841 3712 2072 3764 retinere

519 3811 616 3852 nec
642 3797 907 3850 meritum.
935 3797 1118 3862 Septas
1147 3799 1306 3849 etiam
1337 3812 1589 3864 aquarum
1623 3799 1942 3850 manantium
1977 3813 2068 3851 ve-

521 3902 635 3954 nas,
667 3897 721 3942 et
746 3887 1028 3942 obductum
1063 3895 1203 3940 terta
1238 3888 1420 3941 ﬂuenti
1450 3890 1685 3953 alveum,
1721 3888 1818 3942 nisi
1847 3889 2071 3958 diligen-

522 3979 626 4030 tius
649 3978 1012 4032 eruderaverit
1050 3976 1358 4046 appetitoris
1395 3976 1687 4043 industria,
1733 3977 1903 4032 laticis
1939 3979 2072 4032 unda

523 4078 626 4119 non
674 4065 820 4120 ﬂuet.
879 4067 950 4120 Ita
989 4077 1042 4122 et
1073 4056 1382 4120 tenerorum
1431 4068 1602 4121 adhuc
1641 4068 1784 4122 acies
1822 4083 2071 4122 sensuum

523 4156 832 4224 ignorantia:
861 4157 1064 4220 nubilo,
1092 4158 1242 4224 quasi
1270 4158 1548 4210 crassitate
1587 4159 1849 4210 scabrosae
1882 4159 2076 4226 rubigi-

523 4247 607 4304 nis
636 4246 873 4303 obsessa.
901 4247 1002 4300 nisi
1027 4246 1239 4298 aesidua
1261 4246 1492 4300 doctoris
1525 4247 1646 4300 lima
1675 4257 1954 4316 purgetur,
1983 4263 2074 4299 ne-

2169 3091 2368 3154 conde,
2415 3091 2459 3143 si
2502 3092 2580 3144 vis
2625 3103 2674 3144 et
2705 3107 2788 3144 me
2825 3092 2888 3143 ad
2919 3092 3189 3144 arbitrium
3222 3101 3364 3143 tuum
3392 3093 3623 3144 aratoris
3647 3091 3728 3143 fa-

2171 3196 2309 3233 mam
2335 3190 2389 3234 et
2415 3190 2465 3233 te
2494 3181 2694 3249 probati
2712 3181 2904 3248 iudicis
2933 3181 3173 3235 obtinere
3197 3195 3493 3250 personam.

2790 3290 3001 3346 EPIST.
3044 3291 3107 3346 V.

2243 3368 2622 3422 Devinctissimo
2652 3370 2758 3438 ﬁlio
2789 3387 3075 3493 sjgnperlque
3106 3371 3375 3442 magniﬁco
3407 3370 3661 3441 Hesperio

2867 3457 3072 3493 unctus.
3407 3469 3414 3493 I

2867 3457 3072 3494 urtcrus.
3407 3469 3414 3498 Ι

2241 3527 2628 3596 Spoponderas,
2683 3530 2756 3583 ﬂli
2804 3530 3097 3595 carissime,
3146 3541 3203 3583 ut
3252 3531 3378 3584 mihi
3428 3531 3640 3597 aliquos
3667 3533 3733 3585 de

2176 3617 2480 3670 ramusculo
2507 3631 2661 3684 quem
2693 3633 2756 3671 ex
2800 3619 3145 3674 amaritudine
3185 3618 3236 3674 in
3267 3620 3614 3675 domesticum
3641 3639 3733 3674 sa-

2175 3719 2356 3771 porem
2378 3704 2681 3758 vertendum
2711 3706 3233 3776 transferendumque
3265 3722 3595 3777 susceperas,
3637 3713 3735 3762 ﬂv-

2173 3794 2349 3848 sculos
2373 3791 2686 3858 destinares,
2730 3809 2950 3860 quorum
2978 3795 3144 3848 odore
3170 3793 3539 3865 cognoscerem
3569 3813 3732 3866 quam

2173 3897 2320 3951 spem
2349 3883 2460 3952 spei
2481 3898 2666 3953 gerere
2690 3883 2967 3950 deberem;
2993 3894 3285 3938 utrumnam
3315 3887 3410 3950 ipsi
3435 3886 3591 3940 ﬂores
3613 3902 3734 3955 ger-

2177 3971 2334 4036 mina,
2368 3981 2456 4028 aut
2478 3989 2663 4029 rursus
2695 3977 2807 4045 ipsa
2850 3979 3087 4044 germina
3133 3975 3332 4030 fructus
3369 3977 3450 4030 sui
3477 3978 3733 4044 qualitate

2178 4066 2565 4132 promitterent,
2599 4067 2860 4137 iidemque
2887 4070 3074 4122 iterum
3108 4068 3309 4124 fructus
3331 4076 3505 4124 utrum
3529 4070 3735 4139 possint

2177 4167 2229 4211 te
2257 4169 2582 4227 etcoqttente
2629 4160 2926 4223 mitescere,
2967 4171 3020 4216 et
3045 4162 3179 4216 dulci
3219 4163 3536 4231 eloquentia:
3565 4167 3732 4217 verbo

2177 4247 2497 4302 audientium
2523 4248 2680 4302 corda
2708 4251 2922 4305 satiare.
2952 4250 3101 4316 Quod
3129 4253 3249 4320 quia
3276 4255 3454 4307 nescio
3481 4267 3638 4323 quam
3666 4255 3734 4308 ob

524 4341 638 4407 quit
665 4350 854 4407 sponte
880 4338 1193 4391 clarescere.
1226 4337 1394 4390 Tuum
1421 4352 1551 4407 ergo
1579 4352 1749 4404 nunc,
1794 4348 1940 4391 tuum
1970 4347 2070 4406 cst,
2105 4338 2152 4396 D
2177 4355 2386 4394 causam
2417 4339 2590 4394 facere
2620 4340 2890 4404 distulisti,
2919 4323 3270 4408 opporlunum
3296 4356 3388 4396 ros
3416 4343 3732 4396 admonendi

523 4430 578 4480 in
623 4429 704 4481 liis
743 4427 992 4480 omnibus
1027 4434 1084 4480 et
1126 4426 1356 4492 opinioni
1402 4436 1524 4491 tuae,
1575 4436 1629 4482 et
1652 4437 1833 4482 nostro
1883 4431 2076 4496 pariter

526 4520 845 4583 restiondere
863 4519 1086 4588 judicio,
1117 4531 1183 4570 ne
1219 4525 1311 4568 aut
1337 4527 1394 4571 tu
1436 4519 1833 4588 pnesumpsisse
1869 4519 2072 4583 illicito,

525 4621 615 4664 aut
642 4629 737 4666 nos
764 4611 1154 4666 inconsiderate
1183 4609 1406 4677 elqisse
1435 4609 1728 4667 videamur.

530 4904 756 4973 pellebat
784 4902 1042 4973 Sidonius,
1090 4915 1177 4969 ep.
1202 4901 1234 4952 l.
1261 4915 1336 4962 tv,
1365 4912 1448 4963 ep.
1474 4895 1701 4973 _2‘2._Ad_
1733 4913 1850 4973 cum
1871 4902 2078 4973 saepius

534 4967 741 5036 Scripsit
783 4972 1042 5036 Ruricius,
1066 4967 1378 5038 utpatetex
1403 4967 1562 5035 epist.
1588 4968 1642 5030 3,
1679 4967 1736 5028 «1,
1771 4967 1823 5032 5,
1870 4971 1966 5036 ipsi
2002 4972 2080 5024 ἰυ-

536 5043 761 5108 scriptis.
808 5040 960 5091 BASN.

606 5104 740 5161 ﬂilta
779 5125 1025 5174 expresse
1061 5123 1160 5159 ms.
1195 5115 1384 5160 novato
1414 5104 1670 5158 vocabulo
1703 5113 1758 5155 ct
1791 5120 1889 5155 non
1923 5107 2087 5159 incle-

538 5195 867 5243 gnntescnsu
907 5180 970 5227 ab
1010 5177 1282 5243 elicienda,
1325 5177 1460 5228 sicut
1495 5175 1804 5243 Jupiterjtlt
1832 5176 2086 5239 eliciendis

540 5240 838 5299 lultttttttltus
868 5247 1134 5297 dire-batur
1166 5242 1381 5308 Elicius,
1419 5244 1568 5296 Ovid.
1601 5258 1652 5294 ttt
1697 5240 1875 5292 Fast:

687 5335 908 5386 lflicittttt
935 5333 1053 5384 tirio
1080 5342 1144 5395 te,
1176 5331 1372 5397 Jupiter
1395 5349 1412 5384 :
1444 5333 1574 5385 unde
1601 5333 1814 5382 minore:

755 5404 900 5453 Nunc
925 5419 1114 5471 quoque
1156 5412 1201 5454 te
1230 5401 1509 5467 celebrant,
1544 5400 1860 5464 Eliciumque
1888 5411 2082 5454 uocant.

615 5517 720 5571 Nisi
753 5516 902 5569 malis
929 5521 1095 5580 legere
1125 5534 1130 5565 :
1171 5514 1464 5566 iicilatorcm
1489 5553 1502 5578 ,
1550 5513 1688 5582 quod
1730 5526 1832 5563 non
1862 5512 2031 5579 placet
2058 5528 2071 5573 ;

2186 4434 2389 4493 tempus
2436 4422 2632 4486 inveni,
2689 4438 2792 4492 quo
2840 4423 2894 4477 in
2942 4425 3213 4476 harmonia
3263 4424 3441 4478 mundi
3487 4427 3733 4480 uuchrsa

2183 4517 2466 4569 animantia
2509 4516 2655 4569 bruta
2685 4517 2897 4584 pariter,
2938 4525 2990 4570 et
3013 4517 3254 4585 elinguia,
3290 4516 3735 4583 incedentia,-vo-
3822 4533 3823 4554 ι

2184 4606 2539 4674 lantia,atque
2569 4608 2791 4674 repttlia,
2812 4608 2922 4659 suis
2950 4621 3169 4675 qumque
3199 4607 3383 4667 modis.
3406 4607 3515 4660 suis
3543 4595 3741 4668 sibilis,
3822 4619 3823 4650 1

2184 4697 2400 4765 suisque
2426 4712 2645 4766 quaeque
2674 4697 2908 4762 vocibus,
2955 4701 3053 4752 etsi
3083 4711 3215 4752 sono
3245 4697 3479 4764 dissono,
3524 4707 3618 4752 aut
3644 4712 3735 4752 ore

2187 4897 2267 4950 vel
2287 4917 2299 4948 ;
2321 4896 2847 4962 elucidatoreut,quod
2873 4898 3069 4950 malim.
3101 4899 3220 4951 llaec
3248 4899 3730 4956 (lanitium—HNG.

2191 4969 2241 5019 ni
2270 4966 2444 5030 fallor,-
2467 4965 2744 5016 laudantttr
2768 4966 2843 5017 illi
2871 4981 3053 5019 versus
3079 4969 3269 5020 Ovidii.
3312 4970 3422 5023 Non
3451 4971 3568 5024 ideo
3595 4971 3732 5020 dicc-
3822 4965 3823 5030 ἢ

2188 5036 2342 5088 batur
2362 5031 2565 5099 Jupiter
2599 5033 2810 5094 Elirius,
2840 5037 2978 5102 quod
3001 5035 3211 5088 lttlminzt
3238 5039 3468 5092 vibraret
3490 5049 3543 5092 et
3581 5040 3731 5087 eticv-
3822 5031 3823 5084 Ῐ

2186 5113 2285 5165 ret,
2323 5103 2414 5157 sed
2445 5103 2582 5169 quod
2619 5118 2649 5154 e
2686 5105 2820 5154 ccelo
2854 5105 2962 5156 elici
3001 5120 3058 5157 se
3096 5119 3378 5171 pateretur.
3424 5112 3552 5160 Cum
3592 5117 3729 5158 enim
3822 5117 3823 5134 π

2187 5173 2398 5241 Jupiter
2441 5171 2490 5224 in
2540 5173 2758 5241 gratiam.
2801 5172 2978 5225 Numa:
3017 5175 3367 5229 desderantis
3415 5175 3553 5230 scire
3608 5187 3730 5241 quo-
3822 5173 3823 5224 ἶ

2190 5245 2345 5294 ntotto
2375 5239 2570 5309 fulmfn
2599 5239 2744 5309 piari.
2777 5252 2976 5308 possit,
3011 5259 3042 5296 ε
3074 5245 3227 5297 εωιίε
3271 5244 3324 5298 in
3365 5257 3532 5298 terras
3569 5239 3730 5309 trzins-
3822 5285 3823 5294 η

2192 5306 2986 5383 measset,.Eliciutdlcebatur.
3022 5311 3112 5383 Sic
3130 5311 3285 5366 etiam
3319 5313 3594 5383 Hesperius
3624 5308 3730 5383 Eli:
3822 5321 3823 5368 ;

2187 5383 2322 5451 citor
2340 5378 2628 5451 lapillorum
2657 5377 2948 5451 dicebatur,
2970 5382 3109 5450 quod
3141 5396 3377 5451 gemmas
3411 5375 3442 5437 ὁ
3481 5391 3616 5436 terra
3647 5375 3727 5431 vel

2189 5449 2447 5518 lapidibus
2476 5447 2744 5504 educeret.
2785 5447 2942 5504 ΒΑειι.
