3854 6228
182 260 238 315 73
699 263 702 265 “
1381 257 1646 312 EPISTOL

1754 257 1843 310 Ubi
1883 257 2004 310 LIB.
2046 258 2083 312 l.
2506 279 2509 283 ·
3213 259 3278 312 74

182 374 366 435 diverso,
412 370 516 436 pari
557 378 728 421 tamen
757 368 957 431 all‘ectu,
1003 367 1147 432 quasi
1193 383 1297 420 uno
1321 375 1574 420 concentu
1603 367 1652 418 in
1682 373 1730 426 Α
1756 370 2123 420 commendare
2153 382 2254 420 non
2287 371 2564 434 possimus,
2593 369 2774 422 saltem
2807 375 2886 421 vel
2910 370 3104 438 paginis
3131 384 3282 425 man-

181 461 342 514 lzudem
379 457 566 526 preprii
614 455 837 507 auctoris
873 464 1189 519 erumpunt,
1263 466 1316 508 et
1345 456 1648 521 potentiam,

178 563 299 615 quam
333 560 557 614 promere
602 553 882 608 nequeunt,
927 543 1120 595 sentire
1157 557 1214 594 se
1258 542 1500 608 produnt.
1544 541 1653 593 Hoc

177 649 356 702 namque
381 644 608 700 tempore
638 631 806 684 cuncti
832 631 972 682 orbis
1009 631 1211 698 species
1237 630 1466 682 rediviva
1497 641 1650 696 repa—

175 737 303 779 ratur.
331 725 390 777 Et
411 722 653 791 quidquid
677 722 726 773 in
757 735 820 773 eo
847 721 946 772 situ
975 707 1290 788 squalidum,
1321 719 1513 786 frigore
1539 730 1650 768 tur-
1681 772 1687 778 ,

173 818 330 876 bidem,
349 813 507 881 glacie
530 819 852 871 concretum,
876 810 1110 862 nuditate
1135 809 1388 873 deforme,
1410 808 1651 860 ariditate

171 912 489 973 premortuum
521 901 772 950 hactenus
813 897 926 956 fuit.
967 897 1029 950 ad
1060 898 1224 949 instar
1251 896 1651 950 resurrectionis

171 993 370 1057 emergit;
417 999 473 1041 ut
519 989 686 1040 discat
728 987 952 1039 humana
995 986 1247 1052 fragilitas
1273 986 1339 1039 de
1366 984 1649 1038 visibilibus

171 1079 417 1138 invisibilia,
457 1083 510 1129 et
536 1075 600 1146 de
633 1073 973 1140 praesentibus
1017 1073 1185 1125 futura
1233 1086 1566 1139 cognoscere,
1598 1079 1651 1123 et

169 1183 283 1234 spem
309 1175 521 1217 venturae
538 1163 769 1215 melioris
797 1164 982 1222 aetatis,
1005 1161 1236 1228 deposita
1262 1158 1648 1227 desperatione,

171 1255 389 1320 percipiat.
419 1253 562 1304 Nunc
586 1253 742 1302 etiam
773 1253 924 1303 tellus
951 1250 1116 1303 sterili
1155 1248 1326 1315 rigore
1353 1248 1644 1310 conclusas,

171 1342 284 1402 quasi
307 1341 426 1394 virili
454 1340 654 1393 semine
683 1322 778 1390 hoc
807 1352 967 1391 verno
997 1345 1230 1405 tempore
1256 1345 1525 1403 concepto,
1557 1348 1647 1387 oc-

171 1429 289 1483 cultis
305 1429 523 1481 maritata
551 1427 828 1490 meatibus,
857 1439 1015 1478 venas
1053 1426 1192 1477 laxat
1226 1426 1293 1475 ad
1326 1431 1552 1490 parturn.
1584 1422 1651 1475 Et

172 1519 263 1572 hinc
277 1517 396 1586 quod
424 1517 621 1569 deliciis
648 1529 826 1575 suave,
855 1514 990 1581 quod
1016 1513 1129 1566 esui
1168 1511 1339 1572 dulce,
1372 1513 1507 1577 quod
1533 1511 1647 1564 usui

171 1609 283 1670 utile,
301 1606 422 1674 quod
449 1606 603 1659 victui
632 1604 1004 1668 necessarium,
1029 1600 1166 1668 quod
1190 1599 1322 1652 visui
1340 1597 1645 1665 jucundum,

1758 457 1884 509 dare
1908 470 2167 508 curemus.

2337 564 2542 620 EPIST.
2587 565 2692 617 VII.

1755 649 1967 701 Domino
2006 666 2096 702 suo
2139 651 2449 723 peculiariter
2490 652 2549 723 iu
2585 651 2779 723 Clit-isto
2820 662 3029 720 patrono
3069 653 3279 710 Bassqu

2263 721 2491 786 episcopo
2524 719 2772 772 Ruricius.
2822 719 2827 720 ⁷
3213 752 3216 754 ~

1785 805 1984 884 .Quam
2015 821 2098 860 me
2125 808 2342 876 diligere
2382 815 2557 860 sancta
2605 809 2783 873 pietas,
2824 817 2877 862 et
2914 809 2994 876 pia
3033 811 3278 864 sanctitas

1752 906 1920 964 Vestra
1965 898 2206 968 dignetur
2249 901 2555 954 multimodo
2601 902 2832 969 probatis
2875 900 3098 964 affectu,
3147 901 3274 953 dum

1751 984 1964 1052 legenda
1990 990 2357 1054 transmittitis,
2408 1004 2459 1042 et
2486 991 2717 1057 neglecta
2743 990 3013 1056 corrigitis,
3043 989 3278 1041 dilectio-

1752 1088 1867 1126 nem
1891 1075 2151 1142 diligendo
2174 1079 2496 1144 provocatis;
2529 1089 2580 1132 et
2607 1078 2744 1147 quod
2775 1079 3060 1146 prmdicatis
3080 1079 3270 1141 verbis,

1749 1160 1948 1214 docetis
1990 1166 2265 1231 exemp‘is.
2306 1167 2407 1220 Sed
2449 1169 2691 1235 quoniam
2733 1181 2922 1258 semen?
2956 1177 3183 1221 vestrum
3223 1169 3274 1219 in

1749 1257 1885 1301 terra
1917 1252 2086 1304 sterili
2103 1254 2384 1308 ctdumosa
2412 1270 2514 1308 non
2543 1256 2766 1320 proﬁcit,
2786 1252 2964 1323 utpote
2981 1271 3096 1323 quae
3117 1257 3275 1309 senti-

1750 1336 1844 1389 bus
1866 1345 2378 1402 supercrescentibus
2411 1331 2714 1408 suffocatur,
2729 1359 2795 1396 ne
2827 1345 2964 1398 sicut
2997 1344 3274 1397 infructuo-

1748 1439 1856 1477 sam
1881 1428 2020 1480 illam
2045 1431 2311 1484 liculneam
2337 1448 2418 1484 me
2434 1433 2614 1500 jubeat
2636 1434 2881 1486 Dominus
2901 1435 3092 1510 vinem,
3123 1449 3276 1501 quam

1750 1522 1892 1566 tanto
1922 1525 2156 1583 tempore
2182 1521 2525 1588 nequidquam
2569 1530 2853 1588 exspectat,
2879 1521 3143 1584 abscindi;
3187 1536 3278 1574 vos

1749 1603 2068 1657 severiorem
2095 1609 2406 1658 sententiam
2437 1610 2634 1660 orando
2658 1608 2884 1674 differte,
2907 1609 3072 1662 donec
3085 1610 3277 1662 doctri-

171 1699 274 1761 quod
293 1697 488 1750 olfactui
517 1702 741 1760 gratum,
792 1691 927 1760 quod
975 1690 1132 1743 tactui
1183 1689 1449 1755 blandum,
1495 1701 1650 1741 omne
1681 1702 1726 1759 Β
1753 1705 1833 1743 nte
1882 1702 2066 1746 Vestrae
2095 1692 2122 1731 δ
2167 1695 2477 1764 pinguedine
2524 1709 2763 1765 tanquam
2806 1708 2956 1751 terra:
2987 1699 3277 1752 amaritudo

176 1785 380 1851 producit.
430 1782 697 1851 Siquidem
749 1779 861 1834 haec
906 1788 988 1834 est
1039 1780 1124 1834 illa
1178 1778 1489 1846 temperies,
1536 1791 1652 1843 qua:

175 1875 309 1928 mundi
337 1876 589 1927 nascentis
619 1871 911 1935 materiam,
961 1869 1105 1938 quasi
1147 1869 1319 1922 adhuc
1359 1869 1410 1920 in
1442 1867 1653 1920 incuna-

151 1962 274 2015 ‘bulis
299 1972 514 2014 teneram
560 1961 613 2013 in
641 1959 842 2027 gremio
887 1958 1109 2025 quodam
1135 1956 1553 2009 clementissima:
1577 1956 1652 2005 al-

175 2051 280 2102 tricis
296 2050 554 2116 complexu
583 2038 833 2107 nutrivit;
862 2059 927 2097 ne
947 2044 1291 2096 substantiam
1315 2043 1454 2094 nullo
1476 2033 1650 2094 labore

173 2138 356 2191 duratam
395 2145 484 2190 aut
528 2135 741 2189 aestivus
785 2133 959 2187 fervor
984 2138 1248 2196 exureret,
1290 2139 1380 2183 aut
1415 2130 1651 2184 hiemalis

175 2227 280 2294 alg'or
301 2228 660 2294 exstingueret,
709 2233 797 2277 aut
842 2231 1114 2276 ventorum
1160 2222 1320 2305 ﬂabra
1357 2229 1644 2289 portarent.

176 2315 296 2369 llabet
316 2316 476 2383 itaque
498 2323 773 2381 susceptus
800 2321 919 2365 tuus
945 2311 1494 2366 convenientissimum
1521 2320 1651 2364 tem-

175 2417 257 2468 pus,
280 2419 369 2472 quo
410 2405 566 2457 animi
598 2401 839 2457 socordia
881 2401 1089 2456 tandem
1127 2399 1404 2468 aliquando
1435 2408 1460 2436 ι
1488 2400 1648 2468 depo-

173 2495 258 2559 sita,
279 2493 626 2547 bebetudinem
652 2493 828 2547 cordis
851 2500 1088 2546 exacuat.
1112 2491 1234 2544 Etsi
1257 2492 1390 2544 inter
1413 2492 1649 2544 homines

171 2582 408 2636 declamare
431 2600 533 2637 non
559 2591 752 2650 potest,
780 2583 961 2635 saltem
990 2583 1125 2634 inter
1145 2580 1370 2648 pecudes
1394 2581 1642 2644 clamare,

170 2678 234 2719 aut
253 2669 365 2723 inter
385 2670 623 2724 volucres
641 2671 840 2738 garrire
866 2668 1094 2722 festinet.

713 2797 922 2850 EPIST.
964 2797 1049 2850 Vl.

170 2882 335 2939 Destino
358 2895 519 2941 sancto
545 2895 595 2939 et
616 2887 836 2957 piissimo
855 2884 1010 2957 7P_atrt'
1040 2884 1324 2950 Nepotiano
1362 2885 1644 2952 presbytero

737 2955 988 3007 Ruricius.

216 3058 396 3114 Codices
434 3076 564 3129 quos
609 3062 857 3114 sanctitas
896 3067 1070 3112 vestra
1110 3057 1394 3110 transmisit
1443 3058 1639 3123 accepi,

165 3147 404 3214 eloquentia
433 3149 626 3212 claros,
675 3147 891 3201 scientia
939 3147 1217 3214 perfectos,
1254 3145 1490 3198 doctrina
1519 3159 1646 3213 pro-

166 3235 257 3300 bos,
281 3236 381 3289 fidei
404 3239 622 3302 puritate
650 3237 979 3303 perspicuos;
1011 3235 1097 3302 qui
1121 3248 1386 3287 sacrorum
1415 3237 1648 3287 testimo-

166 3327 327 3377 niorum
354 3326 584 3379 ubertate
614 3325 915 3391 locupletes,
963 3324 1270 3376 auctoritate
1317 3331 1644 3389 praestantes,

163 3409 252 3464 luce
272 3413 526 3479 fulgentes,
575 3415 727 3467 facile
769 3422 820 3466 et
849 3413 1072 3464 fidelium
1105 3420 1305 3464 mentes
1329 3410 1640 3475 illuminent,

163 3509 200 3551 ct
224 3500 475 3554 inﬁdelium
497 3517 704 3556 errores
722 3502 964 3570 detegant
987 3510 1140 3567 atque
1158 3501 1488 3553 convincant.
1508 3502 1646 3564 Quo-

165 3601 252 3638 rum
271 3603 354 3656 ego
377 3600 521 3656 gustu
548 3589 830 3641 admodum
863 3588 1003 3640 tenui
1032 3587 1280 3654 pellectus
1307 3589 1475 3653 potius
1493 3603 1645 3654 quam

165 3675 362 3739 rrfecms,
408 3678 468 3730 ad
495 3678 786 3729 satietatem
813 3685 1023 3744 propter
1069 3675 1444 3728 sollicitudines
1471 3676 1646 3728 satculi

164 3767 392 3826 pervenire
417 3781 515 3820 non
563 3767 726 3834 potui.
760 3766 906 3818 Sicut
932 3767 1068 3817 enim
1096 3766 1398 3816 stomachus
1424 3780 1541 3817 cum
1571 3764 1648 3817 fe-

162 3851 298 3906 brium
325 3859 500 3908 ardore
522 3856 852 3920 decoquitur,
885 3853 1064 3905 dulces
1110 3853 1207 3904 sibi
1233 3863 1353 3905 ante
1376 3853 1522 3905 cibos
1551 3867 1646 3905 nec

161 3940 327 3992 oblatos
348 3956 434 3995 ore
457 3942 660 4007 recipit,
706 3956 800 3992 nec
831 3941 1050 4004 requirit
1078 3941 1306 4002 ablatos;
1353 3940 1421 3989 ita
1449 3945 1503 3988 et
1527 3936 1644 3986 ani-

161 4038 249 4078 mus
266 4028 524 4080 mundanis
542 4028 890 4079 anxietatibus
915 4027 1155 4091 curisque
1175 4025 1461 4087 confectus,
1490 4022 1642 4088 spiri-

161 4113 258 4166 tales
282 4114 432 4178 dapes
457 4130 552 4167 nec
581 4114 841 4166 desiderat
867 4113 1129 4174 absentes,
1161 4127 1254 4164 nec
1282 4111 1445 4177 carpit
1478 4125 1641 4178 appo-

159 4202 272 4260 sitas,
320 4215 406 4260 nec
446 4202 603 4254 sentit
650 4202 869 4252 infusas.
913 4201 1037 4264 Quas
1077 4215 1192 4252 cum
1246 4200 1314 4252 ita
1364 4214 1421 4252 se
1464 4199 1515 4251 in
1560 4215 1642 4252 me

160 4287 367 4354 habeant,
386 4306 470 4343 vos
488 4300 660 4343 tamen
683 4300 736 4343 et
762 4290 829 4356 pii
853 4292 1076 4357 parentis
1094 4289 1351 4357 probastis
1379 4290 1637 4352 allectum,

159 4378 405 4432 etsolliciti
453 4378 684 4446 magistri
729 4378 1104 4441 ministerium,
1153 4387 1202 4431 et
1247 4379 1410 4431 seduli
1454 4379 1638 4460 medici

159 4465 370 4534 implestis
409 4469 655 4526 officium,
700 4474 755 4517 ttt
795 4467 882 4517 tali
930 4467 1084 4518 taedio
1124 4467 1377 4518 laboranti
1409 4466 1636 4520 medica-

92 4583 96 4594 -
161 4570 296 4611 menta
317 4573 537 4624 congrua
570 4557 866 4610 mitteretis.
917 4556 1114 4618 Quibus
1161 4565 1213 4608 et
1243 4567 1452 4624 propter
1482 4559 1644 4624 negli-

160 4644 344 4704 gentiam
374 4660 538 4698 meam
578 4657 674 4710 ego
719 4657 820 4695 non
866 4644 1014 4695 valeo
1043 4646 1285 4710 consequi
1316 4645 1639 4710 sospitatem.

163 4728 240 4785 Vos
259 4743 419 4786 tamen
436 4731 733 4799 percipiatis
759 4747 784 4782 a
811 4731 949 4797 justo
970 4741 1305 4798 repenSatore
1323 4733 1636 4796 mercedem,

162 4818 224 4879 qui
247 4821 388 4872 etiam
416 4835 506 4886 pro
531 4820 746 4886 ingratis
769 4828 941 4884 grates
981 4820 1257 4872 benevolas
1296 4823 1486 4874 referre
1514 4836 1640 4873 con.

162 4908 304 4957 suevit.
331 4908 520 4956 llomm
548 4919 646 4972 ego
675 4906 1009 4970 prtefatorum
1041 4909 1274 4959 codicum
1304 4924 1480 4970 unum,
1513 4912 1645 4961 sicut

160 4987 363 5056 iussistis,
406 4991 616 5054 retinui,
666 4992 822 5044 alium
849 4995 1044 5058 remisi,
1077 5011 1228 5062 quem
1265 4997 1321 5049 S.
1352 4996 1528 5048 Hilarii
1563 4999 1645 5050 Pi-

162 5091 287 5132 ctam
326 5079 469 5131 urbis
511 5079 760 5131 antistitis
816 5094 933 5133 esse
993 5085 1260 5136 noveritis.
1323 5084 1468 5148 Quod
1525 5088 1644 5151 quia

162 5168 497 5236 pnceperatis,
547 5165 782 5218 indicare
826 5171 1020 5219 curavi.
1055 5170 1201 5223 Hunc
1229 5186 1352 5223 vero
1382 5180 1639 5225 retentum

162 5260 410 5320 permittitis
454 5253 771 5319 transferre;
816 5257 1067 5324 disposui,
1112 5271 1165 5312 ut
1202 5261 1338 5327 quod
1373 5265 1635 5314 memoriae

211 5399 231 5428 ⁸
255 5391 334 5446 Hs.
365 5389 680 5460 inlmargine
701 5389 952 5438 detestata.
1013 5458 1015 5460 η

208 5459 228 5496 ³
253 5461 354 5520 ὶῐε..
377 5452 631 5527 pinguitie.
655 5489 689 5518 νι

348 5552 610 5610 Parnm.
678 5544 888 5602 LVIII.

1750 1777 2068 1833 infructuosa
2113 1781 2394 1836 dulcescat.
2445 1784 2545 1839 Sed
2576 1784 2816 1852 quoniam
2861 1785 2974 1852 plus
2997 1793 3118 1837 sunt
3142 1787 3277 1852 apud

1750 1881 1834 1921 me
1852 1868 2039 1921 delicta
2068 1885 2221 1939 quam
2269 1872 2455 1936 verba,
2501 1888 2599 1927 nec
2643 1855 2850 1942 possum
2897 1875 3031 1928 facta
3069 1875 3277 1943 expiare

1747 1957 2104 2021 sermonibus,
2152 1958 2455 2025 obsequium
2496 1963 2679 2015 saltem
2707 1962 2987 2028 epistolare
3017 1962 3274 2028 dependo,

1747 2048 1800 2091 et
1827 2041 2032 2104 librum,
2083 2059 2233 2110 quem
2279 2048 2656 2110 praestiteratis,
2686 2064 2788 2105 .me
2814 2050 3076 2103 remisisse
3113 2050 3276 2116 signi-
3298 2086 3320 2096 η

1748 2126 1862 2180 fico.
1894 2129 2086 2191 Alium,
2131 2131 2219 2197 qui
2267 2132 2551 2187 identidem
2589 2136 2775 2189 vestris
2804 2137 2981 2190 usibus
3030 2153 3168 2191 nunc
3186 2153 3278 2193 ne-

1747 2215 2002 2267 cessarius
2031 2231 2134 2269 non
2162 2229 2260 2284 est,
2306 2235 2460 2288 spero
2508 2237 2601 2289 per
2641 2224 2939 2289 portitorem
2973 2225 3152 2281 barum
3181 2240 3272 2279 re-

1749 2303 1900 2355 tnitti.
1922 2303 2152 2358 Jubeatis
2173 2308 2324 2360 simul
2347 2310 2484 2376 quod
2510 2312 2552 2363 si
2578 2313 2795 2379 propitio
2816 2313 2921 2366 Deo
2936 2313 3000 2368 ad
3025 2304 3275 2366 solemni-

1747 2399 1904 2444 tatem
1928 2406 2224 2449 sanctorum
2248 2399 2478 2466 gurdone
2503 2399 2688 2453 abituri
2728 2401 2864 2464 sitis,
2894 2401 3274 2454 recurrentibus

1746 2481 1879 2536 scire
1907 2485 2122 2537 faciatis.

2326 2620 2538 2675 EPIST.
2582 2623 2710 2676 VIII.

1749 2700 1962 2754 Domino
1983 2718 2073 2754 suo
2108 2707 2347 2780 peculiari
2376 2710 2425 2780 in
2450 2710 2643 2780 Christo
2669 2713 2879 2763 Domino
2912 2723 3120 2780 patrono
3144 2723 3166 2750 ε
3189 2711 3274 2768 Si-

2173 2775 2324 2827 donio
2346 2778 2573 2844 episcopo
2601 2779 2854 2831 Ruricius.

1816 2879 2224 2936 Prtedicantibus
2257 2885 2423 2951 vobis,
2466 2888 2654 2954 saepius
2699 2890 2907 2943 audisse
2949 2905 3030 2943 me
3074 2893 3271 2960 recolo,

1749 2969 2041 3022 nullatenus
2069 2973 2138 3024 ab
2178 2974 2533 3041 iniquitatibus
2575 2991 2670 3030 nos
2715 2993 2867 3045 posse
2904 2981 3131 3046 purgari,
3175 2981 3274 3034 nisi

1748 3055 1995 3108 fuerimus
2023 3061 2238 3112 crimina
2270 3072 2466 3128 nostra,
2514 3068 2828 3120 conscientia
2871 3080 3271 3138 compungente,

1746 3142 1988 3200 confessi.
2039 3145 2165 3210 Quis
2194 3149 2351 3209 enim,
2404 3165 2505 3204 non
2551 3153 2719 3206 dicam
2762 3158 3029 3224 Consequi,
3071 3159 3161 3211 sed
3192 3160 3272 3213 vel

1745 3246 1983 3297 quaerere
2010 3244 2166 3301 queat
2203 3238 2595 3305 indulgentiam,
2645 3244 2743 3294 nisi
2772 3245 3114 3311 deploratioin
3143 3261 3274 3299 con-

1747 3321 2028 3375 fessionem
2047 3325 2242 3378 erroris
2261 3326 2544 3394 adiungat?
2565 3329 2691 3394 Quia
2714 3345 2861 3384 error
2881 3332 3271 3400 indulgentiam,

1747 3423 1848 3462 non
1895 3411 2216 3481 indulgentia
2257 3415 2472 3489 requirit
2509 3432 2762 3472 errorem.
2807 3420 2954 3484 Quod
2999 3437 3097 3489 ego
3125 3423 3275 3476 valde

1746 3513 1920 3552 serum
1952 3515 2068 3553 esse
2097 3487 2439 3570 cognoscens,
2471 3506 2671 3559 facinus
2701 3522 2871 3560 meum
2900 3523 3064 3576 nuper
3083 3509 3275 3563 admis-

1745 3603 1882 3654 sum,
1927 3591 2106 3657 pietati
2152 3606 2343 3646 veSIrae
2390 3595 2619 3648 indicare
2661 3611 2763 3648 non
2804 3597 2999 3650 distuli.
3029 3597 3102 3650 Ne
3138 3601 3274 3665 quod

1745 3678 1900 3731 modo
1925 3679 2176 3747 prodente
2199 3697 2281 3734 me
2301 3691 2501 3748 spectat
2531 3685 2594 3737 ad
2635 3685 2859 3753 veniam,
2903 3696 3108 3742 tacente
3138 3698 3277 3756 post-

1748 3768 1956 3820 modum
1983 3771 2268 3834 pertineret
2291 3771 2355 3823 ad
2384 3772 2612 3840 culpam.
2657 3774 2757 3827 Sed
2774 3775 2880 3842 jam
2913 3777 3078 3843 ipsum
3099 3758 3273 3832 delum
3336 3834 3355 3854 ,

1747 3857 2058 3921 proferimus
2085 3858 2136 3909 in
2169 3858 2418 3910 medium.
2452 3861 2596 3912 Furti
2623 3877 2707 3912 me
2735 3864 2883 3914 vobis
2911 3880 3054 3916 reum
3081 3875 3273 3929 statuo,

1746 3950 1799 3992 et
1824 3943 2118 4007 depositum
2147 3955 2374 3997 vestrum
2399 3961 2501 4008 me,
2523 3949 2880 4013 ignorantibus
2905 3952 3069 4016 vobis,
3097 3953 3275 4006 illicite

1743 4033 2139 4096 prtesumpsisse
2178 4035 2479 4099 pronuntio.
2523 4035 2667 4101 Quod
2697 4047 2752 4089 ut
2778 4047 2947 4091 tamen
2975 4044 3272 4097 committe-

1747 4136 1878 4181 rem,
1901 4123 2232 4177 occasionem
2266 4124 2600 4191 perpetrandi
2641 4125 2882 4180 facinoris
2912 4143 3002 4181 vos
3029 4129 3271 4192 dedistis,

1744 4220 1832 4264 aut
1861 4220 2117 4265 tentantes
2144 4215 2410 4281 cupidum,
2433 4226 2522 4269 aut
2547 4217 2808 4271 indoctum
2836 4219 3043 4274 erudire
3063 4223 3274 4290 cupien-

1747 4307 1842 4354 tcs.‘
1875 4302 2115 4356 Codicem
2163 4320 2404 4373 namque,
2453 4322 2604 4374 quem
2634 4309 2700 4362 de
2726 4309 2885 4364 fratre
2916 4326 3034 4365 meo
3059 4311 3274 4366 Leontio

1749 4406 1830 4443 me
1851 4392 2085 4458 recipere
2108 4393 2399 4460 jusseralis,
2448 4399 2773 4451 transtulisse
2799 4415 2884 4453 me
2913 4400 3097 4455 fateor.
3126 4402 3271 4468 Quod

1749 4480 1791 4531 si
1815 4480 2068 4546 probatis,
2099 4479 2125 4515 ἀ
2155 4481 2442 4548 ignoscite;
2465 4485 2507 4536 si
2539 4487 2818 4551 imputatis,
2845 4490 3124 4554 agnoscite.
3146 4492 3271 4554 Quia

1748 4567 2056 4618 confessioni
2103 4571 2310 4635 querela
2355 4571 2599 4625 sociatur.
2649 4573 2775 4625 Nam
2807 4575 3112 4640 primumut
3152 4593 3270 4632 eum

1751 4653 1973 4718 l-gerem
1999 4654 2235 4707 voluntas
2259 4656 2481 4722 impulit.
2526 4660 2719 4711 Deinde
2747 4660 2832 4712 ille
2862 4671 2917 4712 ut
2961 4664 3267 4718 transferre-

1749 4749 1830 4792 tur
1875 4743 2113 4795 extorsit.
2161 4744 2289 4796 Nam
2339 4762 2455 4800 cum
2503 4749 2568 4800 de
2622 4748 2841 4815 dapibus
2897 4753 3058 4817 ipsius
3103 4755 3265 4809 adhuc

1750 4843 1906 4888 pauca
1931 4829 2193 4894 libassem,
2239 4834 2412 4886 taliter
2448 4851 2542 4889 me
2572 4847 2724 4904 gustu
2755 4837 3044 4892 illecebrosi
3071 4847 3270 4909 saporis

1664 4979 1666 4982 ν
1743 4917 1925 4980 illexit,
1951 4926 2005 4967 ut
2037 4918 2185 4983 primi
2210 4922 2593 4987 quodammodo
2636 4926 3142 4994 parentisimitator,
3173 4931 3271 4981 Do-

1745 5006 1883 5055 mino
1929 5015 2141 5069 repente
2167 5016 2490 5076 contempto,
2540 5011 2601 5061 ad
2641 5013 2932 5064 satietatem
2981 5016 3268 5067 studuerint

1745 5092 2040 5154 pervenire;
2093 5094 2359 5161 magisque
2387 5099 2660 5149 consilium
2695 5101 2961 5154 suadentis
2991 5119 3144 5168 quam
3175 5105 3271 5154 im-

1745 5180 1941 5244 perium
1965 5178 2279 5233 dominantis
2309 5185 2578 5238 audierim.
2612 5187 2739 5238 Nam
2764 5196 2818 5239 ut
2847 5191 3016 5241 omnia
3048 5191 3273 5257 pectoris

1745 5267 1842 5317 mei
1887 5279 2072 5318 arcana
2118 5271 2475 5335 manifestem,
2522 5273 2735 5327 videbar
2780 5276 2905 5327 mihi
2947 5277 3064 5328 libri
3111 5278 3271 5344 ipsius

1814 5393 2331 5465 sEuitArvernorum
2349 5401 2530 5465 ep’sc.,
2547 5401 2692 5465 isque
2711 5403 3099 5460 celeberrimus.
3117 5408 3267 5464 Basu.

1810 5461 1833 5495 ά
1851 5460 2012 5519 ,Forte
2040 5467 2322 5532 agnoscite;
2350 5460 2394 5519 si
2415 5460 2668 5533 imputatis
2694 5471 2951 5535 ignoscite.

2896 5559 2932 5614 3
