3854 6228
491 311 556 364 75
1799 302 2046 360 RURICII
2087 304 2380 361 EPISCOPI
3610 313 3683 368 7r?

490 421 646 474 verba
675 413 1001 472 adhortantis
1023 413 1393 477 audirezQuid
1434 427 1631 478 cessas,
1661 415 1880 482 ingrate,
1907 415 2028 483 quid
2060 425 2107 477 Α
2134 418 2361 486 ambigo.
2401 420 2531 474 Cum
2578 430 2630 475 et
2676 437 2768 475 vos
2809 423 3080 479 abundetis
3129 424 3442 490 tabellariis,
3485 437 3540 481 et
3587 443 3682 482 me

487 507 726 559 dubitas?
752 505 894 558 Nosti
923 519 1040 571 erga
1065 511 1115 556 te
1133 502 1428 556 communis
1449 503 1654 556 Domini
1684 505 2020 566 voluntatem,

486 611 642 662 quam
687 595 904 648 diversis
948 592 1311 648 occasionibus
1364 600 1412 644 te
1458 593 1674 662 elimare
1719 593 2022 656 contendat,

487 701 638 754 quam
666 687 754 740 tibi
785 685 941 739 etiam
972 683 1134 736 invito
1161 682 1424 749 spiritales
1463 681 1608 734 cibos
1650 683 1817 736 soleat
1858 683 2024 736 bonus

488 786 662 843 pastor
689 776 944 843 ingerere.
991 772 1115 826 Mihi
1145 770 1320 833 crede,
1371 770 1485 838 plus
1516 769 1631 834 tibi,
1671 774 1714 822 si
1740 770 2022 833 distuleris,

483 882 638 936 quam
677 864 1009 919 transtuleris
1046 861 1338 930 imputabit.
1395 859 1527 926 Quia
1557 859 1804 912 studiosis
1830 859 2022 924 favere,

483 972 588 1011 non
616 956 849 1010 invidere
874 953 1162 1007 consuevit.
1213 951 1303 1004 His
1333 961 1387 1003 et
1426 951 1618 1004 talibus
1645 950 1861 1004 silentio
1893 951 2022 1004 allo-

482 1048 620 1116 quiis
642 1048 692 1099 in
709 1043 912 1099 vincula
931 1043 1044 1110 ejus
1073 1058 1154 1095 me
1179 1042 1502 1110 voluntarius
1529 1043 1788 1108 pariteret
1811 1050 2026 1094 coactus

483 1145 670 1202 sponte
686 1131 911 1199 conjeci,
931 1131 994 1184 ad
1012 1129 1413 1197 exemplandum
1433 1144 1554 1182 cum
1575 1128 1791 1182 festinus
1805 1129 2024 1191 accessi,

483 1226 648 1292 Quem
677 1226 854 1277 nescio
881 1232 1077 1283 utrum,
1122 1219 1257 1271 sicut
1287 1226 1387 1280 est,
1438 1218 1810 1284 transcriptum
1839 1230 1904 1269 an
1936 1231 2024 1283 pa-

484 1328 651 1372 ratum
696 1316 914 1370 reddere
959 1313 1179 1365 debeam
1233 1310 1285 1362 in
1322 1318 1498 1362 vestro
1546 1309 1739 1376 pendet
1782 1307 2018 1360 arbitrio.

474 1387 595 1474 'Ego
637 1415 810 1457 tamen
841 1402 1008 1456 libens
1058 1398 1275 1451 multam
1328 1411 1483 1465 quam
1527 1393 1828 1456 intuleritis,
1875 1396 1991 1448 exci

485 1492 652 1558 piam;
697 1492 817 1558 quia
875 1487 1162 1542 remedium
1209 1501 1383 1538 meum
1426 1493 1657 1536 vestrum
1701 1484 1860 1536 credo
1903 1497 2021 1536 esse

483 1581 780 1642 decretum,
829 1586 885 1631 et
933 1579 1243 1630 sententiam
1295 1583 1520 1626 vestram
1565 1571 1823 1625 medelam
1887 1572 2022 1625 duco

484 1682 622 1731 esse,
647 1681 749 1719 non
781 1678 1006 1732 ptenam.

1090 1791 1298 1844 EPIST.
1341 1791 1428 1843 IX.

486 1885 698 1938 Domina
725 1881 968 1952 peculiari
1008 1882 1062 1932 in
1100 1878 1300 1999 Clliiriato.
1334 1879 1544 1930 Domino
1570 1887 1778 1946 patrono
1816 1878 2026 1932 Sidonio

1175 1962 1381 1999 unctus.

1175 1962 1381 1999 αἴρεται.

554 2040 626 2094 Ita
655 2053 738 2092 me
764 2050 951 2091 recens
996 2035 1330 2102 praedicatio,
1371 2043 1424 2087 et
1461 2034 1672 2103 antiqua
1700 2035 1911 2088 dilectio
1939 2050 2025 2090 ve~

483 2137 607 2182 atrae
638 2127 842 2195 pietatis
883 2123 1089 2188 illexit,
1119 2133 1178 2175 ut
1201 2121 1420 2175 audeam
1450 2123 1663 2200 auribus
1691 2123 1878 2176 vestris
1911 2125 2023 2178 ine-

485 2217 608 2284 ptiis
647 2215 776 2267 meis
822 2212 996 2265 facere
1047 2211 1239 2277 smpius
1280 2209 1556 2276 injuriam;
1603 2207 1728 2264 dum
1775 2222 2023 2274 vestram,

485 2313 734 2375 quantum
757 2300 920 2355 sterili
948 2301 1210 2367 ingeniolo
1239 2299 1567 2363 conceditur,
1596 2301 1854 2369 attingere
1873 2303 2027 2367 cupio

485 2391 833 2459 disciplinam.
877 2391 1042 2452 Quam
1083 2386 1180 2441 etsi
1231 2389 1438 2454 assequi
1487 2389 1682 2456 grande
1717 2398 1825 2453 est,
1869 2400 2026 2456 atque

485 2483 728 2550 difficile,
756 2484 903 2553 sequi
935 2493 1105 2537 tamen
1149 2483 1418 2550 pulchrum
1465 2492 1546 2536 est
1586 2496 1741 2551 atque
1780 2483 2022 2538 sublime.

486 2575 739 2642 Quoaiam
784 2589 1105 2628 summarum
1157 2591 1328 2627 rerum
1381 2589 1484 2626 non
1530 2575 1739 2642 adeptio
1787 2583 1981 2628 tantum
2009 2620 2022 2641 ,

485 2643 578 2715 sed
607 2662 764 2715 etiam
798 2663 1014 2714 imitatio
1045 2664 1152 2728 ipsa
1175 2661 1401 2728 jucunda
1441 2671 1540 2717 est.
1581 2662 1709 2727 Quia
1761 2678 2024 2730 nunquam

486 2752 596 2805 fere
639 2751 826 2818 aliquis
860 2751 971 2818 ejus
999 2752 1072 2804 rei
1104 2759 1343 2818 portzone
1377 2750 1441 2802 ad
1474 2753 1732 2818 integrum
1758 2760 1928 2814 caret,
1961 2752 2024 2813 ad

486 2855 642 2909 quam
683 2839 939 2894 scandere
982 2855 1043 2891 ac
1092 2839 1364 2906 pervenire
1405 2839 1747 2892 contenderit.
1783 2837 2028 2892 Desidero

488 2935 692 3000 itaque,
731 2931 942 3006 domine
984 2931 1088 2995 mi,
1135 2929 1410 2992 desidero,
1458 2931 1700 2994 inquam,
1748 2928 1849 2981 tuis
1899 2928 2028 2981 cibis

488 3020 662 3082 refici,
710 3027 798 3070 tuo
841 3019 980 3072 fonte
1020 3024 1217 3085 potari,
1260 3018 1361 3071 tuis
1407 3017 1596 3084 repleri
1635 3015 1884 3083 dapibus,
1928 3015 2027 3067 tuis

487 3111 658 3177 epulis
687 3107 914 3175 saginari
949 3125 959 3158 :
993 3123 1124 3174 quas
1138 3109 1192 3160 si
1216 3109 1331 3174 quis
1352 3149 1364 3172 ,
1398 3105 1823 3159 distribuentibus
1849 3103 2024 3167 vobis,

489 3215 593 3253 non
623 3214 829 3252 summo
853 3214 945 3252 ore
975 3198 1245 3256 libaverit,
1293 3197 1382 3249 sed
1426 3197 1544 3249 totis
1584 3197 1768 3249 anima:
1813 3197 2024 3248 visceri-

489 3292 588 3342 bus
613 3296 865 3356 appetens
893 3287 1111 3340 conviva
1141 3285 1400 3339 surbuerit
1421 3326 1435 3349 ,
1467 3296 1627 3353 atque
1654 3288 1833 3337 intimo
1854 3294 2030 3351 pecto-

489 3376 562 3429 ris
611 3375 942 3443 postmodum
990 3374 1201 3429 easdem
1257 3375 1614 3426 ruminaturus
1659 3372 2026 3433 absconderit;

489 3465 704 3532 incipiet
754 3466 977 3518 assiduis
1027 3464 1408 3517 ructationibus
1458 3464 1514 3515 in
1561 3462 1767 3514 laudem
1823 3463 2027 3515 Domini

489 3553 863 3620 omnipotentis
883 3567 1188 3620 erumpere;
1223 3552 1444 3605 refertus
1473 3553 1655 3616 corde,
1687 3566 1777 3604 ore
1801 3553 2028 3618 jejunus.

490 3643 614 3694 dum
661 3651 805 3693 satur
839 3642 1030 3699 esurit.
1061 3649 1112 3692 et
1140 3648 1405 3692 saturatur
1447 3640 1716 3703 esuriens;
1765 3641 1928 3706 magis
1981 3640 2030 3691 in

491 3732 884 3800 regeneratione
915 3732 1246 3784 saturandus.
1279 3731 1384 3784 Nec
1412 3732 1598 3784 deesse
1628 3732 1817 3798 poterit
1847 3731 1993 3784 Cibus
2014 3770 2028 3794 ,

490 3820 638 3887 cujus
669 3811 843 3886 pastus
873 3819 922 3872 in
954 3820 1113 3871 verbo
1143 3827 1242 3872 est.
1287 3818 1356 3872 Ut
1390 3833 1486 3886 ego
1517 3819 1698 3871 barum
1727 3819 2030 3872 deliciarum

489 3911 749 3976 particeps
788 3920 907 3961 esse
945 3922 1152 3960 merear
1181 3907 1370 3960 vestris
1413 3907 1715 3973 patrociniis
1761 3907 2028 3972 obtinete,

489 3995 722 4063 mihique
746 4010 904 4062 supra
935 4009 1232 4048 mensuram
1270 3995 1459 4049 virium
1489 3995 1778 4049 connitenti
1817 3996 2031 4048 auxilia-

491 4095 632 4139 tores
669 4086 935 4146 accedite,
969 4084 1226 4152 simulque
1273 4093 1326 4136 et
1367 4086 1434 4137 ab
1475 4085 1598 4137 ovili
1638 4084 1788 4136 vobis
1832 4082 2030 4138 credito

491 4189 594 4228 non
642 4157 873 4226 inveniar
915 4173 1138 4225 alienus.
1169 4176 1354 4234 Orate,
1407 4181 1773 4240 errantemque
1805 4187 1953 4225 ovem
2001 4187 2028 4222 a

491 4261 696 4326 pascuis
730 4261 902 4312 saeculi
937 4260 1001 4310 ad
1033 4260 1209 4309 caulas
1243 4258 1532 4309 dominicas
1573 4267 1870 4323 reportate;
1910 4258 2028 4324 quia

491 4347 698 4402 confido
745 4347 884 4414 quod
949 4345 1412 4398 intercessionibus
1463 4344 1650 4396 vestris
1702 4343 1812 4396 fieri
1867 4346 2032 4411 possit

491 4449 675 4504 agnus,
706 4437 792 4500 qui
815 4441 986 4486 vester
1013 4431 1266 4485 meruerit
1293 4445 1409 4484 esse
1439 4431 1743 4500 discipulus.

1105 4558 1314 4613 EPIST.
1356 4559 1419 4612 X.

702 4669 939 4738 Domino,
970 4673 1154 4738 pectori
1181 4687 1290 4732 suo,
1323 4670 1485 4737 Lupo,
1518 4681 1541 4706 α
1568 4672 1824 4724 Ruricius.

558 4763 754 4830 Accepi
781 4765 982 4816 litteras
1013 4762 1454 4831 magnanimitatis
1488 4772 1586 4814 tua:
1608 4803 1620 4823 ,
1655 4764 1841 4830 quibus
1870 4779 2031 4817 excu-

489 4869 610 4908 sare
655 4853 884 4922 dignaris
928 4853 1066 4920 quod
1118 4860 1172 4904 ut
1218 4865 1301 4904 me
1363 4853 1531 4904 rarius
1580 4853 1888 4919 eloquentiae
1932 4863 2030 4906 tum

491 4956 609 4994 rone
636 4956 907 5009 respergas
939 4940 1101 5008 bajuli
1151 4939 1304 4991 faciat
1347 4940 1552 5006 inepia;
1580 4941 1841 5008 simulque
1873 4943 2027 4994 etiam

493 5034 692 5086 indicas
732 5041 781 5085 te
809 5033 985 5085 mirari
1028 5048 1142 5093 cur,
1191 5047 1307 5083 cum
1350 5032 1474 5083 mihi
1527 5047 1705 5086 eorum
1744 5035 2030 5101 frequentia

492 5133 754 5191 suppetat,
785 5124 1059 5177 verborum
1089 5136 1293 5189 quoque
1325 5121 1467 5186 copia
1497 5136 1700 5189 compta
1728 5140 1828 5175 non
1871 5124 2031 5185 desit,

495 5214 640 5267 vobis
683 5212 912 5266 scribere
952 5214 1142 5278 szepins
1173 5212 1479 5263 detreCtem.
1510 5212 1655 5276 Quod
1697 5229 1786 5265 viis
1815 5230 1904 5278 per
1932 5214 2036 5264 iro-

497 5300 670 5364 niam,
712 5310 769 5353 ut
818 5309 895 5351 est
934 5299 1128 5364 lepOris
1155 5297 1313 5350 vestri
1359 5296 1628 5364 facundia,
1673 5301 1904 5366 jactasse
1935 5316 2035 5352 non

574 5501 592 5521 "
627 5492 742 5544 Fuit
763 5491 1038 5557 episcopus
1069 5489 1417 5540 Tricassinus.

569 5557 592 5590 ιι
633 5558 736 5610 Vox
768 5574 875 5610 corr
893 5569 1032 5623 upta.

2058 4403 2108 4462 D

2125 506 2302 560 sciatis
2332 508 2569 563 laborare
2594 519 2825 577 egestate
2855 513 3131 574 sermonis,
3167 529 3228 568 ac
3255 517 3530 570 sterilitate
3556 519 3680 569 exi-

2125 594 2184 645 lis
2209 594 2424 660 ingenii,
2461 596 2600 648 velut
2622 597 2816 651 aestivis
2845 598 3110 651 mensibus
3140 601 3337 652 arentis
3364 616 3513 654 vena:
3538 617 3678 654 cur-

2122 695 2235 730 sum
2264 681 2472 746 sudare,
2499 696 2600 734 non
2623 682 2802 738 ﬂuere.
2820 684 3104 738 Addidistis
3122 687 3303 753 etiam,
3320 689 3450 740 sicut
3470 689 3680 741 Achilli

2127 766 2440 834 Patroclum,
2471 780 2560 822 aut
2599 771 2800 825 Herculi
2825 773 3106 838 Theseum,
3146 776 3229 828 vel
3264 774 3469 830 Theseo
3514 777 3679 846 Pyri-

2125 859 2327 922 tboum,
2385 860 2454 910 ita
2499 873 2592 912 vos
2628 860 2756 913 mihi
2801 860 2996 916 debere
3040 864 3248 917 sociari.
3280 863 3333 917 In
3363 864 3442 917 bis
3472 863 3682 918 fabulis

2125 949 2376 1020 factisque
2415 953 2668 1021 majorum
2705 971 2807 1009 non
2848 958 3238 1025 praerogativam
3287 971 3676 1024 personarum.

2125 1039 2216 1093 sed
2264 1045 2708 1108 comparationem
2748 1044 2999 1098 debemus
3044 1045 3340 1098 dilectionis
3388 1046 3679 1110 accipere;

2126 1140 2180 1183 ut
2207 1134 2492 1184 amicorum
2520 1135 2813 1186 recolentes
2836 1136 3066 1199 nomina,
3092 1151 3370 1204 sequamur
3389 1139 3679 1203 exempla:

2124 1229 2177 1274 et
2201 1236 2382 1273 eorum
2413 1221 2466 1274 in
2497 1238 2593 1274 nos
2621 1225 2870 1276 vocabula
2899 1225 3290 1288 transferentes,
3316 1225 3498 1277 merita
3529 1239 3680 1277 con-

2126 1312 2389 1374 feramus;
2422 1319 2574 1376 atque
2595 1327 2657 1363 ex
2697 1315 2921 1377 ipsorum
2951 1314 3110 1380 gestis
3141 1313 3412 1379 magniﬁca
3442 1327 3681 1380 qumque

2124 1406 2178 1452 et
2215 1399 2432 1452 honesta
2479 1413 2788 1464 carpentes,
2820 1400 2938 1452 vita:
2969 1413 3162 1452 ηοω-αξ
3209 1402 3406 1455 utiliter
3443 1409 3671 1468 coapta-

2125 1503 2273 1552 mus;
2303 1499 2356 1542 et
2386 1493 2674 1543 serviamus
2723 1490 2872 1542 nobis
2904 1492 2952 1542 in
2995 1490 3210 1544 caritate
3263 1490 3514 1554 candida,
3556 1506 3676 1543 non

2127 1578 2425 1631 adulatione
2466 1578 2653 1632 fucata.
2699 1578 3113 1647 Studeamusque
3142 1579 3277 1646 quod
3323 1579 3377 1630 in
3419 1579 3678 1631 amicitiis

2127 1667 2332 1720 illorum
2365 1677 2628 1736 poetarum
2668 1668 2867 1723 falsitas
2895 1671 3075 1729 finxit,
3113 1671 3160 1721 in
3191 1671 3340 1722 nobis
3368 1672 3676 1721 animorum

2053 1750 2098 1807 B
2127 1757 2317 1808 veritas
2347 1768 2596 1825 peragat;
2640 1768 2693 1810 ut
2731 1759 2850 1811 dum
2895 1759 3085 1811 imitari
3133 1759 3370 1810 videmur
3408 1772 3471 1808 an
3499 1758 3627 1824 iqua
3658 1797 3677 1817 ,

2125 1844 2480 1912 relinquamus
2513 1846 2794 1909 imitanda;
2825 1855 2877 1898 et
2905 1848 3169 1899 seniorum
3199 1846 3331 1899 facta
3354 1845 3635 1898 laudantes
3660 1887 3674 1902 .

2128 1932 2400 1984 laudemur
2422 1947 2450 1984 a
2480 1936 2720 2000 posteris.
2751 1934 2871 1987 Haec
2899 1949 3043 2002 ergo,
3090 1934 3299 1987 domine
3325 1933 3424 1997 mi,
3454 1934 3676 1985 flamma

2125 2031 2351 2086 pectoris
2393 2021 2530 2081 mei,
2587 2023 2906 2087 persuasioni
2955 2034 3084 2085 tuas,
3129 2036 3282 2089 quam
3328 2022 3678 2073 conscientias

2121 2123 2251 2160 mere
2289 2110 2512 2175 amplius
2557 2108 2810 2175 credens,
2851 2110 3032 2176 gerulo
3065 2109 3375 2174 festinante,
3424 2109 3676 2160 breviter

2121 2195 2420 2261 cursimque
2456 2195 2646 2249 dictavi
2676 2211 2690 2250 :
2735 2211 2850 2263 qua:
2876 2197 3060 2263 peritia
3088 2205 3174 2247 tua
3204 2205 3254 2246 et
3281 2195 3511 2261 probitas
3542 2205 3671 2256 tua,

2123 2283 2166 2335 si
2193 2283 2344 2336 amici
2387 2283 2719 2338 verecundia:
2758 2284 3015 2348 consulit,
3062 2291 3151 2336 aut
3191 2283 3366 2336 celare
3409 2281 3674 2346 debebit,

2124 2379 2215 2423 aut
2240 2369 2520 2424 emendare
2546 2370 2771 2423 curabit.

2731 2479 2941 2535 EPIST.
2983 2478 3074 2533 XI.

2125 2565 2340 2620 Domino
2383 2569 2581 2621 sublimi
2625 2583 2909 2688 sernpequue
2937 2568 3219 2648 .magniﬁco
3260 2566 3405 2632 fratri
3440 2563 3672 2618 Fredar.

2823 2653 3023 2688 unctus.

2823 2653 3023 2689 tmolus.

2194 2727 2448 2791 Quoniam
2496 2728 2779 2781 ammnitati
2814 2727 3046 2780 nemoris
3080 2725 3237 2778 vestri
3267 2725 3422 2779 etiam
3469 2723 3675 2777 deserti

2126 2817 2288 2868 nostri
2319 2817 2538 2882 ineptias
2570 2816 2807 2868 voluistis
2835 2815 3042 2882 adjungi
3063 2855 3076 2879 ,
3105 2812 3388 2877 transmisi,
3421 2813 3555 2866 sicut
3587 2813 3673 2862 iu-

2121 2905 2386 2971 jtmxistis,
2421 2905 2650 2956 abietum
2680 2905 2880 2972 plantas
2906 2945 2919 2968 ,
2948 2918 3048 2956 non
3078 2903 3284 2970 specie,
3323 2903 3414 2954 sed
3438 2902 3674 2967 proceri-

2130 3005 2234 3046 tate
2265 2995 2572 3058 placituras;
2598 3009 2698 3046 non
2724 2993 2997 3056 fructibus,
3024 2995 3113 3046 sed
3143 2994 3220 3045 sui
3247 2990 3675 3058 peregrinatione

2056 3073 2099 3133 C
2132 3083 2424 3144 mirabiles;
2473 3100 2575 3136 non
2607 3099 2700 3137 usu
2731 3092 2905 3151 aptas,
2938 3085 3029 3137 sed
3058 3084 3359 3136 amoenitate
3390 3082 3669 3150 iucundas.

2129 3173 2336 3239 Quippe
2381 3188 2496 3240 qu;e
2534 3187 2650 3224 cum
2680 3173 2970 3224 coaluerint
2996 3170 3340 3224 crassitudine
3369 3169 3672 3222 umbrarum

2131 3263 2155 3298 δ
2179 3261 2500 3315 Cevenarum
2523 3263 2680 3328 frigus
2705 3272 2725 3298 ο
2742 3262 2965 3314 Oceanis
2987 3262 3034 3311 in
3057 3260 3322 3313 aestatibus
3349 3258 3671 3326 prmbituraa.

2129 3353 2194 3405 Et
2243 3353 2342 3405 hoc
2392 3353 2527 3405 inter
2574 3352 2690 3403 illas
2738 3351 3167 3418 praeclarissimas
3219 3346 3410 3402 dt‘versi
3457 3350 3672 3416 generis

2130 3440 2376 3505 arbores,
2413 3449 2517 3492 tam
2548 3439 2734 3491 decore
2756 3453 2909 3506 quam
2939 3440 3159 3490 utilitate
3189 3446 3516 3504 praestantes,
3540 3452 3674 3501 opu-

2131 3533 2301 3585 lentas
2325 3546 2505 3594 onere,
2536 3530 2807 3584 distinctas
2839 3531 2996 3593 flore,
3029 3531 3191 3583 odore
3220 3529 3528 3596 fragrantes.
3563 3529 3672 3580 Illis

2131 3623 2268 3673 enim
2310 3621 2556 3672 industria
2587 3628 2758 3671 vestra
2787 3619 3037 3680 contulit,
3067 3617 3205 3686 quod
3229 3618 3326 3670 soli
3355 3626 3537 3670 natura
3565 3632 3672 3669 non

2131 3709 2364 3777 protulit.
2398 3707 2526 3759 Nam
2570 3717 2625 3759 ut
2653 3707 2896 3759 ruborem
2925 3722 3191 3767 rosarum,
3223 3707 3449 3759 iiliorum
3475 3706 3672 3758 cando—

2133 3814 2277 3859 rem,
2309 3797 2441 3849 lauri
2469 3805 2774 3863 perpetuum
2799 3796 3022 3848 virorem
3042 3836 3056 3860 ,
3090 3805 3143 3849 et
3161 3797 3261 3849 alia
3290 3795 3670 3862 hujuscemodi,

2132 3886 2318 3939 similia
2352 3885 2541 3938 vilibus
2570 3883 2962 3951 praetermittam
2995 3883 3154 3950 (quia
3193 3897 3334 3950 stepe
3371 3897 3464 3950 per
3504 3883 3672 3934 abun-

2131 3973 2358 4027 dentium
2392 3972 2619 4040 pretio-a
2650 3972 2930 4034 vilescunt,
2961 3981 3012 4024 et
3041 3971 3162 4025 facit
3192 3971 3338 4039 copia
3369 3970 3671 4040 quotidiana

2117 4065 2414 4128 fastidium)
2444 4063 2550 4116 illic
2588 4065 2741 4117 etiam
2763 4063 3075 4127 graminum,
3105 4063 3418 4130 germinum,
3450 4062 3671 4119 fruteto-

2131 4169 2246 4206 rum
2270 4153 2559 4218 peregrinae
2595 4152 2798 4205 collata:
2829 4161 2947 4204 sunt
2975 4150 3426 4214 suavitates,visui
3448 4151 3672 4219 usuique

2133 4248 2426 4294 vernantes.
2457 4239 2560 4292 Sed
2591 4241 2712 4306 quid
2739 4241 2846 4292 illic
2878 4241 3099 4305 primum
3132 4239 3442 4292 laudandum
3465 4239 3552 4302 sit,
3579 4253 3673 4291 aut

2133 4326 2447 4384 mirandum.
2490 4326 2576 4377 ubi
2615 4326 2768 4377 etiam
2803 4328 3052 4392 temporis
3093 4328 3429 4392 intemperies
3471 4337 3675 4393 tempe-

2134 4416 2312 4468 ratur?
2333 4413 2598 4480 Siquidem
2623 4413 2748 4464 inibi
2779 4412 2986 4464 torrida:
3011 4412 3186 4465 fervor
3206 4414 3400 4467 aestatis
3421 4423 3526 4465 tam
3551 4428 3672 4466 um-

2133 4503 2341 4556 brarum
2364 4514 2515 4568 quam
2541 4499 2792 4552 undarum
2816 4500 2986 4566 rigore
3008 4499 3307 4567 depellitur.
3323 4500 3520 4552 Hiemis
3545 4514 3674 4552 veru

2136 4594 2185 4646 in
2216 4600 2414 4645 tantum
2443 4607 2544 4642 non
2575 4593 2796 4642 sentitur
2818 4590 3094 4655 asperitas,
3123 4600 3178 4642 ut
3205 4590 3341 4642 intra
3369 4591 3550 4663 eadem
3578 4604 3675 4656 pu-

2136 4687 2235 4733 titts
2275 4690 2420 4746 tepor
2455 4679 2608 4738 aeris,
2643 4689 2692 4728 et
2722 4686 2906 4728 cantus
2936 4678 3128 4738 avium,
3168 4677 3303 4728 veris
3335 4676 3518 4728 reddat
3553 4677 3671 4729 effi-

2135 4771 2290 4837 giem.
2326 4768 2427 4820 Sed
2459 4767 2580 4830 quid
2613 4780 2709 4832 ego
2741 4766 3013 4816 immemor
3041 4765 3314 4832 imperitia:
3344 4779 3506 4828 mem,
3540 4781 3671 4834 pau-

2140 4872 2260 4924 pcl‘e
2288 4869 2550 4916 sermone,
2585 4854 2653 4905 mi
2683 4852 2920 4913 domine,
2955 4855 3088 4906 ruris
3116 4854 3272 4906 vestri
3298 4853 3542 4917 divitias,
3573 4853 3671 4907 de-

2137 4945 2281 4997 licias
2320 4943 2638 5002 describere,
2685 4954 2770 4992 aut
2807 4957 3052 4994 enarrare
3093 4943 3375 5006 contendo,
3416 4943 3481 4996 ad
3521 4944 3674 5010 cujus

2137 5032 2342 5085 laudem
2387 5031 2542 5084 etiam
2586 5031 2791 5096 ingenia
2834 5032 3028 5098 majora
3066 5033 3497 5086 succumberent?
3543 5033 3674 5085 Date

2139 5122 2310 5187 itaque
2355 5120 2688 5184 impudentiae
2729 5134 2858 5172 meae
2899 5121 3122 5184 veniam,
3158 5135 3313 5188 quam
3352 5119 3670 5183 extorsistis,

2141 5213 2225 5277 qui
2267 5218 2324 5260 ut
2360 5208 2569 5260 auribus
2610 5209 2794 5263 vestris
2825 5213 3073 5265 verbosus
3103 5215 3401 5266 existercm.
3439 5210 3673 5277 dignati.)

2140 5309 2309 5351 vestra
2342 5313 2423 5349 me
2446 5299 2728 5364 compellit.
2760 5299 3040 5354 Conﬁdens
3062 5302 3196 5368 quod
3227 5300 3444 5368 epistola
3469 5299 3669 5366 longior

2217 5500 2233 5524 τ
2283 5489 2385 5540 Vox
2417 5504 2520 5540 euri
2540 5502 2676 5555 apta.
