3854 6228
129 302 193 355 Π
1433 304 1896 361 EPISTOI.ARUM
1939 305 2059 360 LIB.
2099 305 2136 358 l.
3284 313 3356 370 7B

126 413 304 477 vobis,
351 415 605 471 dominis
647 417 795 482 meis,
833 416 873 470 si
913 413 1212 484 displiceret
1257 415 1436 483 affatu,
1481 416 1708 484 placeret
1738 421 1786 478 Α
1812 419 1994 486 cymba
2023 418 2248 471 instabili
2275 418 2630 484 fluctuantem,
2656 421 2804 489 quasi
2829 421 2936 488 jam
2961 421 3027 474 de
3053 421 3345 476 sublimiori

129 503 352 557 affectu.
401 505 540 562 Cum
584 507 947 560 intellexeritis
982 519 1097 558 eam
1138 521 1242 558 non
1270 519 1363 573 pro
1396 507 1707 569 eloquentiae

127 593 346 661 lepore,
396 597 492 651 sed
546 613 645 666 pro
676 607 845 649 vestro
871 610 1051 650 amore
1088 597 1392 663 copiosam;
1425 597 1705 662 simulque,

127 683 252 750 quia
296 686 547 740 sciebam
577 687 946 740 sublimitatem
976 693 1201 737 vestram
1237 686 1286 736 in
1319 683 1498 737 amicis
1522 683 1710 736 vestris

123 776 246 840 plus
292 778 706 845 reprehendere
733 775 1101 828 taciturnitatis
1133 775 1522 840 verecundiam,
1554 790 1708 843 quam

127 866 428 934 ioquacetn
464 867 837 920 familiaritatis
867 866 1160 919 audaciam.

748 1001 958 1055 EPIST.
1006 1001 1117 1054 XII.

425 1089 644 1141 Domino
674 1092 883 1154 pectoris
912 1091 989 1141 sui
1016 1089 1160 1143 Celso
1194 1089 1442 1144 Ruricius.

192 1177 454 1246 Trepido
496 1181 550 1231 in
590 1174 908 1245 praeconium
948 1190 1178 1232 vestrum
1220 1195 1279 1234 ns
1321 1180 1528 1248 elingue
1571 1195 1711 1234 rese-

121 1282 270 1329 rare,
297 1268 396 1322 cui
430 1268 681 1334 sciojure
699 1269 855 1321 etiam
885 1267 1088 1336 ingenia
1117 1269 1315 1336 majora
1343 1270 1706 1324 succumbere.

119 1355 261 1420 Quid
295 1357 455 1410 enim
489 1359 713 1424 primum
741 1359 807 1411 de
831 1359 1124 1411 alfectionis
1152 1370 1240 1410 aut
1265 1359 1582 1427 dignationis
1622 1375 1709 1412 ve-

117 1458 252 1499 stra:
297 1449 472 1502 laude
515 1450 964 1504 commemorem?
1003 1449 1092 1516 qui
1136 1464 1331 1504 omnes.
1370 1449 1497 1504 milii
1549 1451 1705 1515 ruris,

122 1546 145 1572 ι
177 1538 392 1596 moris.
448 1549 526 1602 et,
563 1538 700 1604 quod
743 1540 823 1591 his
851 1539 1095 1592 omnibus
1139 1539 1306 1605 majus
1340 1549 1442 1602 est,
1474 1539 1707 1592 caritatis

119 1629 360 1682 delicias
397 1631 721 1693 contulistis,
755 1642 842 1682 aut
872 1643 1037 1692 certe,
1071 1630 1112 1682 si
1143 1631 1268 1697 quid
1301 1631 1485 1682 horum
1519 1632 1565 1681 dt
1587 1629 1704 1694 fuit,

120 1718 510 1786 deputandum
559 1719 803 1784 tempori,
850 1734 954 1771 non
1001 1720 1149 1771 vobis
1192 1728 1272 1771 est
1318 1718 1702 1786 imputandum.

121 1807 258 1860 Nam
310 1818 494 1860 totum
524 1808 658 1874 apud
693 1823 804 1869 vus,
837 1809 972 1876 quod
1001 1822 1181 1861 carum
1208 1819 1386 1876 pectus
1405 1848 1420 1872 ,
1448 1808 1584 1877 quod
1616 1809 1708 1860 lia-

122 1896 236 1947 buit
263 1897 484 1948 clarum
515 1898 759 1960 mundus,
793 1897 987 1950 inveni.
1011 1897 1161 1950 Nulla
1185 1913 1270 1951 me
1297 1899 1502 1964 penitus
1521 1898 1707 1964 jocun-

117 1985 295 2038 ditate
339 1985 666 2048 fraudastis;
709 1988 832 2054 quin
871 1988 1028 2040 etiam
1069 1987 1417 2041 desiderabile
1447 1989 1569 2041 mihi
1615 1988 1706 2041 ho-

117 2074 332 2140 spitinli
381 2058 506 2126 mei
535 2075 803 2127 desertum
851 2086 1024 2127 vestra
1075 2076 1345 2128 vicinitate
1385 2077 1599 2128 fecistis.
1645 2077 1708 2128 Et

119 2163 335 2216 idcirco
389 2179 478 2217 me
519 2165 684 2232 magis
729 2164 1004 2217 finitimum
1036 2166 1182 2218 vobis
1212 2179 1330 2219 esse
1365 2165 1702 2232 congaudeo,

118 2252 245 2320 quia
280 2269 402 2306 non
437 2268 510 2306 ex
542 2263 651 2306 toto
676 2254 845 2308 malus
871 2266 971 2318 est,
1015 2256 1101 2323 qui
1131 2255 1280 2308 bonis
1303 2255 1556 2324 jungitur.
1599 2256 1705 2309 Sed

122 2361 184 2396 ne
215 2343 493 2398 exhibeat
523 2345 672 2398 vobis
704 2345 813 2413 ipsa
856 2345 1049 2414 ineptia
1082 2346 1399 2423 suillongior
1427 2362 1604 2400 sermo
1633 2347 1707 2398 fa-

123 2436 355 2488 stidium
376 2477 392 2498 ,
422 2435 573 2489 salve
603 2435 955 2502 largissimum
984 2436 1134 2499 dico;
1170 2445 1222 2490 et
1251 2437 1541 2496 vitrarium,
1573 2437 1707 2490 sicut

120 2525 396 2591 iussistis.
434 2540 524 2578 me
551 2524 846 2579 destinasse
876 2527 1114 2594 significo
1141 2544 1152 2576 :
1184 2526 1333 2593 cujus
1356 2541 1486 2592 opus
1515 2530 1702 2588 nitore,

122 2628 226 2665 non
258 2614 565 2681 fragilitate
587 2623 794 2681 oportet
817 2615 1141 2680 imitetur,ut
1167 2614 1398 2677 dilectio,
1415 2631 1531 2683 quas
1556 2616 1704 2668 ll0bl8

121 2720 150 2757 a
183 2707 518 2772 parentibus
546 2708 748 2770 relicta,
779 2708 1030 2774 magistro
1068 2707 1278 2769 tradita,
1311 2709 1433 2760 vitae
1470 2723 1705 2760 commu-

125 2795 312 2858 nione,
353 2795 569 2846 firmata
601 2804 680 2847 est
709 2794 972 2858 secundis,
1002 2791 1248 2848 elimefur
1277 2796 1532 2859 adversis,
1567 2796 1702 2848 nulla

127 2885 346 2948 penitus
379 2884 655 2936 turbinum
687 2884 917 2951 procella
951 2884 1236 2952 frangatur.
1270 2885 1398 2937 Nam
1430 2887 1563 2937 sicut
1590 2886 1700 2938 auri

126 2987 286 3042 atque
310 2973 533 3040 argenti
564 2973 790 3041 pretiosa
819 2974 1117 3039 sinceritas,
1139 2977 1181 3026 si
1213 2979 1354 3039 aeris,
1374 2987 1461 3029 aut
1483 2977 1696 3044 plumbi,

125 3063 206 3116 vel
237 3061 549 3129 cujuslibet
579 3061 798 3114 alterius
829 3064 1060 3116 materiae
1094 3065 1288 3117 vilioris
1318 3065 1472 3116 fuerit
1500 3065 1699 3116 admix—

127 3155 270 3204 tione
300 3159 589 3214 corrupta,
635 3148 736 3200 nisi
780 3152 973 3216 ignium
1015 3152 1404 3203 examinatione
1433 3163 1722 3219 pmgatur,

125 3255 222 3294 nec
237 3239 604 3306 Splendorem
625 3238 916 3290 naturalem
936 3240 1128 3305 poterit
1147 3238 1357 3300 habere,
1380 3254 1474 3291 nec
1494 3255 1696 3292 sonum.

121 3329 255 3383 Nam
301 3344 413 3382 nec
442 3329 581 3389 visui
612 3330 928 3390 claritatem,
961 3342 1058 3379 nec
1088 3328 1328 3379 tinnitum
1361 3329 1530 3381 reddit
1557 3329 1701 3380 audi-

127 3424 225 3486 tai,
257 3420 553 3488 magisque
584 3433 798 3470 raucum
830 3427 1064 3486 resonat,
1098 3421 1138 3469 si
1167 3416 1405 3484 feriatur,
1436 3429 1486 3471 et
1512 3419 1700 3471 stridu-

125 3514 256 3565 lum.
294 3511 458 3565 lianc
489 3524 614 3575 ergo
639 3509 980 3572 sententiam,
1008 3524 1110 3559 non
1144 3523 1334 3570 meam,
1358 3508 1446 3560 sed
1474 3509 1699 3572 Domini,

123 3601 294 3655 frazer
337 3609 572 3667 Optime,
613 3606 920 3651 contuentes
961 3599 1157 3664 pariter
1195 3606 1248 3649 et
1282 3608 1585 3664 sequentes,
1634 3602 1703 3649 ita

122 3692 294 3744 vitam
331 3701 579 3743 nostram
626 3689 801 3742 medio
844 3703 1023 3752 cursu,
1067 3688 1414 3755 gubernatore
1445 3689 1556 3755 ipso
1597 3687 1701 3739 1))-

123 3783 308 3843 mino,
351 3789 738 3846 temperemus,
773 3786 830 3829 ut
867 3792 985 3829 cum
1015 3777 1272 3829 serenitas
1302 3777 1552 3839 arrideat,
1585 3792 1704 3842 pro-

123 3872 348 3938 sperior
395 3869 556 3922 ﬂatus
604 3869 830 3938 invitet,
874 3881 1018 3919 mare
1062 3865 1320 3933 placidum
1368 3865 1698 3924 ι›1.ιη(1ιδιιιι·;

124 3961 377 4014 scicntes
416 3967 597 4009 tamen
639 3956 782 4007 illam
814 3959 1041 4019 mquoris
1083 3954 1303 4020 subjecti
1338 3954 1605 4020 planitiem
1636 3953 1701 4004 ad

123 4051 303 4101 instar
334 4045 602 4097 montium
634 4054 849 4109 repente
877 4057 1231 4107 consurgere;
1266 4056 1433 4106 neque
1463 4042 1512 4090 in
1539 4042 1698 4090 altum

125 4150 331 4189 navem
367 4141 600 4184 nostram
631 4131 890 4196 patiamur
917 4130 1144 4194 impelli;
1173 4129 1256 4180 ubi
1300 4142 1415 4180 eam
1454 4137 1541 4179 aut
1570 4136 1702 4180 tem-

125 4235 318 4294 pestas
352 4221 550 4284 solvat,
581 4228 670 4270 aut
699 4219 832 4270 unda
859 4219 1145 4285 demerget.

729 4346 937 4400 EPIST.
980 4347 1114 4400 XIII.

419 4437 637 4490 Domino
668 4440 879 4504 pectoris
907 4441 984 4490 sui
1011 4437 1154 4492 Celso
1183 4439 1434 4492 Ruricius.

195 4529 418 4596 Recepi
455 4527 632 4590 apices
670 4528 1027 4595 germanitatis
1051 4539 1171 4592 tute,
1209 4530 1295 4597 qui
1329 4530 1450 4581 mini
1480 4545 1582 4581 non
1613 4544 1702 4597 pa-

122 4641 255 4680 rum
290 4622 534 4689 scrupuli
567 4622 878 4676 retulerunt.
931 4624 1125 4675 Vereor
1164 4627 1302 4676 enim
1350 4639 1414 4678 ne
1448 4641 1597 4678 secus
1636 4628 1702 4677 de

121 4714 342 4767 litteris
373 4711 507 4764 meis
533 4725 687 4779 quam
715 4725 744 4762 a
784 4725 868 4763 me
895 4712 1068 4764 missae
1098 4723 1219 4764 sunt
1250 4715 1578 4766 censueritis.
1635 4715 1699 4764 Et

123 4805 352 4860 idcirco
390 4803 537 4870 quasi
571 4803 858 4855 temerariae
887 4803 1306 4870 prIBSttmptionis
1337 4817 1594 4855 memores
1623 4806 1698 4854 vi-

121 4892 403 4954 deamini,
432 4891 556 4942 dum
586 4900 641 4942 ut
668 4904 760 4956 pro
789 4891 932 4943 vobis
960 4906 1126 4954 orem,
1161 4906 1220 4943 ac
1249 4892 1440 4957 SiﬂpIUS
1466 4905 1697 4943 coiumo-

123 4995 325 5043 neasn,
351 4979 650 5044 postulatis.
674 4979 877 5048 Egone.
898 4981 1055 5033 frater
1080 4981 1299 5048 optime,
1324 4983 1581 5050 castigare
1605 4997 1694 5034 vos

121 5067 500 5134 audeam,qui
529 5084 613 5121 me
634 5085 835 5136 nequeo
859 5074 1112 5139 castigare
1128 5075 1149 5123 ‘.'
1173 5072 1351 5140 Egone
1377 5075 1587 5141 vos,qui
1611 5090 1692 5128 me

125 5156 326 5216 muli
356 5156 530 5208 adhuc
551 5157 602 5209 in
632 5160 922 5213 turbinibus
948 5171 1191 5228 tanquam
1220 5163 1270 5214 in
1299 5165 1458 5215 maris
1480 5164 1690 5216 aestibus

207 5373 236 5400 ι
274 5360 448 5416 Forte
477 5357 598 5407 oris.

207 5432 236 5470 ιι
279 5431 448 5483 Deest
477 5425 710 5476 verbum.

209 5511 234 5538 ε
279 5498 448 5552 Forte
479 5495 792 5545 committere.

205 5569 234 5606 4
275 5567 448 5621 Forte
481 5559 720 5614 Furtum.

212 5649 238 5677 ⁸
286 5638 339 5691 Is
375 5633 484 5687 fuit
527 5631 842 5686 Arelatensis
892 5634 1186 5701 cpisc0pus.
1247 5633 1385 5686 Lites
1438 5631 1694 5700 quasdam

1809 506 2018 572 specula
2045 505 2125 559 vel
2155 505 2485 558 eminentiori
2526 508 2660 560 colle
2697 509 2991 575 respicitis‘!
3025 509 3203 578 Egone
3233 526 3343 576 vos,

1810 596 1894 662 qui
1924 596 1988 648 ad
2020 605 2223 663 portum
2254 598 2416 649 veniae
2460 612 2548 664 per
2580 600 2904 663 panitentiae
2950 601 3346 671 indulgentiam,

1811 685 2031 738 Domino
2073 687 2459 754 gubernatore?
2487 687 2513 724 δ
2556 687 2666 741 Non
2698 704 2795 756 ego
2825 692 3051 756 penitus,
3084 693 3245 747 frater
3273 693 3351 746 di-

1811 778 1965 843 lecte,
1996 779 2070 831 sic
2098 779 2304 846 scripsi,
2336 787 2390 831 ut
2419 778 2542 831 mihi
2573 779 2763 846 aliquid
2793 779 3087 843 blandiens,
3128 798 3224 836 vos
3253 783 3352 837 im-

1812 865 1975 932 probo
2017 843 2534 932 dente\mordercm,
2570 883 2664 920 nec
2709 875 2765 919 ut
2807 883 2897 921 vos
2930 868 3206 934 Imderem;
3256 872 3349 926 sed

1811 956 1937 1007 milii
1985 957 2219 1024 epistola:
2255 956 2605 1010 familiaritate
2644 960 2914 1012 vincirem.
2965 960 3094 1012 Nam
3135 965 3178 1014 si
3216 963 3351 1017 bene

1806 1045 2173 1109 consideretis,
2209 1054 2447 1100 votorum
2491 1060 2611 1101 sunt
2643 1051 2725 1101 illa
2760 1051 2934 1117 verba,
2964 1067 3068 1106 non
3098 1063 3344 1118 actuum;

1809 1143 1861 1186 et
1881 1138 2109 1202 amantis
2135 1145 2302 1204 potius
2329 1153 2481 1204 quam
2506 1141 2926 1205 moneiitis.Quia
2952 1158 3055 1196 non
3081 1144 3204 1211 qu‘d
3230 1158 3349 1211 ages

1813 1239 2009 1286 remus,
2040 1226 2132 1277 sed
2171 1227 2396 1292 qualiter
2423 1227 2609 1280 vellem
2657 1238 2710 1281 ut
2739 1230 3056 1294 viveremus,
3108 1233 3345 1300 exposui.

1809 1310 2068 1364 therum
2098 1314 2141 1366 si
2173 1324 2319 1368 actus
2347 1315 2464 1368 vita:
2493 1331 2625 1368 mea:
2657 1318 2935 1384 prcezeritte
2973 1321 3347 1386 praesentisque

1810 1400 2082 1463 discutias,
2126 1403 2340 1469 pudebit
2377 1413 2449 1467 te,
2499 1405 2678 1457 intimo
2715 1414 2769 1458 et
2808 1407 3164 1460 secretissimo
3193 1407 3350 1461 fratre

1813 1497 1964 1548 teSte.
1994 1489 2154 1554 ferre,
2187 1507 2304 1559 qua:
2331 1509 2432 1544 non
2467 1495 2648 1560 puduit
2675 1495 2781 1548 Deo
2807 1504 2938 1548 teste
2968 1505 2989 1532 ο
3021 1498 3348 1564 promittere,

1808 1593 1905 1644 pro
1922 1579 2112 1646 quibus
2139 1581 2460 1637 facinoribus
2489 1587 2620 1638 meis
2643 1600 2797 1653 spero
2822 1602 2914 1640 vos
2942 1589 3114 1659 potius
3135 1587 3350 1641 Domino

1809 1670 2132 1735 supplicetis,
2179 1680 2233 1721 ut
2273 1687 2404 1737 quos
2448 1672 2497 1725 in
2547 1678 2643 1728 hoc
2681 1677 2875 1728 saeculo
2917 1678 3260 1731 amicitiarum
3297 1687 3351 1732 et

1739 1766 1783 1824 Β
1810 1759 2210 1826 propinquitatis
2237 1762 2399 1814 voluit
2430 1777 2547 1816 esse
2573 1774 2864 1829 consortes,
2911 1767 2961 1818 in
2987 1768 3158 1820 futuro
3189 1768 3350 1822 bono-

1810 1865 1923 1903 rum
1946 1850 2127 1916 jubeat
2155 1866 2272 1905 esse
2303 1855 2605 1922 participes.

2396 1984 2603 2044 EPIST.
2639 1986 2773 2041 xxv.
2979 2057 2982 2060 ρ

2086 2072 2304 2124 Domino
2341 2077 2552 2139 pectoris
2579 2076 2657 2127 sui
2681 2075 2822 2128 Celso
2845 2075 3102 2130 Ruricius.

1879 2157 2079 2225 Equum
2123 2152 2330 2227 qualem
2370 2161 2604 2226 jusseras
2649 2163 2922 2227 destinavi,
2957 2164 3353 2220 mansuetudine

1807 2246 2089 2314 placidum,
2115 2248 2363 2302 membris
2395 2251 2645 2315 validum,
2680 2252 2886 2306 firmum
2927 2255 3136 2314 robore.
3183 2255 3350 2308 forma

1809 2346 2169 2403 praestantem,
2195 2336 2220 2374 ά
2249 2338 2445 2392 factura
2472 2342 2840 2406 compositum,
2880 2343 3067 2394 animis
3096 2353 3353 2410 tempera-

1808 2438 1936 2492 tum,
1960 2444 2054 2484 nec
2072 2445 2458 2497 prmproperum
2481 2432 2678 2485 scilicet
2700 2434 2990 2496 velocitate,
3007 2447 3104 2486 nec
3117 2434 3348 2503 pigrum:

1806 2518 1887 2570 cui
1919 2517 2179 2592 frenus‘et
2202 2519 2438 2573 stimulus
2466 2521 2532 2572 sit
2571 2522 2800 2574 sedentis
2827 2523 3118 2586 arbitrium,
3163 2525 3242 2576 cui
3284 2526 3348 2578 ad

1807 2609 2131 2661 evehenilnm
2163 2626 2315 2675 onus,
2348 2620 2400 2664 et
2415 2612 2542 2665 velle
2583 2624 2825 2680 suppetat
2863 2622 2916 2665 et
2947 2629 3100 2680 posse
3127 2631 3139 2676 ;
3185 2617 3273 2668 ita'
3295 2627 3350 2670 nt

1809 2713 1902 2750 nec
1929 2700 2074 2751 cedat
2109 2704 2460 2767 superposito,
2491 2718 2586 2754 nec
2629 2703 2854 2770 deponat
2904 2706 3222 2772 impositum.
3262 2707 3351 2759 llis

1805 2790 1999 2854 Itaque,
2028 2791 2160 2843 SIt'Ill
2187 2793 2414 2866 oportuit
2437 2792 2704 2855 inlimatis,
2745 2795 3054 2848 sa'utatione
3101 2798 3308 2862 praelata
3332 2837 3345 2859 ,

1808 2879 2186 2942 pollicitatione
2216 2881 2479 2948 dispensa,
2515 2884 2768 2949 promissa
2811 2884 3160 2950 deposcimus.
3193 2895 3247 2937 ut
3285 2887 3348 2938 ad

1804 2967 2191 3024 solemnitatem
2228 2985 2527 3024 sanctorum
2557 2973 2619 3024 ad
2652 2988 2769 3038 nos,
2821 2975 2921 3026 lteo
2967 2975 3211 3042 prOpitio,
3245 2992 3348 3028 una

1803 3072 1918 3110 cum
1951 3074 2132 3113 sorore
2181 3061 2357 3114 venire
2400 3061 2727 3129 dignemini,
2781 3063 3034 3117 honorem
3095 3067 3347 3133 patronis,

1809 3147 2054 3200 fratribus
2081 3147 2342 3213 affectum,
2375 3153 2594 3218 gratiam
2629 3154 2832 3220 populis
2859 3155 3164 3221 pratstituri.

2393 3281 2602 3336 EPIST.
2653 3283 2742 3334 XV

1879 3393 2093 3445 Domino
2130 3408 2236 3456 suo,
2261 3394 2498 3461 peculiari
2521 3393 2569 3443 in
2597 3392 2791 3443 Christo
2814 3382 3028 3446 Domino
3043 3403 3280 3458 patrona,

2262 3461 2421 3513 Eonio
2443 3463 2672 3528 episc0po
2695 3462 2946 3513 Ruricius.

1875 3553 2066 3620 Agnito
2120 3556 2338 3606 transitu
2381 3561 2581 3616 sancto,
2637 3561 2691 3603 ct
2737 3551 3050 3603 Venerabilis
3093 3551 3226 3617 apud
3259 3566 3342 3604 me

1807 3642 2188 3694 recordationis
2215 3642 2412 3694 domini
2444 3642 2541 3693 mei
2569 3640 2864 3694 decessoris
2906 3641 3064 3694 vestri
3117 3640 3344 3700 Leontii,

1804 3731 1982 3782 animo
2032 3739 2084 3782 et
2135 3739 2307 3782 mente
2336 3729 2584 3782 confusus
2623 3731 2710 3781 diu
2752 3732 3077 3797 multumque
3113 3730 3350 3782 tristatus

1806 3835 1917 3871 sum
1939 3821 2072 3888 quod
2101 3828 2152 3873 et
2182 3818 2582 3886 impedientibus
2613 3818 2837 3886 peccatis
2865 3819 3014 3882 meis,
3047 3829 3188 3872 tanto
3208 3819 3350 3870 anti-

1804 3911 1913 3961 stiti
1939 3924 2218 3962 occurrere
2249 3926 2352 3961 non
2379 3923 2691 3971 merueram,
2726 3918 2779 3960 et
2819 3909 2903 3960 tali
2927 3923 3096 3961 essem
3137 3919 3350 3975 parente

1804 4000 2054 4064 privatus.
2085 3999 2243 4064 Cujus
2274 3999 2372 4051 etsi
2403 3998 2677 4050 exterioris
2722 3997 2947 4047 hominis
2985 4011 3086 4048 non
3143 3995 3350 4048 fruebar

1803 4097 2036 4154 aspectu,
2061 4087 2319 4139 interioris
2337 4096 2508 4137 tamen
2537 4085 2700 4150 gratia
2728 4084 3048 4146 delectabar,
3074 4091 3126 4135 et
3156 4085 3349 4135 mentis

1802 4181 1915 4230 acie
1938 4178 2131 4244 jugiter
2167 4176 2528 4236 adhaarebam;
2582 4187 2674 4239 per
2711 4187 2866 4239 quem
2911 4182 2965 4224 et
3010 4171 3060 4223 in
3088 4186 3190 4238 quo
3219 4173 3344 4226 milii

1805 4281 2035 4332 praesens
2060 4266 2442 4333 quodammodo
2458 4272 2510 4316 et
2534 4262 2843 4316 cernebatur
2869 4261 3072 4321 obtutu,
3099 4270 3152 4312 et
3179 4261 3348 4313 audie-

1806 4362 1957 4412 batur
2002 4359 2208 4420 affectu,
2259 4367 2312 4410 et
2358 4357 2668 4424 palpabatur
2709 4363 2933 4416 attactu,
2976 4363 3031 4406 et
3075 4353 3348 4407 tenebatur

1731 4446 1781 4502 D
1807 4453 2071 4519 amplexu.
2101 4451 2370 4518 Siquidem
2393 4450 2500 4502 Curi
2547 4448 2692 4500 nullo
2717 4462 2775 4500 se
2809 4447 2993 4499 melius
3043 4447 3158 4498 loco
3192 4461 3343 4512 quam

1804 4544 1854 4594 in
1894 4542 2070 4600 eorde,
2104 4540 2336 4591 caritatis
2383 4539 2543 4603 ipsius
2571 4537 2716 4596 sede,
2750 4535 3093 4602 conspiciunt.
3130 4534 3272 4588 Unde
3296 4542 3348 4585 ct

1804 4631 2025 4695 amplius
2048 4628 2413 4680 desiderabam
2447 4627 2614 4678 oculis
2639 4625 2814 4677 videre
2839 4624 3157 4688 carnalibus,
3189 4637 3343 4689 quem

1807 4722 1875 4770 ita
1905 4717 2224 4784 spiritalibus
2252 4717 2508 4768 intuebar.
2541 4715 2641 4767 Sed
2667 4715 2832 4766 dolori
2873 4729 2988 4766 meo
3033 4713 3347 4765 consolatio-

1806 4824 1924 4860 nem
1958 4821 2019 4860 ea
2047 4821 2158 4874 quae
2185 4809 2328 4873 prius
2351 4806 2664 4870 tribuerant,
2697 4805 2941 4857 solatium
2978 4803 3138 4868 ipsius
3163 4804 3344 4854 merita

1803 4896 2076 4950 dederunt.
2125 4895 2252 4960 Quia
2286 4895 2493 4948 confido
2534 4893 2669 4962 quod
2708 4909 2859 4960 quem
2903 4901 3114 4956 paterna
3159 4890 3346 4953 pietate

1801 4988 2003 5048 dilexit,
2046 4995 2096 5038 et
2127 4987 2305 5040 sedula
2353 4987 2734 5039 intercessione
2760 4983 3036 5038 custodiat.
3083 4981 3183 5034 Sed
3236 4983 3345 5032 haec

1801 5076 2064 5129 sanctitati
2105 5085 2296 5129 vestrae
2341 5076 2488 5141 quasi
2534 5074 2802 5128 vobiscum
2840 5070 3158 5135 colloquens,
3191 5079 3344 5132 atque

1797 5179 1824 5214 a
1855 5165 2001 5214 vobis
2023 5165 2267 5216 mceroris
2298 5164 2459 5231 ipsius
2487 5163 2722 5215 levamen
2771 5159 3061 5226 requirens,
3109 5159 3342 5210 dictante

1802 5371 1917 5409 cum
1943 5355 2141 5407 llilario
2170 5355 2358 5409 Leonis
2402 5369 2704 5409 successore
2730 5352 2924 5409 habuit,
2952 5350 3070 5402 dein
3109 5366 3135 5401 a
3166 5358 3339 5417 potiti-

1805 5427 1898 5476 (ioc.
1929 5425 2161 5475 Romano
2181 5442 2427 5478 concessa
2452 5435 2570 5477 sunt
2599 5425 2667 5474 illi
2694 5423 2963 5473 vicariatus
2988 5421 3125 5484 jura,
3156 5427 3340 5487 quibus

1807 5496 1970 5545 inscio
1995 5493 2238 5557 pontifice
2267 5497 2336 5546 uti
2362 5502 2667 5545 tentaverat.
2704 5490 3118 5560 Deiillolseontio
3149 5494 3340 5560 Sll'pitts

1811 5563 2048 5614 Ruricius
2081 5565 2110 5614 Ι.
2150 5579 2202 5626 ιι,
2237 5579 2319 5630 cp.
2352 5563 2437 5626 39,
2471 5573 2621 5627 ctcp.
2665 5562 2738 5618 il,
2771 5558 2855 5608 48.
2891 5557 3043 5609 Iiasa'.
