3854 6228
1082 288 1106 315 Ι

503 371 573 424 λιι»
776 423 777 426 γ
976 365 982 369 ·
1379 379 1383 384 -
1781 345 2026 414 numen

2161 342 2364 398 ISCOI’I
3610 333 3683 385 80

501 478 801 544 dilectione,
832 474 1116 528 retulerim.
1147 470 1292 523 Nunc
1323 482 1469 531 vero,
1500 473 1556 519 ut
1599 462 1779 518 dicere
1796 462 2033 514 institue-
2062 459 2111 516 Α
2140 455 2397 508 undosum
2423 466 2590 516 mare,
2625 447 2979 504 excitantibus
3027 453 3301 500 ventorum
3342 443 3678 497 saevientium

504 584 637 631 ram,
677 567 977 620 accersione
1031 561 1194 630 ipsius
1235 558 1431 613 domini
1473 556 1575 610 mei
1624 566 1674 607 et
1711 552 2034 621 apostolatus

504 658 664 712 veStri
713 654 1037 708 ordinatione
1077 657 1366 716 comperta,
1419 645 1486 700 ad
1536 645 1762 698 officium
1806 651 2035 694 vestrum

506 747 713 799 mittere
737 742 1043 810 cogitabam.
1067 737 1169 792 Sed
1190 735 1495 790 muneribus
1519 733 1707 785 vestris
1734 730 2040 783 humilitatis

509 850 637 888 mea
691 829 1016 900 praevenistis
1054 825 1362 893 obsequium
1399 839 1414 876 :
1446 835 1563 890 qua:
1615 818 1744 872 mihi
1788 816 2038 884 majorem

507 921 769 976 scribendi
799 918 1038 972 ﬁduciam
1067 916 1402 969 contulerunt
1426 950 1440 975 ,
1471 911 1587 979 quia
1614 921 1878 977 praesumo
1902 904 2040 974 quod

506 1027 657 1081 quem
689 1010 1001 1064 liberalitate
1023 1004 1251 1058 feceritis
1274 1004 1506 1072 dignum,
1537 1000 1603 1054 ab
1639 999 1828 1051 animis
1856 997 2043 1054 vestris

511 1117 612 1155 non
642 1100 877 1154 habeatis
904 1095 1153 1149 alienum.
1201 1094 1264 1146 Et
1296 1092 1413 1145 ideo
1439 1086 1574 1144 sicut
1596 1089 1749 1142 dictis
1789 1086 2041 1147 intellexi,

509 1191 751 1259 quoniam
779 1188 907 1242 tanti
936 1185 1126 1239 habere
1151 1177 1456 1251 dignamini,
1499 1179 1895 1248 sospitationem
1923 1176 2045 1228 bea-

512 1281 746 1334 titudinis
776 1284 963 1330 vestrae
996 1273 1319 1341 perlitteras
1343 1270 1552 1323 uberem
1586 1268 1736 1331 dico;
1787 1264 2046 1330 simulque

512 1371 757 1441 peculiari
798 1379 954 1436 prece
978 1367 1206 1430 deposco
1233 1377 1296 1417 eo
1337 1373 1540 1413 mecum
1578 1372 1735 1426 agere
1786 1364 1929 1408 tanto
1956 1354 2047 1405 ba-

513 1463 678 1519 beatis
703 1461 906 1523 affectu,
947 1467 1005 1516 ut
1032 1455 1299 1511 dominum
1328 1452 1602 1506 Leontium
1631 1447 1967 1516 praemisisse,
1995 1453 2050 1498 et

512 1559 862 1607 commutasse
882 1549 1053 1617 potius
1078 1535 1234 1614 quam
1258 1541 1546 1612 perdidisse
1565 1552 1900 1608 cognoscam.

1082 1675 1293 1733 EPIST.
1338 1673 1474 1727 XVI.

2139 543 2333 606 flabris,
2365 549 2547 608 erepto
2571 539 2638 592 ab
2667 538 2835 592 oculis
2875 537 3070 590 nostris
3122 533 3323 586 nebulis
3350 546 3410 586 ac
3449 531 3684 583 nubibus

2135 634 2243 695 die,
2271 633 2369 684 iter
2391 644 2546 698 agere
2578 631 2936 681 crederemus.
2963 624 3093 690 Quia
3124 621 3327 676 etiamsi
3365 619 3556 674 mundo
3595 635 3687 672 ra-

2137 720 2252 776 dius
2305 719 2435 772 solis
2479 717 2669 781 illuxit,
2716 714 2780 767 ad
2813 729 2929 774 nos,
2975 727 3079 780 prae
3116 704 3376 765 densitate
3436 709 3676 762 nemoris

2137 811 2385 878 splendor
2405 807 2589 875 ipsius,
2612 813 2666 859 et
2704 805 2846 858 calor
2879 803 3151 867 pervenire
3193 815 3295 852 non
3343 798 3520 857 valuit.
3549 797 3683 849 dum

2140 915 2236 952 nos
2265 899 2334 952 ita
2381 912 2474 962 per
2522 896 2620 948 iter
2650 893 2932 946 infelicium
2978 891 3202 944 felicium
3249 885 3531 955 proceritas
3559 897 3685 952 pre-

2143 991 2256 1052 mit,
2282 997 2333 1040 et
2357 985 2440 1042 sic
2472 984 2739 1038 inundatio
2770 983 2904 1035 roris
2932 981 3178 1048 aspergit,
3211 987 3267 1032 ut
3295 976 3543 1031 contracti
3593 974 3688 1026 fri-

2140 1092 2288 1145 gore,
2339 1077 2422 1128 vel
2458 1075 2624 1127 coacti
2669 1073 2990 1140 apricitatem
3049 1070 3182 1138 ignis
3221 1067 3455 1136 plurimis
3496 1063 3690 1118 diebus

2143 1166 2529 1238 cynocaumatis
2545 1164 2845 1233 quaerimus.
2874 1161 2976 1216 Sed
3001 1175 3120 1214 cum
3137 1159 3202 1211 ad
3219 1159 3413 1219 locum,
3444 1155 3505 1208 ad
3527 1166 3688 1222 quem
3715 1149 3720 1152 ’

2113 1308 2119 1314 .
2146 1257 2388 1311 tendebat
2419 1254 2642 1308 intentio
2669 1252 3110 1319 pervenissemus,
3138 1248 3321 1300 vallati
3351 1246 3500 1314 aquis
3527 1254 3691 1312 atque

2149 1344 2444 1410 madefacti,
2472 1344 2557 1396 siti
2588 1343 2890 1408 occepimus
2915 1337 3174 1407 deperire.
3205 1336 3334 1400 Quia
3362 1349 3481 1388 cum
3509 1343 3687 1394 esset,

2148 1442 2204 1486 ut
2228 1431 2477 1493 diximus,
2507 1429 2646 1501 rigor
2671 1428 2722 1481 in
2745 1441 2898 1489 aere,
2926 1433 3039 1478 erat
3067 1433 3240 1477 tamen
3269 1430 3418 1490 tepor
3447 1423 3496 1475 in
3520 1421 3688 1479 fonte,

2148 1521 2346 1576 odoriu
2375 1520 2609 1584 ﬂumine,
2631 1517 2789 1570 ardor
2809 1516 2861 1568 in
2888 1528 3093 1581 campo,
3122 1520 3282 1566 aestus
3307 1512 3359 1564 in
3400 1519 3610 1570 castro;
3641 1518 3694 1560 et

2151 1619 2206 1662 ut
2236 1607 2378 1662 brevi
2427 1621 2672 1660 sermone
2728 1604 2973 1657 universa
3018 1600 3348 1662 concludam,
3398 1613 3492 1665 per
3529 1597 3693 1650 talem

2151 1699 2288 1750 viam
2318 1710 2414 1750 nos
2439 1697 2538 1749 iter
2564 1695 2733 1762 egisse
2753 1692 3071 1761 cognoscite,
3104 1705 3197 1758 per
3216 1703 3370 1755 quam
3396 1701 3492 1741 nec
3510 1686 3576 1740 ad
3603 1700 3694 1753 pa.

516 1780 729 1834 υθνηίηο
768 1773 1064 1846 "mmihi":
1112 1769 1274 1846 “4'19?
1275 1767 1424 1846 Ρθίέδ
1447 1773 1548 1846 .5‘.
1579 1762 1768 1846 ‘9“?
1794 1757 2048 1846 ,BPF‘W‘
2080 1788 2126 1846 B
2153 1787 2402 1846 radisum,
2448 1799 2548 1837 non
2577 1757 2748 1836 dicam
2773 1757 2842 1835 ad
2860 1781 3096 1835 exsilium
3114 1757 3202 1832 ire
3227 1778 3501 1845 quisquam
3537 1776 3691 1828 desi-

616 1828 989 1919 eqtiporando,
1022 1828 1167 1910 fratri
1192 1828 1417 1893 Sidonio
1447 1833 1664 1896 Videnti,
1695 1828 1944 1880 Ruricius.

583 1917 719 1994 Olim
749 1947 822 2003 te,
849 1936 1010 1991 frater
1032 1931 1320 1988 carissime,
1349 1927 1481 1979 fama
1507 1921 1842 1978 celeberrima
1869 1917 2054 1986 praedi-

516 2040 689 2093 cante,
713 2025 953 2096 cognovi,
977 2031 1032 2076 et
1069 2021 1121 2073 in
1151 2018 1282 2072 sede
1309 2013 1542 2070 caritatis
1580 2010 1681 2064 illis
1727 2008 1914 2077 quibus
1944 2005 2054 2071 ipse

518 2120 706 2174 melius
733 2105 934 2171 terrena
956 2111 1202 2180 despicis,
1225 2115 1277 2163 et
1302 2104 1536 2161 calestia
1570 2101 1847 2167 divinaque
1881 2095 2054 2150 consi-

517 2210 690 2272 deras,
742 2204 908 2259 oculis
959 2200 1149 2255 mentis
1193 2193 1424 2264 aspexi:
1477 2190 1619 2246 unde
1658 2189 1820 2257 ipsius
1863 2199 2052 2239 nomen

519 2296 756 2365 ascripsi,
782 2293 930 2360 cujus
955 2290 1172 2342 munere
1191 2287 1439 2338 donatum
1460 2294 1579 2335 esse
1610 2287 1663 2331 te
1691 2275 1814 2330 vidi.
1847 2274 1911 2326 Et
1937 2273 2055 2325 ideo

520 2361 724 2437 dum'te
753 2382 803 2433 in
831 2377 1044 2448 speculo
1069 2374 1243 2429 cordis
1281 2371 1580 2440 diligenter,
1628 2374 1683 2420 et
1721 2361 2057 2432 pulchritudi-

521 2487 642 2528 nem
669 2469 933 2525 interioris
957 2465 1182 2521 hominis
1211 2462 1282 2517 tui
1312 2460 1651 2515 vehementer
1694 2455 1944 2516 admiror,
1991 2449 2056 2504 ad

521 2559 923 2616 desiderandum
957 2556 1116 2609 animi
1158 2553 1262 2606 mei
1290 2552 1490 2604 viscera
1527 2542 1818 2600 concitasti.
1852 2557 1966 2610 quac
2003 2541 2055 2592 in

523 2661 724 2705 tantum
750 2648 992 2700 affectum
1020 2653 1163 2696 tuum
1188 2636 1543 2694 meracissima
1588 2633 1871 2687 dilectione
1915 2643 2058 2682 com-

524 2749 664 2794 mota
693 2746 836 2797 sunt,
880 2742 936 2786 ut
975 2746 1130 2800 quem
1165 2727 1486 2796 Spiritalibus
1508 2723 1674 2777 oculis
1711 2719 2055 2785 contemplor,

524 2830 682 2884 etiam
709 2823 1006 2880 carnalibus
1027 2833 1243 2873 cernere
1262 2815 1648 2882 concupiscam.
1686 2807 2055 2876 Quamobrem,

524 2919 670 2972 salve
693 2917 746 2971 in
765 2914 973 2967 Christo
990 2910 1211 2964 Domino
1233 2906 1530 2976 plurimum,
1551 2903 1731 2956 dicens
1760 2898 2055 2967 specialius,

527 3024 726 3079 quaeso,
754 3016 812 3059 ut
841 3017 938 3058 una
963 3016 1080 3055 cum
1110 3001 1305 3053 domno
1333 3003 1451 3050 meo
1497 2995 1766 3061 episcOpo,
1797 3004 1954 3057 quem
1993 2986 2058 3038 ad
2099 2986 2106 2992 ’

2151 1875 2323 1928 deret.
2355 1873 2687 1939 Quapropter
2712 1870 2832 1938 quia
2861 1870 2972 1922 hate
2997 1868 3170 1920 omnia
3219 1865 3468 1919 Dominus
3509 1873 3696 1916 noster

2153 1972 2207 2017 et
2233 1977 2317 2015 me
2347 1957 2638 2022 incurrere,
2666 1967 2720 2011 et
2744 1972 2837 2010 vos
2860 1956 3019 2024 jussit
3046 1955 3305 2016 evadere;
3337 1959 3547 2022 peccata
3572 1965 3695 2002 mea

2153 2064 2182 2103 a
2209 2049 2397 2103 veSIris
2429 2046 2629 2100 meritis
2657 2045 2814 2099 etiam
2842 2043 3034 2097 visibili
3063 2044 3248 2095 itinere
3273 2041 3618 2101 discernens;
3643 2049 3698 2090 et

2153 2141 2247 2191 vas
2273 2137 2362 2206 qui
2393 2121 2550 2188 'arcta
2596 2143 2649 2187 et
2693 2132 2952 2186 laboriosa
3001 2129 3305 2198 spiritaliter
3333 2128 3546 2197 pergitis
3585 2127 3696 2193 via,

2152 2229 2278 2281 istas
2301 2241 2402 2279 non
2453 2223 2756 2276 incidcrctis
2796 2221 3084 2287 angustias,
3133 2227 3188 2272 et
3229 2233 3327 2271 nos
3369 2217 3455 2285 qui
3497 2216 3605 2268 lata
3645 2229 3699 2269 et

2153 2316 2406 2382 spatiosa,
2438 2322 2731 2364 retrorsum
2762 2322 2970 2374 semper
3006 2307 3348 2373 respicientes
3377 2305 3697 2369 incedimus,

2157 2403 2311 2468 hujus
2365 2401 2685 2453 incurrimus
2734 2396 2980 2462 injurias.
3021 2395 3179 2449 Orate
3249 2392 3554 2454 Dominum,
3612 2391 3699 2445 cui

2155 2490 2328 2544 omnia
2361 2486 2628 2556 possibilia
2683 2483 3014 2548 confitemur,
3066 2493 3123 2536 ut
3159 2481 3259 2536 etsi
3309 2495 3401 2548 per
3432 2480 3701 2534 diversum

2156 2580 2278 2644 iter,
2311 2578 2378 2630 ad
2412 2592 2567 2629 unam
2596 2591 2689 2629 nos
2721 2583 2892 2627 tamen
2915 2574 3095 2626 urbem
3126 2573 3279 2625 faciat
3303 2571 3615 2632 convenire;
3649 2571 3702 2622 in

2157 2685 2313 2738 quam
2342 2682 2439 2721 nos
2466 2665 2824 2720 misericordia
2858 2671 3029 2730 potest
3059 2661 3272 2727 inferre,
3299 2676 3390 2715 vos
3420 2660 3630 2714 merita.

2713 2774 2925 2828 EPIST.
2957 2772 3139 2825 XVIII.

2231 2869 2530 2920 Dulcissimo
2579 2875 2624 2919 et
2656 2866 2896 2943 unanimo
2939 2864 3045 2931 ﬁlio
3078 2872 3102 2900 ι
3145 2863 3350 2916 Omacio
3397 2861 3634 2915 Ruricius

2223 2951 2232 2958 '
2805 2947 3083 2998 episcopus.

2231 3032 2296 3085 Ut
2329 3044 2422 3097 per
2450 3028 2729 3082 Venerium
2773 3025 3033 3078 dulcedini
3086 3033 3189 3076 tute
3231 3037 3331 3075 non
3382 3021 3699 3078 scriberem,

542 3076 556 3079 -
1243 3088 1253 3098 ,
1383 3086 1395 3097 ,
1888 3081 1895 3087 .
2233 3076 2296 3085 ν-
2331 3076 2413 3097 τ--
2466 3076 2728 3082 ---ηπ-η-
2782 3076 2803 3078 γ
3687 3076 3694 3078 ν

526 3113 623 3152 nos
646 3104 920 3150 “murum
961 3106 1055 3158 pro
1083 3104 1176 3144 ⁵³³
1204 3089 1504 3186 ξῂβηδίξοηθ
1529 3081 1757 3186 θῗηξίίξῗὴ
1782 3076 2056 3186 @9531“
2085 3107 2131 3168 C
2163 3135 2266 3172 non
2295 3118 2646 3186 negligentiae,
2679 3129 2776 3168 nec
2812 3112 3172 3178 imputatiOnis
3195 3112 3436 3177 alicujus,
3474 3109 3568 3162 sed
3615 3120 3704 3160 oc-

529 3187 871 3241 bumilitatem
915 3190 1144 3248 nostram
1173 3175 1506 3238 visitandam,
1554 3170 1755 3225 faciatis
1793 3168 2056 3236 injuriam,

531 3286 586 3329 ut
623 3273 882 3341 possimus
917 3270 970 3321 in
999 3281 1156 3321 unum
1180 3265 1334 3333 positi
1385 3263 1606 3316 fructum
1625 3262 1691 3314 de
1716 3267 1890 3313 nostra
1930 3257 2064 3310 invi-

531 3382 642 3420 cem
665 3376 879 3431 carpere
900 3357 1208 3428 praesentia;
1237 3356 1360 3410 dum
1405 3353 1721 3408 sciscitantis
1761 3350 1980 3404 intentio
2005 3349 2063 3402 fit

533 3453 902 3523 respondentis
927 3448 1184 3512 eruditio;
1208 3453 1263 3501 et
1290 3455 1499 3499 mutuus
1519 3440 1905 3510 quodammodo
1943 3453 2064 3507 pro-

535 3547 700 3600 fectus
729 3541 980 3596 discentis
1004 3536 1246 3598 efﬁcitur,
1273 3544 1326 3589 et
1350 3532 1606 3587 docentis.
1634 3530 1758 3593 Pax,
1791 3542 1911 3596 pax,
1943 3541 2061 3595 pax.

1102 3667 1311 3722 EPIST.
1343 3665 1504 3719 XVII.

538 3789 733 3840 Damno
752 3784 933 3834 animus
970 3793 1094 3840 sum,
1147 3786 1191 3829 et
1235 3777 1348 3828 totis
1395 3776 1444 3826 in
1476 3766 1910 3840 Christo‘Domiuo
1939 3770 2070 3840 dile-

606 3853 782 3906 ctionis
805 3848 1067 3904 visceribus
1083 3838 1358 3899 excolendo
1385 3842 1616 3894 Pomaria
1636 3838 1803 3890 abbati
1831 3838 2068 3890 Ruricius

607 3935 887 3976 εηιεοονιω.

607 3940 633 3976 ε
669 3937 768 3973 1860
812 3937 887 3972 us.

606 3937 866 4075 Siript’t’tm
888 4011 988 4067 est,
1027 4001 1161 4055 sicut
1187 3997 1284 4066 ipsi
1329 3995 1515 4048 melius
1537 3993 1722 4057 nostis,
1755 3990 1886 4043 Mihi
1911 3989 2075 4041 vindi-

541 4113 688 4162 ctam,
719 4113 808 4166 ego
835 4093 1120 4153 retribuam,
1145 4089 1269 4142 dicit
1297 4085 1562 4140 Dominus.
1580 4082 1749 4155 (Deut.
1773 4095 1939 4144 χχιιι,
1970 4080 2071 4143 35;

547 4192 688 4249 Rom,
718 4204 809 4251 xit,
825 4184 1052 4256 l9).Jam
1069 4194 1163 4235 vos
1179 4178 1304 4232 mihi
1323 4179 1364 4231 si
1387 4176 1509 4246 quid
1526 4175 1789 4243 imputatis
1802 4173 2073 4241 ignoscite,

545 4280 660 4346 quia
688 4277 864 4330 sciatis
891 4272 1164 4326 Dominum
1193 4267 1505 4321 vindicasse.
1535 4262 1661 4317 Tam
1688 4264 1818 4316 aviis
1840 4274 1935 4313 nos
1961 4274 2078 4313 esse

547 4366 816 4419 itineribus
828 4358 1153 4422 noveritis,in
1167 4367 1269 4407 tam
1283 4354 1482 4406 abditas
1495 4349 1801 4403 solitudines
1814 4348 2075 4407 inductos,

2161 3209 2456 3279 eupatiunis
2499 3207 2660 3259 fuisse
2698 3195 2976 3272 cognosce.
3011 3204 3158 3258 Unde
3204 3204 3296 3256 bas
3324 3219 3416 3269 per
3443 3200 3703 3254 Amelium

2162 3301 2302 3361 dedi,
2333 3298 2521 3366 quibus
2561 3297 2705 3349 salve
2744 3293 3024 3362 plurimum
3068 3292 3209 3355 dico,
3261 3301 3313 3344 et
3356 3301 3412 3342 ut
3452 3289 3706 3358 propositi

2164 3391 2237 3442 tui
2266 3401 2473 3453 semper
2507 3384 2885 3445 reminiscaris,
2937 3393 3266 3435 commoneo.
3311 3378 3416 3433 Nec
3467 3379 3702 3432 animum

2164 3487 2307 3530 tuum
2329 3476 2437 3543 jam
2467 3475 2576 3528 Deo
2603 3475 2831 3526 dicatum
2863 3481 2952 3524 aut
2979 3485 3008 3523 a
3031 3481 3207 3539 coepto
3239 3470 3426 3522 itinere
3464 3468 3708 3521 blandior

2166 3566 2309 3617 visus
2337 3573 2543 3626 avocet,
2574 3569 2666 3614 aut
2692 3560 3007 3612 modulatior
3034 3567 3335 3625 corrumpat
3361 3555 3589 3617 auditus,
3616 3564 3708 3607 aut

2167 3654 2371 3705 dulcior
2394 3659 2577 3719 gustus
2607 3648 2819 3713 inficiat,
2849 3656 2939 3699 aut
2979 3647 3184 3699 mollior
3223 3646 3468 3699 sollicitet
3517 3654 3703 3703 tactus,

2169 3753 2256 3795 aut
2282 3742 2496 3798 suavior
2533 3740 2782 3792 odoratus
2831 3737 3034 3798 illiciat,
3072 3744 3126 3788 et
3154 3751 3246 3803 per
3287 3734 3542 3788 fenestras
3588 3747 3710 3798 cor-

2171 3833 2313 3898 poris
2344 3844 2485 3880 mors
2509 3828 2886 3880 intromittatur
2905 3825 2969 3877 ad
2995 3826 3242 3876 animam.
3277 3824 3379 3877 Sed
3423 3837 3594 3890 neque
3620 3820 3710 3874 sti-

2171 3935 2289 3972 vam
2339 3929 2542 3981 tenens,
2575 3927 2754 3969 contra
2790 3915 2994 3968 Domini
3022 3915 3330 3967 sententiam
3370 3920 3512 3966 retro
3539 3910 3707 3977 respi-

2173 4012 2302 4071 cias,
2335 4019 2390 4060 ut
2416 4008 2671 4060 directum
2700 4006 2853 4058 linere
2890 4004 3068 4058 sulcus
3111 4005 3348 4056 amittat:
3379 4003 3502 4069 quin
3543 4003 3712 4069 potius

2175 4100 2244 4153 ita
2274 4099 2327 4152 in
2350 4112 2490 4159 eum,
2522 4095 2605 4149 cui
2633 4104 2706 4158 te,
2739 4095 2852 4162 ipso
2891 4093 3204 4162 inspirante,
3235 4090 3439 4154 vovisti,
3469 4091 3711 4143 omnibus

2175 4187 2414 4241 sensibus
2444 4185 2633 4246 inhies,
2654 4192 2709 4237 et
2730 4183 2889 4236 corde
2914 4182 3116 4237 defixus
3166 4181 3455 4241 adhmreas,
3485 4193 3540 4232 ut
3593 4193 3710 4232 cum

2178 4285 2228 4327 te
2251 4274 2332 4327 vel
2359 4287 2458 4325 una
2487 4272 2817 4340 praefatorum
2843 4272 3088 4324 vitiorum
3114 4271 3236 4324 illex
3268 4269 3709 4336 formapulsave-

2179 4365 2266 4428 rit,
2292 4363 2392 4416 fide
2422 4362 2590 4423 firma,
2609 4371 2662 4413 et
2700 4361 2874 4413 divina
2905 4362 3244 4414 meditatione
3261 4362 3512 4414 munitum
3536 4370 3715 4427 pectus

549 4463 606 4507 ut
632 4467 719 4506 eas
739 4461 972 4503 retexere
991 4444 1192 4498 animus
1207 4443 1435 4504 horreat,
1460 4451 1609 4492 mens
1634 4435 1879 4502 refugiat,
1909 4449 2082 4487 sermo
2111 4432 2157 4489 D
2184 4453 2328 4505 adire
2354 4467 2458 4504 ηοη
2481 4451 2662 4518 possit.
2697 4450 2760 4502 Et
2784 4449 3067 4515 quamlibet
3107 4449 3163 4499 in
3185 4449 3349 4501 turbis
3375 4448 3574 4514 posin”
3602 4459 3714 4499 esse

548 4563 650 4600 non
675 4550 848 4612 queat.
868 4537 1182 4594 Incurrimus
1215 4545 1438 4600 namque
1470 4528 1708 4582 semitam
1752 4526 2076 4578 obstructam

551 4641 727 4704 ramis,
778 4636 945 4705 spatio
973 4631 1330 4696 constrictam,
1363 4626 1526 4695 spinis
1571 4625 1780 4686 hirtam,
1829 4622 2078 4688 stirpibus

549 4735 798 4790 clausam,
818 4725 1038 4778 nbsitam
1059 4723 1311 4784 sentibus,
1329 4720 1432 4772 situ
1461 4729 1720 4782 asperam,
1736 4727 1976 4766 saxorum
1993 4727 2082 4780 ag-

551 4820 757 4886 geribus
792 4814 1112 4882 impeditam,
1135 4809 1370 4863 radicum
1399 4804 1724 4858 connexione
1743 4810 2078 4867 constratum,

553 4921 702 4961 cceno
727 4903 1105 4971 voraginosam,
1126 4907 1180 4951 ut
1207 4898 1260 4950 in
1289 4906 1393 4948 tam
1423 4890 1581 4944 variis
1610 4890 2079 4956 tamquemultipli-

554 4998 699 5050 cibus
717 4994 868 5046 malis
885 5006 986 5044 non
1004 4996 1143 5043 esset
1157 4985 1374 5053 simplex
1399 4982 1560 5035 forma
1575 4980 1784 5047 periculi
1812 4989 1839 5042 ;‘
1855 4980 1976 5032 dum
1993 4994 2081 5032 ca-

557 5086 805 5139 ballorum
819 5081 976 5150 pedes
999 5079 1230 5132 radicum
1258 5077 1424 5126 virtus
1437 5072 1655 5133 detinet,
1683 5078 1734 5123 et
1748 5071 1840 5122 soli
1861 5069 2081 5137 putredo

558 5195 660 5232 non
688 5175 943 5235 sustinet;
988 5172 1246 5224 montibus
1278 5180 1402 5220 vero
1433 5166 1501 5216 ita
1545 5165 1593 5215 in
1635 5163 1856 5217 sublime
1903 5177 2081 5231 porre-

559 5280 715 5335 ctam,
749 5274 802 5320 et
828 5263 1042 5314 vallibus
1073 5264 1120 5311 in
1147 5255 1400 5325 profunda
1431 5252 1742 5314 demersam,
1774 5261 1828 5303 ut
1869 5268 1964 5305 nos
1990 5267 2081 5321 per

643 5481 665 5505 ⁸
686 5472 796 5521 Fuit
825 5468 910 5518 il'e
941 5462 1208 5528 presbyter
1257 5454 1622 5528 dilectissimus
1650 5449 1903 5528 Ruricio,_
1928 5448 2078 5528 cuius

564 5557 659 5603 (ψη
688 5519 806 5588 usus
834 5543 909 5587 est
942 5519 1234 5597 'Eparcltius
1255 5568 1267 5588 ,
1301 5533 1357 5575 ut
1397 5523 1592 5573 litteras
1636 5519 2079 5572 commcndatitias

2184 4543 2426 4603 videaris,
2449 4541 2652 4594 intrans
2682 4540 2736 4592 in
2762 4537 3057 4592 cubiculum
3082 4537 3255 4590 cordis
3283 4537 3356 4589 tui
3379 4537 3554 4589 clauso
3583 4537 3714 4589 ostio

2187 4642 2295 4699 tuo,
2321 4633 2595 4684 Dominum
2622 4644 2773 4682 orare
2824 4643 2927 4681 non
2953 4628 3161 4680 desinas
3182 4626 3392 4690 (Matth.
3425 4640 3493 4690 vt,
3526 4625 3618 4691 6),
3665 4632 3716 4673 ut

2187 4723 2272 4789 qui
2304 4720 2440 4772 videt
2468 4721 2519 4770 in
2560 4717 2785 4780 occulto,
2818 4716 2956 4768 dicat
3008 4715 3121 4775 tibi,
3149 4714 3282 4766 sicut
3325 4720 3507 4764 sancto
3556 4709 3712 4778 Moysi

2190 4810 2494 4864 vociferanti
2516 4808 2578 4860 ad
2607 4823 2664 4861 se
2691 4822 2793 4859 non
2824 4820 2972 4867 voce,
3004 4805 3092 4856 sed
3117 4803 3293 4865 corde,
3319 4801 3522 4855 dicebat
3547 4818 3559 4852 :
3591 4799 3715 4864 Quid

2185 4902 2369 4952 clamas
2395 4899 2460 4948 ad
2478 4895 2762 4962 me(Exod.
2792 4894 3044 4961 ιιν,15)ἳ
3075 4893 3137 4945 Et
3172 4905 3327 4957 spero
3357 4899 3410 4941 ut
3435 4891 3484 4942 in
3532 4891 3714 4943 talibus

2183 4987 2506 5040 orationibus
2533 4984 2690 5035 etiam
2722 4982 2821 5033 mei
2852 4981 3152 5032 meminisse
3191 4979 3444 5045 digneris,
3474 4989 3526 5031 et
3568 4979 3717 5031 citius

2186 5085 2237 5128 te
2265 5073 2330 5125 ad
2353 5086 2470 5132 nos,
2491 5072 2647 5123 etiam
2677 5070 2720 5121 si
2748 5071 2883 5120 inter
2911 5083 3004 5119 nos
3026 5066 3226 5120 reducit
3255 5067 3488 5129 affectus,
3517 5068 3718 5121 deside-

2189 5164 2323 5214 rium
2353 5157 2668 5212 dulcissima:
2699 5164 2753 5209 et
2772 5156 3126 5208 saluberrima:
3153 5155 3341 5223 quietis
3371 5157 3616 5207 adducat.

2184 5447 2242 5565 all
2266 5442 2630 5567 ιῥϐιιινιὲιξιιιιιιιι
2661 5441 2940 5496 obtineret.
2977 5443 3102 5494 Vide
3127 5440 3342 5494 inferius
3373 5441 3407 5490 Ι.
3429 5453 3484 5500 ιι,
3522 5452 3608 5505 ep.
3632 5434 3714 5499 '27,

2185 5533 2211 5567 c
2264 5533 2294 5566 ι)
2339 5552 2350 5564 .
2445 5533 2462 5563 ι
2499 5527 2546 5563 iv.

2185 5527 2235 5567 ct
2264 5527 2350 5567 δυ.
2396 5527 2546 5563 thlI.
