3854 6228
178 250 221 303 ει
1357 246 1813 302 EPISTULARUM
1828 278 1835 287 -
1850 244 1975 300 LIB.
2015 242 2075 297 ll.
3225 242 3291 292 83

1050 438 1515 591 LIBER
1599 483 2408 590 SECUNDUS.

1580 686 1860 699 -Ψ-

602 817 921 873 ΕΡΙΞΤΟΙιΑ
960 815 1183 868 PRIMA.

180 905 351 958 Domnis
373 906 729 960 sublimissimis
754 919 800 960 et
830 910 880 959 in
905 906 1098 959 Christo
1122 906 1337 957 Domino
1359 906 1668 957 devinctissi-

260 977 345 1026 niis
367 976 599 1042 fratribus
622 986 643 1009 ³
666 974 909 1028 Namacio
945 985 989 1026 et
1013 973 1272 1026 Ceraunia
1301 974 1553 1025 Ruricius.

232 1076 419 1143 Antiqui
446 1081 707 1144 sapientes
733 1081 929 1131 amicos
965 1078 1096 1130 duos
1134 1092 1288 1129 unam
1318 1076 1540 1129 animam
1574 1076 1669 1128 ha-

179 1163 277 1217 bere
312 1164 587 1219 dixerunt:
640 1165 777 1234 quod
823 1164 972 1218 valde
1014 1179 1196 1219 verum
1244 1179 1364 1217 esse
1410 1164 1668 1231 praedico,

178 1253 421 1321 proboque.
472 1252 597 1306 Nam
628 1264 903 1323 postquam
932 1268 962 1306 a
992 1264 1160 1308 vestra
1192 1255 1532 1321 germanitate
1560 1253 1671 1305 dis-

177 1338 310 1403 cessi,
353 1340 565 1393 divisum
612 1356 731 1395 esse
775 1356 858 1395 me
901 1342 1105 1405 sentio,
1155 1352 1457 1409 partemque
1502 1357 1670 1394 meam

182 1427 403 1481 vobiscum
442 1430 702 1483 resedisse
730 1444 1009 1499 cognosco.
1058 1430 1163 1483 Nec
1199 1430 1498 1483 absentibus
1528 1430 1673 1483 vobis

180 1516 341 1585 integer
366 1532 479 1572 esse
508 1520 633 1571 mihi
663 1520 862 1572 videor.
911 1520 974 1571 Et
1001 1535 1120 1573 cum
1154 1534 1237 1572 me
1258 1518 1327 1571 'in
1354 1534 1437 1572 me
1466 1534 1567 1571 non
1594 1522 1675 1571 in-

184 1607 384 1671 veniam,
429 1607 560 1673 apud
598 1622 693 1660 vos
733 1624 848 1671 me,
894 1609 959 1660 ad
1006 1622 1098 1661 vos
1138 1623 1397 1672 reversus,
1443 1608 1671 1674 inquiro,

182 1705 303 1765 atque
335 1696 539 1762 ibidem,
571 1707 821 1765 quantum
851 1713 934 1752 me
960 1683 1111 1766 iubes
1152 1698 1443 1766 reliquisse,
1476 1707 1672 1752 tantum

184 1786 308 1837 vestri
333 1800 526 1838 mecum
550 1787 829 1841 abstulisse
855 1788 1139 1855 causpicio.
1187 1789 1249 1840 Et
1279 1790 1348 1841 ita
1375 1790 1673 1856 priusquam

186 1874 278 1938 dat,
302 1886 547 1933 annuente
576 1878 826 1942 Domino,
870 1881 1139 1946 pignorum
1179 1888 1478 1932 nostrorum
1504 1882 1673 1933 votiva

186 1967 438 2033 coniunctio
478 1969 769 2021 animorum
815 1971 950 2021 inter
998 1984 1094 2022 nos
1140 1970 1271 2022 facta
1317 1969 1422 2037 iam
1467 1970 1672 2033 divisio,

148 2044 277 2121 qua:
304 2054 515 2110 ltdivino
560 2059 921 2124 amplectenda
970 2060 1132 2127 magis
1178 2068 1261 2111 est
1308 2059 1673 2128 diligentibus,

1688 819 1737 876 Α
1767 816 1905 869 dico.
1958 815 2063 869 lter
2108 827 2314 873 meum.
2360 822 2697 880 vestrumque
2742 820 3073 878 conspectum
3122 820 3299 866 mente

1771 904 2054 974 praavenio,
2086 912 2241 971 atque
2270 901 2466 966 omnia,
2496 903 2630 954 sicut
2650 902 2894 967 iussistis,
2925 910 2977 954 et
3000 901 3212 969 dignum
3239 915 3300 955 ac

1771 994 2002 1047 debitum
2052 993 2177 1055 fuit,
2229 992 2492 1058 inspecta,
2539 990 2752 1054 tradita,
2803 992 3001 1042 ﬁrmata
3038 991 3302 1058 signico.

1769 1083 1876 1137 Nec
1905 1097 2087 1136 vereor
2116 1081 2252 1149 quod
2282 1082 2468 1135 debeat
2498 1082 2697 1133 animos
2722 1091 2921 1134 vestros
2950 1068 3049 1133 vel'
3070 1080 3302 1147 aliquan-

1771 1174 1933 1237 tisper
1960 1170 2254 1233 offendere,
2303 1170 2439 1237 quod
2487 1185 2647 1221 unum
2690 1168 2999 1223 vocabulum
3031 1169 3097 1223 de
3123 1168 3302 1223 libello

1770 1259 1907 1313 dotis
1934 1260 2112 1313 vident
2138 1274 2253 1312 esse
2280 1258 2635 1322 subtractum;
2687 1272 2803 1309 cum
2840 1258 2938 1310 hoc
2977 1257 3113 1326 quod
3152 1257 3302 1312 deest

1771 1362 2011 1410 numero,
2040 1361 2139 1398 non
2163 1344 2333 1399 solum
2360 1354 2771 1413 compensatum,
2797 1344 2889 1398 sed
2918 1345 3075 1399 etiam
3095 1353 3301 1401 auctum

1771 1435 2053 1503 agnoscitis
2079 1434 2133 1487 in
2159 1433 2370 1487 merito.

2372 1541 2582 1596 EPIST.
2623 1541 2708 1594 Ill.

1774 1634 2002 1687 Dominis
2026 1632 2317 1686 sublimibus
2340 1640 2386 1684 et
2405 1633 2456 1684 in
2476 1630 2671 1683 Christo
2693 1628 2905 1682 Domino
2930 1630 3304 1683 derinctissimis

1957 1703 2197 1769 fratribus
2226 1702 2470 1753 Namacio
2498 1710 2544 1753 et
2571 1700 2828 1769 Cerauniia
2860 1699 3111 1752 Ruricius.

1844 1793 2008 1859 Quam
2033 1795 2263 1861 graviter
2288 1794 2384 1844 sim
2406 1791 2472 1844 de
2497 1791 2635 1843 luctu
2657 1798 2830 1843 vestro
2853 1791 3017 1843 nuntii
3041 1790 3305 1845 atrocitate

1776 1884 2079 1952 perculsus,
2117 1882 2323 1935 facilius
2364 1896 2457 1934 vos
2504 1896 2596 1945 pro
2643 1890 2823 1932 mutuo
2868 1881 3083 1946 potestis
3129 1895 3307 1936 amore

1775 1972 2066 2037 conjicere,
2108 1986 2261 2038 quam
2306 1984 2402 2038 ego
2433 1970 2624 2037 possim
2655 1970 2842 2023 litteris
2872 1970 3133 2023 intimare.
3180 1970 3312 2035 Quia

1776 2062 1981 2115 animus
2012 2060 2172 2113 nimio
2216 2074 2442 2113 maerore
2469 2058 2761 2124 confectus,
2792 2059 2929 2127 quod
2963 2060 3138 2137 horret
3164 2073 3309 2114 reco-

186 2158 320 2210 quam.
334 2146 561 2211 vitanda;
595 2163 688 2215 per
710 2164 865 2216 quam
898 2148 953 2201 iit
983 2150 1032 2201 in
1061 2149 1306 2202 cordibus
1331 2164 1512 2203 eorum
1543 2152 1679 2203 cari-
1710 2146 1751 2202 Β
1782 2151 1907 2215 lere,
1938 2150 2110 2203 renuit
2137 2148 2411 2215 expedire.
2462 2149 2638 2211 Doleo,
2681 2149 2865 2201 fratres
2903 2149 3303 2222 dcvinctissimi,

192 2232 285 2288 tatis
315 2236 517 2305 integrat
551 2239 758 2293 sincera
794 2238 1112 2301 transfusio;
1160 2241 1310 2308 cuius
1337 2256 1435 2308 ego
1460 2240 1682 2294 vinculis

192 2325 443 2393 colligatum
473 2343 499 2378 a
521 2330 669 2382 vobis
695 2343 812 2382 esse
839 2344 922 2381 me
944 2329 1167 2396 gaudeo,
1191 2337 1247 2382 et.
1274 2329 1462 2382 talibus
1485 2331 1684 2383 catenis

194 2420 358 2474 Vinctus
384 2425 601 2487 exsulto,
629 2423 991 2490 obstringique
1021 2437 1103 2475 me
1130 2437 1306 2476 earum
1335 2422 1553 2476 nexibus
1578 2438 1686 2473 ma-

196 2508 257 2575 gis
291 2512 433 2578 cupio
472 2527 624 2580 quam
663 2512 874 2566 resolvi.
922 2512 1121 2578 Quibus
1157 2524 1207 2565 et
1254 2527 1348 2565 vos
1375 2513 1686 2565 constrictos

195 2608 286 2649 esse
305 2598 513 2652 conﬁdo.
546 2599 901 2653 Redeuntibus
928 2600 1097 2665 itaque
1125 2599 1323 2652 vestris
1336 2600 1478 2652 salve
1506 2598 1684 2665 largis-

199 2683 349 2738 simum
368 2687 498 2748 dico,
537 2698 590 2741 et
612 2703 673 2741 ex
703 2689 946 2741 omnibus
973 2688 1165 2757 gratias
1200 2701 1359 2755 agens
1383 2688 1685 2755 derelinquo

201 2786 288 2837 qua
321 2775 377 2828 ad
417 2778 729 2843 praconium
772 2786 1007 2830 nostrum
1047 2776 1329 2844 pertinent.
1377 2777 1574 2829 Idcirco
1604 2792 1686 2829 me

201 2860 369 2916 siluisse
408 2864 659 2932 signiﬁco,
708 2864 828 2931 quia
878 2864 929 2916 in
979 2866 1201 2931 propriis
1245 2865 1502 2927 laudibus,
1553 2867 1688 2917 sicut

198 2948 368 3013 dicitur,
396 2963 471 3015 est
508 2953 689 3004 odiosa
725 2952 1005 3018 iactantia;
1051 2963 1222 3004 vestra
1261 2954 1398 3005 enim
1431 2954 1541 3005 laus
1570 2968 1684 3006 mea

200 3033 303 3087 facta
324 3048 421 3101 est;
464 3047 515 3092 et
542 3039 679 3099 ideo,
708 3046 764 3089 ut
788 3038 923 3103 dixi,
964 3039 1029 3091 de
1054 3040 1482 3104 magnanimitate
1512 3049 1683 3093 vestra

202 3136 338 3179 tacere
364 3129 541 3181 melius
572 3128 724 3191 duxi;
768 3128 888 3196 quia
928 3128 1177 3197 quidquid
1216 3130 1282 3183 de
1306 3130 1453 3185 vobis
1483 3131 1685 3195 dixero,

200 3213 298 3266 mihi
318 3216 481 3270 videor
506 3202 806 3272 c'ontulisse.
1621 3214 1632 3226 °

765 3330 973 3384 EPIST.
1014 3332 1075 3384 ll.

202 3408 383 3491 Decursis
402 3416 765 3491 sublimissiniis
790 3426 834 3469 et
860 3420 911 3491 in
932 3418 1129 3491 Christo
1149 3418 1362 3491 Domino
1386 3424 1688 3475 devinctissi-

307 3484 388 3535 mis
408 3485 645 3552 fratribus
668 3484 913 3537 Namacio
940 3498 986 3539 et
1011 3487 1269 3542 Ceraunia:
1293 3490 1545 3543 Ruricius.

250 3571 367 3627 Inter
392 3577 615 3644 reliquas
644 3586 835 3644 grates,
868 3593 984 3646 quae
1022 3594 1047 3629 a
1090 3594 1173 3632 me
1214 3580 1359 3633 vobis
1392 3582 1510 3647 iure
1548 3581 1681 3635 reie-

200 3660 339 3715 renda:
361 3674 506 3728 sunt,
552 3666 824 3731 prasentia
854 3680 913 3719 ac
939 3667 1137 3719 visione
1167 3671 1367 3733 patroni
1398 3670 1687 3721 communis

200 3745 338 3801 domui
373 3751 657 3805 Postumini
702 3755 938 3821 ingentes
966 3757 1159 3821 gratias
1187 3750 1304 3821 ago,
1334 3758 1470 3823 quod
1506 3756 1687 3820 bospi-

201 3831 345 3888 tiolum
372 3848 602 3893 vestrum
642 3840 839 3893 fecistis
871 3841 1032 3905 ipsius
1062 3842 1382 3892 orationibus
1418 3841 1686 3893 illustrari.

202 3920 303 3983 Quia
326 3926 436 3978 dum
473 3927 621 3979 vobis
652 3927 866 3979 exhibet
894 3928 1070 3988 ﬁdem,
1104 3928 1256 3980 nobis
1300 3929 1479 3981 tribuit
1526 3936 1687 3981 bene-

201 4005 466 4077 dictionem;
512 4022 564 4065 et
605 4014 727 4066 licet
758 4012 911 4066 fuerit
941 4014 1363 4080 vigilantissimus
1402 4016 1684 4083 inspector,

201 4091 632 4158 importunissimus
660 4108 892 4162 exactor,
938 4100 1351 4156 districtissimus
1390 4116 1687 4168 exsecutor,

201 4178 304 4233 levia
330 4191 495 4238 tamen
538 4188 649 4239 haec
687 4188 857 4240 omnia
899 4191 1062 4256 gratia
1094 4201 1264 4245 vestra
1308 4202 1361 4245 et
1402 4194 1690 4248 sanctitatis

199 4283 285 4323 sum
308 4277 672 4340 ponderatione
702 4282 1065 4345 pensavimus;
1114 4283 1228 4344 quia
1269 4283 1403 4335 sicut
1439 4287 1688 4351 scriptum

198 4366 296 4411 est:
322 4361 513 4416 Caritas
553 4366 718 4417 omnia
767 4367 995 4428 sustinet,
1044 4370 1226 4420 caritas
1269 4386 1523 4438 nunquam
1555 4376 1687 4424 erci-

199 4444 255 4497 tb't
278 4447 322 4515 (1
342 4448 454 4505 Cor.
486 4467 594 4516 xui,
622 4454 694 4520 7),
744 4454 1031 4520 praesertim
1075 4470 1189 4508 cum
1239 4457 1358 4521 hoc,
1387 4460 1523 4525 quod
1555 4460 1691 4513 visus

200 4533 387 4603 exigere,
406 4541 563 4592 nobis
582 4556 700 4593 eum
723 4541 987 4607 credimus
1006 4542 1095 4595 Dei
1118 4544 1368 4597 beneﬁt-io
1388 4548 1687 4600 contulisse.

200 4615 341 4687 Itaque
368 4640 430 4679 eo
460 4636 485 4663 ¢
512 4628 717 4693 propria
749 4628 956 4681 civitate
986 4642 1280 4696 remeante,
1322 4649 1423 4686 non
1450 4635 1566 4700 quia
1603 4650 1693 4689 ne—

201 4710 400 4764 cessaria:
421 4723 626 4775 essent,
654 4714 746 4767 sed
777 4716 895 4781 quia
924 4717 1100 4779 voluit,
1129 4720 1266 4785 dedi,
1296 4723 1478 4787 quibus
1508 4724 1690 4775 indivi-

1785 2253 1886 2292 tam
1928 2241 2119 2293 acerbo
2149 2240 2290 2293 casui
2319 2247 2514 2301 vestro,
2564 2247 2616 2291 et
2665 2248 2773 2291 toto
2817 2239 2977 2291 corde
3003 2240 3308 2313 compatior.

1781 2330 1913 2384 Nam
1943 2330 2040 2382 etsi
2069 2328 2131 2381 ad
2164 2318 2394 2396 praesens
2416 2343 2444 2381 a
2466 2327 2611 2380 vobis
2633 2335 2901 2392 separatus
2929 2341 3051 2379 sum
3068 2326 3308 2393 corpore,

1782 2430 1955 2473 tamen
2000 2414 2207 2486 semper
2251 2429 2423 2470 mente
2464 2419 2773 2484 coniungar,
2820 2425 2872 2469 et
2918 2416 3037 2467 dum
3090 2430 3118 2467 a
3164 2404 3310 2468 vobis

1784 2512 1959 2561 animo
2002 2524 2101 2561 non
2150 2506 2361 2569 recedo,
2396 2505 2686 2571 planctibus
2715 2506 2903 2557 vestris
2946 2504 3200 2558 interesse
3229 2518 3310 2556 me

1784 2597 1957 2650 credo.
1991 2598 2121 2661 Quia
2151 2595 2434 2648 secundum
2461 2594 2688 2647 divinam
2718 2594 3028 2647 sententiam
3058 2592 3193 2659 quod
3224 2605 3312 2657 pa-

1784 2688 1910 2739 titur
1936 2700 2096 2739 uuum
2124 2685 2435 2748 membrum,
2468 2684 2640 2735 omnia
2668 2681 2899 2733 membra
2928 2680 3312 2749 compatiuntur

1786 2775 1838 2827 in
1867 2788 2107 2839 corpore.
2136 2771 2241 2825 Nos
2271 2772 2406 2825 enim
2437 2786 2536 2823 non
2564 2770 2729 2821 solum
2755 2768 2855 2821 lide
2875 2780 3313 2832 concorporamur

1786 2865 1835 2915 in
1862 2862 2103 2924 Christo,
2145 2862 2234 2913 sed
2275 2860 2430 2913 etiam
2474 2859 2697 2909 tiliorum
2726 2857 3089 2924 conjunctione
3115 2869 3314 2910 conne-

1785 2954 1990 3005 ctimur.
2045 2950 2189 3004 Unde
2232 2950 2387 3001 etiam
2435 2949 2478 3001 si
2523 2962 2765 3001 curarum
2811 2957 2947 3001 tanta
2982 2948 3315 3013 intemperies

1785 3041 2136 3107 permisisset,
2176 3038 2239 3091 ad
2270 3037 2514 3090 solando:
2540 3052 2651 3102 vos,
2687 3052 2779 3104 pro
2810 3038 3046 3105 epistolis
3076 3038 3188 3103 ipse
3220 3053 3314 3092 ve-

1785 3131 1998 3183 nissem.
2048 3127 2151 3182 Sed
2180 3126 2302 3194 quid
2332 3126 2569 3189 iacimus,
2601 3126 2786 3178 fratres
2814 3125 3029 3192 optimi,
3068 3125 3205 3192 quod
3235 3124 3314 3178 di—

1786 3220 1920 3270 vinas
1948 3217 2191 3270 resistere
2216 3213 2467 3283 iussioni,
2512 3215 2643 3267 sicut
2671 3214 2861 3267 virtute
2886 3228 2988 3267 non
3018 3228 3313 3280 possumus,

1788 3307 1855 3358 ita
1885 3320 1981 3360 nec
2007 3306 2269 3358 voluntate
2296 3304 2564 3367 debemus,
2588 3311 2640 3355 et
2667 3303 2807 3355 omni
2830 3302 3158 3370 advigilantia
3184 3318 3312 3368 prte-

1788 3410 1974 3449 cavere
2014 3411 2081 3449 ne
2117 3396 2238 3448 dum
2268 3394 2439 3447 dulcia
2471 3393 2621 3446 nobis
2660 3394 2873 3462 pignora
2921 3396 3081 3447 nimio
3132 3394 3315 3449 dolore

1711 3469 1755 3528 ε
1789 3486 2062 3549 deﬂemus,
2092 3470 2413 3551 blasphemi,
2453 3494 2539 3536 aut
2564 3484 2946 3551 quodaminodo
2977 3485 3211 3553 iniuriosi
3242 3486 3315 3537 vi-

1786 3574 1927 3626 dear
1973 3586 2002 3626 r
2050 3573 2102 3625 in
2154 3573 2408 3634 Domino;
2459 3580 2511 3624 et
2553 3573 2762 3639 gravius
2807 3575 3031 3649 animum
3087 3582 3315 3625 nostram

1785 3673 1966 3715 auctor
2005 3663 2163 3728 ipsius
2207 3662 2407 3714 meritis
2456 3662 2661 3714 inventa
2710 3664 2983 3715 occasione
3020 3664 3314 3725 confodiat.

1787 3768 1942 3813 quam
1985 3766 2227 3805 carorum
2267 3752 2549 3805 amissione
2593 3754 2866 3817 percussit.
2917 3753 3041 3805 ideo
3082 3758 3132 3806 In
3173 3753 3313 3807 omni

1785 3841 2132 3891 amaritudine
2162 3840 2243 3892 vel
2274 3840 2454 3892 dolore
2493 3841 2556 3891 ad
2600 3842 2745 3893 illum
2778 3841 2926 3895 nobis
2956 3840 3312 3909 refugiendum

1786 3936 1895 3986 est,
1928 3937 1979 3977 et
2009 3926 2071 3977 ad
2102 3926 2242 3977 illum
2272 3940 2452 3979 omnes
2479 3940 2630 3979 casus
2659 3928 2821 3980 nostri
2854 3937 2961 3980 toto
2990 3929 3146 3983 corde
3174 3931 3314 3985 rele-

1787 4012 1956 4071 rendi.
1988 4013 2073 4081 qui
2105 4020 2254 4064 sanat
2281 4014 2597 4079 vulneratos,
2625 4014 2711 4082 qui
2739 4016 2935 4069 relevat
2962 4026 3201 4083 mestos,
3224 4020 3313 4087 qui

1788 4104 2091 4157 consolatur
2143 4104 2383 4157 afﬂictos.
2445 4104 2507 4157 Et
2552 4105 2640 4157 illa
2690 4110 2949 4159 sententia
2998 4107 3164 4161 sancti
3215 4108 3314 4163 Job

1789 4195 2002 4245 omnino
2030 4194 2245 4245 dicenda
2276 4204 2391 4247 est:
2423 4191 2666 4246 Dominus
2696 4197 2849 4258 dedit,
2882 4196 3123 4250 Dominus
3149 4196 3315 4251 abstu-

1791 4286 1864 4347 lit,
1897 4286 2023 4336 sicut
2049 4282 2262 4335 Domino
2290 4284 2507 4349 placuit,
2547 4285 2617 4337 ita
2644 4294 2690 4355 et
2716 4286 2901 4353 factum
2928 4296 3016 4352 est,
3049 4287 3114 4339 sit
3141 4304 3315 4341 nomen

1794 4373 1995 4425 Domini
2023 4372 2329 4423 benedictum
2369 4371 2483 4441 (Job
2526 4389 2562 4433 ι,
2603 4372 2708 4439 Si).
2765 4374 2885 4427 Haec
2924 4389 3076 4441 ergo,
3111 4376 3313 4429 Domini

1792 4462 2013 4529 pectoris
2042 4461 2171 4521 mei,
2221 4463 2447 4515 scribere
2473 4464 2620 4516 vobis
2656 4464 2848 4518 idcirco
2877 4468 3213 4534 praesumpsi,
3261 4477 3317 4521 ut

1791 4550 2021 4601 dolorem
2062 4562 2425 4615 communem,
2472 4565 2623 4617 quem
2665 4551 2926 4615 sciebam,
2963 4554 3101 4619 quod
3144 4554 3315 4609 verbis

1791 4638 1922 4689 meis
1947 4636 2184 4703 mitigare
2213 4652 2315 4688 non
2343 4648 2599 4704 poteram,
2628 4638 2710 4691 vel
2745 4639 2933 4693 divinis
2972 4642 3195 4709 eloquiis
3233 4653 3317 4698 ut-

1792 4739 1995 4789 cunque
2023 4723 2342 4777 moderarer.
2393 4725 2458 4777 Et
2486 4741 2606 4779 vere
2642 4740 2744 4779 non
2784 4728 3054 4781 minimum
3095 4733 3317 4794 potestis

202 4789 291 4846 ἀπε
307 4802 630 4863 germanitati
650 4811 834 4856 vestrae
855 4802 996 4856 salve
1018 4803 1358 4872 largissimum
1385 4811 1687 4865 desiderans
1716 4802 1767 4860 D
1790 4826 1978 4879 capere
2006 4811 2070 4863 de
2094 4810 2284 4863 ChriSti
2312 4814 2577 4867 voluntate
2605 4814 2868 4879 solatium,
2896 4816 3031 4882 quod
3057 4789 3320 4883 quatenus

254 4946 397 5003 'Fuit
422 4948 725 5012 Namacius,
755 4950 805 5002 ni
832 4948 1001 5011 fallor.
1039 4953 1173 5006 idem
1216 4971 1330 5008 cum
1359 4955 1603 5009 Namacio
1627 4960 1690 5011 ad

206 5023 325 5089 quem
350 5017 561 5089 scripsit
588 5015 827 5089 Sidonius
852 5018 1178 5089 Apollinaris,
1224 5024 1273 5075 in
1307 5027 1576 5089 Aquitania
1608 5042 1692 5079 se-

205 5083 337 5159 ftluda
358 5086 589 5159 degens:_
607 5083 923 5159 Vir_do_ctus,
955 5087 1040 5159 qui
1082 5090 1141 5159 in
1164 5083 1346 5159 castris
1369 5083 1510 5145 inter
1536 5108 1690 5147 excu-

209 5145 335 5205 biales
359 5145 517 5209 curas
558 5151 748 5205 litteris
786 5145 1037 5205 incubuit.
1087 5156 1178 5207 Ubi
1210 5160 1424 5211 vacabat
1452 5176 1478 5210 ει
1508 5145 1685 5214 militia

211 5224 270 5291 ςι-
286 5224 455 5288 pugnis
495 5219 1072 5291 maritimisadversus
1113 5222 1345 5277 Saxones
1392 5228 1475 5278 illa
1517 5229 1685 5281 littora

211 5283 502 5360 inlebta'ntea,
543 5287 807 5360 Yenationi
832 5285 938 5360 fuit
977 5288 1209 5360 deditus,
1253 5296 1495 5359 solusque
1532 5310 1685 5348 canes

212 5355 431 5425 {cimices
458 5356 599 5425 apris
628 5355 898 5425 movendis
924 5366 1070 5421 aptos
1100 5357 1303 5421 habuit,
1340 5355 1484 5413 dives
1515 5364 1689 5424 procul

216 5418 361 5495 dubio,
403 5418 593 5495 ιιιρδιεῖ
627 5424 716 5495 qui
767 5432 872 5495 tum
919 5418 1196 5495 venaretur
1240 5418 1346 5479 tum
1394 5418 1685 5482 edificaret.

216 5483 473 5552 Cerauniam'
500 5483 690 5550 habuit
716 5490 1010 5559 coniugem,
1037 5493 1102 5546 ad
1129 5509 1282 5561 quam
1313 5496 1523 5564 saepius,
1547 5505 1603 5549 ut
1630 5498 1699 5550 ad

1793 4958 1960 5031 illum,
1985 4957 2167 5031 scribit
2192 4959 2430 5014 Ruricius
2457 4971 2650 5031 noster.
2678 4960 2781 5031 illis
2802 4959 2927 5031 Nata
2956 4960 3069 5026 fuit,
3098 4978 3214 5031 qua:
3230 4965 3315 5030 iu-

1795 5028 2129 5096 venisobiit,
2168 5036 2223 5079 ut
2250 5039 2386 5094 patet
2419 5045 2480 5082 ex
2510 5030 2724 5096 epistola
2750 5028 2943 5082 Ruricii
2972 5028 3143 5085 tertia.
3191 5028 3313 5087 Fuit

1790 5095 1921 5147 alter
1944 5092 2216 5145 Namacius
2247 5092 2361 5170 post
2385 5092 2799 5170 obitum_RuSt_ici
2823 5099 3171 5154 Arvernorum
3202 5100 3320 5170 epi-

1788 5176 1995 5233 scopus,
2024 5176 2054 5214 a
2077 5172 2255 5233 nostro
2280 5165 2695 5233 distinguendus.
2724 5166 2879 5219 Basu.

1857 5229 1883 5266 δ
1910 5230 2063 5283 Forte
2085 5231 2276 5281 divisio.

1862 5307 1884 5333 τ
1911 5297 2028 5358 Ms.,
2060 5300 2260 5375 propria
2288 5300 2548 5375 dicivitate.
2591 5301 2693 5355 Sed
2721 5303 2897 5375 vocula
2926 5302 2981 5375 di
3006 5312 3085 5357 est
3112 5306 3307 5367 deleta.

1795 5365 2123 5485 ἰιιθὲϐἕᾶῧέἰα
2168 5368 2229 5419 de
2275 5369 2503 5435 civitate,
2555 5383 2618 5423 an
2668 5370 2917 5438 propriam
2963 5372 3021 5425 in
3060 5365 3320 5435 civitatein

1816 5445 2091 5500 cgenoum.
