3854 6228
568 230 635 283 85
1270 258 1283 285 ι

1825 231 2069 286 RUR‘CII
2114 234 2404 291 EPISCOPI
3670 237 3729 293 84

569 346 739 410 Ipsum
770 313 1073 398 immaturus
1100 343 1341 397 manebat
1369 342 1631 406 interitus.
1677 343 1829 397 talem
1869 360 1988 399 eum
2022 356 2101 399 est
2129 354 2173 408 Α
2206 351 2397 417 saepius
2428 350 2629 419 dicam:
2660 352 2785 416 Quis
2812 353 2950 406 dabit
2976 355 3129 422 capiti
3156 370 3263 407 meo
3285 369 3489 424 aquam,
3514 363 3564 408 et
3587 357 3725 409 oculis

569 435 812 502 dignatus
840 448 1133 498 assumere,
1173 435 1405 499 qualium
1445 449 1660 501 regnum
1696 434 1828 487 dixit
1857 449 1972 489 esse
1998 450 2104 489 coe-

572 524 737 576 lorum
766 522 973 593 (Matth.
1003 537 1113 584 XIX,
1139 521 1259 591 14);
1291 532 1347 575 ut
1371 531 1424 576 et
1454 530 1726 589 patronum
1754 522 2014 578 haberetis
2037 540 2104 579 ex

571 614 697 677 tilio,
728 622 781 666 et
805 615 976 665 minus
1004 612 1259 666 doleretis
1285 613 1555 674 amissum.
1606 628 1760 680 quem
1808 628 1838 665 a
1886 615 2106 668 Domino

568 702 822 757 videbatis
849 713 1193 769 assumptum.

1170 832 1379 886 EPIST.
1420 832 1506 885 IV.

570 942 795 995 Dominis
818 935 1107 994 sublimibus
1131 949 1175 994 et
1200 943 1251 993 in
1273 939 1470 994 Christo
1495 941 1707 995 Domino
1734 944 2107 997 devinctissimis

758 1012 997 1079 fratribus
1028 1009 1274 1063 Namacio
1302 1020 1346 1063 et
1369 1008 1629 1065 Ceraunia:
1658 1012 1909 1065 Ruricius.

637 1119 843 1187 Stepius
862 1160 875 1182 .
914 1120 1169 1172 carissimi
1199 1118 1415 1184 fratres,
1459 1128 1673 1188 propter
1700 1122 1991 1175 communis
2023 1121 2105 1175 lu-

568 1221 683 1262 ctus
712 1210 1105 1262 acerbiSsimum
1137 1224 1314 1261 casum
1344 1208 1491 1262 vobis
1516 1210 1767 1275 scribere,
1804 1219 1895 1263 aut
1922 1212 1985 1264 ad
2015 1226 2107 1264 vos

571 1300 751 1352 venire
779 1298 1029 1365 diSposui.
1082 1298 1172 1352 sed
1203 1312 1411 1368 semper
1436 1313 1519 1353 me
1562 1306 1615 1353 et
1655 1300 1722 1353 ab
1761 1301 1961 1356 itineris
1990 1317 2109 1367 pro-

568 1390 741 1443 cinctu
783 1388 1057 1442 infirmitas
1094 1388 1359 1455 corporis.
1408 1400 1460 1443 et
1506 1389 1570 1442 ab
1617 1390 1886 1457 epistulari
1935 1391 2106 1446 officio

569 1479 759 1531 nimius
786 1478 935 1532 dolor
957 1478 1128 1532 cordis
1157 1480 1391 1532 retraxit.
1422 1478 1551 1532 Nam
1581 1480 1623 1532 si
1654 1480 1862 1547 quando
1888 1482 1950 1534 ad
1978 1482 2107 1535 scri—

570 1568 793 1621 bemlnm
822 1569 1051 1621 animum
1081 1577 1300 1622 conatus
1326 1584 1441 1621 sum
1470 1568 1766 1634 intendere,
1792 1572 1965 1623 statim
1988 1586 2106 1624 sen-

568 1670 659 1709 sus
690 1658 912 1718 horruit.
940 1672 1087 1710 mens
1124 1658 1343 1725 refugit;
1394 1666 1448 1716 et
1492 1659 1562 1710 ita
1607 1658 1732 1710 mihi
1773 1672 1867 1725 pro
1904 1674 2107 1712 sermo-

569 1747 721 1799 nibus
770 1762 979 1814 semper
1027 1746 1183 1800 ﬂetus
1231 1750 1497 1811 occurrit;
1558 1756 1613 1801 ut
1667 1750 1813 1815 prius
1866 1749 2052 1817 pagina
2076 1770 2103 1801 ιι

570 1836 917 1907 lacrymarum
950 1836 1115 1890 imbre
1145 1836 1530 1903 perfunderem,
1563 1853 1718 1906 quam
1758 1841 1895 1908 stylo
1924 1842 2107 1909 pinge-

570 1942 701 1987 rem,
729 1928 867 1980 sicut
893 1926 1024 1981 dixit
1052 1925 1141 1979 ille
1171 1936 1438 1993 paternam
1473 1926 1709 1981 indicans
1734 1927 1800 1981 de
1825 1928 1912 1982 filii
1953 1931 2109 1984 amis—

572 2018 720 2069 sione
747 2014 1017 2081 tietatem:

746 2123 834 2175 Bis
865 2134 1072 2177 conatus
1101 2134 1205 2176 erat
1232 2140 1376 2176 casus
1404 2125 1627 2192 eﬂingere
1656 2125 1707 2176 in
1738 2126 1893 2187 au’ro;

712 2252 718 2259 ,
750 2192 835 2244 Bis
865 2195 1041 2259 patrita
1068 2194 1288 2246 cecidere
1316 2210 1510 2245 manus.

647 2306 735 2357 Vel
767 2305 904 2370 quod
948 2306 1116 2370 potius
1162 2319 1188 2355 a
1230 2319 1313 2357 me
1350 2304 1576 2357 dcitur:
1610 2304 1864 2368 Quoniam
1904 2310 2111 2373 negabat

573 2394 823 2445 consolari
852 2395 1020 2443 animo
1058 2408 1166 2443 mea
1193 2390 1363 2459 (Psat.
1395 2406 1565 2449 um.
1592 2392 1669 2461 3).
1722 2392 1869 2444 llaud
1901 2392 2106 2461 injuria.

576 2483 780 2536 Perdidi
812 2483 949 2535 enim
982 2481 1135 2532 titiam
1157 2522 1171 2543 ,
1206 2495 1359 2547 quam
1390 2490 1442 2533 et
1469 2495 1551 2533 me
1577 2481 1899 2546 suscepisse,
1941 2492 1993 2533 et
2020 2498 2111 2535 vos

572 2572 818 2641 genuisse
862 2572 1178 2638 gratulabar.
1212 2568 1415 2635 perdidi
1444 2570 1565 2622 vita:
1594 2570 1861 2635 solatium,
1890 2574 2109 2637 posteri-

575 2662 694 2713 tatis
736 2674 910 2728 spvm.
956 2659 1113 2711 decus
1147 2658 1385 2719 familiae.
1417 2656 1892 2724 cordis‘gaudium,
1938 2660 2109 2714 lumen

573 2750 865 2801 oculorum.
899 2747 1002 2799 Nrc
1027 2746 1250 2812 simplici
1273 2761 1387 2797 sum
1416 2744 1640 2798 orbitate
1666 2750 1947 2811 perculsus.
1980 2746 2109 2800 Nam

573 2854 688 2892 cum
714 2840 815 2891 lilia
844 2848 895 2891 et
920 2838 1106 2890 fratres
1127 2837 1297 2898 amisi,
1328 2851 1546 2904 quorum
1572 2851 1654 2889 me
1675 2837 1883 2888 solabar
1900 2836 2108 2901 aliectu,

574 2943 793 2994 quorum
835 2942 917 2980 me
957 2926 1630 2992 coojunctionejactabam.
1678 2924 1977 2993 Disruptum
2006 2936 2108 2988 est,

574 3014 762 3067 fratres
807 3013 1109 3076 carissimi,
1159 3012 1420 3064 vinculum
1472 3013 1829 3079 germanitatis
1876 3022 2107 3079 nostrae,

574 3104 800 3156 ablatum
828 3100 975 3156 nobis
1002 3111 1080 3156 est
1111 3103 1291 3169 pignus
1322 3113 1510 3155 mutuae
1536 3101 1787 3155 caritatis.
1822 3102 1929 3156 lleu
1958 3104 2105 3167 mihi.

575 3192 759 3245 fratres
801 3193 1013 3258 optimi,
1059 3192 1179 3243 dum
1222 3191 1515 3256 depositum
1555 3203 1785 3243 vestrum
1833 3192 1979 3257 cujus
2024 3208 2108 3246 me

522 3310 529 3316 -
574 3280 851 3333 traditione
876 3281 1151 3346 ceperatis.
1176 3288 1379 3338 armtto,
1407 3292 1506 3328 una
1527 3292 1619 3329 vos
1646 3277 1867 3343 perdidi.
1906 3278 1971 3330 Et
1992 3279 2109 3331 ideo

575 3371 625 3423 in
655 3368 809 3422 unius
840 3366 1241 3420 necessitudinis
1264 3364 1455 3431 gradu,
1491 3364 1832 3431 complurium
1866 3366 1991 3417 mihi
2021 3381 2112 3418 ne-

575 3458 949 3513 cessitudinum
990 3456 1172 3509 solatia
1213 3454 1416 3506 sublata
1448 3454 1674 3517 suspiro.
1722 3453 1899 3506 Solam
1938 3464 2109 3507 tamen

574 3548 817 3615 patriam,
858 3560 972 3612 qum
1011 3544 1133 3596 mihi
1166 3558 1258 3610 per
1287 3543 1450 3609 ipsam
1485 3538 1735 3607 acquisita
1768 3541 1963 3605 fuerat,
2007 3558 2107 3593 non

575 3637 839 3696 amittam,
885 3635 969 3699 qui
1014 3632 1147 3687 hanc
1193 3632 1318 3683 mihi
1352 3631 1675 3697 potissimum
1711 3639 1902 3683 terram
1954 3645 2109 3698 quam

574 3725 659 3779 illa
689 3738 908 3790 corpore
950 3736 1046 3775 suo
1083 3720 1386 3786 occupavit,
1434 3720 1650 3785 patriam
1694 3716 1957 3785 judicabo.
2008 3719 2107 3772 Sed

574 3832 675 3883 quo
708 3816 981 3867 immemor
1005 3810 1193 3874 ofﬁcii.
1236 3822 1439 3863 memor
1464 3808 1673 3876 gratim,
1712 3809 1897 3861 dolore
1928 3809 2110 3874 impel-

575 3908 734 3971 lente,
761 3903 1100 3973 progredinr?
1124 3913 1176 3956 et
1199 3912 1434 3967 tempore
1457 3899 1785 3966 aliquatenus
1808 3900 1993 3950 vulnus
2018 3900 2106 3951 ob-

574 3996 805 4056 ductum.
822 3993 1051 4046 rediviva
1068 3992 1444 4047 recordatione,
1466 3997 1708 4055 tauquam
1731 4002 1859 4038 nova
1880 3988 2109 4040 sectione

576 4068 858 4137 rescindo?
909 4090 961 4135 et
1002 4081 1088 4147 qui
1134 4079 1397 4131 consolari
1438 4090 1531 4128 vos
1579 4076 1748 4141 potius
1796 4092 1888 4141 per
1934 4076 2109 4128 divina

576 4172 834 4237 promissa
864 4170 1158 4236 cupiebam.
1192 4166 1604 4218 consolationem
1649 4164 1760 4230 ipsc
1798 4179 1901 4215 non
1941 4165 2109 4230 capio.

576 4262 772 4315 Causas
802 4268 973 4311 tamen
1000 4256 1149 4309 vobis
1180 4254 1391 4307 γελοίιιὶνί
1428 4252 1579 4319 hujus
1606 4252 1801 4305 doloris
1826 4266 2105 4316 exponam.

2209 440 2327 492 meis
2370 441 2555 507 {autem
2597 442 2928 511 lacrymarum
2976 442 3183 511 (lerem.
3222 460 3303 508 ιι,
3342 443 3464 513 ι.)τ
3514 445 3612 500 Sed
3652 446 3726 501 ille

2210 528 2385 595 populi
2416 530 2494 582 sui
2526 542 2738 597 peccata
2766 532 3018 595 deﬂebat;
3062 548 3159 601 ego
3188 548 3311 587 vero
3348 534 3589 601 propria,
3624 550 3725 603 quas

2206 624 2259 668 et
2280 630 2362 669 me
2382 625 2434 670 et
2455 632 2547 671 vos
2570 620 2800 686 pondere
2819 635 2915 673 suo
2940 630 2994 675 et
3016 622 3388 675 numerositate
3410 633 3723 688 presserunt;

2208 717 2304 770 ego
2343 714 2399 757 ut
2440 706 2578 758 illius
2613 719 2856 770 mortem.
2897 716 2949 762 et
2976 724 3145 761 meam
3179 710 3361 773 vitam.
3392 712 3533 765 illam
3563 711 3725 766 deiun-

2206 800 2363 858 ctam,
2391 802 2443 846 et
2470 810 2555 848 me
2582 799 2917 863 superstitem
2948 800 3206 865 plangam.
3249 799 3428 867 Longe
3458 800 3595 853 aliud
3623 800 3725 860 tibi.

2205 883 2519 937 venerabilis
2548 899 2721 948 soror.
2753 890 2899 955 quasi
2928 887 2993 943 de
3017 891 3208 943 nostris
3234 890 3436 943 meritis
3464 906 3729 957 prasume-

2207 973 2331 1034 bas.
2374 989 2492 1027 cum
2533 984 2730 1028 tantmn
2774 977 2897 1039 tibi,
2946 977 3104 1031 nimia
3133 980 3351 1032 caritate
3387 980 3636 1045 decepta.
3672 979 3728 1030 de

2208 1064 2400 1115 nostris
2426 1064 2780 1129 oratiOnibus,
2826 1081 2910 1120 me
2937 1066 3241 1130 refellente.
3286 1067 3643 1135 pronrittéres,
3682 1079 3729 1119 ut

2208 1148 2419 1203 domum
2466 1161 2606 1204 tuam
2654 1161 2831 1206 nostra
2882 1153 3260 1208 intercessione
3303 1156 3643 1218 saivandam.
3684 1167 3729 1208 et

2209 1238 2366 1290 filiam
2393 1253 2485 1308 per
2511 1255 2613 1301 me.
2648 1249 2701 1294 ut
2728 1241 2796 1294 ita
2826 1240 3027 1305 dicam,
3070 1242 3179 1296 fore
3208 1243 3452 1297 crederes
3478 1244 3729 1297 immorta-

2209 1326 2330 1378 lem.
2378 1326 2480 1381 Sed
2508 1328 2613 1380 cito
2637 1337 2990 1397 apparuerunt
3030 1332 3215 1384 merita
3244 1346 3383 1397 mea,
3416 1347 3533 1400 qutn
3566 1348 3646 1386 me
3670 1335 3730 1385 ir-
3812 1326 3813 1400 ἦ

2206 1415 2528 1471 remediabili
2582 1418 2800 1473 vulnere
2837 1420 3163 1482 sauciareut.
3208 1428 3262 1475 et
3303 1431 3354 1476 te
3391 1435 3544 1475 secus
3591 1437 3730 1491 quam

2207 1516 2511 1569 oportuerat
2556 1507 2623 1562 de
2664 1517 2935 1579 peccatore
2973 1509 3305 1578 credentem,
3346 1514 3476 1565 tanti
3520 1514 3731 1580 pignoris
3812 1516 3813 1577 ἶ

2208 1594 2435 1653 orbitate
2483 1606 2835 1663 percuterent.
2887 1598 2977 1651 Vel
3027 1614 3165 1652 nunc
3212 1609 3389 1665 certe,
3439 1602 3494 1654 in
3539 1601 3734 1654 Christo

2142 1694 2180 1749 Β
2209 1682 2429 1735 Domino
2469 1684 2779 1738 venerabilis
2809 1700 2991 1748 soror,
3024 1697 3073 1739 et
3106 1696 3155 1740 te
3193 1687 3320 1740 falsa
3358 1688 3661 1749 credidisse.
3691 1699 3733 1743 et

2213 1786 2298 1824 me
2313 1786 2432 1825 vera
2447 1772 2962 1841 dixissecognosces.
2987 1777 3089 1831 Sed
3105 1777 3319 1831 nimium
3350 1779 3457 1845 diu,
3479 1779 3735 1835 immemo-
3812 1788 3813 1845 ξ

2214 1876 2297 1913 res
2344 1872 2720 1929 prmceptorum
2764 1864 3078 1927 caelestium.
3112 1867 3335 1921 humano
3355 1868 3523 1921 dolori
3556 1868 3736 1935 prabe-

2210 1967 2327 2005 mus
2353 1966 2648 2007 assensum.
2683 1954 2760 2009 Ad
2785 1956 2954 2008 divina
2984 1957 3133 2011 nobis
3159 1946 3415 2025 praecepta
3432 1958 3737 2013 redeundum

2209 2050 2319 2105 est;
2358 2036 2520 2095 ne‘ita
2569 2045 2874 2113 plangamus
2928 2060 3149 2112 corpore
3202 2056 3498 2112 mortuam.
3554 2059 3611 2101 ut
3652 2048 3738 2114 ipsi

2209 2130 2368 2183 corde
2394 2131 2695 2185 moriamur.
2728 2132 3066 2187 Discedentes
3092 2148 3217 2201 ergo
3244 2135 3509 2201 paululum
3534 2136 3602 2188 de
3622 2150 3738 2203 prte-

2210 2217 2463 2281 sentibus.
2488 2236 2694 2274 rursum
2718 2221 2887 2275 futura
2917 2224 3232 2291 cogitemus;
3259 2234 3311 2277 ut
3333 2238 3464 2293 quos
3488 2225 3738 2277 inﬁrmant
3812 2217 3813 2293 ἦ

2210 2309 2510 2374 prtesentia,
2542 2307 2712 2362 futura
2739 2311 3105 2363 corroborant.
3132 2310 3237 2365 Nos
3266 2311 3539 2380 debemus,
3569 2311 3740 2365 fratres

2209 2396 2487 2460 carissimi,
2520 2397 2658 2449 illam
2693 2398 2827 2452 ferre
2853 2400 3205 2453 conditionem
3234 2400 3474 2453 humana:
3500 2400 3741 2468 fragilita.
3812 2398 3813 2445 1

2212 2486 2295 2549 tis,
2323 2500 2475 2553 quam
2502 2497 2553 2539 et
2579 2487 2872 2555 prophetae,
2899 2499 2950 2543 et
2977 2489 3231 2556 apostoli,
3255 2498 3308 2543 et
3334 2488 3498 2542 sancti
3522 2489 3741 2557 justique

2207 2587 2412 2637 omnes,
2435 2562 2532 2635 vel,
2555 2576 2690 2642 quod
2715 2577 2883 2644 majus
2911 2586 3011 2643 est,
3042 2579 3274 2631 omnium
3304 2576 3554 2630 Dominus
3577 2587 3743 2631 noster
3812 2562 3813 2621 ἶ

2210 2662 2476 2728 suscipere
2516 2662 2759 2730 dignatus
2798 2673 2897 2729 est.
2944 2666 3229 2733 Deplorare
3277 2666 3391 2735 (sed
3437 2666 3603 2734 magis
3643 2666 3741 2719 Deo
3812 2662 3813 2735 ξ

2209 2750 2404 2817 gratias
2429 2763 2583 2817 agere
2611 2761 2664 2804 et
2690 2751 2942 2819 gaudere)
2970 2766 3073 2805 non
3102 2756 3368 2813 convenit.
3401 2753 3539 2820 quod
3571 2752 3741 2811 ﬁliam.

2210 2838 2415 2905 qualem
2458 2841 2664 2907 quidem
2692 2842 2970 2905 voluimus.
3011 2856 3165 2906 quam
3212 2842 3354 2895 Divis
3406 2844 3495 2910 qui
3538 2842 3742 2896 dederat

2212 2930 2469 2995 promisit,
2503 2932 2801 2997 habuimus;
2830 2932 3108 3000 etquidem
3137 2932 3468 2997 mutavimus,
3495 2948 3598 2987 non
3628 2947 3741 3002 per-

2137 3017 2180 3077 C
2211 3016 2436 3071 didimus
2456 3035 2469 3081 ;
2493 3020 2583 3073 sed
2605 3020 2667 3072 ad
2684 3020 2970 3083 Christum.
2995 3020 3361 3087 ipsojubente,
3380 3021 3742 3089 praemisimus.
3812 3016 3813 3059 ἔ

2217 3104 2421 3167 Habere
2465 3107 2605 3160 enim
2672 3106 2808 3159 filios
2856 3107 3113 3172 generalis
3155 3115 3236 3161 est
3278 3105 3547 3168 beneﬁcii;
3588 3107 3743 3159 bonos

2214 3208 2336 3247 vero
2363 3194 2554 3248 habere
2583 3196 2825 3260 specialis
2851 3201 2933 3247 est
2961 3196 3182 3261 praemii.
3232 3194 3379 3249 Sicut
3399 3196 3582 3249 vivere
3609 3208 3743 3247 com-

2214 3294 2368 3331 mune
2394 3291 2471 3329 cst
2492 3281 2754 3342 omnium;
2787 3280 2919 3332 bene
2948 3294 3074 3333 vero
3101 3281 3274 3334 vivere
3297 3290 3348 3334 et
3374 3280 3507 3333 bene
3534 3280 3745 3334 descen-

2213 3371 2337 3420 dere
2365 3366 2431 3420 de
2474 3368 2568 3419 hac
2623 3369 2724 3419 vita
2761 3381 3045 3435 paucorum
3074 3377 3181 3431 est;
3219 3382 3325 3421 non
3355 3377 3526 3428 tamen
3554 3377 3746 3419 natura:

2213 3456 2531 3517 conditione,
2562 3455 2652 3507 sed
2675 3454 2871 3522 culpae;
2901 3469 2994 3517 nec
3022 3454 3197 3517 divina
3227 3454 3638 3522 praescriptione,
3659 3454 3744 3506 sed

2214 3546 2420 3611 propria
2449 3546 2730 3597 voluntate.
2758 3542 2821 3596 Et
2846 3544 2966 3597 ideo
2990 3558 3089 3595 non
3113 3544 3349 3598 turbetur
3378 3560 3471 3598 cor
3491 3556 3742 3605 nostrum,

2216 3648 2311 3687 nec
2333 3633 2491 3685 tiliam
2514 3648 2609 3701 pro
2627 3634 2927 3697 amissione.
2946 3632 3036 3687 sed
3057 3647 3150 3701 pro
3168 3632 3425 3685 desiderio
3436 3633 3717 3686 defleamus
3731 3650 3751 3691 ι

2214 3738 2308 3776 nec
2337 3734 2393 3774 ut
2430 3720 2705 3775 dominicis
2752 3712 3021 3788 promissis
3065 3722 3338 3783 increduli,
3385 3729 3476 3774 aut
3506 3722 3743 3789 praecepti

2212 3813 2357 3864 obliti
2384 3826 2501 3865 esse
2546 3812 2831 3885 videamur.
2880 3810 3057 3864 Flernt
3088 3811 3280 3864 liberos
3309 3824 3456 3874 suos,
3484 3810 3572 3878 qui
3602 3826 3743 3878 spem

2212 3902 2606 3955 resurrectioois
2630 3890 2821 3955 habere
2844 3914 2945 3953 nan
2975 3910 3222 3965 possunt;
3252 3912 3404 3966 quam
3435 3899 3513 3951 eis
3535 3900 3743 3967 perfidia

2211 4004 2303 4055 sua
2328 3991 2529 4052 adimit.
2554 4005 2655 4041 non
2678 3989 2848 4041 divina
2878 3990 3153 4041 sententia.
3186 3986 3368 4039 Fleant
3395 3987 3587 4042 mortui
3613 4000 3746 4039 mor-

2216 4091 2332 4127 tuos
2370 4090 2520 4141 suos,
2572 4078 2707 4143 quod
2747 4077 2797 4129 in
2843 4085 3147 4143 perpetuum
3180 4075 3440 4128 astimant
3485 4077 3741 4141 inieris“.

2214 4163 2287 4215 llli
2334 4163 2525 4215 nullam
2570 4164 2810 4215 maeroris
2849 4166 2927 4216 sui
2960 4164 3185 4215 habeant
3218 4164 3483 4229 requiem,
3516 4164 3608 4231 qui
3648 4178 3745 4217 non

2212 4250 2432 4300 credunt
2478 4263 2594 4301 esse
2625 4251 2853 4315 requiem
2884 4260 3231 4301 mortuorum.
3263 4249 3425 4302 Nobis
3453 4265 3600 4315 vero,
3632 4252 3743 4317 qui-

580 4352 853 4417 l'tcunque
893 4351 1030 4401 enim
1074 4346 1276 4399 animus
1315 4358 1541 4397 mmrore
1578 4343 1845 4395 confectus
1877 4342 2111 4407 recipere
2141 4342 2187 4398 D
2214 4339 2307 4390 bus
2350 4347 2401 4389 et
2420 4353 2541 4404 spes
2568 4347 2620 4389 et
2646 4339 2814 4403 portio
2831 4338 3070 4391 Christus
3098 4344 3197 4402 est.
3230 4352 3351 4405 spes
3379 4339 3435 4390 in
3462 4349 3602 4391 terra
3635 4355 3743 4391 mo-

580 4439 984 4492 cunsolationem
1014 4435 1291 4502 apostolica
1319 4433 1681 4487 exhortatione
1715 4432 1822 4499 jam
1853 4442 2105 4493 creuerat,

577 4543 694 4596 quas
721 4529 791 4578 ait
815 4544 827 4577 :
863 4527 997 4579 Nolo
1024 4542 1124 4587 vos,
1152 4528 1351 4591 fratres,
1380 4525 1609 4591 ignorare
1637 4524 1696 4573 de
1726 4520 2103 4584 dormientibus,

579 4633 639 4669 ne
678 4614 1057 4677 contristemini,
1104 4614 1228 4664 sicut
1271 4613 1461 4673 cwteri.
1507 4611 1590 4678 qui
1618 4625 1754 4675 spem
1795 4624 1892 4660 non
1929 4608 2109 4658 habent

580 4704 630 4775 (1
663 4704 834 4757 Thess.
860 4718 931 4766 tv,
968 4702 1073 4767 13).
1124 4702 1227 4756 Sed
1269 4702 1354 4753 ubi
1398 4700 1573 4753 infelix
1602 4709 1780 4751 noster
1818 4697 2108 4750 communis

578 4796 809 4857 advenit,
826 4804 877 4845 et
898 4808 1013 4846 eum
1038 4792 1151 4845 sine
1174 4806 1257 4854 ea.
1279 4806 1377 4857 qua
1399 4790 1542 4855 prius
1562 4789 1885 4855 splendebat.
1904 4802 2106 4855 gemma

576 4880 854 4947 conspexi,
897 4895 987 4946 per
1016 4894 1167 4945 quam
1200 4877 1325 4928 mihi
1363 4886 1415 4929 et
1452 4876 1709 4941 acceptior
1732 4890 1847 4927 esse
1877 4876 2106 4936 solebat.

575 4982 629 5026 et
653 4971 870 5039 gratior.
892 4976 945 5021 et
966 4967 1109 5034 quasi
1136 4975 1444 5031 ornamento
1473 4966 1678 5034 proprio
1706 4966 1958 5031 Spoliatus
1982 4962 2107 5015 mihi

576 5070 628 5114 et
656 5060 932 5113 indecorus
958 5054 1213 5123 apparuit.
1262 5052 1412 5105 Novit
1455 5052 1560 5113 ille.
1605 5051 1789 5104 fratres
1828 5052 2106 5113 carissimi,

580 5133 664 5217 qui
694 5148 929 5202 cordium
973 5144 1173 5199 occulta
1216 5145 1451 5203 rimatur,
1498 5142 1632 5208 quod
1680 5143 1747 5193 ita
1801 5143 1923 5193 mihi
1956 5145 2109 5194 dolor

577 5249 793 5305 repente
821 5238 1112 5306 geminatus
1139 5245 1239 5300 est,
1276 5241 1329 5286 et
1367 5235 1434 5284 ita
1464 5233 1586 5284 mihi
1621 5246 1711 5298 per
1742 5233 1971 5299 singulos
1997 5232 2109 5283 dies

577 5328 641 5379 de
668 5338 805 5379 tanta
836 5326 1005 5379 indole
1036 5325 1203 5386 illius,
1249 5333 1301 5375 et
1343 5322 1489 5374 istius
1530 5323 1855 5375 desolatione
1894 5322 2107 5374 affectus

578 5416 865 5480 duplicatus
885 5424 966 5466 est
986 5414 1174 5474 luctus,
1202 5419 1255 5462 ut
1278 5424 1372 5461 nec
1395 5410 1529 5460 hunc
1555 5409 1817 5474 aspicere,
1850 5410 2107 5461 necillius

578 5506 878 5557 meminisse
898 5504 1009 5555 sine
1030 5501 1271 5568 lacrymis
1292 5513 1505 5567 queam;
1530 5507 1579 5551 et
1602 5500 1957 5565 propheticum
1981 5498 2107 5551 illud

2213 4428 2485 4491 rientium,
2535 4430 2705 4493 portio
2747 4442 2797 4478 m
2831 4429 3042 4494 regione
3072 4429 3337 4490 vivorum;
3388 4427 3579 4494 quibus
3608 4444 3745 4481 mors

2211 4516 2304 4569 ista
2338 4531 2439 4567 non
2487 4525 2716 4581 naturai,
2760 4517 2849 4569 sed
2881 4518 2999 4568 vita:
3034 4516 3303 4579 prmsentis
3332 4523 3414 4568 est
3451 4513 3599 4579 ﬁnis;
3630 4521 3746 4584 quia

2210 4621 2322 4658 eam
2346 4606 2395 4657 in
2426 4607 2607 4659 melius
2628 4606 2887 4659 credimus
2909 4621 3027 4663 esse
3048 4607 3410 4672 reparandam,
3440 4607 3589 4673 juxta
3615 4610 3733 4674 Apo

2210 4695 2332 4746 stoli
2368 4695 2679 4747 sententiam
2722 4710 2735 4745 :
2777 4695 2901 4747 Cum
2936 4696 3253 4764 corruptibilis,
3287 4694 3379 4748 hoc
3421 4695 3646 4747 induerit
3676 4698 3746 4747 iu-

2206 4785 2568 4851 corruptioncm
2594 4783 2641 4850 (Ι
2667 4784 2780 4836 Cor.
2806 4799 2890 4847 xv,
2910 4784 3028 4851 5b).;
3052 4798 3168 4834 cum
3194 4784 3440 4849 propheta
3469 4784 3744 4837 dicendum

2209 4883 2289 4925 est
2320 4889 2333 4921 :
2364 4871 2605 4923 Dominus
2635 4871 2787 4933 ded’t,
2834 4870 3075 4921 Dominus
3118 4870 3340 4933 abstulit,
3370 4872 3498 4922 sicut
3533 4872 3745 4923 Domino

2207 4963 2364 5013 visum
2389 4969 2477 5020 est,
2520 4959 2591 5009 ita
2631 4958 2837 5025 factum.
2879 4958 2945 5008 sit
2982 4972 3157 5008 nomen
3198 4947 3399 5009 Domini
3437 4958 3743 5009 benedictum

2199 5047 2339 5119 (Job.
2377 5063 2415 5109 ι,
2443 5043 2556 5111 2!).
2584 5042 2719 5107 Quia
2767 5042 3107 5094 tenendavest
3156 5041 3207 5091 in
3253 5040 3550 5093 tentatione
3576 5041 3743 5108 pomi-

2202 5139 2387 5199 tentia,
2419 5149 2484 5187 ne
2510 5142 2665 5201 cogat
2694 5140 2787 5185 aut
2818 5147 2911 5185 ore
2938 5140 3028 5191 aut
3059 5131 3220 5184 corde
3245 5131 3582 5194 delinquere.

2275 5228 2454 5278 Fletus
2478 5222 2650 5287 itaque
2676 5230 2873 5273 vestros
2901 5218 3027 5271 fides
3054 5228 3289 5286 prompta
3322 5222 3601 5283 detergat;
3631 5218 3746 5283 quia

2206 5312 2467 5367 credimus
2496 5321 2645 5361 caros
2675 5316 2880 5359 nostros
2906 5302 3063 5358 vitam
3087 5320 3190 5359 non
3216 5315 3317 5357 tam
3345 5304 3567 5371 perdere
3594 5320 3745 5370 quam

2208 5414 2445 5463 mutare;
2494 5397 2787 5463 relinquam
2829 5395 3077 5447 saeculum
3124 5396 3384 5447 cernimus
3416 5400 3471 5445 et
3521 5392 3745 5447 luctibus

2208 5494 2438 5561 plenum,
2469 5496 2521 5542 et
2546 5486 2612 5540 ad
2638 5485 2902 5552 regionem
2931 5481 3265 5538 beatitudinis
3292 5481 3573 5544 festinare;
3604 5481 3743 5535 exire
