3854 6228
265 122 340 176 85

1438 102 1899 158 EPISTOLARUM
1939 102 2063 156 LIB.
2103 103 2161 156 ll.

3361 101 3430 158 86

270 232 338 282 de
385 221 763 293 peregrinatione
809 218 1095 279 laboriosa,
1142 225 1196 269 et
1222 216 1284 267 ad
1330 214 1518 284 quietis
1551 215 1766 281 patriam
1797 222 1844 275 Α
1878 227 2059 267 sermo
2103 201 2401 276 meditatus,
2446 212 2532 279 qui
2578 214 2869 274 emittitur,
2911 220 2960 264 et
2997 225 3099 262 non
3137 208 3419 269 amittitur;

273 313 534 378 pervenire.
566 308 711 364 Unde
736 318 787 360 et
811 306 1065 374 propheta
1103 303 1266 356 dicit:
1301 300 1444 354 Educ
1483 304 1542 354 de
1581 319 1778 354 carcere

269 406 470 453 animum
521 413 670 448 nteant
722 396 784 446 ad
833 394 1168 459 conﬁtendum
1224 393 1413 444 nomini
1464 401 1548 442 tuo
1607 391 1774 459 (Paul.

270 507 404 551 ωιι,
436 491 498 554 8).
538 487 742 538 Credite
771 484 922 547 mihi,
972 483 1155 534 fratres
1192 481 1483 542 carissimi,
1525 481 1644 547 quia
1690 480 1777 531 illa

265 579 370 644 jam
395 579 444 629 de
477 593 556 628 sua
585 575 753 640 quiete
772 587 955 625 secura
976 611 989 634 ,
1021 573 1085 624 de
1117 579 1290 622 nostra
1323 579 1403 624 est
1430 569 1600 622 salute
1628 568 1779 621 solli-

271 672 402 725 cita;
425 678 522 730 quae
548 665 586 713 si
617 662 880 713 nobiseum
909 669 1085 725 posset
1116 659 1334 710 miscere
1364 657 1648 723 colloquia,
1679 655 1780 709 hoc

273 755 490 804 diceret:
518 750 698 809 Nolite,
727 749 794 814 pii
844 757 1108 813 parentes,
1159 745 1323 796 nolite
1353 759 1436 797 me
1476 744 1633 805 ﬂere;
1682 756 1778 795 nec

269 842 444 907 ingrati
475 851 565 890 tam
613 839 835 903 benigno
867 837 1083 888 Domino
1118 835 1406 901 planctibus
1445 832 1618 884 nimia:
1645 832 1780 883 dile-

269 929 446 981 ctiOnis
471 928 699 979 cxismre.
735 925 878 986 Esto,
908 926 1145 978 habuerit
1171 933 1406 989 tempore
1437 937 1566 974 mete
1597 920 1777 974 arcisi-

268 1018 526 1069 tionislioc
551 1016 741 1082 pietas.
785 1013 892 1080 jam
934 1014 1089 1065 debet
1119 1015 1354 1066 dolorem
1395 1022 1620 1064 ve~trum
1656 1011 1782 1063 fides

268 1122 384 1159 cum
435 1114 646 1171 tempore
700 1112 1014 1168 temperare.
1063 1102 1190 1166 Quia
1239 1103 1338 1155 etsi
1386 1102 1532 1154 vobis
1580 1111 1784 1153 mortua

265 1209 414 1256 sum,
465 1193 559 1245 Deo
617 1193 755 1243 vivo.
799 1197 899 1242 Aut
941 1191 1169 1256 nunquid
1213 1203 1305 1240 vos
1351 1190 1514 1255 magis
1561 1189 1782 1255 potestis

265 1296 438 1334 amare
464 1295 597 1348 quam
628 1280 891 1339 Dominus,
918 1281 1003 1345 qui
1031 1293 1116 1330 me
1147 1277 1300 1331 fecit?
1344 1280 1428 1345 qui
1456 1293 1538 1330 me
1567 1279 1783 1329 donavit

265 1372 386 1432 vita,
413 1369 540 1431 emit,
576 1369 815 1431 redemit,
861 1367 981 1433 quia
1029 1368 1217 1429 Voluit;
1262 1378 1314 1419 et
1365 1366 1572 1432 quando
1620 1364 1782 1417 voluit

266 1477 356 1527 pro
372 1476 460 1513 sua
487 1463 663 1527 pietate
692 1462 936 1526 suscepit.
981 1464 1085 1512 Aut
1109 1458 1245 1526 quod
1274 1459 1434 1525 magis
1464 1458 1657 1510 d--l0ris
1689 1473 1779 1510 ve-

259 1553 349 1601 stri
397 1551 592 1616 potestis
638 1550 826 1600 habere
854 1548 1091 1600 stilatium
1115 1588 1129 1608 ,
1158 1563 1310 1612 quam
1342 1549 1474 1612 quod
1523 1551 1767 1599 Dominus
1804 1555 1845 1611 Β
1878 1547 2181 1613 pervasione
2227 1549 2491 1599 contentio
2542 1565 2552 1596 :

259 1647 436 1688 noster
477 1639 665 1689 unicum
697 1636 883 1689 Filium
928 1650 1076 1688 suum
1122 1651 1212 1702 pro
1260 1636 1408 1689 nobis
1452 1645 1533 1689 est
1562 1637 1768 1687 tradere

255 1727 486 1792 dignatus
511 1726 566 1777 ad
606 1727 861 1778 mortem?
894 1726 955 1777 Et
995 1740 1113 1776 cum
1141 1725 1300 1776 Filius
1345 1726 1429 1776 Dei
1481 1725 1764 1777 secundbm

255 1827 459 1864 carnem
501 1814 618 1864 mori
646 1814 890 1874 voluerit,
926 1811 1082 1863 homo
1109 1822 1211 1862 tam
1241 1815 1427 1865 acerbe
1456 1813 1610 1864 debet
1639 1827 1764 1863 con-

263 1900 499 1952 ditionem
547 1901 782 1951 humanze
830 1899 984 1951 sortis
1035 1899 1317 1965 excipere?
1377 1900 1721 1962 Quat‘uobrem
1749 1940 1762 1960 ,

230 1970 460 2052 'piissirni
505 1998 770 2052 parentes,
808 1998 976 2039 vestra
1019 1989 1188 2052 potius
1230 1995 1438 2053 peccata
1467 1986 1684 2052 deflete,
1715 1997 1763 2039 et

263 2080 319 2128 de
346 2079 682 2130 satisfactione
723 2090 1012 2131 vestrorum
1054 2077 1326 2128 criminum
1355 2077 1609 2144 Cogitate;
1643 2087 1697 2128 ut
1723 2079 1766 2130 si

257 2179 337 2222 rue
364 2167 414 2216 in
451 2166 646 2218 Christo
685 2166 898 2232 diligitis
943 2166 1086 2234 (quia
1127 2180 1210 2217 me
1240 2181 1359 2218 veie
1403 2167 1619 2234 diligere
1662 2182 1764 2219 non

264 2254 475 2319 potestis,
513 2255 611 2308 nisi
640 2256 692 2308 in
723 2255 942 2308 Domino
987 2255 1233 2322 diligatis)
1273 2257 1326 2308 in
1355 2257 1522 2308 sinum
1548 2258 1766 2324 patriar~

261 2346 363 2395 cbze
394 2345 554 2398 venire
579 2346 902 2407 mereamini,
934 2345 1019 2397 tibi
1050 2345 1301 2398 Dominus
1333 2361 1424 2412 pro
1455 2347 1766 2399 innocentia“:

264 2444 379 2482 mea:
418 2430 556 2501 [forte
577 2429 698 2499 suae]
730 2432 981 2498 puritate,
1014 2440 1067 2484 et
1105 2447 1199 2499 pro
1227 2447 1317 2484 sua
1350 2431 1539 2499 pietate
1568 2429 1776 2486 consti-'

263 2519 375 2581 tuit,
427 2523 535 2582 quia
580 2521 921 2573 misericordia
963 2521 1075 2588 ejus
1133 2521 1307 2573 melior
1353 2532 1424 2574 est
1475 2539 1620 2590 super
1667 2528 1766 2574 vita

264 2604 548 2673 (Psal.i.xn,
582 2611 657 2675 4).
688 2607 754 2661 Ut
784 2608 976 2661 ibidem
1006 2623 1106 2662 non
1136 2610 1298 2673 falsis,
1333 2609 1424 2662 sed
1454 2611 1619 2672 veris;
1662 2625 1763 2662 non

265 2699 631 2764 temporalibus,
677 2699 767 2751 sed
799 2701 1008 2753 aeternis
1049 2701 1249 2766 gaudiis
1279 2704 1473 2768 pariter
1501 2703 1764 2756 exsultare

263 2787 510 2849 pOSailllUS.
537 2787 996 2853 Talibusoportet,
1027 2801 1082 2840 ut
1128 2804 1238 2854 vos,
1265 2791 1445 2855 optimi
1476 2791 1683 2851 fratres,
1711 2801 1764 2843 et

1887 297 2156 362 tribuitur,
2187 311 2238 354 et
2268 302 2514 364 habetur;
2535 301 2738 354 vitietur
2764 300 3053 365 discedere,
3077 313 3176 354 nec
3195 298 3424 363 recedit;

1885 412 1912 444 a
1946 408 2030 446 me
2055 393 2323 460 dirigitur,
2359 406 2386 443 a
2419 401 2468 442 te
2492 385 2802 458 suscipitur;
2831 407 2859 444 a
2891 407 2974 445 me
3020 391 3285 456 scribitur,
3314 404 3344 442 a
3375 399 3427 446 te

1888 483 2103 550 legitur;
2137 496 2232 534 nec
2264 488 2433 533 tamen
2459 480 2720 543 dividitur,
2754 494 2872 533 cum
2905 479 3426 546 quasi’divisusinte-

1885 587 1976 638 ger
2007 573 2273 638 utriusque
2298 570 2456 624 corde
2483 579 2739 623 teneatur.
2765 568 2890 634 Quia
2918 568 3063 622 verbi
3089 580 3234 621 more
3260 567 3422 621 divini

1888 660 2136 722 traditur,
2180 668 2233 713 et
2263 676 2366 712 non
2412 650 2705 726 egreditur;
2743 657 3014 711 confertur
3059 655 3338 723 indigenti,
3370 667 3425 710 et

1889 764 1988 802 non
2031 749 2265 802 aufertur
2293 749 2519 810 aucrori;
2565 746 2865 814 accipientis
2894 747 3113 806 lucrum,
3158 744 3271 796 sine
3308 744 3421 796 dis-

1885 842 2076 909 pendio
2123 841 2424 907 largientis;
2471 841 2640 892 ditatis
2697 838 2924 903 inopem,
2992 849 3088 889 nec
3145 841 3422 886 attenuans

1888 942 2260 993 pOSsessorem.

2487 1014 2696 1068 EPIST.
2727 1014 2809 1066 VI.

1886 1105 2080 1156 Damno
2100 1121 2190 1156 suo
2217 1113 2262 1156 et
2285 1105 2520 1168 peculiari
2543 1105 2595 1155 in
2624 1104 2818 1156 Christo
2842 1102 3054 1156 Domino
3074 1114 3282 1171 patrono
3297 1104 3416 1159 Croc

2168 1174 2315 1241 napio
2343 1174 2570 1241 episcOpo
2595 1173 2826 1223 Ruricius
2853 1172 3130 1240 epismpus.

1956 1280 2007 1331 ln
2049 1278 2336 1331 ordinando
2363 1293 2518 1346 grege
2549 1279 2833 1344 dominico,
2866 1280 2945 1333 vel
2988 1280 3237 1348 regendo,
3281 1282 3416 1336 inter

1885 1371 2240 1435 speculatores
2265 1377 2420 1435 atque
2451 1370 2756 1435 prmpositos
2777 1384 2877 1421 non
2902 1372 3238 1438 praesumptio
3260 1370 3413 1427 debet

1884 1472 2034 1522 e~se,
2081 1458 2170 1510 sed
2204 1459 2363 1520 ratio;
2406 1468 2457 1509 et
2490 1457 2554 1509 de
2584 1457 2817 1509 custodia
2863 1457 3186 1522 sollicitudo,
3218 1474 3321 1512 non
3349 1461 3412 1514 de

2603 1562 2666 1599 ne
2711 1548 3151 1600 mercenariorum
3192 1550 3411 1602 subeant

1873 1645 2078 1699 notam,
2131 1636 2251 1687 dum
2303 1643 2568 1700 pastorum
2607 1649 2708 1686 non
2744 1643 2921 1688 tenent
2961 1635 3314 1703 disciplinam;
3355 1647 3409 1691 et

1871 1725 2220 1786 inveniantur,
2243 1724 2376 1776 sicut
2396 1725 2680 1790 Apostolus
2705 1723 2850 1789 dicit,
2868 1739 2968 1777 non
2984 1724 3173 1778 Christi
3191 1726 3408 1793 gloriam

1866 1811 2129 1873 affectare,
2162 1813 2252 1864 sed
2297 1815 2554 1878 propriam
2582 1811 2628 1879 (1
2665 1811 2811 1863 Thes.
2843 1827 2877 1864 rt
2898 1852 2914 1876 ,
2941 1812 3028 1880 6);
3057 1815 3179 1866 dum
3210 1814 3409 1867 malunt

1865 1899 1931 1948 ab
1978 1898 2272 1950 hominibus
2316 1900 2584 1965 percipere
2632 1898 2866 1963 laudem,
2905 1915 3060 1967 quam
3109 1916 3138 1953 a
3181 1901 3407 1954 Domino

1866 1994 2167 2051 exspectare
2207 1971 2532 2049 mercedi-tn;
2577 1987 2849 2053 praesentis
2890 1989 3210 2054 appetitores
3250 1989 3403 2052 lucri,

1865 2084 1917 2126 et
1967 2075 2162 2136 praemii
2203 2085 2591 2141 contemptores
2641 2078 2840 2130 aeterni.
2887 2076 3052 2139 Unde,
3097 2080 3231 2130 sicut
3267 2078 3403 2131 idem

1867 2162 2146 2229 Apostolus
2191 2163 2360 2230 (Rom.
2403 2164 2493 2228 xu)
2517 2164 2690 2228 docet,
2727 2165 2770 2217 si
2803 2164 3014 2232 paciﬁca
3035 2165 3098 2216 ad
3131 2179 3260 2230 Opus
3283 2180 3403 2218 san-

1867 2260 2004 2303 ctum
2034 2254 2435 2319 congregatione
2480 2254 2796 2316 concordes,
2833 2253 2878 2304 si
2922 2253 3036 2306 sine
3074 2253 3402 2308 simulatione

1866 2341 2157 2409 diligentes,
2182 2343 2222 2394 si
2253 2356 2367 2394 cum
2397 2343 2744 2396 sollicitudine
2773 2344 3147 2409 ministrantes,
3181 2345 3226 2396 si
3247 2346 3400 2398 unius

1866 2429 2050 2494 capitis
2072 2430 2304 2482 membra
2336 2444 2537 2494 sumus,
2567 2431 2799 2499 corporis
2820 2433 3130 2486 unanimiter
3150 2433 3398 2486 debemus

1865 2531 1981 2570 esse
2011 2527 2264 2570 rectores.
2307 2520 2436 2584 Quia
2476 2521 2637 2573 caulae
2681 2522 2855 2588 gregis
2900 2523 3146 2576 dominici
3179 2530 3399 2591 possunt

1862 2619 1979 2658 csse
2001 2607 2374 2660 numerositate
2399 2611 2592 2674 multm,
2620 2627 2722 2665 non
2742 2611 2859 2664 ﬁdei
2883 2613 3132 2666 varietate
3152 2612 3392 2668 divorsae.

1866 2692 1958 2755 Ut,
2000 2693 2136 2746 sicut
2179 2695 2289 2760 ipse
2335 2696 2584 2748 Dominus
2624 2699 2972 2763 praenuntiam
3013 2699 3250 2766 dignatus
3282 2709 3392 2764 est,

1864 2796 1966 2833 non
1997 2783 2144 2834 nobis
2175 2797 2266 2849 per
2293 2784 2539 2836 invidiam
2571 2785 2960 2848 dissidentibus,
2990 2798 3040 2840 et
3071 2803 3164 2855 per
3188 2789 3391 2842 dissen-

264 2872 332 2923 bis
355 2874 590 2927 similibus
634 2878 907 2943 praeceptis
949 2890 1010 2929 ac
1055 2875 1443 2947 [sponsionibus]
1483 2878 1760 2944 sponsibus

1866 2869 2060 2922 sionem
2089 2885 2296 2936 gregem
2337 2871 2653 2925 dominicum
2698 2874 3082 2942 dividentibus,
3123 2877 3389 2944 multiplex

260 2961 504 3017 dominicis
546 2966 898 3018 coasolemur.
948 2966 1075 3028 Quia
1121 2965 1254 3017 sicut
1297 2967 1431 3032 apud
1482 2967 1756 3018 Dominum

263 3051 410 3102 futura
433 3053 530 3117 jam
556 3053 688 3105 facta
715 3053 950 3118 sunt,'ita
982 3053 1151 3107 ﬁdelis
1182 3052 1465 3106 catholicus
1503 3055 1757 3122 promissa

260 3139 485 3200 celestia,
513 3155 628 3207 qua:
660 3150 894 3209 tempore
927 3156 1020 3194 suo
1045 3140 1302 3209 implenda
1339 3142 1573 3206 conlidit,
1605 3143 1758 3196 debet

263 3225 398 3278 etiam
433 3231 805 3294 quodammodo
826 3231 1017 3284 habere
1040 3231 1331 3297 prementia,
1362 3245 1454 3299 spe
1475 3221 1757 3299 praecipere

262 3314 498 3379 possidere
543 3317 671 3383 ﬁde,
721 3319 966 3385 operibus
994 3319 1249 3373 obtinere.
1292 3321 1412 3373 Hac
1462 3322 1599 3374 enim
1637 3329 1757 3374 sunt

261 3414 356 3466 qua
380 3405 515 3456 nobis
541 3406 790 3459 exhibent
836 3409 888 3459 in
917 3408 1227 3461 maeroribus
1254 3410 1518 3474 solatium,
1543 3409 1596 3462 in
1625 3425 1750 3464 con-

259 3494 410 3544 trariis
448 3495 698 3556 fiduciam,
741 3497 791 3548 in
823 3499 1084 3564 prosperis
1106 3500 1545 3562 moderationem;
1579 3515 1645 3553 ne
1665 3509 1755 3553 aut

259 3580 535 3634 cxtollamur
575 3581 851 3649 secundis,
877 3595 966 3636 aut
992 3585 1238 3638 cedamus
1268 3587 1519 3651 adversis,
1544 3596 1631 3640 aut
1660 3588 1753 3640 tri-

260 3667 400 3721 stibus
436 3678 812 3725 cons'umamur.
862 3673 984 3727 Haec
1035 3688 1192 3742 ergo,
1245 3675 1428 3728 fratres
1461 3679 1749 3741 carissimi,

261 3761 612 3815 transmittenda
647 3763 791 3816 vobis
817 3764 879 3816 ad
906 3779 1234 3816 communem
1256 3766 1531 3828 quamdam
1559 3779 1751 3817 conso-

260 3843 497 3912 lationem,
528 3868 627 3912 non
657 3852 771 3903 sine
801 3866 983 3916 magno
1010 3852 1166 3902 animi
1197 3851 1374 3903 dolore
1402 3852 1613 3906 dictavi.
1637 3853 1752 3906 Nec

259 3947 327 3986 me
351 3939 490 4000 paulo
514 3939 666 3989 latius
695 3940 997 4004 protrahere
1021 3952 1314 3992 sermonem
1345 3939 1606 3993 afﬂuentia
1636 3956 1751 3994 ver-

260 4023 411 4075 borum
432 4027 695 4091 compulit,
717 4026 808 4077 sed
829 4034 983 4079 aestus
995 4028 1282 4081 animorum
1305 4046 1318 4093 ;
1339 4039 1394 4082 ut
1411 4032 1745 4097 desiderium,

258 4113 370 4175 quod
411 4115 696 4168 recordatio
744 4117 1069 4182 accenderat,
1103 4123 1527 4173 commemoratio
1553 4122 1747 4174 diutina

257 4199 408 4255 crebra
453 4203 667 4269 leniret;
694 4212 744 4261 et
772 4205 820 4258 in
854 4206 950 4258 hoc
976 4210 1129 4260 etiam
1177 4224 1350 4276 parem
1379 4212 1595 4277 gratiam
1624 4228 1743 4280 erga
1772 4197 1824 4254 Ῑ)

256 4301 546 4347 communem
575 4294 731 4354 ﬁliam
762 4297 1184 4364 comprobemus,
1224 4310 1274 4352 et
1313 4300 1446 4353 sicut
1494 4317 1587 4356 nos
1634 4305 1746 4370 ejus

256 4377 339 4429 vita
361 4380 673 4448 devinxerat,
699 4385 768 4436 ita
793 4384 904 4451 ejus
925 4389 1237 4440 memoriain
1265 4390 1443 4442 eadem
1470 4391 1746 4447 dilectione

256 4469 496 4521 custodiat.

831 4580 1030 4633 EPIST.
1069 4583 1125 4633 V.

258 4657 420 4717 Damno
438 4667 632 4720 sublimi
653 4675 700 4719 et
721 4669 773 4744 in
786 4667 978 4744 Christo
994 4668 1205 4744 ροηξίῃο
1217 4674 1575 4727 deoinctissimo
1600 4681 1743 4744 fratri

723 4735 773 4787 Ν
777 4742 964 4788 amacio
989 4737 1242 4791 Ruricius.

308 4819 390 4883 Qui
424 4824 763 4878 occasionem.
795 4825 1053 4878 scribendi
1083 4842 1176 4893 pro
1205 4831 1599 4885 necessitudinis
1625 4835 1742 4901 jure

258 4912 563 4975 perquirimus
601 4911 825 4963 oblatam
850 4954 862 4977 ,
899 4918 1293 4980 przctermittere
1316 4934 1418 4974 non
1446 4923 1700 4978 debemus
1723 4943 1736 4988 ;

258 5005 299 5047 ut
347 5001 514 5055 reddat
557 5000 710 5052 nobis
762 5002 1038 5067 quamdam
1097 5011 1386 5072 praesentiae
1445 5015 1735 5078 portionem

313 5155 332 5216 ξ
353 5148 501 5205 Locus
531 5163 824 5216 corruptus.

312 5212 335 5253 δ
359 5221 405 5272 ln
423 5222 633 5296 castello
668 5212 1022 5280 Ruthenorum
1055 5230 1314 5281 montibus
1349 5232 1518 5284 cincto
1545 5233 1730 5296 altare,

261 5282 343 5364 ἱιυεξ
361 5291 617 5364 ecclesiam
640 5301 1020 5364 construxerat,
1047 5310 1106 5348 eo
1131 5306 1362 5364 tempore
1389 5282 1482 5364 quo
1497 5282 1590 5351 eis
1604 5282 1731 5352 ait-.1;

263 5353 432 5410 audebat
454 5367 664 5413 vetustas
689 5361 904 5424 sarcire;
930 5372 990 5416 ad
1009 5353 1125 5418 eam
1158 5353 1557 5421 consecrandam
1585 5369 1733 5423 Sido-

1862 2968 1954 3019 per
1979 2968 2074 3006 nos
2115 2955 2340 3007 schisma
2371 2958 2634 3022 procedat,
2666 2959 2757 3013 sed
2805 2962 2969 3028 magis
3010 2976 3104 3030 per
3141 2966 3388 3018 unitatem

1858 3043 2108 3096 doctrinae
2150 3045 2414 3112 simplices
2450 3061 2573 3101 oves
2612 3049 2899 3103 dominicas
2932 3055 3385 3120 congregantibus,

1858 3128 1946 3182 ﬁat
1973 3131 2023 3184 in
2054 3131 2206 3186 nobis
2234 3147 2365 3187 unus
2387 3149 2532 3203 grex,
2563 3146 2614 3190 et
2639 3152 2769 3190 unus
2788 3147 2963 3206 pastor
2985 3138 3159 3208 (Joan.
3191 3157 3243 3203 x,
3277 3143 3386 3210 i6),

1857 3220 1942 3287 qui
1989 3221 2124 3276 sicut
2150 3231 2230 3276 est
2255 3238 2346 3276 rex
2384 3239 2562 3293 regum
2583 3271 2596 3293 ,
2626 3237 2676 3279 et
2707 3227 2955 3282 Dominus
2986 3228 3387 3300 dominantium,

1855 3313 2099 3365 sacerdos
2118 3315 2469 3381 sacerdotum,
2499 3326 2553 3370 et
2589 3317 2818 3385 pontifex
2847 3321 3179 3386 pontiﬁcum;
3210 3323 3279 3375 ita
3306 3325 3388 3376 in-

1857 3400 2118 3467 telligatur
2146 3409 2197 3454 et
2226 3413 2400 3470 pastor
2425 3419 2542 3458 esse
2567 3414 2855 3472 pastorum.
2887 3407 3234 3472 Quamobrem
3272 3421 3383 3462 stu-

1853 3488 1942 3542 dio
1981 3491 2210 3544 caritatis
2229 3531 2245 3558 ,
2272 3509 2375 3547 non
2404 3495 2719 3562 cupiditatis,
2752 3496 2905 3565 [forte
2929 3515 3042 3551 cum
3081 3489 3179 3569 his]
3208 3503 3300 3554 bas
3319 3503 3384 3554 ad

1853 3580 2180 3633 sanctitatem
2206 3593 2430 3635 vestram
2459 3585 2820 3654 presbyterum
2857 3601 3028 3641 meum
3054 3603 3145 3654 pro
3171 3589 3382 3644 dimcesi

1853 3665 2239 3733 Gemiliacensi,
2262 3670 2399 3722 unde
2416 3671 2726 3739 jampridem
2750 3673 2899 3726 vobis
2935 3676 3270 3741 scripseram,
3292 3677 3383 3729 de-

1849 3756 2144 3819 stinavi;ne
2168 3760 2210 3810 si
2237 3761 2509 3812 tacuissem
2540 3763 2862 3829 negligentiae
2891 3764 3244 3832 deputaretur,
3276 3782 3380 3820 non

1850 3847 2165 3898 coacordiae.
2193 3848 2396 3899 Rationi
2429 3858 2452 3884 α
2480 3851 2842 3902 irrationabilis
2865 3852 3009 3905 vides
3026 3856 3248 3908 cessisse
3276 3871 3378 3909 non

1845 3935 2021 4003 pauci,
2049 3943 2104 3987 ut
2147 3936 2188 3987 si
2221 3937 2500 4002 agnoscitis
2530 3953 2649 3991 vera
2675 3952 2792 3990 esse
2817 3953 2932 4004 quae
2959 3940 3097 4005 dico,
3130 3952 3217 3995 aut
3238 3943 3376 4010 justa

1848 4023 1965 4088 quae
1989 4033 2197 4089 repeto;
2219 4039 2311 4077 nec
2335 4040 2416 4078 me
2445 4010 2680 4092 iniuriam
2701 4026 2912 4092 diutius,
2946 4042 3043 4082 nec
3064 4043 3156 4082 vos
3178 4030 3376 4098 inquie-

1849 4110 2079 4165 tudinem
2110 4109 2300 4165 diutius
2327 4115 2585 4167 susrinere
2618 4115 2899 4180 patiamini.

2443 4246 2645 4298 EPIST.
2683 4247 2785 4299 VII.

1849 4328 2047 4381 Damno
2069 4331 2266 4386 sublimi
2290 4347 2578 4402 semperque
2605 4335 2865 4401 magniﬁco
2881 4337 3025 4401 fratri
3042 4335 3203 4402 Elaﬁo
3224 4336 3381 4391 Ruri-

2382 4401 2486 4452 cius
2519 4401 2543 4438 δ
2569 4402 2842 4468 episcopus.

1917 4485 1987 4537 Ita
2019 4484 2237 4551 propitio
2269 4486 2374 4539 Deo
2402 4502 2617 4554 operum
2654 4498 2857 4542 tuorum
2888 4489 3020 4542 fama
3057 4494 3368 4557 percrebuit,

1849 4582 1899 4624 ut
1925 4587 2106 4624 omnes
2134 4572 2183 4625 in
2218 4574 2479 4628 laboribus
2505 4577 2765 4629 constituti
2794 4580 3144 4633 commendari
3172 4597 3228 4635 se
3254 4598 3367 4649 ger.

1851 4661 2084 4712 manitati
2131 4670 2315 4712 vestrae
2342 4664 2481 4714 omni
2521 4680 2725 4731 precum
2760 4665 3040 4719 ambitione
3069 4668 3366 4733 deposcant.

1848 4750 1975 4813 Quia
1998 4749 2342 4830 fatigatipnem
2363 4766 2506 4805 suam
2529 4753 2662 4820 apud
2683 4768 2773 4804 vos
2789 4754 3029 4809 effectum
3055 4756 3244 4811 habere
3265 4774 3365 4812 non

1847 4837 2101 4890 dubitant.
2135 4838 2279 4892 Unde
2302 4842 2453 4893 etiam
2486 4845 2700 4908 portitor
2727 4843 2931 4908 barum,
2964 4848 3167 4900 nomine
3195 4847 3367 4912 Ulﬁla,

1843 4939 1996 4992 quem
2019 4924 2140 4977 mihi
2174 4936 2194 4963 α
2229 4926 2520 4981 Fraretrius
2565 4931 2835 4997 presbyter
2870 4935 2978 4985 suis
3012 4934 3194 4987 litteris
3220 4949 3364 4988 oom~

1845 5014 2129 5079 mendavit,
2160 5016 2223 5067 ad
2250 5030 2341 5069 vos
2370 5019 2812 5070 commeiidatitias
2846 5021 3141 5085 postulavit,
3176 5036 3306 5088 quas
3322 5030 3367 5078 ci

1841 5166 1981 5239 nium
2009 5167 2259 5239 invitavit,
2296 5182 2348 5223 ut
2379 5179 2518 5236 patet
2541 5189 2602 5224 ex
2626 5171 2735 5238 ejus
2756 5187 2839 5239 ep.
2866 5173 2947 5230 15.
2981 5171 3015 5222 Ι.
3049 5185 3117 5232 tv.
3139 5173 3224 5226 alii
3245 5187 3365 5230 eum

1840 5235 2132 5308 Eriphium,
2167 5240 2320 5300 male,
2354 5241 2404 5292 ni
2429 5240 2595 5306 fallor,
2633 5235 2911 5308 a’ppeliant.
2943 5239 3098 5292 BASN.

1907 5315 1925 5340 ο
1961 5303 2051 5356 Vel
2083 5303 2377 5361 Frasetrius.
