3854 6228
527 236 593 289 37
1813 227 2058 283 RURICII
2099 229 2399 284 EPISCOPI
3620 231 3688 284 88

525 351 580 393 et
603 355 698 410 pro
719 340 952 408 jussione
975 341 1168 405 divina,
1192 348 1242 392 et
1260 353 1353 406 pro
1365 339 1598 405 jussione
1619 346 1797 390 mutua
1823 339 2044 392 libenter
2069 353 2116 406 Α
2144 341 2261 408 quia
2288 340 2512 393 eruditio
2535 349 2708 394 nostra
2738 354 2937 393 merces
2965 349 3132 394 vestra
3173 350 3282 404 est;
3311 338 3336 377 δ
3365 351 3415 394 et
3455 349 3689 408 tempora

526 430 733 491 indulsi.
777 430 971 495 Quibus
998 429 1278 483 individua:
1309 427 1512 481 caritati
1543 437 1733 482 vestras
1767 429 1912 482 salve
1939 429 2053 496 plu-

527 517 715 571 rituum
756 518 902 578 dico,
940 527 993 570 et
1028 516 1294 583 praefatum
1332 531 1428 584 pro
1464 516 1738 570 affectione
1775 532 2052 584 germana,

525 623 630 661 non
672 622 765 675 pro
817 593 1455 684 pontiﬁcali‘auctoritate
1508 606 1877 661 commendare
1922 622 2055 674 prte-

523 698 740 764 sumpsi.
771 697 899 760 Quia
945 697 996 749 in
1037 706 1309 760 peccatore
1339 697 1532 749 amittit
1570 695 1796 763 dignitas
1833 695 2045 763 dignita-

524 795 656 848 tem;
686 784 769 837 cui
801 785 966 836 honor
1005 784 1262 837 indebitus
1287 783 1434 837 oneri
1472 793 1557 838 est
1583 785 1753 850 potius
1780 799 1934 852 quam
1963 783 2056 835 Ito-

523 875 657 927 uori.
687 875 834 939 Quod
863 875 984 929 licet
1013 875 1157 927 vobis
1185 875 1387 942 placere
1419 889 1512 942 pro
1535 882 1708 927 nostra
1729 873 2056 926 devinctione

522 956 798 1026 confidam,
821 972 992 1017 tamen
1019 963 1063 1016 si
1086 963 1204 1027 quid
1233 962 1383 1014 nobis
1403 964 1512 1016 veri
1541 963 1626 1016 vel
1658 963 1835 1015 vicarii
1861 961 2056 1016 amoris

525 1047 846 1118 impenditis,
874 1065 1028 1117 spero
1051 1049 1372 1103 condoleatis
1399 1050 1565 1118 potius
1588 1063 1739 1116 quam
1761 1046 2052 1114 gaudeatis.

481 1181 484 1185 ν
526 1142 654 1204 Quia
698 1141 962 1208 indignum
990 1155 1104 1200 me,
1132 1148 1184 1192 et
1225 1140 1428 1206 penitus
1469 1152 1574 1190 non
1616 1146 1902 1190 merentem
1954 1149 2054 1186 non

527 1232 718 1285 attollit
742 1244 827 1282 res
853 1237 1013 1293 tanta,
1038 1227 1129 1280 sed
1159 1227 1423 1289 deprimit.

1107 1378 1313 1432 EPIST.
1343 1377 1472 1432 VIII.

535 1488 745 1541 Domino
783 1497 954 1540 sancto
987 1483 1034 1542 ei
1083 1488 1355 1555 apostolico
1392 1496 1436 1538 et
1475 1487 1598 1538 mihi
1635 1501 1738 1553 prar
1779 1485 1970 1537 celeris
2005 1485 2057 1535 in

599 1555 793 1613 Christo
837 1556 1045 1607 Domino
1087 1554 1226 1606 cultu
1268 1554 1538 1620 alfectnque
1566 1555 1862 1619 peculiarius
1904 1568 2055 1605 exco-

596 1625 774 1688 lendo,
811 1636 1018 1686 patrono
1038 1633 1083 1676 et
1100 1638 1245 1690 papa
1281 1625 1434 1675 Aenio
1463 1634 1489 1659 ιι
1519 1621 1752 1674 Ruricius
1773 1623 2052 1688 episcopus.

541 1743 544 1746 ’
598 1753 951 1819 Quotiensque
1001 1750 1157 1818 [forte
1182 1747 1590 1818 quotiescunque]
1624 1749 1920 1816 quicunque
1942 1760 2063 1799 sane

529 1851 643 1896 ctos
674 1853 758 1894 aut
798 1841 1115 1907 apostolicos
1145 1840 1285 1892 viros
1313 1852 1441 1906 quos
1482 1837 1853 1891 misericordia:
1878 1849 2058 1902 Opera,

527 1944 744 1997 operum
796 1930 978 1980 merita
1000 1970 1014 1993 ,
1047 1927 1350 1979 meritorum
1381 1927 1485 1977 vita
1526 1923 1874 1990 commendat,
1905 1931 2060 1989 atque

531 2019 763 2069 omnium
786 2017 1030 2068 virtutum
1053 2015 1186 2068 fama
1207 2014 1532 2075 disseminat,
1549 2027 1898 2066 aerumnarum
1925 2013 2060 2065 mole

533 2103 766 2169 depressi
791 2113 1043 2171 coguntur
1070 2115 1336 2170 expetere,
1363 2103 1484 2157 dum
1508 2104 1792 2157 litterarum
1819 2112 2061 2170 quarunt

532 2189 699 2243 labori
743 2205 871 2254 suo,
914 2191 1220 2244 beneficium
1256 2191 1527 2244 conferunt
1563 2190 1826 2244 desiderio
1858 2199 2058 2242 nostro.

535 2277 595 2329 Et
620 2291 736 2330 cum
760 2281 826 2329 sit
851 2277 1059 2330 illorum
1091 2279 1236 2330 labor
1265 2286 1440 2331 noster
1468 2277 1649 2340 dolor,
1682 2279 1736 2328 Iit
1765 2285 1936 2329 tamen
1969 2292 2061 2343 per

530 2357 705 2418 officii
735 2366 1068 2420 collationem
1121 2380 1302 2434 eorum
1350 2368 1635 2418 necessitas
1678 2364 2061 2431 quodammodo

526 2456 715 2507 caritas
740 2464 938 2520 nostra,
984 2470 1082 2522 qua
1112 2455 1233 2506 dum
1262 2456 1490 2521 ipsorum
1521 2453 1895 2520 acquiescimus
1925 2454 2063 2522 peti-

529 2545 680 2608 tioni,
705 2555 896 2596 nostra:
922 2543 1269 2596 satisfacimus
1297 2543 1570 2605 voluntati,
1601 2550 1654 2594 et
1678 2546 1747 2595 ita
1778 2543 1836 2594 fit
1861 2552 1916 2595 ut
1941 2559 2060 2612 ege-

527 2643 638 2688 stas
685 2634 907 2701 petentis
944 2635 1012 2686 sit
1058 2633 1326 2701 largientis
1356 2634 1570 2685 utilitas.
1602 2633 1768 2688 Fratri
1810 2636 1982 2702 itaque
2007 2646 2060 2688 et

527 2723 953 2790 compresbytero
1000 2731 1209 2786 nostro,
1251 2723 1542 2776 Possessori
1586 2724 1832 2788 nomine,
1881 2722 1908 2760 ι’
1957 2740 2060 2792 quo

515 2814 644 2879 pius
666 2823 746 2866 est
789 2814 994 2879 potius,
1043 2829 1195 2881 quam
1244 2814 1509 2877 facultate;
1556 2815 1674 2881 quia
1715 2814 1851 2882 quod
1881 2813 2060 2868 habuit

531 2916 624 2970 pro
647 2903 818 2955 fratris
843 2903 1202 2970 redemptione
1226 2904 1470 2970 profudit,
1495 2903 1658 2956 factus
1686 2911 1767 2956 est
1791 2917 2059 2969 possessor

530 2991 789 3055 paradisi,
817 2990 938 3043 dum
985 2993 1316 3058 proprietatis
1340 2993 1516 3044 saeculi
1559 2991 1750 3044 desinit
1782 3006 1898 3046 esse
1939 3007 2056 3058 pos-
2085 3015 2128 3075 ρ

528 3092 721 3132 sessor.
747 3079 824 3131 Ad
848 3080 1188 3146 apostolatum
1211 3090 1438 3132 vestrum
1479 3079 1929 3132 commettdatitias
1960 3095 2045 3144 po-

529 3167 736 3218 stulanti
775 3168 996 3220 libenter
1040 3167 1246 3220 indulsi.
1293 3167 1452 3235 Cujus
1498 3169 1859 3220 necessitatem
1899 3170 1942 3220 si
1977 3168 2056 3218 di-

528 3263 710 3322 gnatur
740 3255 940 3322 plenius
960 3258 1207 3309 sanctitas
1233 3265 1404 3308 vestra
1425 3269 1759 3322 cognoscere,
1783 3255 2054 3320 epistolam

529 3358 682 3408 quam
711 3345 774 3396 ad
807 3345 1144 3403 humilitatem
1173 3359 1340 3396 meam
1370 3344 1530 3396 frater
1558 3357 1735 3400 noster
1783 3345 2056 3398 Eumerius

529 3430 802 3496 cpiscopus
829 3445 924 3496 per
950 3432 1115 3496 ipsum
1148 3430 1357 3496 direxit,
1386 3430 1513 3482 tanti
1535 3429 1718 3483 habeat
1750 3445 2054 3494 recensere;

532 3525 584 3567 ct
609 3517 748 3568 illico
773 3525 1019 3582 agnoscet
1052 3518 1270 3583 qualiter
1295 3517 1390 3583 ipsi
1430 3517 1614 3570 debeat
1643 3526 1694 3571 et
1723 3533 1813 3584 pro
1839 3532 2056 3572 consue-

532 3605 708 3658 tudine
751 3606 1053 3669 COnsulere,
1100 3616 1152 3658 et
1182 3621 1275 3673 pro
1303 3607 1519 3659 caritate
1548 3617 1725 3659 mutua
1755 3609 2053 3662 condolere.

533 3692 628 3756 Qui
661 3701 716 3744 ut
743 3694 950 3746 fratrem
977 3694 1042 3746 ab
1065 3695 1299 3747 hostibus
1327 3694 1568 3747 redderet
1600 3695 1839 3758 liberum,
1867 3710 1924 3748 se
1944 3712 2057 3749 cre-

534 3785 755 3856 ditorum
778 3783 956 3834 maluit
982 3797 1099 3836 esse
1127 3785 1406 3850 captivum,
1429 3792 1482 3838 et
1508 3796 1561 3837 ut
1590 3785 1678 3838 ille
1698 3786 2054 3839 crudelissima

533 3879 697 3922 morte
723 3885 827 3922 non
870 3871 1159 3937 privaretur
1189 3871 1310 3935 vita,
1341 3873 1450 3938 ipse
1475 3877 1698 3928 extorris
1730 3883 1808 3928 est
1837 3876 1999 3928 factus
2028 3891 2057 3928 e

533 3961 716 4026 patria.

601 4047 772 4101 Sancti
811 4049 1029 4115 apostoli
1063 4049 1202 4102 Pauli
1242 4053 1550 4103 sententiam
1582 4062 1604 4089 ο
1642 4055 2012 4105 coiistituentes
2038 4097 2051 4117 ,

533 4150 629 4198 qua
658 4132 903 4186 Romanis
951 4135 1182 4187 scribens
1210 4135 1280 4186 ait
1308 4152 1321 4186 :
1377 4135 1512 4186 Nolo
1557 4152 1640 4187 vos
1669 4138 1918 4204 ignorme,
1953 4144 2052 4205 [ra-

535 4236 650 4284 tres,
679 4223 794 4288 quia
819 4237 946 4287 sirpe
977 4224 1210 4287 proposui
1240 4224 1401 4273 venire
1447 4224 1511 4273 ad
1540 4238 1640 4289 ros,
1673 4226 1756 4274 sed
1785 4225 2056 4284 prohibitus

2153 431 2363 483 collatio
2392 429 2635 483 desiderii
2663 431 2838 494 vestri,
2869 431 3026 485 vestri
3055 441 3130 484 est
3151 431 3405 484 sermonis
3451 429 3687 484 affectus.

2155 517 2230 569 Ita
2257 519 2395 570 enim
2423 519 2605 582 paucis
2633 518 2835 581 diebus,
2872 533 3001 584 quos
3030 520 3156 572 mihi
3186 534 3307 572 vere
3332 529 3384 571 et
3421 533 3612 585 paucos
3639 530 3692 571 et

2155 606 2492 659 brevissimos
2515 617 2685 659 veSIer
2712 606 2835 659 fecit
2854 606 3085 672 affectus,
3111 609 3231 662 dum
3256 607 3693 672 contemplatione

2155 702 2327 747 vestra
2358 709 2459 745 non
2487 695 2655 746 solum
2686 694 2862 746 satiari
2893 705 3070 748 uoster
3099 697 3297 764 nequit,
3327 711 3505 750 verum
3534 695 3691 748 etiam

2155 781 2379 834 videndo
2407 783 2568 849 magis
2597 781 2888 835 exardescit
2915 783 3168 846 intuitus;
3193 798 3309 835 cum
3343 798 3438 836 nos
3470 791 3524 834 et
3554 782 3693 835 desi-

2155 871 2454 924 deraremus
2485 881 2783 938 praesentes,
2814 882 2867 926 et
2906 873 2969 926 ad
3000 873 3097 927 hoc
3117 889 3291 927 coram
3318 876 3514 942 positos
3547 889 3694 941 qua:-

2155 976 2387 1013 reremus
2411 977 2425 1022 ;
2449 977 2630 1026 sensus
2658 972 2862 1015 nostros
2889 961 3032 1017 fonte
3061 963 3338 1030 purissimo
3368 963 3575 1031 benigni
3599 978 3692 1029 pe-

2155 1052 2315 1101 ctoris
2343 1050 2610 1114 irrigastis,
2637 1059 2692 1102 ut
2713 1049 2999 1117 quamlibet
3023 1050 3160 1103 nulla
3179 1051 3366 1103 deinde
3395 1052 3562 1104 sancti
3583 1052 3692 1102 oris

2157 1150 2368 1190 munera
2401 1137 2626 1203 pretiosa
2651 1139 2994 1204 perciperem,
3028 1141 3356 1206 praesentiam
3399 1148 3569 1193 tamen
3602 1154 3693 1207 ve-

2156 1233 2319 1294 stram
2349 1224 2482 1276 intra
2523 1226 2712 1276 mentis
2751 1239 2880 1277 mea:
2930 1239 3120 1278 arcana
3153 1227 3468 1293 possideam,
3499 1212 3552 1280 et
3577 1226 3692 1280 efti-

2155 1316 2289 1382 giem
2327 1323 2550 1368 vestram
2588 1315 2639 1366 in
2678 1317 2887 1381 speculo
2932 1315 3034 1369 mei
3065 1317 3237 1370 cordis
3272 1317 3508 1380 intuear,
3535 1333 3691 1386 quam

2158 1403 2244 1454 illa
2275 1412 2358 1455 tua
2387 1403 2575 1455 caritas
2616 1404 2843 1470 perfecta
2890 1403 3143 1471 depinxit,
3196 1414 3251 1458 ut
3289 1407 3478 1459 nullius
3524 1408 3694 1460 astatis

2156 1492 2420 1546 oblivione
2470 1494 2632 1558 pos:it
2676 1493 2871 1556 deleri;
2900 1493 3018 1561 quia
3046 1494 3152 1562 jugi
3181 1496 3540 1549 recordatione
3582 1511 3692 1548 mo-

2157 1583 2344 1634 mentis
2386 1582 2604 1648 singulis
2645 1583 2940 1635 innovatur.
2992 1583 3105 1637 Illic
3145 1585 3284 1637 enim
3331 1585 3599 1638 vobiscum
3628 1600 3692 1637 es

2094 1690 2136 1747 Β
2163 1668 2535 1722 consuetudine
2561 1669 2761 1734 pietatis
2789 1681 2977 1723 vestra:
2997 1659 3249 1725 secretius
3271 1673 3560 1742 colloqitnr.
3583 1673 3642 1726 Ill
3665 1689 3692 1726 c

2160 1755 2316 1809 etiam
2333 1757 2398 1810 de
2427 1756 2541 1808 vita:
2570 1757 2800 1810 melioris
2820 1757 3144 1812 institutione
3167 1769 3444 1824 pertracto.
3465 1761 3576 1814 Illic
3596 1776 3694 1813 vos

2160 1843 2310 1898 labiis
2354 1844 2542 1897 mentis
2582 1846 2876 1911 exosculor,
2920 1855 2972 1901 et
3005 1847 3241 1921 manibus
3283 1849 3457 1902 cordis
3495 1850 3694 1916 ample-

2153 1939 2290 1986 ctnr.
2318 1930 2433 1996 Quo
2456 1930 2530 1995 fit,
2558 1941 2613 1983 ut
2633 1946 2756 1985 vera
2785 1932 3014 1998 dilectio,
3039 1949 3156 2000 quas
3175 1935 3226 1987 in
3256 1935 3538 1990 visceribus
3560 1940 3694 1990 meis

2157 2019 2270 2072 viva
2299 2019 2471 2072 vultus
2500 2020 2659 2072 vestri
2687 2021 2992 2088 figuratione
3015 2023 3237 2074 nutritur
3261 2033 3314 2076 et
3346 2023 3575 2090 igniculo
3603 2038 3693 2076 ca-

2159 2108 2326 2160 ritatis
2354 2107 2673 2173 actenditur,
2704 2109 2896 2162 amoris
2921 2110 3080 2162 vestri
3112 2110 3518 2163 vicissitudinem
3563 2111 3693 2163 milii

2158 2196 2509 2262 repromittat,
2541 2204 2593 2248 et
2624 2197 2828 2248 animus
2862 2211 3009 2250 meus
3037 2197 3159 2249 mihi
3187 2198 3343 2250 animi
3374 2199 3528 2252 vestri
3559 2199 3692 2250 lide-

2154 2281 2328 2348 jussor
2354 2283 2592 2345 assistat;
2625 2282 2747 2334 dum
2778 2290 3024 2348 quantum
3053 2283 3287 2346 mjhi.de
3314 2283 3461 2336 vobis
3487 2300 3712 2350 praesu-~

2160 2387 2304 2425 mere
2330 2371 2580 2432 debeam.
2627 2373 2892 2424 conscium
2936 2381 3126 2424 mutua:
3175 2372 3469 2426 dilectionis
3505 2384 3694 2441 pectus

2161 2461 2439 2527 interrogo.
2473 2457 2619 2534 Unde
2647 2460 2904 2512 scribendi
2928 2461 3051 2512 mihi
3084 2460 3223 2514 aditu
3245 2461 3568 2515 orationibus
3593 2478 3689 2516 ve-

2158 2549 2280 2602 stris
2301 2547 2507 2604 tandem
2549 2549 2826 2615 aliquando
2873 2559 3125 2614 reserato,
3159 2551 3292 2602 lianc
3322 2551 3691 2604 salutationem

2159 2634 2360 2696 defero,
2391 2642 2443 2685 et
2469 2636 2897 2689 intercessionem
2931 2634 3263 2703 peccatorum
3295 2641 3522 2706 requiro.
3557 2638 3692 2692 Illud

2158 2720 2368 2786 speciali
2393 2736 2546 2788 prece
2568 2722 2874 2788 deposcens.
2900 2730 2955 2774 ut
2981 2723 3390 2782 misericordiam
3409 2725 3500 2777 Dei
3523 2728 3692 2777 nostri

2158 2810 2382 2862 assiduis
2413 2810 2748 2874 petitionibus
2779 2810 3017 2878 ﬂagitetis
3044 2813 3285 2866 omnibus
3313 2814 3512 2867 delictis
3537 2816 3692 2878 meis,

2157 2909 2313 2964 atque
2337 2898 2600 2961 omnibus,
2631 2899 3003 2964 Opitulantibus
3048 2901 3194 2953 vobis
3235 2902 3690 2955 consuetudinaria

2158 2985 2431 3039 clementia
2463 2997 2513 3038 et
2541 2990 2748 3053 capiosa
2795 2987 3057 3050 bonitate,
3088 2989 3310 3052 delictis,
3342 2989 3448 3059 etsi
3489 3005 3590 3043 non
3622 2991 3691 3042 ad

2160 3076 2294 3127 idem
2327 3079 2616 3142 prmmium,
2641 3076 2822 3128 saltem
2850 3076 2913 3128 ad
2935 3078 3172 3130 eumdem
3198 3090 3292 3128 nos
3318 3085 3519 3143 putlum
3543 3078 3644 3144 qui:
3667 3103 3691 3116 -

2156 3166 2218 3216 tis
2245 3165 2426 3230 jubeat
2458 3163 2761 3230 pervenire;
2791 3173 2845 3216 ut
2884 3175 3138 3230 quatenus
3176 3166 3258 3216 hic
3288 3174 3496 3229 propter
3520 3165 3690 3231 Spatia

2155 3251 2424 3316 interjccta
2453 3263 2710 3304 terrarum
2740 3251 2906 3304 oculis
2930 3254 3163 3319 corporis
3182 3252 3371 3319 saepius
3395 3266 3490 3305 nos
3511 3254 3691 3307 videre

2155 3356 2259 3394 non
2288 3355 2582 3407 possumus,
2627 3342 2708 3394 vel
2737 3341 2929 3393 ibidem
2955 3341 3023 3394 de
3049 3351 3224 3395 mutua
3255 3343 3528 3408 praesentia
3560 3357 3689 3411 gau-

2156 3431 2401 3491 deamus;
2433 3437 2486 3480 tit
2518 3431 2724 3497 quando
2767 3429 2910 3481 vobis
2930 3444 2957 3479 a
2977 3429 3130 3496 justo
3151 3428 3327 3483 Judice
3369 3430 3690 3483 retribuatur

2155 3531 2344 3569 corona
2384 3518 2709 3580 meritorum,
2756 3517 2879 3568 mihi
2917 3531 2946 3569 a
2989 3517 3221 3585 piissimo
3258 3518 3608 3584 redemptore,
3634 3529 3691 3570 et

2155 3605 2404 3657 advocato
2427 3603 2802 3671 perfectissimo
2832 3613 2854 3639 ο
2876 3605 3271 3656 commissorum
3295 3605 3442 3657 venia
3470 3619 3572 3658 non
3595 3621 3690 3658 ne-

2155 3708 2324 3754 getur.
2370 3693 2482 3762 Ipse
2506 3704 2626 3747 ante
2650 3694 2897 3761 judicium
2927 3695 3211 3758 peccatoris
3259 3709 3411 3761 agere
3437 3694 3685 3761 dignetur

2154 3799 2395 3848 causam,
2441 3799 2505 3835 ne
2552 3785 2601 3835 in
2645 3770 2846 3851 judicio
2882 3785 3060 3850 puniat
3100 3783 3325 3850 culpam,
3370 3784 3486 3850 quia
3533 3785 3684 3836 novit

2153 3876 2340 3944 quippe
2368 3875 2696 3942 omnipotens
2723 3887 2818 3926 nec
2846 3873 2896 3924 in
2923 3872 3152 3924 bonitate
3191 3872 3481 3924 clementiae
3499 3870 3684 3938 judicii

2156 3964 2371 4029 perdere
2399 3965 2693 4027 veritatem,
2725 3976 2818 4014 nec
2844 3961 3022 4027 judicii
3070 3961 3346 4013 severitate
3388 3959 3687 4013 clementitr

2154 4053 2396 4102 amittere
2424 4051 2730 4103 bonitatem.
2764 4051 2824 4102 Et
2855 4051 2971 4102 ideo
3004 4064 3095 4116 per
3137 4049 3446 4102 ineffabilem
3479 4050 3690 4102 miseri-

2153 4139 2345 4190 cordia}
2359 4152 2419 4189 ac
2439 4140 2640 4189 virtutis
2663 4140 3015 4203 operationem
3045 4138 3196 4191 vobis
3223 4149 3472 4206 praestare
3502 4138 3688 4205 digne-

2155 4236 2260 4288 tur,
2286 4235 2341 4277 ttt
2368 4235 2498 4290 quos
2536 4227 2619 4276 hic
2649 4227 2866 4278 veritate
2903 4227 3202 4293 conjunxit,
3233 4228 3336 4280 illic
3362 4229 3688 4282 habitatione

536 4325 644 4359 sum
674 4324 824 4375 usque
843 4309 1005 4358 adhuc
1030 4307 1200 4374 (Rom.
1233 4323 1268 4362 ι.
1299 4309 1419 4375 13);
1446 4317 1498 4361 et
1525 4324 1619 4361 nos
1657 4313 1828 4363 dicere
1860 4312 2054 4376 pudore
2084 4323 2133 4379 ι)
2157 4329 2261 4365 non
2285 4325 2516 4380 separet;
2543 4314 2931 4378 promissionem
2955 4325 3180 4366 vestram
3203 4317 3438 4368 recolens
3457 4318 3687 4381 peculia-

538 4398 810 4461 instigante
839 4397 1230 4462 compellimur:
1255 4397 1495 4449 Crebrius
1515 4397 1768 4449 voluimus
1797 4398 1862 4448 ad
1886 4399 2056 4450 since-

536 4484 792 4534 rissimam
821 4484 1059 4550 pietatem
1081 4496 1309 4536 vestram
1337 4487 1526 4552 scripta
1557 4486 1800 4553 dirigere,
1820 4486 1909 4539 sed
1941 4501 2057 4552 pru-

539 4558 886 4622 ltibitisumus
925 4585 1084 4636 usque
1129 4587 1290 4635 nunc;
1343 4573 1645 4636 prohibente
1681 4573 1922 4625 nimirum
1971 4574 2060 4624 illo

536 4658 621 4723 qui
645 4658 793 4709 bona:
821 4658 1064 4711 voluntati
1091 4644 1361 4713 consuevit
1387 4676 1593 4728 semper
1621 4661 1895 4726 obsistere,
1930 4664 2059 4713 invi-

538 4749 664 4800 dens
690 4749 888 4800 scilicet
910 4749 1153 4814 profectui
1178 4761 1374 4810 nostro,
1407 4760 1458 4802 et
1481 4750 1684 4803 affectui
1714 4763 1905 4816 vestro,
1932 4769 1946 4814 ;
1977 4753 2054 4802 af-

538 4837 687 4888 fectui
719 4850 894 4888 nostro
914 4847 966 4889 et
991 4839 1235 4904 profectui
1275 4849 1466 4890 vestro.
1500 4839 1754 4905 Profectui
1787 4855 1966 4892 nostro
2006 4848 2057 4890 et

535 4925 737 5002 aﬂectui
786 4919 987 4987 ves‘tro;
1033 4928 1149 4992 quia
1200 4927 1431 4978 doctrina
1479 4936 1646 4979 vestra
1698 4928 1918 4980 eruditio
1960 4941 2057 4979 no-

534 5019 637 5066 stra
666 5024 764 5078 est,
793 5021 847 5065 et
871 5014 1088 5078 epistola
1124 5024 1300 5066 nostra
1322 5014 1610 5066 consolatio
1636 5015 1876 5067 desiderii
1900 5013 2056 5066 vestri

533 5114 646 5166 est;
675 5113 727 5156 et
754 5115 934 5154 rursus
969 5102 1216 5170 profectui
1263 5113 1434 5156 vestro
1479 5113 1530 5156 et
1582 5104 1782 5158 afl'ectui
1837 5117 2054 5167 nostro;

601 5265 625 5289 ι
656 5256 776 5319 Leg.
819 5254 1037 5313 Ennio.
1089 5255 1174 5318 qui
1216 5256 1305 5306 fuit
1345 5270 1407 5306 ρο
1449 5265 1678 5320 tempore
1729 5257 2054 5308 Arelatensis

532 5323 830 5391 episcopus,
863 5331 916 5375 et
962 5334 1014 5372 ut
1043 5329 1218 5382 aiunt,
1268 5325 1488 5377 vicarius
1533 5327 1788 5391 pontificis
1830 5325 2050 5377 Romani

536 5403 623 5454 jer
649 5389 859 5440 Gallias.
892 5391 1043 5440 Bssa.

598 5452 626 5490 δ
654 5456 752 5508 Ms.
780 5458 987 5521 vitiose,
1017 5458 1147 5523 quo’d
1171 5460 1311 5522 prjus
1341 5468 1429 5510 est.

2157 4401 2265 4453 rius
2290 4415 2432 4467 rogo,
2454 4391 2518 4451 'ut
2545 4401 2753 4451 fratrem
2787 4399 3075 4452 Pomerium
3106 4403 3354 4454 sanctitas
3374 4411 3544 4453 vestra
3574 4416 3684 4455 non

2159 4491 2326 4543 solum
2352 4503 2454 4542 non
2485 4489 2723 4548 retineat,
2745 4503 2922 4538 verum
2954 4490 3106 4540 etiam
3136 4489 3197 4538 ad
3222 4502 3315 4540 nos
3335 4489 3512 4541 venire
3539 4503 3686 4542 com-

2161 4578 2336 4643 pellat,
2369 4586 2668 4641 partemque
2697 4589 2843 4628 suam
2883 4575 3030 4627 nobis
3056 4576 3106 4628 in
3128 4575 3396 4627 dividuum
3415 4576 3688 4644 utriusque

2161 4663 2494 4716 transmittat.
2526 4661 2628 4714 Nec
2658 4675 2776 4713 eum
2797 4676 2827 4712 a
2849 4661 2993 4714 vobis
3016 4661 3304 4724 discedere,
3326 4663 3368 4713 si
3397 4662 3459 4713 ad
3485 4677 3570 4715 me
3594 4678 3687 4717 ac-

2157 4753 2394 4815 cesserit,
2418 4751 2678 4816 judic’etis,
2701 4750 2818 4815 quia
2845 4759 2898 4801 et
2922 4765 3013 4802 vos
3043 4750 3126 4802 hic
3154 4749 3382 4802 inveniet
3419 4750 3471 4802 in
3500 4765 3606 4814 me,
3630 4763 3687 4805 et

2157 4855 2271 4893 cum
2300 4856 2364 4893 eo
2393 4856 2505 4902 vos,
2527 4841 2785 4893 residente
2811 4853 3048 4905 corpore,
3077 4849 3130 4890 ut
3169 4839 3495 4903 conﬁdimus,
3519 4843 3687 4895 corde

2159 4929 2392 4980 venietis.
2416 4927 2514 4978 Sed
2536 4937 2587 4978 et
2613 4927 2730 4978 inde
2755 4941 2854 4978 non
2881 4941 3088 4991 parvum
3112 4927 3328 4978 fructum
3358 4927 3547 4980 habere
3591 4943 3687 4994 po-

2159 5017 2345 5078 teritis,
2376 5014 2419 5066 si
2451 5014 2712 5065 rusticitas
2747 5023 2921 5066 nostra
2960 5015 3189 5068 doctrina
3215 5015 3375 5083 ipsius
3399 5015 3608 5086 aliquid.
3629 5016 3685 5069 in

2160 5103 2250 5156 Dei
2280 5105 2467 5155 timore
2497 5101 2788 5167 profecerit.

2225 5264 2248 5291 °
2279 5255 2426 5305 Prius
2443 5255 2554 5304 erat
2579 5253 2630 5303 in
2663 5267 2757 5304 tns.
2789 5263 3090 5307 routucnter.

2223 5324 2250 5358 ⁴
2285 5321 2368 5400 Et.
2394 5337 2582 5400 semper
2623 5322 2891 5373 consolatio
2941 5321 3173 5400 desiderii
3216 5322 3390 5387 nostri,
3436 5321 3576 5375 patri
3607 5337 3680 5375 est

2156 5390 2393 5442 sermonis
2417 5388 2642 5450 olfeclus.

2225 5467 2246 5492 ο
2273 5456 2363 5509 Ms.
2389 5459 2752 5522 ommissorum,
2781 5457 2911 5511 forte
2951 5460 3258 5510 amissorum.
