3854 6228
257 161 332 218 89

805 273 1011 329 EPIST.
1070 272 1158 326 IX.

243 387 433 437 Domno
465 383 623 432 anima
667 397 767 434 sure
808 393 854 434 et
893 379 945 433 in
987 381 1183 435 Christo
1215 378 1426 432 Domino
1471 378 1734 431 visceribus

360 452 600 502 excolendo
630 450 854 502 Pomaria
880 450 1042 502 abbati
1070 449 1304 501 Ruricius
1333 453 1608 517 episc0pus.

298 557 549 620 Sapientes
569 554 738 608 smculi
759 556 955 609 aruit-os
973 557 1102 609 duos
1119 572 1272 609 unam
1295 557 1517 608 animam
1543 555 1733 607 habere

230 646 494 704 dixerunt.
537 645 668 712 quod
695 659 788 712 ego
833 647 987 699 etiam
1027 645 1386 698 ecclesiastico
1436 644 1731 696 testimonio

227 748 398 786 verum
445 746 549 786 esse
600 732 871 795 conﬁrmo,
919 733 1053 799 quod
1077 733 1186 784 ait:
1215 731 1528 784 Credentium
1566 740 1729 782 autem

221 835 321 873 erat
340 823 498 873 animo
516 831 557 873 et
582 838 670 873 cor
707 837 858 873 unum
905 822 1035 890 (Act.
1070 837 1140 884 tv,
1187 819 1299 888 32).
1346 821 1514 874 Unum
1555 821 1728 884 utique

215 913 446 976 caritate,
470 928 562 965 non
589 927 836 973 numero;
866 922 918 966 et
951 913 1066 965 ﬁdei
1096 912 1448 978 simplicitate,
1491 925 1593 962 non
1620 911 1728 962 sin-

213 1002 478 1067 gularitate
521 1015 773 1068 personae.
822 984 928 1054 lloc
981 1015 1105 1069 ergo
1158 1000 1386 1067 praedico
1428 1000 1723 1067 proboque;

211 1103 325 1140 nam
357 1103 420 1140 ex
445 1104 537 1156 quo
561 1105 588 1141 a
637 1097 806 1142 vestra
847 1089 1183 1142 unanimitate
1217 1090 1457 1152 discessi,
1501 1089 1723 1140 divisum

208 1190 322 1231 esse
347 1192 428 1230 me
466 1178 664 1239 sentio,
721 1188 1024 1246 partemque
1067 1192 1233 1230 meam
1276 1178 1540 1231 vobiscum
1586 1192 1726 1228 rese-

205 1264 341 1316 disse
365 1278 632 1332 cognosco.
665 1265 768 1318 Nec
794 1265 1095 1318 absentibus
1129 1265 1291 1329 vobis,
1325 1265 1578 1332 integrum
1608 1280 1724 1318 esse

201 1352 279 1405 me
306 1353 488 1415 credo;
515 1362 565 1406 et
594 1368 715 1405 cum
746 1368 829 1406 me
853 1355 901 1405 in
930 1367 1012 1405 me
1033 1367 1136 1404 non
1167 1353 1448 1414 inveniam,
1473 1352 1605 1418 apud
1631 1367 1722 1403 vos

193 1456 273 1493 me
301 1443 365 1493 ad
396 1456 485 1494 vos
512 1457 780 1508 regressus
806 1442 1036 1507 inquiro;
1074 1450 1226 1507 atque
1254 1441 1442 1493 ibidem
1475 1450 1721 1506 quantum

195 1529 290 1581 mei
313 1529 459 1581 vobis
485 1529 788 1594 reliquisse,
815 1538 1011 1580 tantum
1039 1529 1194 1580 vestri
1225 1544 1424 1589 mecum
1447 1529 1720 1582 abstulisse

1429 160 1898 216 EPISTOLARUM
1936 158 2059 214 LIB.
2101 159 2159 213 11.

1768 277 1816 334 Α
1837 269 2078 336 juvenes,
2102 269 2220 336 quia
2243 269 2435 322 vicistis
2463 269 2763 336 malignum.
2795 269 2979 324 Scriba
3004 269 3168 332 vobis,
3196 269 3359 337 pueri,

3300 157 3365 212 90

1836 360 1953 427 quia
1980 359 2296 427 cognovistis
2327 358 2551 414 Patrem.
2583 361 2690 424 Qua
2731 361 3044 415 discretione
3089 359 3362 413 verborum

1834 460 1936 498 non
1958 456 2164 498 aetatem
2194 447 2469 498 exterioris
2514 446 2757 512 hominis,
2787 447 2877 501 sed
2905 449 3198 514 qualitatem
3232 448 3363 500 inten

1831 539 1982 590 rioris
2021 539 2268 606 assignat.
2314 538 2366 591 In
2417 551 2664 605 quantum
2696 540 2830 592 enim
2861 540 2911 592 in
2949 541 3037 592 Dei
3067 540 3360 605 cognitione

1830 639 1892 680 ae
1919 628 2196 682 dilectione
2228 629 2546 695 proﬁcimus,
2585 639 2758 696 patres
2786 628 2899 682 sine
2921 627 3076 681 dubio
3096 643 3360 696 nuncupa-

1831 733 1963 769 mur.
1993 718 2043 768 In
2067 729 2312 785 quantum
2345 733 2470 771 vero
2514 727 2693 770 contra
2729 718 3103 782 adversarium,
3134 718 3218 785 qui
3246 727 3358 770 tan-

1827 823 1974 873 quam
2013 810 2088 860 leo
2129 809 2321 870 circuit,
2345 822 2571 875 quarens
2597 823 2741 874 quem
2761 808 2958 860 devoret
2999 804 3049 875 (ι
3070 805 3182 859 Pet.
3202 821 3253 872 v,
3276 806 3352 874 8),

1827 895 2047 949 viriliter
2091 897 2417 961 dimicamus,
2473 893 2691 962 juvenes
2729 910 2846 949 esse
2887 897 3267 963 cognoscimur.
3297 895 3354 947 In

1824 989 2074 1049 quantbm
2096 998 2222 1036 vero
2242 983 2497 1036 socordia:
2538 985 2851 1050 desidiaeque
2879 984 3268 1050 committimur,
3302 994 3354 1037 et

1825 1071 1888 1123 ad
1915 1072 2251 1126 incedendam
2295 1073 2656 1126 mandatorum
2706 1074 2839 1126 viam
2892 1073 3009 1126 ﬁdei
3057 1065 3353 1128 inﬁrmitate

1826 1159 2118 1224 deﬁcimus,
2149 1169 2300 1228 atque
2322 1162 2386 1213 ad
2425 1163 2715 1214 contuenda
2738 1175 2798 1213 ac
2829 1162 3114 1229 peragenda
3159 1177 3354 1228 praece-

1822 1249 2106 1316 pta'divina
2134 1265 2164 1301 a
2194 1250 2519 1303 smcularium
2567 1263 2773 1303 aetuuut
2823 1251 3106 1303 intentione
3150 1251 3293 1316 quasi
3323 1266 3360 1305 θ

1821 1351 2008 1390 somno
2051 1340 2316 1404 segniores
2361 1338 2702 1403 assurgimns,
2747 1338 3036 1391 rectissime
3075 1353 3350 1406 puerorum

1823 1423 2030 1478 levitate
2055 1439 2346 1477 censemur.
2373 1424 2519 1478 Unde
2546 1435 2597 1477 et
2619 1427 2882 1491 apostolus
2909 1427 3096 1479 Paulus
3117 1428 3184 1479 ita
3211 1442 3352 1479 com-

1822 1523 1998 1565 monet
2044 1513 2388 1580 negligentem
2417 1530 2429 1564 :
2462 1513 2623 1580 Surge
2651 1513 2734 1578 qui
2765 1515 2970 1575 dormis,
3011 1522 3056 1564 et
3079 1530 3288 1580 exsurge
3320 1532 3350 1564 a

193 1620 467 1684 conspicio.
497 1618 554 1670 Et
580 1618 928 1681 omnipotenti
959 1618 1061 1669 Deo
1089 1618 1280 1682 gratias
1312 1633 1468 1683 super
1496 1626 1599 1668 tam
1629 1618 1690 1669 ad

1819 1601 2045 1664 mortuis,
2089 1611 2141 1652 et
2166 1601 2435 1666 continges
2485 1600 2766 1664 Christum,
2812 1600 2920 1653 sive
2958 1601 3258 1653 illuminabit
3305 1610 3349 1653 te

196 1706 408 1758 mirabili
436 1705 566 1758 facto
589 1704 706 1772 ejus
745 1705 934 1761 refero.
967 1705 1103 1771 quod
1134 1704 1202 1756 ita
1232 1706 1458 1769 generali
1488 1705 1714 1758 tritmere

193 1792 568 1858 dispenSatione
595 1793 839 1860 dignatus
865 1801 966 1855 est,
991 1802 1044 1861 ut
1070 1791 1208 1845 inter
1221 1807 1313 1845 eos
1329 1807 1456 1858 quos
1481 1796 1711 1845 locorum

195 1880 452 1932 intervalla
478 1879 860 1944 discriminum,
886 1880 1016 1932 liber
1043 1893 1102 1932 ac
1148 1880 1301 1932 nullis
1323 1880 1597 1932 conclusus
1623 1881 1714 1933 ab-

196 1967 362 2019 sentia:
414 1967 609 2033 legibus
654 1966 861 2019 animus
901 1975 1244 2030 commearet;
1293 1966 1525 2033 nihilque
1574 1979 1710 2020 esset

197 2062 287 2105 tam
315 2053 729 2121 impenetrabile,
776 2053 915 2122 quod
944 2054 1134 2110 mentis
1169 2063 1346 2121 aspect
1368 2054 1461 2106 bus
1483 2070 1584 2105 non
1617 2069 1708 2120 pa-

199 2152 340 2204 terrt;
368 2142 458 2195 sed
498 2159 586 2208 per
615 2144 792 2196 cordis
824 2142 1067 2195 intuitum
1113 2143 1234 2195 inde
1262 2142 1716 2219 se'invicemeari,

198 2232 341 2298 gratia
372 2231 776 2295 intercurrente,
808 2233 1202 2298 conspicerent,
1238 2229 1324 2282 ubi
1368 2232 1556 2283 caritas
1599 2230 1706 2295 ipsa

199 2320 431 2372 consistit.
459 2320 517 2372 Et
547 2320 665 2372 ideo
686 2319 902 2373 salutem
926 2319 1228 2386 plenissime
1255 2333 1375 2383 erga
1403 2333 1504 2378 me,
1536 2334 1670 2385 quau
1697 2345 1719 2355 —

201 2417 292 2459 tum
321 2409 520 2475 propria
552 2419 724 2462 mente
752 2408 998 2475 conjicio,
1023 2409 1200 2476 pietati
1229 2418 1414 2460 vestra:
1443 2409 1702 2472 deferens,

201 2496 322 2547 omni
347 2511 549 2563 precum
578 2496 867 2550 ambitione
885 2497 1142 2564 deposco;
1167 2498 1211 2550 si
1233 2497 1381 2550 nobis
1412 2511 1588 2564 parem
1620 2512 1705 2549 re-

203 2585 406 2647 pensatis
433 2584 694 2650 affectum,
739 2587 784 2638 si
811 2586 970 2638 simili
1005 2588 1221 2639 caritate
1264 2601 1360 2639 nos
1398 2588 1630 2654 diligitis,
1661 2589 1701 2638 si

203 2672 369 2740 aliquid
403 2674 451 2727 in
474 2677 762 2729 visceribus
794 2675 983 2729 vestris
1004 2692 1152 2730 amor
1173 2691 1353 2730 noster
1373 2687 1637 2744 operatur,
1659 2679 1702 2730 si

204 2777 341 2829 usque
362 2765 423 2817 ad
443 2766 694 2818 medullas
709 2767 883 2820 cordis
905 2770 1061 2821 vestri
1082 2769 1290 2822 dilectio
1320 2779 1494 2822 nostra
1518 2784 1699 2836 perve-

204 2852 280 2914 nit,
308 2854 347 2905 si
371 2857 435 2906 ita
461 2870 548 2906 vos
579 2871 673 2922 pro
708 2871 808 2918 me,
839 2871 992 2923 quam
1027 2872 1110 2908 me
1139 2872 1231 2922 pro
1254 2858 1403 2910 vobis
1427 2857 1700 2909 dulcedine

1818 1689 2043 1741 Christus
2071 1687 2280 1755 (Ephes.
2312 1704 2363 1748 v,
2393 1690 2481 1754 Η)
2533 1683 2659 1740 Nam
2683 1699 2734 1740 et
2758 1688 3007 1742 Dominus
3035 1690 3083 1740 in
3117 1689 3348 1757 Evange-

1816 1776 1904 1834 lio,
1931 1790 2047 1828 cmn
2076 1776 2124 1827 ei
2166 1791 2194 1827 a
2223 1775 2678 1827 circumstantibus
2707 1774 3005 1829 diceretur:
3038 1776 3166 1828 Ecce
3192 1786 3346 1828 mater

1813 1872 1916 1925 tua,
1945 1872 1993 1914 et
2016 1863 2194 1929 fratres
2222 1864 2293 1914 tui
2314 1871 2538 1928 qua’runt
2566 1872 2630 1926 te,
2648 1862 2862 1914 volentes
2880 1864 3047 1915 uidere
3066 1874 3110 1915 te
3134 1863 3339 1929 (Matth.

1811 1965 1906 2013 xu,
1934 1948 2047 2015 47),
2077 1950 2144 2001 ita
2188 1948 2494 2014 respondit.
2519 1949 2645 2012 Qum
2672 1958 2752 2002 est
2791 1961 2955 2002 mater
2979 1964 3112 2014 mea,
3144 1961 3231 2004 aut
3257 1953 3341 2018 qui

1810 2048 1930 2092 sunt
1954 2039 2138 2092 fratres
2165 2040 2264 2091 mei
2289 2039 2309 2089 ?
2335 2038 2397 2090 Et
2418 2038 2700 2091 ostendens
2735 2041 3016 2106 apostolos.
3065 2050 3342 2109 sequentes

1810 2142 1900 2191 se,
1927 2127 2110 2180 Nonne
2141 2127 2226 2188 hi,
2268 2127 2354 2194 qui
2405 2126 2598 2179 faciunt
2634 2129 2950 2182 voluntatem
2990 2131 3156 2183 Patris
3198 2132 3343 2183 mei?

1810 2217 1971 2269 Mater
1991 2217 2126 2268 enim
2157 2215 2352 2268 Christi
2383 2216 2483 2268 dici
2517 2229 2810 2280 possumus,
2837 2217 3043 2284 quando
3077 2217 3338 2270 Christum

1814 2307 1973 2359 corde
1999 2316 2280 2373 gestamus.
2309 2307 2432 2358 Nam
2455 2314 2504 2357 et
2534 2305 2591 2358 S.
2621 2306 2798 2368 Maria,
2830 2322 2942 2373 qua:
2964 2315 3016 2358 et
3045 2307 3186 2374 virgo
3216 2319 3340 2360 con-

1811 2401 1969 2464 cepit,
1993 2398 2138 2463 virgo
2160 2397 2380 2464 peperit.
2415 2400 2559 2464 virgo
2591 2398 2900 2462 permansit,
2931 2397 3204 2450 Dominum
3242 2412 3337 2449 no-

1806 2497 1970 2537 suum
2005 2501 2102 2537 non
2132 2485 2403 2551 complexu
2435 2485 2587 2547 virili,
2612 2485 2702 2538 sed
2732 2485 2831 2538 ﬁde
2859 2486 3134 2539 maritante
3153 2500 3339 2539 conce-

1807 2573 1900 2639 pit.
1927 2573 2134 2626 Fratres
2161 2587 2287 2625 vero
2311 2573 2480 2640 ipsius
2511 2572 2783 2636 efficimur,
2833 2574 3038 2640 quando
3081 2576 3146 2626 ita
3179 2575 3335 2626 vitam

1806 2674 2035 2715 nostram
2069 2662 2209 2715 omni
2233 2663 2480 2715 virtutum
2498 2678 2687 2729 genere
2708 2664 3048 2730 dispooimus,
3077 2663 3334 2728 inicimus,

1805 2766 2066 2814 ornamus,
2093 2761 2146 2803 ut
2168 2751 2400 2803 haeredes
2423 2751 2509 2802 Dei
2533 2765 2649 2802 esse
2671 2751 2949 2817 possimus,
2969 2762 3020 2804 et
3035 2752 3334 2806 cohteredes

1803 2839 2179 2899 Christil-Rom.
2200 2855 2308 2903 vni,
2329 2838 2436 2905 17).
2459 2837 2552 2891 Cui
2567 2840 2702 2891 enim
2720 2839 2952 2903 dubium,
2966 2842 3100 2907 quod
3116 2842 3157 2892 si
3173 2843 3337 2894 haere-

203 2943 438 3006 pntestatis
466 2943 714 3007 edomuit,
746 2951 801 2995 ut
829 2945 1044 3010 imperio
1072 2943 1235 3011 ipsius
1259 2958 1355 2996 nec
1383 2943 1590 3010 possitis
1614 2959 1695 2996 re-

1806 2929 1891 2980 des
1923 2927 2009 2980 Dei
2042 2927 2206 2979 Patris
2227 2925 2500 2988 efficimur,
2524 2927 2814 2980 rectissime
2847 2938 2899 2980 et
2927 2926 3114 2980 fratres
3143 2927 3332 3003 Christi

205 3031 382 3098 sistere,
409 3048 502 3087 nec
532 3033 732 3097 velitis;
753 3033 816 3086 ad
843 3034 1224 3088 desiderantem
1250 3036 1460 3087 fratrem
1491 3034 1697 3088 deside-

205 3135 306 3174 rans
328 3124 624 3190 quantocius
652 3126 829 3178 venire
873 3125 1156 3188 festinabo,
1191 3126 1442 3179 beneficio
1470 3135 1525 3178 et
1572 3141 1694 3194 pro-

205 3209 389 3264 missum
426 3217 686 3265 soluturus
711 3213 944 3266 debitum
963 3253 978 3278 ,
1007 3224 1060 3267 et
1108 3226 1344 3268 mutuum
1373 3215 1700 3283 mitigaturus

206 3289 430 3353 allectum.
456 3303 584 3368 Quia
629 3318 804 3356 coram
836 3305 986 3370 positi
1015 3307 1266 3374 tequalem
1311 3306 1459 3359 vobis
1485 3308 1699 3374 gratiam

209 3385 260 3439 tle
297 3398 457 3442 nostra
497 3392 938 3458 contemplatione
967 3403 1018 3445 et
1048 3394 1393 3447 collocatione
1428 3395 1699 3460 praestabi-

209 3489 320 3540 mus,
349 3485 662 3547 tantumque,
701 3482 747 3533 si
798 3493 851 3534 ut
876 3483 1126 3550 diligeris,
1159 3484 1348 3552 diligis,
1381 3499 1409 3537 a
1439 3500 1521 3538 me
1550 3486 1702 3538 retri-

207 3565 365 3620 buetur
389 3570 586 3622 caritati
617 3581 739 3634 tuas,
769 3581 1018 3637 quantum
1051 3581 1103 3624 tu
1126 3586 1258 3626 mea:
1291 3574 1401 3642 ipse
1430 3575 1697 3628 dctuleris.

209 3651 298 3708 Nec
318 3669 436 3710 sane
453 3659 768 3713 inveniendo
793 3660 1145 3728 fatigationem
1172 3664 1365 3728 poteris
1399 3663 1694 3717 formidare.

211 3742 334 3806 Quia.
359 3757 410 3799 ut
452 3747 537 3801 ille
566 3749 722 3813 dixit,
753 3749 871 3802 vicit
914 3752 1010 3803 iter
1034 3753 1223 3802 durum
1256 3751 1438 3816 pietas.
1469 3751 1530 3802 Et
1553 3751 1698 3816 juxta

208 3834 475 3897 lpostolutn
505 3848 738 3890 nostrum
765 3853 776 3886 :
819 3835 1016 3888 Caritas
1045 3839 1217 3888 omnia
1253 3837 1462 3887 sustinet
1504 3835 1557 3904 (1
1582 3837 1694 3887 Cor.

213 3911 302 3983 xui,
326 3920 391 3990 Ἰ),
419 3940 532 3989 qua:
562 3937 660 3975 nec
696 3924 881 3989 quaerit
920 3939 1035 3988 quae
1069 3938 1160 3975 sua
1186 3931 1323 3986 sunt,
1351 3938 1446 3976 nec
1473 3938 1696 3992 unquam

213 4011 331 4062 norit
350 4012 612 4063 excedere.
659 4010 959 4078 Opportune
988 4012 1142 4063 etiam
1169 4013 1486 4065 desideranti
1517 4014 1699 4066 viatori

209 4100 480 4151 autumnalis
495 4101 742 4164 temporis
758 4101 995 4167 congruit
1016 4115 1129 4152 cum
1157 4102 1372 4156 caritate
1396 4104 1694 4168 temperies,

208 4185 244 4237 si
263 4198 360 4238 eam
380 4199 540 4239 tamen
573 4189 847 4261 praeterita
870 4189 1066 4241 aestatis
1094 4188 1268 4243 fervor
1291 4190 1560 4257 accendat,
1592 4206 1695 4244 non

209 4276 487 4328 advenientis
515 4277 704 4330 hiemis
729 4278 874 4345 algor
895 4279 1212 4347 exstinguat.

706 4483 709 4488 _
778 4404 984 4463 EPIST.
1026 4405 1092 4457 Χ.

529 4492 661 4545 Item
684 4493 888 4560 epistola
916 4494 1083 4545 domui
1114 4493 1325 4544 Ruricii.

263 4598 459 4654 Relectis
485 4593 674 4655 litteris
701 4601 850 4666 meis,
875 4601 1093 4654 fortasse
1126 4601 1414 4666 miraberis,
1443 4604 1579 4670 quod
1604 4619 1690 4658 ve-

195 4681 422 4744 notationi
451 4699 549 4763 tua;
578 4690 723 4743 fratri
769 4684 1092 4757 scripserim;
1141 4706 1257 4744 cum
1290 4693 1387 4745 hoc
1435 4709 1531 4746 nec
1554 4697 1692 4748 aetati

206 4787 369 4832 nostra:
405 4778 693 4840 conveniat,
734 4791 830 4831 nec
859 4778 1060 4833 honori.
1089 4778 1215 4846 Quia
1247 4780 1380 4832 sicut
1420 4795 1501 4833 me
1531 4783 1695 4847 major

205 4884 254 4923 es
278 4877 401 4930 natu,
421 4867 486 4918 ita
515 4867 686 4918 minor
708 4880 766 4919 es
790 4868 972 4933 gradu.
1015 4869 1080 4921 Et
1109 4869 1225 4921 ideo
1245 4867 1288 4920 si
1309 4869 1372 4922 ad
1404 4878 1562 4933 tuam,
1589 4871 1695 4923 Deo

206 4956 412 5026 propitio,
434 4955 808 5023 longaevitatem
832 4955 920 5010 aut
944 4957 1008 5008 ad
1040 4968 1266 5010 nostram
1288 4959 1697 5025 respexissemus

205 5046 684 5109 administrationem,
708 5056 795 5098 aut
823 5046 961 5099 Patri
988 5047 1216 5101 scribere
1239 5047 1584 5102 debueramus
1607 5058 1696 5100 aut

207 5137 313 5190 lilio.
343 5135 432 5189 Sed
456 5134 577 5203 quia
618 5143 669 5184 et
711 5131 767 5186 S.
797 5135 1025 5188 Joannes
1069 5137 1334 5202 apostolus
1379 5141 1430 5191 in
1475 5139 1692 5206 epistola

205 5222 254 5293 (1
275 5239 366 5296 cap.
392 5226 426 5296 ι)
443 5239 538 5279 sua
558 5224 684 5278 ‘unis
709 5223 1029 5294 eisdemque,
1052 5234 1104 5279 et
1143 5227 1392 5292 patribus,
1415 5237 1467 5281 et
1490 5229 1694 5295 juveni-

208 5323 290 5372 ous
309 5317 484 5382 scribit,
514 5323 569 5368 et
590 5314 786 5381 pueris,
815 5313 1026 5368 dicens:
1070 5315 1255 5370 Scribo
1285 5316 1461 5382 vobis,
1491 5328 1690 5386 patres,

207 5407 303 5475 quia
322 5404 620 5476 cognovistis
641 5415 759 5456 eum
789 5400 876 5469 qui
902 5401 968 5455 ab
998 5403 1142 5458 initio
1170 5413 1268 5460 est.
1313 5404 1496 5461 Scriba
1526 5406 1688 5468 vobis,

1801 3017 1923 3079 dici,
1955 3016 2067 3082 ipso
2093 3015 2390 3082 atloptante,
2419 3015 2842 3083 poterimus?qui
2869 3030 2962 3069 nos
2982 3002 3258 3083 plasmavit
3277 3028 3334 3070 ut

1801 3117 1941 3166 suos,
1969 3102 2191 3155 redemit
2223 3109 2278 3154 ut
2315 3102 2544 3164 alienos;
2574 3102 2731 3170 elegit
2769 3114 2820 3154 ut
2846 3118 3049 3168 servos,
3078 3103 3256 3155 ascivit
3280 3117 3332 3155 ut

1803 3194 1956 3246 ﬁlios.
1990 3193 2216 3246 Plasmat
2246 3192 2385 3245 enim
2414 3206 2507 3246 nos
2531 3201 2806 3259 potestate.
2834 3193 3037 3245 redimit
3061 3194 3326 3259 passione;

1805 3285 2128 3354 prmscientia
2153 3285 2364 3338 asciscit
2383 3284 2431 3337 in
2448 3285 2632 3351 gratia.
2664 3284 2768 3336 Nos
2791 3292 2962 3336 tamen
2986 3282 3071 3336 ﬁlii
3095 3299 3183 3350 per
3201 3283 3328 3336 ado-

1807 3375 2056 3441 ptionem,
2095 3372 2186 3426 ille
2213 3372 2356 3425 solus
2387 3364 2522 3424 filius
2551 3386 2642 3437 per
2668 3379 2934 3434 naturam;
2963 3375 3047 3439 qui
3072 3382 3128 3424 ut
3157 3386 3250 3423 nos
3269 3370 3332 3423 ad

1801 3460 2038 3516 eamdem
2078 3475 2177 3528 qua
2205 3459 2566 3528 escideramus
2613 3458 2980 3513 beatitudinem
3032 3467 3328 3526 revocaret,

1801 3565 1918 3602 cum
1951 3550 2155 3616 penitus
2184 3561 2286 3601 non
2316 3547 2527 3600 desierit
2567 3561 2684 3601 esse
2711 3547 2847 3615 quod
2880 3556 3011 3608 erat,
3055 3549 3216 3600 voluit
3260 3559 3332 3600 ta-

1801 3655 1922 3692 men
1957 3653 2072 3692 esse
2099 3638 2237 3708 quod
2266 3651 2367 3690 non
2397 3645 2527 3699 erat,
2558 3644 2617 3689 ut
2652 3637 2867 3709 verbum
2909 3651 3031 3692 caro
3073 3636 3238 3690 ﬁeret.
3271 3638 3330 3689 Et

1799 3726 1922 3777 dum
1955 3725 2171 3777 Creator
2203 3726 2254 3776 in
2298 3731 2553 3776 creaturae
2600 3723 2891 3776 humilitate
2935 3724 3328 3784 descendit,'ad

1801 3809 2066 3862 Creatoris
2107 3802 2479 3862 sublimitatem
2507 3820 2742 3861 creatura
2774 3810 3097 3861 conscendit.
3122 3809 3233 3872 Quo
3274 3811 3329 3862 ﬁt

1800 3908 1854 3948 ut
1882 3896 2189 3949 humanitati
2215 3895 2386 3948 divina
2413 3895 2817 3947 communicent.
2847 3895 2913 3948 Et
2951 3897 3202 3950 divinitati
3236 3897 3328 3949 hu-

1800 4000 1947 4036 mana
1983 3984 2306 4050 participent,
2337 3983 2620 4034 secundum
2653 3982 2780 4035 illud
2811 3985 3074 4050 Apostoli:
3101 3965 3198 4047 Qui
3218 4002 3327 4036 cum

1797 4073 1848 4124 in
1879 4073 2038 4139 forma
2067 4070 2153 4122 Dei
2194 4080 2335 4133 esset,
2367 4086 2464 4121 non
2508 4071 2737 4137 rapinam
2762 4073 3030 4124 arbitratus
3050 4081 3119 4124 est
3146 4088 3248 4124 esse
3275 4089 3326 4125 se

1797 4162 2035 4229 aequalem
2061 4161 2185 4224 Dea,
2207 4161 2292 4213 sed
2314 4161 2627 4223 semetipsum
2652 4161 2942 4226 exiuanivit,
2973 4163 3183 4230 formam
3202 4166 3329 4216 servi

1720 4266 1773 4322 ι)
1800 4257 2067 4322 accipiens,
2094 4256 2145 4306 in
2169 4255 2543 4306 similitudinem
2585 4254 2836 4306 hominum
2866 4254 3042 4319 factus,
3087 4265 3132 4305 et
3157 4255 3325 4305 habitu

1799 4351 2021 4410 repertus
2076 4351 2130 4394 ut
2177 4343 2341 4394 homo.
2385 4342 2680 4394 Hutniliavit
2735 4344 2976 4410 seipsum,
3010 4343 3173 4408 [artus
3216 4344 3327 4395 obe-

1741 4488 1744 4492 λ
1798 4434 1938 4484 diem
1967 4449 2121 4495 usque
2157 4433 2222 4484 ad
2243 4440 2690 4495 mortem,mortem
2719 4443 2880 4482 autem
2905 4434 3080 4484 crucis.
3113 4431 3326 4502 Propter

1797 4521 1931 4587 quod
1954 4519 2089 4572 Deus
2117 4521 2347 4572 exultauit
2387 4520 2548 4582 illum,
2577 4529 2622 4570 et
2657 4520 2856 4570 donavit
2884 4518 2959 4571 illi
2995 4535 3168 4572 nomen
3194 4523 3325 4589 quod

1795 4619 1865 4662 est
1890 4624 2038 4676 super
2058 4624 2202 4660 omne
2246 4624 2442 4672 nomen,
2475 4616 2526 4658 ut
2552 4609 2602 4658 in
2639 4608 2834 4658 nomine
2872 4605 2992 4658 Iesu
3033 4621 3174 4659 omne
3195 4625 3322 4675 genu

1794 4701 2044 4765 ﬂectatur,
2069 4697 2352 4758 caelestium,
2373 4697 2671 4751 terrestrium
2701 4705 2745 4748 et
2775 4698 3068 4763 inferorum,
3098 4707 3140 4748 et
3165 4702 3323 4751 omnis

1792 4788 1972 4854 lingua
1997 4787 2288 4848 conﬁteatur
2306 4787 2542 4853 quoniam
2572 4787 2814 4839 Dominus
2836 4785 2976 4838 Jesus
3007 4786 3230 4839 Christus
3267 4789 3320 4838 in

1795 4877 1957 4943 gloria
1986 4884 2054 4926 est
2080 4874 2168 4924 Dei
2191 4873 2355 4926 Putris
2386 4874 2600 4942 (Philip.
2622 4889 2677 4933 ιι,
2705 4874 2782 4939 6).
2810 4874 2953 4927 Unde
2973 4885 3022 4926 et
3051 4876 3111 4926 ad
3139 4875 3319 4927 Corin-

1799 4965 1935 5016 thios
1967 4963 2099 5013 idem
2127 4961 2310 5014 doctor
2339 4956 2571 5015 scribens
2598 4963 2703 5014 ait:
2738 4961 2915 5029 Itaque
2951 4977 3037 5013 nos
3082 4962 3319 5012 neminem

1795 5053 2013 5106 novimus
2041 5051 2306 5103 secundum
2337 5065 2568 5114 carnem;
2589 5051 2681 5102 etsi
2700 5047 3014 5116 regnavimus
3033 5047 3162 5100 enim
3177 5046 3320 5099 Chri-

1792 5151 1926 5192 stum
1964 5138 2236 5190 secundum
2280 5151 2510 5192 carnem:
2551 5135 2638 5190 sed
2662 5151 2794 5188 nunc
2822 5135 2928 5202 iam
2966 5150 3062 5186 non
3094 5135 3318 5187 novimus

1795 5226 1882 5297 (11
1903 5225 2019 5279 Car.
2048 5241 2100 5290 v,
2129 5226 2238 5292 l6).
2267 5225 2395 5290 Quia
2417 5232 2654 5278 cessante
2702 5225 2751 5276 in
2784 5237 2846 5275 eo
2876 5222 3169 5278 inﬁrmitate
3195 5237 3318 5276 cor-

1797 5330 1971 5385 porea,
2002 5323 2136 5367 t0tus
2159 5313 2386 5366 creditur
2416 5313 2467 5366 in
2497 5313 2685 5365 virtute
2723 5311 2913 5364 divina.
2950 5309 3013 5360 Et
3040 5309 3156 5362 ideo
3170 5310 3316 5378 juxta

1793 5403 2029 5459 eumdem
2055 5402 2363 5469 apostolum,
2387 5400 2626 5469 quoniam
2655 5413 2828 5454 omnes
2849 5399 2899 5452 iu
2927 5397 3134 5452 Christo
3155 5415 3312 5453 unum
