3854 6228
570 154 629 209 9i

1855 152 2090 207 RURlCli
2134 152 2428 208 EPlSCOl’l

3685 155 3744 207 93

568 277 747 316 sumas
776 260 966 327 (Colat.
1000 277 1072 325 ut,
1112 261 1223 327 9.8),
1278 262 1777 333 fratresrcctlSsime
1824 278 2090 330 nuncupa-
2122 264 2170 319 Α
2198 279 2284 327 vn,
2317 262 2393 331 2).
2441 264 2664 331 Ideoque
2694 279 2786 331 pro
2819 264 2951 319 Urso
2994 275 3047 319 et
3079 266 3361 333 Lupicino.
3400 267 3489 334 qui
3524 269 3597 317 ad
3642 284 3741 324 me.

569 368 705 414 mor,
733 356 849 419 quia
880 366 973 404 nos
1004 362 1053 404 et
1082 368 1212 404 unus
1238 364 1415 406 uterus
1458 354 1594 406 sacri
1626 353 1783 407 fontis
1810 342 2023 419 effudit;
2045 364 2098 407 et

568 440 748 492 eadem
780 440 931 492 nbcra
962 436 1432 505 matrisEcclesim,
1455 442 1639 507 spiritu
1671 441 1985 502 vivificante,
2020 441 2095 493 la—

566 535 769 580 ctarunt
793 528 961 579 simul.
996 529 1223 595 tdcrco,
1252 529 1444 589 frater,
1490 529 1697 595 scripsi,
1744 529 1863 596 quia
1908 539 1959 582 et
1990 531 2093 583 Deo

570 618 793 683 t-ropitio
814 633 839 667 a
867 618 1039 670 smculi
1066 618 1265 670 actibus
1292 618 1354 669 ad
1384 629 1630 671 aeternam
1655 620 2023 675 beatitudinem
2045 631 2093 675 te

566 707 787 758 anitnam
824 704 1151 759 convertisse
1198 708 1448 773 cognovi,
1497 715 1548 759 et
1596 708 1907 761 imitatorem
1956 711 2093 763 illius

564 793 861 860 Evangelici
893 793 1233 865 negotiatoris
1253 794 1515 859 elfectum,
1551 796 1634 862 qui
1672 796 1893 849 venditis
1922 798 2090 849 omni-

565 882 663 934 bus
694 882 803 934 suis
830 883 1142 945 eontparavit
1176 882 1601 944 pretiosissimam
1629 888 1958 952 margaritam
1981 902 1992 948 ;
2015 888 2090 939 vel

564 970 723 1033 illius,
767 971 853 1036 qui
886 978 1092 1036 reperto
1123 968 1173 1021 iu
1198 984 1322 1033 agro
1353 968 1627 1031 thesauro,
1659 963 1938 1032 distraciis,
1979 989 2090 1039 qure

570 1058 809 1116 habebat.
844 1058 1121 1119 universis,
1153 1073 1330 1126 agrum
1359 1058 1788 1126 ipsum‘laudabili
1815 1062 2091 1128 cupiditate

566 1157 827 1199 mercatus
842 1156 919 1198 est
944 1144 1150 1209 (Matth.
1177 1162 1283 1211 ιιιιι,
1300 1146 1386 1214 44)
1408 1162 1423 1208 ;
1448 1146 1737 1201 nonatiena:
1753 1150 2092 1211 possessionis

567 1234 894 1300 impormuus
927 1233 1172 1299 inhiator,
1204 1234 1293 1287 sed
1326 1236 1545 1301 propria:
1568 1235 1820 1288 facultatis
1844 1238 2093 1303 providus

565 1320 892 1384 distributor,
923 1322 1211 1387 caritatem,
1250 1332 1424 1388 utpote
1450 1324 1823 1385 sincerrimam,
1861 1328 2091 1380 retinens

565 1414 719 1464 corde
751 1412 1007 1487 perfecto;
1041 1428 1140 1465 non
1183 1420 1236 1464 ut
1263 1412 1462 1478 parcius
1496 1414 1756 1477 venderet,
1791 1416 1882 1467 sed
1908 1424 1962 1468 ut
1990 1418 2091 1469 lar—

564 1501 677 1563 gius
718 1501 990 1555 feneraret.
1023 1504 1187 1565 Super
1218 1516 1317 1568 quo
1347 1500 1480 1554 facto
1514 1502 1737 1569 gaudeo,
1768 1514 1817 1556 et
1844 1505 1950 1557 Deo
1975 1520 2091 1571 gra-

2197 353 2342 419 quasi
2372 352 2516 405 vobis
2548 354 2895 421 peculiariter.
2923 354 3055 419 sicut
3076 358 3315 420 superius
3344 354 3470 415 dixi,
3504 355 3745 408 caritatis

2193 440 2309 505 jure
2336 438 2630 493 devinetum
2649 484 2663 506 ,
2695 455 2787 507 pro
2808 442 3084 492 criminum
3113 448 3323 493 suorum
3354 441 3743 495 intercessione

2196 540 2469 586 venerunt,
2498 539 2734 595 precator
2763 530 2983 593 accedo;
3031 540 3088 581 ut
3128 530 3348 595 primum
3376 532 3507 595 Deo,
3552 531 3744 585 deinde

2195 619 2343 671 nobis
2387 620 2485 672 h'oc
2516 621 2650 688 quod
2682 623 3061 673 commiserunt
3100 621 3298 674 donare
3350 622 3592 690 digneris
3643 633 3693 675 et
3718 633 3741 659 ι

2193 707 2386 779 iofieqi;
2432 723 2524 761 nec
2572 723 2665 760 nos
2714 709 2779 762 de
2824 725 3003 763 eorum
3053 711 3385 766 damnatione
3414 713 3738 773 confundas.

2191 796 2275 863 qui
2306 810 2363 847 se
2388 798 2653 849 absolutos
2679 812 2795 851 esse
2824 814 2940 851 cum
2973 799 3039 852 ad
3071 798 3412 854 humilitatem
3446 816 3630 855 meam
3654 802 3743 855 de-

2190 885 2330 938 ducti
2357 897 2493 947 sunt,
2522 887 2871 962 crediderunt.
3820 880 3821 939 ἰ

2784 1032 2990 1087 EPIST.
3031 1032 3155 1086 XII.-

2260 1140 2315 1192 ln
2333 1138 2443 1191 salo
2471 1139 2644 1193 seaculi
2677 1140 2826 1193 istius
2857 1141 3091 1194 adversis
3118 1156 3180 1196 ac
3203 1141 3424 1194 diversis
3443 1149 3741 1209 tempesta-
3820 1116 3821 1171 ‘

2191 1228 2329 1281 tibus
2347 1227 2680 1280 ﬂuctuantem
2713 1238 2761 1281 te
2782 1237 2945 1285 ratem
2972 1228 3035 1281 ad
3067 1237 3270 1295 portum
3298 1230 3481 1281 salutis
3515 1232 3736 1283 tandem

2192 1314 2489 1381 aliquando,
2519 1315 2735 1383 Domino
2773 1315 3117 1383 gubernante,
3147 1316 3463 1383 applicuisse
3498 1330 3739 1383 congau-
3820 1346 3821 1355 ι

2192 1403 2309 1455 deo.
2344 1402 2397 1455 In
2436 1404 2580 1469 cujus
2608 1403 2705 1455 fida
2734 1418 2794 1455 ac
2818 1404 3093 1472 tranquilla
3123 1405 3350 1457 statione
3378 1404 3735 1472 compositus,
3820 1440 3821 1449 η

2192 1500 2349 1545 astus
2376 1491 2538 1559 ipsius
2559 1488 2761 1558 perfidi,
2796 1501 2847 1545 et
2873 1491 3052 1558 iniqui,
3079 1492 3548 1567 etamariridebis.
3581 1491 3735 1545 Dein-

567 1589 663 1642 tias
688 1604 802 1655 ago,
827 1590 961 1655 quod
984 1590 1266 1641 secundum
1295 1580 1500 1642 divitias
1529 1590 1775 1643 bonitatis
1803 1606 1911 1644 sure
1939 1601 2091 1659 atque
2126 1596 2167 1653 Β
2193 1592 2317 1643 σερε
2358 1592 2458 1630 που
2506 1578 2709 1631 “Nabis
2737 1578 2803 1630 de
2840 1578 3027 1644 qUibUS
3076 1580 3257 1646 Parum
3308 1579 3638 1642 formidinis.
3671 1580 3739 1630 ila
3820 1622 3821 1633 ι

565 1670 787 1736 virtutis,
820 1690 912 1741 per
936 1674 1778 1739 intestitnabilemgnisericordiam
1798 1692 1943 1729 suam
1976 1672 2095 1744 pro-

566 1766 841 1828 tezuodum
862 1804 877 1829 ,
908 1773 961 1816 ut
990 1764 1056 1815 ita
1100 1764 1344 1826 dixerim,
1392 1774 1569 1817 contra
1609 1767 1918 1819 sententiam
1950 1782 2095 1819 suam

563 1854 742 1908 venire
780 1852 1039 1924 dignatur.
1072 1853 1200 1917 Quia
1233 1867 1349 1905 cum
1382 1854 1493 1919 ipse
1528 1853 1735 1917 dixerit,
1768 1854 1977 1908 difficile
2005 1870 2096 1907 eos

565 1943 649 2009 qui
677 1942 917 2007 pecunias
941 1941 1151 2005 habent,
1175 1956 1388 2009 regnum
1407 1940 1622 2010 adipisci
1647 1956 1799 2009 posse
1819 1944 2094 1997 caelorum.

568 2032 703 2083 Ecce
728 2038 779 2082 te
806 2037 857 2081 et
878 2028 956 2081 his
981 2029 1211 2095 dignavit
1243 2029 1293 2080 in
1324 2030 1533 2093 saeculo,
1560 2038 1612 2082 et
1642 2030 1930 2097 provebere
1954 2030 2097 2083 festi-

567 2126 655 2170 nat
699 2118 748 2169 in
794 2132 973 2184 regno.
1012 2116 1112 2170 Sed
1149 2126 1318 2170 tamen
1370 2116 1504 2171 idem
1552 2118 1801 2170 Dominus
1846 2120 2096 2171 continuo

448 2274 451 2289 μ
538 2197 1007 2273 ⁴νιεςονιειῐισντίοιήε
1039 2206 1393 2273 hujuscemodi
1442 2207 1733 2270 sententias,
1785 2222 1937 2275 quam
1974 2221 2131 2275 apo--

565 2296 685 2349 stoti
708 2296 1066 2350 vehementius
1087 2296 1450 2359 formidabant,
1474 2296 1845 2350 misericordia:
1865 2310 1971 2350 suae
1996 2312 2102 2349 mo-

565 2386 833 2439 deramine
858 2387 1179 2453 temperavit,
1209 2386 1415 2440 dicens:
1440 2386 1587 2453 Quod
1618 2388 1934 2454 impossibile
1960 2399 2099 2443 esset

566 2475 617 2527 in
646 2488 707 2528 se
734 2474 1028 2527 hominibus
1059 2491 1148 2540 per
1176 2485 1438 2540 naturam,
1493 2476 1737 2541 possibile
1784 2458 1889 2530 Deo
1933 2478 1982 2530 in
2023 2478 2099 2533 cis

565 2576 683 2616 esse
711 2577 803 2631 per
824 2566 1037 2631 gratiam
1058 2582 1069 2616 :
1089 2566 1225 2633 quod
1256 2566 1306 2618 in
1332 2575 1401 2632 te,
1433 2567 1513 2619 cui
1546 2568 1688 2633 Operi
1708 2576 1771 2631 ut
1800 2568 1916 2621 totis
1936 2582 2100 2635 usque

565 2648 843 2717 impendiis
872 2666 1065 2717 pronus
1093 2652 1382 2715 incumbas,
1413 2668 1505 2718 pro
1536 2654 1719 2707 affectu
1746 2665 1935 2709 mutua:
1968 2659 2101 2709 cari-

566 2738 683 2791 tatis
711 2738 982 2799 admoneo.
1018 2750 1072 2793 ut
1099 2743 1166 2794 ita
1191 2741 1399 2795 fabrica:
1428 2744 1586 2797 turris
1625 2744 1781 2807 illius,
1815 2760 1964 2812 quam
1999 2745 2111 2810 Do:

565 2824 735 2879 minus
761 2827 811 2879 in
842 2827 1118 2895 Evangelio
1149 2830 1381 2883 construi
1409 2832 1674 2898 prmeepit,
1707 2833 2095 2884 strenuusa-di-

2197 1666 2413 1719 multum
2435 1666 2607 1734 gaudii
2632 1666 2821 1721 habere
2837 1666 2943 1733 jam
2966 1668 3182 1735 poteris,
3212 1668 3348 1738 quod
3372 1682 3463 1722 eos
3486 1670 3570 1722 vel
3596 1674 3739 1721 retro
3820 1690 3821 1697 η

2195 1756 2471 1811 derelictos
2490 1758 2733 1825 respicis,
2766 1759 2846 1812 vel
2876 1759 2926 1835 iu
2948 1760 3154 1813 celsiori
3184 1760 3395 1828 specula
3417 1760 3740 1815 constitutus
3820 1770 3821 1835 ξ

2196 1844 2442 1912 despicis,
2472 1856 2524 1901 et
2577 1856 2627 1899 te
2669 1832 3149 1901 evasissemiraris.
3188 1849 3439 1916 Superest
3476 1858 3536 1903 ut
3588 1849 3741 1903 clavo

2196 1940 2405 1989 marium
2436 1937 2702 2001 inserens,
2734 1946 2872 1990 astra
2898 1951 3106 2006 semper
3137 1939 3365 1994 intentus
3396 1940 3661 2006 aspicias,
3690 1948 3740 1992 et
3820 1956 3821 1965 η

2150 2040 2151 2043 ‘
2194 2025 2265 2077 ita
2308 2026 2489 2092 erepte
2535 2028 2851 2095 navigationi
2893 2030 3063 2082 velum
3095 2030 3309 2096 pandas,
3355 2046 3420 2083 ne
3464 2039 3515 2083 te
3566 2038 3662 2083 aut
3689 2030 3738 2082 in

2196 2114 2353 2165 altum
2385 2115 2741 2169 vehementior
2777 2116 2927 2171 flat-ts
2954 2121 3199 2183 excutiat,
3232 2130 3321 2171 aut
3360 2119 3410 2171 in
3440 2119 3619 2171 vicina
3655 2120 3740 2204 lit-
3820 2120 3821 2133 ‘

2198 2204 2395 2256 toribus
2423 2220 2548 2279 saxa
2572 2206 2803 2259 collidat.
2836 2206 3011 2274 Neque
3036 2208 3214 2271 etiam,
3232 2209 3378 2275 juxta
3408 2208 3737 2261 sententiam
3820 2252 3821 2255 η

2200 2288 2402 2343 Domini
2434 2290 2743 2359 Salvatoris,
2781 2292 2888 2361 jam
2920 2296 3109 2348 stivam
3140 2306 3321 2349 tenens
3346 2295 3505 2347 aratri
3538 2303 3741 2348 retror-
3820 2294 3821 2329 ἒ

2197 2392 2311 2430 sum
2332 2420 2344 2444 ,
2377 2380 2691 2435 clamoribus
2716 2360 2956 2435 Sodoma:
2978 2384 3285 2447 collabentis
3316 2384 3573 2450 percitus,
3606 2382 3738 2434 forte

2200 2466 2483 2530 respiciens
2515 2468 2642 2521 Loth
2674 2470 2891 2523 imiteris
2916 2484 3131 2523 uxorem
3164 2469 3315 2540 (Gen.
3343 2486 3451 2533 xix,
3477 2469 3600 2539 26).
3640 2472 3739 2533 Aut

2198 2554 2263 2607 de
2286 2554 2511 2623 AEgypto
2551 2555 2656 2624 jam
2706 2558 2988 2624 profectus,
3034 2568 3087 2612 et
3131 2560 3323 2612 fluctus
3361 2560 3545 2617 Rubri,
3576 2558 3740 2612 maris

2197 2641 2377 2695 dextra
2432 2644 2665 2713 ltevaque
2710 2646 2993 2711 pendentes
3044 2646 3235 2715 (Exod.
3264 2662 3367 2709 ενι,
3405 2646 3485 2713 4),
3530 2654 3737 2699 tantum
3820 2672 3821 2721 ξ

2200 2732 2293 2784 tibi
2324 2731 2547 2787 ferentes
2567 2734 2836 2807 auxilium.
2868 2744 2918 2786 et
2947 2735 3377 2802 persequentibus
3406 2744 3456 2788 te
3487 2743 3739 2801 parantes

2197 2821 2433 2883 exitium,
2469 2822 2684 2875 Domino
2711 2822 2844 2875 viam
2876 2831 3012 2874 tuam
3036 2832 3086 2875 et
3112 2833 3438 2891 praeparante
3471 2831 3525 2876 et
3546 2824 3739 2875 illumi‘
3820 2824 3821 2829 ‘

568 2913 749 2966 ﬂcator
774 2914 1003 2980 insistas,
1038 2924 1092 2969 ut
1138 2918 1421 2971 adversarii
1467 2922 1535 2972 tui
1575 2920 1797 2974 habeant
1828 2924 1995 2988 potius
2034 2920 2097 2973 de
2126 2926 2169 2985 (Γ,
2201 2921 2374 2975 "ante.
2407 2925 2780 2981 transgressus
2812 2914 3045 2967 elefemi
3074 2915 3290 2967 arduum
3324 2915 3422 2967 iter
3450 2910 3734 2982 arripiens,
3820 2902 3821 2973 Ῑ

568 3001 681 3068 ejus
705 3002 1023 3069 perfectione
1048 3006 1184 3074 quod
1215 3006 1441 3071 doleant,
1473 3023 1627 3077 quam
1662 3012 1726 3064 de
1757 3011 2096 3065 intermissio—

526 3136 530 3143 .
567 3102 659 3153 ne,
690 3090 823 3158 quod
853 3090 1074 3145 rideant.

1166 3202 1376 3259 EPIST.
1414 3203 1501 3257 XI.

568 3286 780 3339 Domino
826 3287 1021 3341 sublimi
1067 3306 1349 3359 semperque
1379 3291 1643 3357 magniﬁco
1672 3292 1817 3359 fratri
1858 3292 2097 3345 Prwsidio

1050 3357 1295 3413 Ruricius
1322 3359 1599 3426 episwpus.

634 3439 872 3507 Plerique
899 3442 1019 3495 dum
1054 3459 1136 3496 me
1160 3444 1293 3511 apud
1320 3445 1634 3499 individuam
1666 3447 1793 3500 mihi
1814 3448 2099 3502 sublimita-

568 3537 671 3581 tem
697 3536 920 3583 vestram
950 3546 1052 3583 non
1082 3532 1198 3585 vita:
1228 3535 1435 3595 merito,
1456 3534 1549 3587 sed
1569 3536 1913 3589 amicitiarum
1942 3539 2098 3605 privi-

568 3619 702 3686 legio
732 3620 947 3672 multum
974 3635 1126 3686 posse
1155 3623 1446 3687 confidunt,
1472 3628 1919 3679 commendatitias
1945 3642 1973 3680 a
2006 3644 2094 3681 no-

566 3708 677 3771 bis,
726 3708 912 3775 quibus
961 3712 1109 3763 vobis
1136 3707 1469 3775 e'xcusentur,
1519 3713 1807 3779 inquirunt;
1842 3730 1969 3780 quas
2020 3717 2096 3769 eis

566 3810 661 3863 pro
701 3796 855 3849 ofﬁcii
885 3787 1045 3849 nostri
1089 3800 1394 3852 necessitate
1422 3815 1607 3867 negare
1646 3817 1747 3855 non
1791 3817 2091 3869 possumus;

570 3899 671 3937 non
696 3887 1111 3953 praesumptionis
1138 3888 1370 3951 audacia,
1394 3888 1483 3941 sed
1513 3890 1783 3942 ministerii
1804 3892 2091 3958 disciplina.

570 3973 696 4025 Dum
725 3985 774 4026 et
790 3974 892 4027 illis
912 3976 1181 4042 przesentis
1205 3976 1321 4029 vitae
1342 3977 1418 4029 sol
1439 3977 1547 4040 itia,
1570 3989 1622 4029 et
1649 3979 1797 4034 vobis,
1822 3979 2094 4046 providere

569 4058 924 4112 desideramus
964 4070 1203 4123 aeternae;
1241 4070 1296 4113 ut
1332 4074 1383 4113 ct
1419 4063 1489 4113 illi
1522 4076 1615 4127 per
1653 4064 1951 4126 patientiam
1991 4081 2097 4116 ve-

570 4157 728 4198 stram
758 4158 1090 4199 reserventur
1115 4148 1178 4199 ad
1204 4149 1591 4214 paenitentiam;
1622 4160 1675 4200 et
1705 4164 1795 4202 vos
1823 4165 1913 4216 per
1940 4153 2092 4204 mise-

2196 3001 2313 3053 ollre
2338 3002 2568 3054 carnium
2596 3002 2906 3066 recorderis,
2931 3011 3020 3056 aut
3048 3017 3243 3071 caepas,
3278 3018 3393 3069 qua:
3422 3004 3475 3055 in
3519 3001 3735 3055 modum
3820 2996 3821 3071 ί

2196 3093 2543 3159 corporalium
2576 3094 2898 3156 voluptatum
2930 3093 3039 3161 ipsa
3089 3094 3167 3145 sui
3198 3092 3446 3161 qualitate
3486 3100 3734 3157 corrupta
3820 3092 3821 3139 ζ

2198 3191 2503 3243 noscuntur,
2532 3187 2585 3232 et
2615 3180 2792 3243 fetida,
2821 3195 2918 3234 nec
2958 3196 3051 3234 usu
3081 3192 3249 3250 grata,
3294 3194 3389 3234 nec
3415 3180 3582 3233 odore
3610 3194 3733 3231 sua-

2141 3290 2145 3293 -
2195 3267 2299 3329 via,
2330 3282 2423 3319 nec
2444 3268 2724 3322 Stabilitate
2751 3284 2993 3324 mansura
3016 3287 3031 3334 ;
3061 3271 3308 3340 quidquid
3333 3268 3383 3323 in
3410 3271 3511 3324 hoc
3538 3272 3735 3324 sarculo
3820 3274 3821 3343 ᾗ

2198 3355 2386 3407 mulcet
2408 3358 2605 3418 auditu,
2630 3357 2890 3410 mollescit
2907 3366 3122 3424 attactu,
3150 3359 3473 3412 lenocinatur
3492 3367 3731 3426 aspectu,

2196 3442 2458 3495 blanditur
2478 3454 2534 3495 ut
2558 3446 2745 3508 capiat,
2771 3436 3047 3498 famulatur
3068 3456 3119 3497 ut
3150 3456 3349 3507 teneat,
3380 3446 3530 3499 illicit
3558 3452 3618 3499 ut
3644 3458 3729 3497 occ
3820 3448 3821 3508 ᾖ

2195 3529 2354 3583 cidut.
2383 3529 2507 3581 Nam
2538 3545 2897 3598 quamcunque
2924 3534 3360 3598 caperervolueris
3381 3533 3726 3599 voluptatem,

2196 3629 2466 3686 permanet
2492 3620 2627 3686 quod
2663 3622 2867 3683 puniat,
2902 3623 3280 3687 praeteritqood
3314 3622 3578 3685 delectat;
3620 3620 3728 3673 dul-

2194 3708 2323 3760 cedo
2352 3708 2561 3775 fugitiva
2609 3708 2903 3775 pertransit,
2961 3709 3274 3761 conscientia
3313 3708 3622 3762 damnatura
3651 3706 3731 3759 vel
3820 3698 3821 3771 ᾗ

2194 3796 2481 3849 damnanda
2514 3798 2773 3849 subsistit.
2810 3796 2932 3849 Inde
2954 3798 3110 3848 etiam
3141 3796 3269 3848 dicit
3296 3797 3544 3849 Salomon
3573 3812 3587 3847 :
3614 3794 3733 3847 Lin-

2194 3902 2294 3953 gua
2340 3887 2611 3939 meretricis
2639 3888 2735 3938 me!
2776 3888 2967 3950 stillat;
3017 3886 3067 3937 in
3092 3884 3367 3937 novissimis
3404 3895 3572 3937 autem
3622 3884 3728 3934 dic-

2193 3974 2281 4025 btts
2321 3978 2614 4027 anteriorem
2659 3976 2774 4047 fel_le
2802 3977 3013 4028 invenies
3039 3991 3149 4027 eam
3198 3974 3374 4046 (Prov.
3395 3991 3448 4037 v,
3474 3972 3550 4042 3).
3580 3970 3729 4047 Quod

2196 4073 2366 4115 tamen
2397 4036 2747 4115 nihilominus‘
2746 4073 2796 4114 et
2818 4064 2929 4129 ipse
2953 4078 3069 4115 cum
3094 4063 3449 4130 praedixisset,
3480 4062 3723 4115 incurrit.

2196 4150 2261 4201 Et
2288 4151 2402 4203 ideo
2434 4152 2547 4201 vide
2574 4150 2706 4217 quod
2745 4152 2936 4201 malum
2965 4154 3059 4214 sit,
3090 4150 3250 4203 frater
3273 4151 3564 4213 carissime,
3588 4146 3727 4217 quod

572 4233 845 4285 ricordiam
894 4238 1202 4299 perveniatis
1240 4236 1303 4289 ad
1356 4238 1574 4289 veniam.
1628 4222 1769 4292 Sicut
1805 4238 1929 4291 dicit
1953 4238 2094 4291 Scri—
2123 4248 2172 4305 ι)
2196 4240 2315 4290 dum
2347 4240 2657 4300 detestatur,
2690 4238 3011 4302 admittitur;
3034 4238 3157 4289 dum
3189 4239 3463 4305 refugitur,
3490 4238 3573 4290 vix
3599 4239 3727 4289 vita-

573 4329 718 4387 ptura
763 4323 939 4384 :Quia
973 4323 1224 4391 judicium
1270 4326 1375 4376 sine
1410 4325 1745 4377 misericordia
1795 4326 1985 4378 erititli
2013 4328 2095 4390 qui

573 4426 671 4459 non
694 4410 865 4473 fecerit
895 4411 1283 4463 misericordiam
1306 4412 1443 4480 (Jac.
1472 4428 1526 4475 tt,
1552 4412 1658 4481 15).
1679 4414 1804 4479 Quia
1827 4415 1911 4480 qui
1934 4413 2091 4466 dixit:

571 4498 773 4552 Dimitte
823 4513 865 4549 et
914 4500 1181 4551 dimittitur
1226 4502 1359 4554 vobis
1417 4503 1562 4572 (Luc.
1626 4520 1700 4565 vt,
1750 4503 1858 4569 38),
1918 4502 2094 4570 prtcul

570 4587 755 4651 dubio,
785 4602 934 4651 quem
962 4588 1146 4640 viderit
1173 4588 1256 4643 hic
1283 4590 1450 4642 facere
1474 4591 1608 4655 quod
1641 4592 1909 4657 praecepit,
1937 4593 1985 4642 in
2015 4589 2093 4641 fu-

571 4688 685 4730 turo
712 4679 945 4729 restituet
964 4678 1099 4741 quod
1125 4680 1379 4745 promisit.
1403 4679 1561 4731 Nolm
1582 4683 1718 4733 enim
1745 4681 1878 4733 illius
1902 4681 2095 4733 veritas

571 4775 759 4832 prmsto
797 4775 902 4824 eSt;
937 4765 1009 4815 illi
1043 4765 1170 4818 fides
1214 4776 1389 4819 nostra
1421 4785 1521 4820 non
1551 4769 1702 4821 desit.
1748 4769 1895 4822 Unde
1924 4768 2092 4821 mani-

570 4853 843 4906 fi'st'tssiuie
890 4854 1106 4916 potestis
1150 4852 1420 4907 advertere
1460 4855 2097 4909 absolutionem‘misrro-

570 4956 681 4991 rum
720 4948 1035 4999 vesti-orum,
1066 4952 1183 4991 esse
1223 4940 1587 5006 indulgentiam
1631 4954 1990 5009 peccatorum:
2042 4950 2095 4994 et

572 5030 667 5081 hoc
686 5028 865 5080 vestris
886 5026 1254 5081 conferendum
1275 5031 1535 5095 precibus,
1559 5033 1694 5099 quod
1719 5048 1807 5085 vos
1836 5034 2092 5101 praestite-

570 5119 681 5170 ritis
704 5118 915 5175 allenis;
952 5116 1098 5182 juxta
1140 5118 1301 5183 ipsius
1331 5119 1380 5169 in
1417 5118 1700 5186 Evangelio
1740 5122 2085 5173 sententiam:

575 5206 680 5266 Quo
701 5206 891 5271 judicio
910 5204 1273 5274 judicaveritis,
1306 5205 1617 5273 judicabitur
1636 5209 1696 5259 de
1723 5210 1853 5261 vobis
1875 5207 2083 5277 (Matth.

644 5384 669 5411 οι
694 5370 801 5427 γοχ
830 5375 1095 5427 mendosa.

2198 4336 2297 4378 tur.
2322 4326 2467 4377 Unde
2490 4338 2534 4377 et
2563 4334 2613 4377 ιιι
2631 4364 2644 4386 ,
2672 4325 2955 4393 sicut-dicit
2982 4325 3249 4387 Scriptura
3268 4366 3280 4385 ,
3314 4326 3463 4377 Omni
3496 4326 3725 4377 custodia

2196 4431 2332 4467 serva
2354 4430 2435 4463 cor
2455 4423 2593 4464 tuum
2624 4412 2797 4483 (Prov.
2828 4430 2897 4473 tv,
2926 4415 3039 4479 ‘23),
3064 4423 3115 4467 et
3132 4414 3330 4465 discute
3353 4412 3723 4465 conscientiam

2197 4513 2357 4566 tuam,
2380 4516 2443 4552 ne
2468 4505 2603 4554 unde
2626 4503 2797 4556 exisse
2814 4504 3005 4556 videris
3027 4510 3259 4568 aspectu,
3289 4502 3486 4554 haerens
3504 4500 3722 4554 affectu:

2196 4570 2298 4641 Sed
2341 4588 2483 4641 dicas
2527 4590 2697 4655 potius
2744 4592 2959 4642 Domino
3004 4605 3120 4643 cum
3155 4590 3405 4656 propheta
3440 4605 3453 4641 :
3501 4578 3726 4641 Adh'tzrit

2196 4678 2362 4727 animo
2410 4693 2516 4728 mea
2564 4689 2670 4743 post
2722 4689 2784 4740 te,
2812 4695 2888 4729 me
2937 4688 3109 4732 autem
3139 4680 3350 4743 suscepit
3397 4679 3601 4732 dextera
3643 4686 3726 4727 tua

2198 4761 2363 4832 (Psal.
2400 4778 2521 4823 LIII,
2549 4764 2623 4832 9).
2656 4765 2747 4816 Vel
2776 4765 2899 4817 illud
2944 4766 3100 4818 etiam
3131 4783 3144 4819 :
3176 4765 3303 4818 Mihi
3342 4774 3508 4819 autem
3548 4763 3721 4817 adha-

2197 4868 2305 4904 rere
2332 4852 2435 4903 Deo
2464 4854 2640 4904 bonum
2668 4862 2769 4917 est,
2789 4869 2969 4921 ponere
3002 4855 3052 4905 in
3080 4854 3183 4907 Deo
3207 4871 3342 4920 spem
3367 4869 3529 4906 meum
3553 4850 3719 4923 (Ρωι.

2196 4954 2353 4998 Lxxu,
2383 4937 2494 5005 28).
2525 4937 2593 5001 Ut
2638 4950 2829 5005 quanto
2878 4942 3074 5004 labore,
3131 4951 3427 5009 quantaque
3478 4935 3721 4991 instantia

2197 5027 2425 5080 militasti
2466 5027 2678 5086 szeculo,
2721 5029 2916 5080 servias
2941 5028 3077 5091 Deo;
3106 5028 3310 5081 dicente
3339 5026 3611 5092 Apostolo,
3640 5021 3717 5074 vel

2196 5124 2436 5170 monente
2462 5132 2475 5167 ε
2509 5114 2797 5167 Humanum
2824 5117 2955 5180 dico,
2978 5128 3177 5183 prapter
3204 5118 3540 5182 infirmitatem
3558 5111 3722 5166 carnis

2193 5215 2378 5258 vestrm.
2414 5203 2552 5257 Siettt
2582 5202 2707 5254 enim
2752 5203 3039 5257 exhibuistis
3075 5204 3291 5256 membra
3341 5210 3503 5254 vestra
3540 5197 3720 5253 servire
