3854 6228
243 164 309 220 93
1424 126 1894 201 EPISTULARUM
1935 140 2057 193 LIB.
2099 140 2161 194 ιι.
3025 174 3032 184 .
3324 129 3390 182 at

250 269 548 326 immunditiis
572 274 614 320 et
658 260 940 330 iniquitati:
972 260 1041 310 ita
1089 272 1218 310 nunc
1266 255 1487 308 exhibete
1530 252 1753 306 membra
1782 254 1831 313 Α
1857 262 2055 305 mterno
2081 260 2133 305 et
2159 264 2282 304 vero
2307 250 2489 304 Iudice
2517 249 2735 311 dictum,
2761 250 2895 316 quod
2925 249 3024 302 nisi
3049 262 3110 301 ex
3134 246 3292 300 corde
3313 244 3393 296 di-

252 371 397 414 κεῖνα
422 359 575 411 servire
604 354 812 427 justitire
859 353 909 403 in
953 346 1414 413 sanctiﬁcatiouem.
1446 343 1570 396 Cum
1612 343 1743 396 enim

249 451 367 503 servi
399 447 546 502 essetis
582 443 787 511 peccati.
820 440 959 493 liberi
986 438 1139 491 eratis
1175 435 1405 506 jnstitias.
1434 433 1590 497 Quem
1630 447 1744 503 ergo

250 544 444 607 ,‘ructum
466 533 690 587 habuistis
737 541 885 591 tunc,
929 530 979 580 in
1031 526 1205 593 quibus
1253 539 1387 577 nunc
1430 523 1747 576 erubescitis?

250 628 376 681 Nam
395 626 493 692 ﬁnis
509 625 700 676 illorum
721 637 850 673 mors
890 629 980 671 est.
1012 617 1164 669 Nunc
1189 632 1302 669 vero
1324 615 1519 668 liberati
1556 630 1588 665 a
1630 628 1745 681 pec-

244 727 367 773 cato.
394 715 498 768 scrri
535 722 695 765 autem
725 712 843 779 {acti
873 707 999 771 Deo,
1032 706 1224 759 habetis
1267 710 1485 775 fructum
1528 711 1743 756 vestrum

242 805 289 858 in
310 803 745 870 sanctiﬁcationem,
784 800 932 863 ﬁnem
962 813 1074 850 vero
1102 797 1256 848 vitam
1290 802 1528 847 (sternam
1568 792 1741 861 (Rom.

245 911 308 955 γι.
349 892 440 958 l9).
472 891 736 954 Patientia,
775 890 937 943 frater
962 886 1256 949 carissime,
1283 900 1385 937 non
1428 884 1637 937 nomine
1667 892 1747 936 est

237 982 551 1049 suscipienda,
572 982 662 1033 seti
691 994 883 1046 Opere;
908 994 1009 1030 non
1028 992 1120 1029 ore
1139 975 1503 1029 tantummodo
1522 975 1741 1043 agenda,

233 1074 315 1127 sed
335 1072 496 1125 corde.
532 1069 716 1122 Verum
744 1077 843 1125 est.
891 1067 1028 1135 quod
1057 1067 1190 1120 sicut
1223 1060 1467 1132 utroque,
1518 1064 1617 1117 hoc
1645 1074 1745 1122 est,

240 1161 462 1216 interiore
504 1169 552 1211 et
599 1157 864 1211 exteriore
912 1158 1121 1209 homine
1165 1154 1537 1222 delinquimus,
1594 1155 1659 1204 ita
1694 1162 1748 1206 et

240 1261 436 1318 utroque
461 1248 707 1315 pmuitere
732 1247 1018 1306 debemus;
1049 1256 1123 1305 ut,
1149 1246 1283 1297 sicut
1304 1244 1431 1297 dicit
1462 1244 1600 1296 idem
1629 1257 1747 1308 apo-

242 1339 415 1399 stolus;
438 1336 585 1391 Corde
624 1335 846 1388 creditur
874 1334 941 1386 ad
971 1334 1260 1403 justitiam,
1298 1348 1379 1385 ore
1418 1342 1585 1384 autem
1628 1347 1747 1381 cono

241 1429 375 1495 {assio
402 1428 446 1493 ﬁt
469 1429 515 1480 in
555 1425 768 1479 salutem
800 1442 817 1477 :
846 1425 917 1478 ita
955 1424 1177 1491 gemitus
1215 1438 1309 1477 cor
1352 1432 1586 1476 nostrum
1622 1436 1748 1474 con-

239 1518 432 1573 scientia
443 1527 814 1586 compungente
835 1516 1117 1583 concipiat,
1136 1524 1189 1567 ut
1213 1528 1304 1567 eos
1322 1527 1380 1565 os
1401 1524 1637 1566 nostrum
1656 1527 1747 1577 per

1848 341 2143 395 miserimus
2175 340 2437 403 fratribus,
2484 339 2632 392 nobis
2678 341 2867 391 dimitti
2916 354 3015 391 non
3052 338 3255 391 debeat.
3292 335 3394 389 Hi-

1846 434 1979 486 betis
2014 436 2185 499 itaque
2222 434 2556 497 sponsionem
2586 446 2776 493 meam,
2828 430 3032 483 reddite
3078 428 3203 479 mihi
3236 427 3390 479 ﬁdem

1844 536 2096 579 veStram.
2128 524 2259 588 Quia
2312 523 2362 575 in
2417 523 2636 590 epistola
2670 535 2785 573 mea
2813 520 2988 585 procul
3026 518 3187 572 dubio
3216 519 3394 570 vincu-

1844 617 1951 669 Itttn
1982 616 2123 681 quod
2158 614 2421 681 elegeritis
2451 614 2653 667 habetis
2688 632 2699 663 :
2731 623 2819 664 aut
2846 611 3096 665 raritatis.
3128 610 3266 677 quod
3299 626 3388 665 Sa-

1847 708 2067 760 Ittbritcr
2095 706 2421 772 constringat
2448 712 2496 757 et
2522 703 2806 764 custodiat;
2849 712 2935 753 aut
2965 701 3214 766 perﬁdiae,
3244 700 3381 768 quod

1845 795 2173 863 cnlpnhililer
2218 795 2449 846 innectut
2488 803 2535 845 et
2570 793 2773 859 perdat.
2806 792 2909 844 Nec
2940 792 3061 843 mihi
3103 790 3294 856 aliquid
3326 789 3391 843 de

1841 885 2018 953 judice
2066 879 2254 952 prioris
2303 884 2557 951 temporis
2586 884 2875 949 imputctis,
2908 884 3025 948 quia
3072 882 3392 935 definitionis

1848 990 1977 1030 mese
2003 986 2110 1039 est,
2146 976 2197 1029 in
2227 974 2455 1029 comitiis
2476 989 2692 1028 servare
2724 974 3079 1035 concordiam,
3106 974 3229 1027 etin
3256 971 3389 1038 judi«

1846 1069 1942 1122 ciis
1965 1076 2141 1123 tenere
2162 1057 2459 1120 censuram.
2486 1065 2615 1117 Illud
2646 1066 2800 1117 etiam
2832 1065 3142 1132 peeuliarius
3169 1064 3389 1131 gaudeo,

1846 1142 1984 1227 quod
2007 1173 2099 1212 vos
2131 1158 2181 1210 in
2206 1158 2459 1225 integram
2483 1156 2682 1211 domini
2710 1166 2763 1209 et
2781 1157 2957 1209 fratris
2986 1156 3086 1211 mei
3129 1156 3393 1208 familiari-

1848 1256 2005 1300 tatem
2034 1246 2256 1301 rediisse
2300 1248 2541 1314 cognovi.
2586 1247 2839 1311 Superest
2885 1255 2937 1299 ut
2981 1247 3115 1302 quod
3160 1247 3298 1297 illius
3340 1247 3388 1296 in

1847 1336 1987 1390 bono
2016 1335 2197 1387 trihuit
2226 1336 2410 1402 gratia,
2442 1344 2617 1386 vestra
2648 1336 2697 1386 in
2726 1334 2948 1388 Domino
2972 1334 3232 1389 custodiat
3259 1333 3283 1369 ά
3318 1336 3393 1385 in-

1850 1425 2090 1494 seqnilla.

2429 1514 2637 1568 EPIST.
2681 1514 2815 1567 XIV.

238 1606 581 1660 confessionem
621 1606 947 1660 confusionis
988 1604 1239 1658 effundat.
1269 1603 1743 1671 Quinquagesimus
1778 1624 1820 1680 Β
1853 1604 2079 1658 Domiure
2106 1603 2368 1680 venerabili
2398 1612 2440 1655 et
2466 1606 2520 1680 in
2543 1602 2739 1680 Christo
2762 1603 2983 1680 Domino
3010 1603 3391 1669 ntaqni/icandat

238 1712 348 1751 vero
377 1698 607 1761 psalmus,
640 1698 725 1765 qui
761 1696 1071 1764 pmnitudini
1099 1695 1301 1748 dicatus
1344 1700 1537 1762 puriter
1572 1701 1627 1746 et
1663 1707 1748 1745 re-

234 1787 460 1851 missioni,
487 1787 571 1841 die
600 1795 864 1853 noctuque
890 1801 1008 1838 cum
1032 1784 1201 1851 rugitu
1227 1784 1456 1849 ﬂetuque
1484 1788 1743 1843 cantetur,

234 1884 281 1928 ut
298 1890 409 1929 rere
432 1884 481 1930 et
522 1874 802 1929 salubriter
823 1876 921 1927 dici
957 1873 1120 1941 possit
1149 1894 1159 1923 :
1195 1872 1466 1941 liugirbam
1495 1888 1524 1923 a
1560 1871 1743 1941 gemitu

230 1966 375 2019 cordis
416 1968 507 2017 mei
551 1966 721 2033 (Psat.
776 1978 975 2025 xxxvu,
1016 1963 1092 2029 9).
1129 1963 1231 2014 Et:
1279 1959 1579 2028 Iniquitates
1614 1974 1746 2009 meos

230 2071 303 2127 ego
322 2072 523 2127 agnosco
552 2053 723 2121 (Psal.
758 2070 807 2115 ι,
852 2054 927 2119 5).
961 2052 1060 2104 Et:
1112 2048 1360 2103 Delirtum
1384 2064 1547 2101 meum
1575 2056 1746 2099 contra

230 2163 293 2198 me
323 2156 388 2199 est
431 2160 619 2214 semper
675 2142 881 2213 (Ibid)
942 2141 1033 2193 Vel
1091 2140 1211 2193 illud
1266 2141 1422 2191 etiam
1457 2156 1469 2189 :
1502 2136 1747 2198 Quoniam

232 2234 510 2303 iniquitatem
532 2250 692 2287 meam
725 2248 814 2299 ejo
846 2231 1117 2296 pronuntio
1166 2238 1212 2280 et
1252 2226 1476 2296 cogitabo
1517 2242 1607 2295 pro
1636 2238 1749 2291 pec-

237 2333 329 2377 cato
360 2339 461 2377 meo
488 2324 651 2393 (Paul.
673 2336 871 2382 xxxv",
906 2321 1013 2385 19).
1040 2319 1134 2371 Hie
1175 2318 1313 2371 enim
1344 2325 1463 2369 ante
1503 2329 1598 2368 nos
1629 2330 1750 2383 pec-

245 2422 341 2465 cata
366 2422 529 2465 nostra
559 2426 678 2465 esse
704 2412 919 2471 debent,
950 2419 1003 2461 ut
1044 2411 1094 2460 in
1143 2400 1396 2461 :eternu‘in
1441 2418 1623 2458 centra
1652 2419 1753 2457 nos

244 2517 340 2555 esse
363 2517 457 2555 nou
486 2504 704 2567 possint.
738 2503 867 2567 Quia
900 2503 967 2553 ita
1000 2500 1190 2567 legitur
1216 2498 1269 2549 in
1304 2495 1572 2561 prophetis
1605 2512 1617 2547 :
1655 2495 1749 2545 Dic

243 2604 284 2643 tu
307 2592 431 2661 prior
449 2592 720 2659 iniquitates
741 2601 877 2657 tuas,
907 2600 959 2643 ut
977 2588 1261 2656 iustiﬁceris
1287 2586 1437 2654 (lsai.
1468 2601 1614 2646 xutt,
1636 2585 1745 2649 26).

184 2692 189 2700 ‘
243 2682 277 2734 Δ
297 2697 388 2750 quo
415 2682 604 2748 priores
645 2682 838 2736 dicturi
868 2695 1047 2733 sumus
1078 2678 1375 2746 iniquitates
1420 2686 1627 2728 nostras
1660 2690 1750 2726 co-

242 2786 332 2822 ram
362 2770 565 2824 Domino
592 2772 676 2824 vel
723 2770 1013 2838 prolaturi?
1054 2771 1150 2820 nisi
1172 2768 1380 2820 diabolo
1411 2768 1610 2833 utique,
1659 2766 1746 2831 qui

243 2859 512 2912 delictorum
537 2868 587 2913 et
613 2860 854 2913 incentor
877 2867 959 2911 est
990 2867 1043 2910 et
1081 2856 1321 2909 delator:
1364 2856 1478 2919 Ipse
1517 2856 1655 2906 enim
1694 2864 1750 2905 ιιι

2110 1674 2229 1737 ﬁlia:
2261 1672 2523 1725 Cerauniae
2551 1683 2574 1710 ο
2603 1674 2833 1726 Ruricius
2863 1674 3144 1742 episcopus.

1916 1782 1985 1837 Ut
2030 1784 2279 1848 pictorem
2316 1780 2467 1833 vobis
2506 1792 2656 1835 antea
2691 1796 2792 1832 non
2833 1781 3237 1834 transmitterem
3286 1780 3396 1833 hae-2

1854 1872 1869 1907 ί
1896 1871 2106 1934 refecit;
2134 1871 2247 1935 quia
2267 1872 2493 1922 adventu
2517 1871 2634 1921 novi
2654 1869 2845 1936 judicis
2876 1880 2925 1922 te
2952 1880 3252 1936 occupatam
3282 1884 3397 1923 esse

1846 1960 2064 2022 credidi,
2092 1967 2247 2024 atque
2271 1960 2341 2011 ita
2362 1959 2687 2017 deterritam,
2717 1967 2772 2009 ut
2793 1960 2857 2013 de
2880 1960 2957 2012 his
2988 1961 3141 2013 rebus
3169 1962 3397 2028 cogitare

1849 2068 1950 2106 non
1982 2051 2170 2118 possis.
2222 2049 2322 2105 Sed
2354 2065 2469 2115 qua:
2498 2050 2604 2101 Deo
2645 2050 2871 2115 propitio
2909 2064 3000 2101 vos
3037 2058 3089 2103 et
3128 2051 3315 2104 litteris
3348 2063 3401 2103 et

1850 2143 2101 2193 relatione
2162 2150 2453 2193 vestrorum
2500 2154 2563 2192 ex
2618 2141 2871 2192 sententia
2919 2154 3077 2204 agere
3120 2155 3182 2193 ac
3227 2142 3399 2193 valere

1848 2228 2096 2298 cognovi,
2140 2229 2449 2282 salutatione
2496 2230 2740 2295 praetuta,
2788 2228 3069 2293 pictorem,
3116 2230 3397 2295 quamlibet

1850 2323 1932 2375 hic
1973 2333 2108 2374 esset
2148 2329 2451 2383 occupatus,
2480 2333 2598 2371 cum
2646 2318 2902 2383 discipulo
2944 2318 3233 2382 destinavi;
3279 2319 3394 2385 quia

1850 2412 2004 2464 malui
2058 2425 2185 2463 mere
2212 2408 2485 2463 detrahere
2533 2407 2855 2469 necessitati,
2900 2407 3036 2459 unde
3083 2418 3269 2460 vestrre
3317 2422 3398 2461 sa-

1851 2504 2141 2556 tisfacerem
2174 2501 2429 2569 petitioni.
2456 2500 2556 2552 Sed
2584 2501 2701 2567 quia
2732 2509 2783 2553 et
2813 2501 3133 2567 propositum
3166 2510 3394 2553 vestrum

1848 2602 1901 2645 et
1928 2600 2163 2645 nostrum
2191 2590 2359 2657 poscit
2382 2589 2631 2650 officium,
2657 2590 2735 2639 bis
2757 2588 3145 2642 venerationem
3171 2597 3397 2641 vestram

1852 2684 2028 2750 paucis
2059 2697 2270 2734 monere
2302 2674 2628 2745 praesumpsi,
2663 2690 2721 2732 ut
2758 2694 2919 2745 opere
2961 2679 3105 2732 illius
3132 2680 3195 2731 ad
3237 2696 3398 2747 agen-

1850 2772 1967 2823 dam
2010 2770 2395 2837 paenitentiam,
2436 2781 2489 2821 et
2521 2783 2651 2819 nova
2684 2770 2801 2819 novi
2836 2768 3060 2821 hominis
3089 2769 3399 2823 vestimenta

1849 2862 2097 2914 Sumenda
2127 2860 2302 2925 capias
2340 2858 2659 2923 exemplum.
2697 2874 2799 2925 quo
2830 2860 3031 2913 facilius
3065 2861 3113 2913 in
3154 2870 3203 2914 te
3229 2863 3395 2931 Adam

243 2960 484 3012 Ρθοεθῐιιυε
510 2947 738 3015 instigat,
766 2947 879 3015 ipse
904 2960 1021 2999 cum
1053 2944 1461 3013 peccaveritImS.
1500 2949 1742 3004 accusat;
1770 2956 1815 3014 (ζ
1849 2958 2081 3003 vetustus
2128 2950 2367 3014 intereat,
2410 2955 2463 3001 et
2506 2948 2795 3002 viviﬁcator
2833 2958 3106 3017 exsurgat;
3154 2943 3401 3015 quemada

244 3044 288 3089 ut
310 3035 415 3090 ideo
435 3037 483 3089 in
506 3037 839 3092 confessione
868 3034 1146 3089 criminum
1189 3046 1219 3084 a
1263 3032 1413 3085 nobis
1460 3030 1748 3099 prtevenia-

244 3133 311 3177 tur
335 3126 380 3177 in
400 3126 607 3191 sreculo,
639 3139 706 3180 ne
735 3135 917 3180 contra
942 3138 1041 3199 nos
1064 3122 1252 3175 habeat
1278 3120 1416 3187 quod
1440 3119 1674 3189 proferat
1696 3121 1745 3173 in

244 3210 406 3268 loturo.

780 3304 989 3358 EPIST.
1030 3301 1161 3356 XIII.

246 3393 511 3450 Beatissimis
547 3405 605 3449 cl
637 3397 689 3448 in
718 3394 916 3449 Christo
963 3394 1318 3448 uenerabilibus
1366 3395 1605 3457 fratribus
1634 3390 1749 3446 Fat-

304 3466 451 3518 dann'o
478 3475 508 3502 ⁸
544 3476 588 3517 et
628 3465 785 3517 Vilico
815 3465 1106 3533 presbyteris
1132 3463 1360 3515 Ruricius
1388 3465 1667 3531 episcOpus.

294 3573 565 3639 Quamlibet
593 3575 797 3628 litteras
828 3573 1167 3627 fraternitatis
1195 3581 1383 3625 vestrae
1413 3585 1506 3639 per
1534 3570 1559 3608 δ
1580 3572 1752 3624 subsi-

245 3665 476 3723 diaconem
489 3672 807 3726 Contimtum
832 3685 933 3722 non
958 3671 1303 3736 perciperem,
1331 3676 1504 3721 tamen
1538 3668 1629 3719 has
1654 3680 1751 3732 ego

244 3768 292 3807 ac
313 3771 391 3820 per
417 3759 581 3826 ipsum
610 3758 675 3811 ad
719 3772 815 3811 vos
836 3757 1021 3809 affectu
1051 3756 1331 3824 instigante
1378 3756 1542 3809 direxi
1567 3772 1580 3816 ;
1613 3762 1669 3805 ut
1698 3760 1752 3805 et

247 3845 464 3902 desiderio
506 3850 884 3909 satisfacerem,
926 3856 979 3898 et
1024 3845 1282 3897 scribendi
1335 3842 1530 3893 aditum
1586 3841 1749 3908 prius,

247 3934 361 3993 prior
383 3946 581 4003 utpote.
616 3935 985 3999 patefacerem,
1030 3948 1096 3983 ne
1125 3933 1173 3982 in
1205 3940 1469 3998 posterum
1500 3930 1644 3983 locus
1672 3945 1755 3980 re-

247 4019 523 4091 linqueretur
550 4020 910 4083 excusationi;
943 4030 991 4071 et
1018 4033 1099 4071 res
1125 4012 1425 4085 voluntatis,
1451 4015 1755 4072 diffidentiae

246 4114 287 4159 et
331 4110 642 4162 verecundia:
685 4123 802 4161 esse
863 4108 1145 4161 diceretur.
1194 4109 1425 4160 Salutem
1485 4109 1655 4173 itaque
1705 4108 1755 4157 in

247 4193 417 4251 Christo
444 4198 666 4252 Domino
697 4198 969 4265 plurimam
1000 4198 1118 4249 dico
1147 4198 1448 4249 beatitudini
1473 4208 1678 4261 vestrm,
1704 4206 1756 4251 et

1848 3040 2060 3092 modum
2092 3038 2179 3089 ille
2211 3037 2440 3102 parietes
2468 3034 2626 3087 variis
2653 3036 2891 3088 colorum
2934 3037 3066 3090 fucis
3097 3032 3398 3093 multimoda

1847 3137 1960 3183 arte
2002 3126 2265 3195 depingit,
2314 3127 2384 3179 ita
2432 3137 2523 3176 vos
2572 3125 2798 3177 animam
2850 3135 3113 3187 vestram,
3163 3142 3277 3191 qua!
3322 3139 3401 3181 est

1852 3217 2097 3284 templum
2130 3214 2252 3279 Dei,
2288 3214 2509 3267 diversis
2540 3214 2789 3266 virtutum
2821 3213 3101 3280 generibus
3129 3214 3399 3279 excolatis,

1850 3317 1907 3360 ut
1954 3323 2076 3361 vere
2118 3305 2183 3359 de
2233 3306 2451 3372 spiritali
2500 3305 2677 3363 domo,
2713 3313 2883 3356 vestra
2936 3303 3242 3371 spiritaliter
3282 3319 3399 3357 cum

1853 3400 2104 3465 propheta
2149 3396 2326 3449 dicere
2370 3396 2580 3463 possitis
2623 3410 2635 3445 :
2687 3393 2919 3461 Domine,
2972 3394 3127 3446 dilexi
3179 3395 3401 3446 decorem

1851 3488 2166 3539 habitationis
2192 3500 2307 3549 tum,
2329 3495 2376 3539 et
2402 3488 2563 3537 locum
2584 3485 2901 3538 habitationis
2920 3484 3098 3553 gloria;-
3118 3495 3215 3539 tua:
3236 3486 3401 3557 (Psal.

1850 3595 1971 3639 xxv,
2004 3578 2070 3641 8;
2102 3580 2205 3628 Act.
2240 3592 2330 3638 vn,
2358 3576 2467 3641 48).
2515 3575 2644 3651 Quia
2674 3576 2959 3628 secundum
3012 3576 3175 3643 ipsius
3201 3576 3403 3632 Domini

1853 3674 2016 3725 nostri
2065 3672 2375 3724 sententiam
2397 3710 2411 3731 ,
2456 3668 2573 3721 Non
2611 3670 2664 3721 in
2694 3685 2843 3720 manu
2874 3670 3023 3737 factis
3054 3669 3240 3721 habitat
3271 3668 3403 3723 Deus

1851 3760 1986 3829 (Act.
2012 3775 2137 3818 xvn,
2160 3758 2272 3823 24),
2307 3772 2402 3810 nec
2432 3744 2863 3810 iniitabernaculis
2896 3759 2990 3810 viri
3020 3759 3402 3825 beneplacitum

1851 3849 1928 3911 ei;
1965 3848 2056 3899 sed
2096 3844 2478 3911 beneplacitnm
2508 3855 2589 3897 est
2621 3844 2670 3897 ei
2698 3859 2857 3911 super
2889 3848 3137 3898 timentes
3171 3860 3247 3911 se,
3274 3856 3325 3899 et
3354 3851 3401 3899 in

1852 3952 1915 3989 eo
1946 3936 2028 4002 qui
2068 3942 2247 4001 sperat
2285 3931 2335 3984 in
2374 3931 2753 3985 misericordia.
2806 3933 2869 3983 Et
2919 3936 3028 3996 ipse
3070 3934 3257 3987 iterum
3305 3950 3398 3988 uos

1837 4042 1946 4093 ,ρει-
1970 4027 2273 4092 prophetam
2306 4023 2494 4076 docere
2528 4022 2773 4089 dignatur
2798 4040 2809 4073 :
2834 4021 3018 4076 Caelum
3048 4026 3169 4077 mihi
3198 4025 3401 4079 thronus

1856 4129 1947 4181 est,
1973 4126 2105 4169 terra
2129 4125 2289 4167 autem
2316 4111 2587 4166 scabellum
2608 4113 2790 4185 pedum
2820 4130 3043 4165 meorum
3066 4132 3083 4166 :
3104 4132 3253 4184 quant
3282 4119 3403 4169 mihi

1858 4210 2021 4260 sedem
2066 4205 2415 4273 a’di/icabilis,
2487 4213 2573 4255 aut
2619 4204 2731 4272 quis
2756 4206 2848 4257 erit
2906 4206 3041 4258 locus
3089 4209 3403 4275 requietioois

246 4298 388 4350 spero,
433 4298 485 4339 ut
530 4302 639 4351 me,
690 4288 821 4339 sicut
850 4287 999 4339 decet
1028 4286 1408 4339 ecclesiasticos
1438 4288 1595 4348 viros,
1647 4301 1748 4337 non

1854 4313 1989 4359 metu,
2036 4310 2197 4347 nonne
2242 4294 2345 4344 lucc
2387 4292 2555 4344 omnia
2595 4293 2711 4360 fecit
2752 4309 2931 4345 manus
2974 4296 3118 4346 mea?
3144 4304 3229 4346 aut
3258 4312 3404 4359 super

248 4370 393 4436 labiis,
420 4376 501 4429 sed
533 4374 697 4429 corde
722 4374 981 4441 diligatis;
1014 4385 1067 4426 et
1101 4375 1163 4426 de
1194 4388 1277 4426 me
1305 4376 1521 4426 caritate
1548 4362 1751 4427 sincera

248 4457 513 4532 inalioquio
566 4464 785 4530 pristina
832 4465 1008 4514 dicere
1054 4463 1399 4528 praesumatis.
1428 4463 1557 4529 Quia
1594 4466 1635 4515 si
1668 4465 1752 4515 illa

248 4544 396 4603 luisset
439 4568 584 4615 vera,
629 4560 1020 4617 permanserat;
1074 4552 1206 4603 etsi
1257 4554 1436 4604 fuisset
1468 4564 1489 4591 ε
1537 4562 1751 4615 mutata,

249 4651 406 4694 mutata
449 4658 551 4696 non
585 4640 779 4692 fuerat.
821 4643 859 4691 A
888 4639 1035 4706 cujus
1068 4650 1237 4691 tamen
1277 4640 1427 4692 fuerit
1462 4650 1608 4707 parte
1636 4657 1752 4693 mu-

250 4736 349 4793 tata,
371 4738 418 4783 et
442 4728 779 4783 conscientiae
809 4740 1000 4780 nostrae
1043 4730 1300 4791 noverint,
1330 4742 1382 4781 et
1413 4730 1757 4782 conscientia-

250 4831 339 4869 rom
374 4822 607 4888 cognitor
646 4818 763 4870 sine
807 4830 1069 4870 assertore
1116 4820 1411 4886 cognoscit;
1464 4837 1619 4887 quem
1660 4836 1756 4889 ego

251 4911 400 4960 testem
417 4907 641 4961 sdhibeo
665 4905 976 4973 professioni
1000 4922 1163 4959 mea}:
1196 4922 1289 4960 nec
1311 4908 1376 4961 de
1405 4910 1550 4971 initio
1576 4909 1758 4961 simul-

254 4996 349 5049 tatis
364 5011 435 5050 me
452 5014 564 5053 esse
594 4995 941 5061 culpabilem,
971 5012 1068 5049 nec
1100 4997 1148 5049 in
1184 4998 1340 5051 corde
1363 5014 1481 5052 meo
1505 5001 1755 5069 qttidquid

255 5094 393 5138 actum
434 5098 507 5141 est
536 5088 812 5141 dictumve
844 5086 1122 5150 resedisse,
1178 5088 1295 5155 quia
1340 5090 1447 5144 scio
1496 5092 1644 5143 nobis
1690 5095 1755 5147 ab

309 5243 329 5272 ι
354 5235 561 5306 Fuerunt
589 5233 1201 5306 presbyteri_dioeceseos
1227 5239 1633 5302 Lcmot'icensis,
1662 5244 1748 5306 qui

258 5315 349 5423 tanta
372 5305 560 5362 Ruricio
587 5304 781 5360 eorum
818 5304 1062 5372 episcOpo
1102 5307 1217 5358 lites
1248 5309 1388 5374 prius
1439 5304 1752 5363 habuerunt.

294 5389 383 5423 iss.

294 5389 383 5425 uel.

313 5438 333 5479 δ
357 5440 494 5500 Forte
519 5446 880 5500 subdiaconem
910 5438 1229 5495 Contimtum.

1855 4401 1997 4447 quem
2024 4384 2177 4433 alium
2206 4381 2491 4449 respiciam,
2519 4381 2615 4433 nisi
2644 4396 2793 4444 super
2812 4378 3068 4445 humilem,
3099 4392 3143 4433 et
3164 4383 3397 4449 quietum,

1856 4480 1903 4523 et
1924 4479 2204 4522 trementem
2231 4484 2481 4521 sermones
2508 4484 2641 4520 meos
2666 4466 2817 4537 (Isai.
2842 4483 2983 4533 LXVI,
3007 4470 3081 4536 l).
3114 4470 3177 4526 Et
3210 4472 3319 4537 ipse
3352 4477 3399 4523 iu

1856 4559 2140 4626 Evangelio
2166 4557 2419 4627 Dominus
2444 4559 2667 4610 clamat:
2706 4556 2873 4609 Venite
2897 4560 2963 4609 ad
2992 4574 3087 4623 me,
3122 4576 3290 4612 omnes
3319 4564 3402 4627 qui

1858 4648 2095 4701 laboratis
2132 4656 2178 4699 et
2218 4646 2411 4697 onerati
2451 4646 2589 4711 estis,
2630 4654 2677 4696 et
2703 4660 2794 4711 ego
2820 4646 3041 4709 reﬁciam
3070 4663 3153 4699 vos
3183 4647 3394 4712 (blattis.

1862 4752 1931 4801 ιι,
1954 4735 2067 4803 28),
2094 4744 2145 4787 et
2172 4733 2365 4801 reliqua
2390 4746 2505 4802 quae
2526 4741 2833 4802 sequuntur.
2864 4734 2923 4785 Et
2949 4734 3082 4796 ideo,
3111 4736 3160 4787 in
3193 4736 3400 4790 Chri-to

1863 4828 2082 4879 Domino
2110 4824 2379 4877 carissima
2416 4839 2568 4877 soror
2600 4839 2661 4876 ac
2699 4824 2823 4885 filia,
2858 4824 3089 4891 pristinas
3119 4840 3395 4889 conversa-

1863 4916 2016 4969 tionis
2049 4914 2331 4967 ambitiooe
2360 4915 2614 4981 deposita,
2644 4913 2991 4966 humilitatem
3027 4912 3187 4967 debes
3225 4912 3394 4964 cordis

1864 5006 2097 5066 induere,
2136 5003 2543 5077 misericordiam
2576 5002 2927 5070 indigentibus
2958 5000 3211 5064 fenerare,
3244 5000 3398 5052 casti-

1864 5101 2018 5146 tatem
2058 5107 2159 5145 non
2200 5093 2367 5144 solum
2409 5093 2666 5160 corporis,
2716 5092 2807 5145 sed
2850 5092 3039 5144 animus
3085 5101 3393 5154 procurare;

1931 5250 1953 5277 ε
1988 5240 2095 5292 Hoc
2116 5249 2196 5293 est
2223 5239 2346 5292 alia.
2780 5270 2783 5271 ν

1928 5308 1952 5343 α
1988 5309 2097 5360 Vox
2131 5309 2408 5371 mendosa;
2448 5309 2577 5363 forte
2604 5308 2890 5375 insequella.

1933 5386 1955 5448 ς
1990 5377 2061 5448 I_)e
2088 5392 2145 5428 ea
2174 5378 2413 5444 superius
2443 5379 2595 5448 epist.
2632 5378 2678 5441 l,
2712 5378 2802 5430 lib.
2834 5389 2867 5427 t.

1938 5443 1953 5479 ί
1988 5445 2142 5500 Forte
2169 5443 2251 5499 res
2272 5448 2409 5516 fecit.
