3854 6228
519 213 583 266 93

1829 207 1910 262 ιω
1927 206 2072 261 RICII
2113 208 2408 262 EPISCOPI

3609 193 3678 249 93'

521 322 657 387 quod
676 321 949 388 adiuvante
972 320 1188 372 Domino
1219 327 1274 372 ut
1294 319 1564 385 acquirvre
1585 321 1756 372 valeas
1786 318 1978 385 pariter
2002 328 2054 370 et
2073 317 2124 376 Ἀ
2154 322 2242 374 sed
2285 320 2488 374 Patrem
2516 331 2749 386 vestrum,
2787 321 2874 391 qui
2900 321 2952 374 in
2990 320 3122 373 caelis
3153 327 3224 374 est
3249 317 3455 388 (Matth.
3487 335 3544 382 v,
3576 317 3688 386 16).

520 403 802 472 custodire,
839 408 1168 477 jejunandum
1215 415 1295 461 est
1320 408 1530 476 saepius,
1569 419 1621 462 et
1653 420 1859 474 semper
1894 421 2049 459 oran-

519 497 664 561 dum,
711 497 828 564 quia
875 496 1038 549 Adam
1085 495 1305 561 paradisi
1363 506 1418 548 et
1471 504 1648 564 custos
1694 495 1959 562 delegatur
1998 504 2048 547 et

520 587 730 637 colonus
773 583 916 652 (Gen.
951 599 1009 647 ιι,
1046 584 1156 650 15),
1202 585 1404 638 scilicet
1447 593 1501 635 ut
1542 584 1757 636 haberet
1801 584 2045 650 operandi

523 678 787 730 materiam
819 677 1032 729 libertas
1072 677 1270 729 arbitrii
1304 685 1358 729 et
1407 677 1543 743 quod
1572 678 1866 729 orationum
1910 677 2046 729 oliti-

521 769 716 818 nuisset
762 765 1042 822 industria.
1086 765 1350 832 parcitatis
1394 763 1704 816 abstinentia
1746 764 2045 817 custodiret.

521 852 624 904 Sed
669 853 908 915 quoniam
962 853 1190 918 neglexit
1235 852 1331 903 sibi
1379 865 1589 904 servare
1629 851 1901 918 jejunium,
1959 866 2049 920 per

455 979 458 982 .
519 937 989 1003 concupiscentiam
1026 938 1233 989 vetitam
1264 939 1436 988 amisit
1472 944 1525 989 et
1553 938 1708 989 vitam
1748 946 1800 990 et
1841 939 2050 990 immor-

520 1026 800 1094 tilitatem.
839 1025 945 1078 Sub
980 1032 1004 1058 ⁸
1039 1024 1344 1076 Hierobabel
1386 1040 1559 1077 muros
1598 1025 1917 1078 Hierusalem
1962 1041 2054 1094 re;

517 1114 652 1164 versi
700 1112 762 1162 ad
816 1111 1159 1176 captivitatem
1218 1114 1564 1178 reparabant,
1621 1128 1736 1165 cum
1785 1116 1860 1167 eis
1909 1130 2042 1168 esse!

518 1208 696 1250 contra
734 1199 1049 1263 alieni-genas
1086 1215 1177 1265 pro
1204 1203 1505 1253 eorumdem
1548 1216 1808 1254 murorum
1846 1215 2047 1255 reSIau-
2082 1222 2084 1229 ί

521 1289 722 1339 ratione
767 1299 1049 1348 certamen,
1099 1289 1445 1354 operabantur
1490 1289 1689 1355 dextra,
1739 1300 1792 1342 et
1842 1292 2048 1344 sinistra

521 1377 819 1442 pugnabant
863 1376 938 1440 (ΙΙ
997 1375 1168 1428 Eadm:
1197 1393 1262 1437 tv,
1292 1379 1376 1443 i7)
1414 1395 1424 1427 :
1467 1378 1664 1431 Scilicet
1698 1388 1897 1431 scutum
1929 1381 2046 1434 fidei

524 1465 649 1515 laeva
700 1476 874 1517 contra
924 1466 1247 1518 adversarios
1303 1467 1719 1532 praetendentes,
1771 1478 1822 1521 et
1866 1469 2046 1522 dextra

523 1553 771 1604 honorum
816 1568 1027 1617 Operum
1074 1564 1316 1619 tanquam
1367 1555 1594 1620 lapidum
1641 1558 2046 1620 compositorum

2149 410 2307 476 Cuius
2328 421 2404 463 est
2431 420 2482 463 et
2508 421 2562 462 ut
2580 412 2751 472 detur,
2773 421 2824 464 et
2847 424 3002 464 omne
3025 405 3161 477 quod
3185 409 3357 463 datur.
3385 407 3513 472 Quia
3537 406 3698 474 juxta

2152 503 2454 565 Aposto'um
2482 516 2494 550 :
2524 500 2688 552 Omne
2717 499 2892 552 datum
2926 499 3115 550 bonum
3147 513 3175 549 a
3203 511 3410 550 sursum
3437 494 3504 549 de
3533 496 3700 548 Patre

2151 591 2400 642 luminum
2441 589 2738 652 descendit,
2769 603 2797 640 a
2833 603 2934 656 quo
2972 597 3024 641 et
3062 588 3299 640 voluntas
3337 585 3611 650 tribuitur,
3645 593 3700 636 et

2152 686 2425 744 praestatur
2452 676 2686 732 effectus.
2718 677 2843 742 Quia
2872 675 3176 744 paenitentia
3203 690 3306 728 non
3332 673 3546 729 nomine
3574 683 3699 725 tan-

2150 774 2256 818 tum
2292 766 2593 830 obtinenda,
2625 766 2715 818 sed
2748 773 2864 818 actu
2899 774 2976 818 est
2997 763 3345 831 exsequenda.
3374 759 3698 816 Poenitentia

2149 867 2249 905 ηοω
2290 861 2369 904 est
2418 867 2606 906 nomen
2655 856 2899 912 otiosum,
2947 867 3063 920 quas
3113 867 3174 905 ex
3223 850 3474 918 qualitate
3510 849 3701 916 operis

2152 943 2383 1008 possidet
2417 942 2674 995 laboriosa
2704 941 3032 995 vocabulum.
3066 941 3178 994 Non
3205 940 3347 996 enim
3377 948 3550 1006 potest
3585 952 3700 1004 paea

2148 1032 2319 1089 nitens
2361 1030 2485 1091 dici,
2525 1030 2617 1104 qui
2665 1027 2961 1097 paenitenda
3002 1027 3300 1091 committit,
3343 1025 3435 1080 sed
3479 1025 3570 1077 ille
3607 1026 3700 1090 qui

2153 1115 2413 1186 praeterita
2475 1128 2682 1184 peccata
2738 1118 2816 1169 vel
2868 1116 3093 1168 maculas
3147 1115 3434 1168 humilitate
3490 1113 3700 1167 cordis.

2149 1208 2469 1273 subjectione
2507 1207 2757 1271 Corporis,
2811 1205 3064 1257 bonorum
3121 1217 3335 1270 operum
3390 1200 3699 1262 sedulitate,

2149 1296 2447 1349 assiduitate
2464 1295 2775 1353 orationum,
2790 1292 3174 1345 continuatione
3194 1291 3496 1358 getnituum,
3515 1303 3702 1355 pecto-

2149 1387 2220 1438 ris
2243 1385 2564 1445 contusione,
2588 1385 2927 1450 lacrymarum
2954 1379 3250 1446 profusione
3276 1378 3468 1444 detegit
3509 1375 3702 1445 [deter-

2149 1473 2269 1544 git];
2297 1485 2350 1526 ut
2372 1474 2534 1541 possit
2573 1471 2746 1526 dicere
2779 1486 2894 1523 cum
2934 1469 3183 1537 propheta
3229 1485 3241 1519 :
3290 1467 3366 1518 Ne
3407 1466 3700 1518 memineris

2150 1563 2432 1628 iniquitates
2469 1572 2665 1613 nostras
2697 1561 2927 1624 antiquas
2967 1557 3133 1628 (Psal.
3161 1571 3374 1619 Lxxvut,
3398 1556 3474 1623 8),
3519 1555 3703 1621 utiqno

521 1643 711 1694 moenia
739 1652 1117 1704 comtruentes,
1141 1643 1229 1694 sed
1272 1651 1324 1695 et
1354 1642 1450 1708 ipsi
1490 1644 1585 1694 viri
1612 1644 1699 1708 qui
1728 1643 2048 1695 :edilicabant
2081 1649 2124 1704 Β
2153 1665 2253 1702 non
2295 1649 2645 1716 quotidianas.
2692 1649 2756 1701 Et
2785 1648 2907 1701 illud
2940 1665 2954 1700 :
2988 1646 3232 1697 Laboraui
3269 1647 3320 1697 in
3348 1645 3529 1712 gemitu
3561 1659 3701 1705 meo,

519 1746 635 1782 cum
662 1731 926 1796 prophetis
947 1732 1073 1792 suis,
1101 1745 1260 1795 super
1281 1731 1482 1782 lumbos
1506 1733 1659 1784 cincti
1685 1733 2049 1799 operabantur,

519 1819 654 1885 quod
679 1827 730 1869 et
753 1817 998 1869 Dominus
1024 1819 1072 1869 in
1099 1817 1376 1876 Evangelio
1404 1819 1685 1872 observare
1709 1836 1800 1872 nos
1825 1823 2053 1888 prtecipit

519 1909 698 1960 dicens
728 1922 742 1959 :
776 1907 889 1960 Sint
915 1908 1069 1958 lumbi
1093 1909 1238 1959 vestri
1262 1909 1475 1972 prierint:
1499 1911 1534 1973 i,
1563 1919 1608 1961 et
1640 1910 1855 1961 lucerna:
1884 1923 2054 1963 vestrm

521 1997 748 2050 ardentes
773 1997 918 2064 (Luc.
947 2013 1038 2058 xu,
1061 1998 1148 2062 55)
1185 2015 1197 2049 :
1228 1999 1532 2065 prmciuctus
1561 2009 1641 2054 est
1671 2001 1876 2064 lumbis,
1905 2003 2052 2064 cuius

523 2100 646 2136 caro
673 2085 893 2137 castitati
935 2085 1137 2150 militat,
1167 2098 1217 2138 et
1246 2101 1346 2138 non
1390 2088 1619 2150 libidini;
1664 2101 1714 2141 et
1744 2103 1888 2141 mens
1920 2090 2054 2140 illius

524 2173 990 2239 tanquam‘atdens
1038 2175 1245 2226 lucerna
1281 2177 1567 2243 praefulget,
1597 2174 1749 2244 qliatn
1783 2180 2055 2245 praeceptis

522 2261 630 2315 suis
665 2260 901 2317 Christus
943 2264 1196 2318 accendit.
1238 2267 1363 2330 Quia
1407 2273 1515 2318 tunc
1555 2267 1725 2319 omnia
1770 2269 2053 2323 secundum

521 2353 826 2418 Apostolum
869 2354 918 2404 in
952 2353 1110 2419 figura
1143 2359 1301 2407 nostri
1349 2355 1478 2406 facta
1504 2366 1626 2408 sunt
1661 2354 1711 2424 (I
1743 2355 1858 2408 Cor.
1891 2372 1942 2418 x,
1975 2358 2052 2423 6);

524 2440 659 2493 scire
705 2454 799 2492 nos
841 2443 1115 2505 convenit,
1171 2443 1307 2508 quod
1354 2444 1577 2509 quandiu
1631 2446 1807 2498 saeculi
1858 2445 2056 2497 actibus

525 2526 712 2578 fuimus
759 2529 1013 2592 occupati,
1050 2537 1290 2595 tanquam
1325 2529 1616 2597 Babyloniis
1644 2540 1694 2584 et
1724 2533 1830 2598 regi
1873 2548 2051 2585 eorum

526 2615 714 2680 captivi
744 2630 770 2666 a
799 2616 973 2668 Judzea
1006 2618 1239 2684 producti
1273 2618 1320 2668 iu
1352 2619 1574 2672 hostium
1608 2606 1818 2687 regione
1845 2623 2056 2676 servivi-

526 2717 660 2767 mus,
689 2703 824 2756 unde
856 2720 943 2768 per
970 2699 1322 2770 ptenitentiam
1360 2707 1422 2758 ad
1460 2709 1698 2775 patriam,
1739 2699 1839 2761 hoc.
1864 2718 1962 2774 est,
1994 2711 2057 2762 ad

526 2790 787 2844 caelestem
819 2791 1138 2846 Hierusalem
1178 2805 1394 2847 matrem
1439 2796 1667 2848 omnium
1705 2797 1930 2850 ﬁdelium
1973 2813 2056 2851 re-

527 2889 805 2944 vertentes,
835 2881 1082 2934 debemus
1120 2885 1260 2935 omni
1306 2886 1552 2936 virtutum
1589 2901 1782 2953 genere
1817 2902 2058 2954 reparare

2154 1737 2326 1788 lavabo
2352 1753 2436 1804 per
2461 1737 2686 1804 singulas
2726 1746 2888 1788 noctes
2913 1734 3093 1787 lectum
3118 1749 3280 1785 meum
3318 1732 3485 1800 (Psal.
3516 1746 3591 1794 v1,
3623 1730 3702 1797 7).

2155 1823 2218 1876 Et
2252 1841 2263 1875 :
2296 1825 2551 1893 Lacrymis
2585 1825 2703 1876 meis
2744 1834 2949 1898 stratum
2977 1839 3138 1875 meum
3180 1821 3353 1888 rigubo
3383 1817 3594 1887 (lbid.).
3643 1819 3704 1872 Et

2153 1914 2336 1966 iterum
2369 1928 2383 1965 :
2412 1913 2679 1980 [fugiebam
2710 1928 2739 1962 α
2763 1914 2947 1982 gemitu
2973 1911 3138 1962 cordis
3167 1910 3262 1963 mei
3294 1907 3460 1975 (Psal'.
3487 1921 3703 1968 utut,

2153 2006 2229 2070 9).
2273 2003 2336 2053 Et
2379 2002 2561 2054 iterum
2595 2015 2614 2053 :
2649 2000 2894 2064 Quoniam
2944 2000 3229 2066 iniquitates
3269 2013 3401 2048 meas
3443 2011 3533 2062 ego
3581 2010 3704 2062 pro-

2154 2092 2329 2141 nuntio
2357 2101 2402 2141 et
2431 2090 2656 2155 cogitabo
2696 2105 2785 2156 pro
2832 2099 3028 2155 peccato
3066 2101 3170 2138 meo
3199 2083 3383 2153 (lbid.,
3415 2084 3525 2149 i9).
3579 2083 3704 2136 Sint

2156 2179 2274 2230 ideo
2304 2177 2384 2229 hic
2423 2177 2635 2229 crimina
2675 2185 2848 2228 nostra
2889 2183 3009 2227 ante
3039 2187 3152 2238 nos,
3195 2183 3246 2225 et
3274 2180 3452 2224 contra
3492 2185 3613 2232 nos,
3648 2181 3704 2222 ut

2157 2266 2318 2319 indie
2357 2265 2537 2333 judicii
2572 2279 2688 2317 esse
2737 2280 2838 2316 non
2885 2263 3104 2330 possint,
3150 2269 3203 2313 et
3247 2259 3372 2312 illud
3414 2259 3570 2311 etiam
3619 2258 3706 2310 hic

2155 2355 2308 2423 positi
2337 2369 2452 2407 cum
2485 2354 2665 2406 fiducia
2693 2353 2866 2404 dicere
2896 2363 3187 2404 mereamur
3214 2365 3226 2399 :
3256 2347 3502 2398 Delictum
3531 2361 3705 2396 meum

2157 2461 2245 2513 ego
2289 2459 2549 2511 cognosco,
2592 2451 2638 2494 et
2682 2442 2957 2506 iniustitia:
3002 2455 3135 2491 meas
3183 2455 3280 2491 non
3324 2437 3493 2506 operui
3525 2433 3704 2502 (Psal.

2159 2548 2301 2595 xxxr,
2327 2529 2401 2598 5).
2447 2530 2582 2594 Dixi,
2628 2529 2974 2597 pronuntiabo
3006 2528 3256 2584 adversus
3288 2540 3370 2579 me
3407 2532 3460 2577 et
3488 2523 3704 2590 injusti-

2159 2623 2256 2674 tias
2283 2635 2422 2672 meas
2454 2621 2693 2684 Domino,
2724 2630 2776 2672 et
2806 2628 2858 2672 tu
2888 2619 3130 2672 remisisti
3179 2617 3493 2683 impietatem
3523 2613 3706 2666 cordis

2159 2711 2280 2763 mei.
2324 2710 2535 2762 Certum
2581 2720 2662 2762 est
2710 2710 2845 2776 quod
2895 2710 2947 2760 in
2993 2717 3241 2775 quantum
3304 2706 3396 2758 tibi
3433 2706 3499 2758 de
3539 2702 3706 2772 priori

2147 2801 2553 2854 conversatione
2597 2799 2939 2866 displicueris,
2992 2799 3043 2850 in
3093 2804 3290 2850 tantum
3325 2793 3707 2871 Dominopla-

2157 2890 2326 2956 eebis,
2358 2897 2411 2942 et
2441 2891 2490 2941 iu
2534 2899 2782 2956 quantum
2829 2887 2918 2940 tibi
2965 2886 3238 2953 placueris,
3289 2885 3358 2936 illi
3401 2884 3512 2936 sine
3542 2879 3704 2935 dubio

529 2966 776 3034 collapsa,
817 2968 1014 3022 sarcire
1057 2971 1292 3035 discissa,
1334 2974 1509 3027 delere
1550 2977 1830 3042 praeterita,
1871 2976 2129 3035 cavere‘C
2160 2979 2480 3045 displicebis,
2509 2978 2595 3042 qui
2622 2978 2747 3029 dicit
2777 2993 2793 3026 :
2821 2976 3077 3042 Quoniam
3114 2975 3332 3040 dissipat
3368 2987 3484 3024 ossa
3527 2971 3706 3024 homi-

531 3056 824 3122 przesentia,
858 3072 1037 3123 parare
1066 3069 1305 3124 ventura;
1351 3073 1404 3114 ut
1433 3078 1523 3130 per
1555 3064 1921 3130 benignitatem
1962 3065 2058 3118 Do—

532 3145 654 3196 mini
681 3160 708 3196 a
740 3146 950 3212 pristina
984 3157 1308 3213 peccatorum
1342 3154 1638 3218 captivitate
1665 3154 1922 3217 distracti,
1959 3171 2060 3207 non

532 3233 755 3302 Babylon
780 3249 927 3287 orum
981 3238 1115 3303 regi,
1173 3240 1263 3290 sed
1299 3240 1421 3304 Regi
1469 3241 1722 3292 caelorum
1761 3239 1971 3292 Christo
2011 3244 2059 3293 iu

532 3322 876 3386 Hierusalem,
905 3339 1118 3389 qumque
1147 3327 1534 3391 congregationi
1576 3337 1872 3379 sanctorum
1902 3329 2065 3379 aedili-

532 3417 678 3461 catur
704 3411 908 3472 civitas,
950 3415 1259 3469 serviamus.
1308 3413 1370 3464 Et
1399 3412 1589 3466 ideirco
1619 3413 1816 3466 iaciem'
1833 3396 2060 3467 nostram

533 3498 803 3560 debemus,
840 3498 1000 3563 magis
1042 3499 1282 3564 lucrymis
1325 3500 1510 3566 rigare,
1543 3515 1694 3566 quam
1738 3501 1976 3564 lavacris,
2011 3511 2066 3552 nt

535 3584 706 3637 dicere
745 3598 862 3636 cum
909 3586 1155 3651 prepheta
1207 3589 1501 3651 possimus:
1537 3589 1665 3650 Quia
1703 3589 1914 3640 cinerem
1939 3589 2065 3640 sicut

539 3687 715 3737 partem
742 3673 1115 3735 manducabam,
1143 3686 1186 3726 et
1213 3686 1383 3740 potum
1413 3693 1572 3729 meum
1603 3694 1711 3729 cum
1745 3681 1868 3744 ﬂetu
1894 3679 2067 3729 misce-

537 3764 648 3813 bam
678 3761 842 3831 (Psal.
867 3779 936 3824 Cl,
963 3765 1066 3832 10).
1115 3766 1370 3818 Debemus
1411 3782 1601 3834 corpus
1645 3779 1876 3820 nostrum
1918 3769 2064 3820 inde-

538 3853 688 3907 fessis
717 3855 900 3920 vigiliis
925 3864 976 3907 et
1001 3857 1258 3910 coutinuis
1283 3859 1525 3911 edomare
1548 3860 1778 3927 jejuniis,
1809 3871 1862 3912 ut
1889 3876 2065 3914 verum

538 3955 838 3998 exercentes
879 3947 1012 3998 inter
1051 3948 1271 4000 animam
1309 3963 1623 4017 carnemque
1655 3951 1929 4018 judicium,
1962 3968 2063 4004 non

537 4048 658 4086 caro
696 4034 987 4089 dominetur
1025 4036 1251 4100 Spiritui,
1289 4039 1378 4090 sed
1415 4039 1617 4104 spiritui
1656 4054 1778 4092 caro
1810 4041 1940 4092 victa
1978 4041 2068 4092 de-

540 4126 755 4178 serviat.
800 4125 959 4190 Cujus
1008 4130 1076 4178 rei
1129 4128 1422 4192 exemplum
1471 4129 1619 4178 nobis
1642 4129 1914 4189 Dominus,
1946 4130 2067 4180 dum

541 4228 632 4281 per
656 4213 896 4279 angelum
926 4214 986 4263 ad
1017 4215 1151 4278 Agar
1176 4214 1319 4266 Sara:
1349 4216 1584 4266 ancillam
1628 4216 1871 4282 loquitur.
1904 4203 2067 4280 dedit,

2162 3081 2283 3122 num
2313 3067 2408 3117 sibi
2434 3065 2744 3133 placentium
2771 3063 2940 3135 (Psal.
2967 3079 3082 3124 ch,
3107 3063 3182 3129 7).
3216 3063 3278 3114 Et
3305 3063 3419 3112 ideo
3450 3069 3697 3125 tanquam

2162 3156 2478 3207 severissimi
2521 3168 2550 3206 c
2585 3168 2765 3206 nsores
2808 3151 3006 3225 culpas
3033 3160 3237 3202 neatras
3277 3149 3327 3201 in
3368 3161 3462 3199 nos
3493 3147 3587 3213 ipsi
3619 3143 3705 3197 dio

2161 3243 2392 3295 strictius
2423 3241 2765 3300 viudicemus,
2796 3231 2850 3292 et
2876 3239 2972 3306 ipsi
3005 3239 3154 3289 nobis
3185 3252 3276 3304 per
3306 3236 3543 3287 diversos
3580 3247 3704 3287 cor-
3742 3227 3746 3229 ’

2164 3329 2302 3395 poris
2346 3330 2605 3381 cruciatus
2646 3337 2865 3380 tortores
2894 3326 3280 3393 quodammodo
3319 3325 3604 3377 existamus
3650 3331 3706 3375 et

2159 3418 2392 3484 judices;
2434 3423 2486 3470 et
2513 3417 2562 3470 in
2602 3418 2690 3469 illo
2715 3417 2867 3483 justre
2907 3415 3304 3468 examinationis
3332 3424 3565 3480 tempore
3593 3427 3702 3464 non

2167 3507 2352 3559 habeat
2391 3507 2445 3560 in
2487 3522 2580 3559 nos
2606 3507 2759 3574 Regis
2804 3508 3080 3570 sententia,
3127 3507 3262 3569 quod
3308 3506 3537 3566 damnet,
3567 3517 3705 3568 quos

2160 3594 2266 3658 jam
2311 3593 2393 3646 hic
2437 3593 2789 3658 Castigationis
2819 3595 2934 3643 vitae
2975 3593 3243 3658 disciplina
3288 3592 3534 3655 correxit,
3577 3588 3703 3657 quia

2160 3682 2328 3748 justus
2357 3693 2410 3735 et
2437 3683 2728 3734 misericors
2752 3682 2907 3748 judex
2934 3682 3010 3734 bis
3034 3696 3136 3732 non
3158 3679 3354 3746 judicat
3376 3680 3424 3730 in
3448 3678 3701 3743 idipsum,

2166 3771 2263 3823 hoc
2304 3781 2402 3832 est,
2449 3771 2498 3822 ei
2531 3784 2588 3822 se
2632 3769 2844 3824 exhibet
2882 3755 3080 3830 mitem,
3126 3783 3278 3835 quem
3329 3767 3582 3819 invenerit
3621 3765 3706 3817 hic

2166 3876 2280 3912 esse
2335 3876 2438 3927 prae
2489 3869 2815 3927 peccatorum
2877 3859 3229 3912 satisfactione
3285 3856 3575 3917 crudelem;
3631 3854 3705 3908 illi

2167 3948 2466 4014 benignum,
2508 3963 2659 4015 quem
2707 3948 2757 4000 in
2798 3948 2896 4000 hac
2931 3945 3370 4012 vitacognoverit
3403 3943 3498 3995 sibi
3539 3942 3704 3994 fuisse

2167 4037 2486 4098 districtum;
2517 4037 2803 4089 secundum
2835 4022 2956 4097 illud
2986 4034 3338 4101 evangelicum
3371 4049 3382 4082 :
3416 4029 3510 4092 Qui
3533 4030 3706 4097 perdi-

2172 4123 2299 4172 derit
2324 4124 2539 4172 animam
2563 4136 2761 4189 propter
2785 4139 2879 4182 me,
2910 4123 3118 4173 inveniet
3147 4137 3254 4172 eam
3277 4119 3483 4184 (.llattlt.
3509 4134 3562 4179 x,
3586 4119 3703 4184 58).

2175 4209 2266 4260 Vel
2294 4210 2416 4260 illud
2453 4227 2464 4258 :
2495 4208 2636 4259 Beati
2664 4210 2748 4275 qui
2778 4224 2904 4260 nunc
2931 4209 3124 4276 lugetis,
3154 4209 3270 4274 quia
3299 4207 3517 4256 ridebitis
3553 4205 3703 4272 (Luc.

545 4317 662 4367 quat
684 4301 943 4353 dominam
973 4317 1114 4353 suam
1138 4301 1379 4355 deserere
1408 4304 1659 4355 maluerat
1684 4318 1834 4370 quam
1867 4304 2067 4367 audme,
2105 4295 2149 4350 ί)
2176 4311 2243 4357 Vl,
2270 4295 2381 4361 21)-
2429 4298 2592 4347 Breve
2642 4306 2720 4348 εει
2763 4295 2902 4347 θηίῐη
2941 4309 3096 4344 omne
3126 4293 3260 4360 quod
3301 4295 3350 4369 in
3385 4292 3482 4342 hoc
3509 4293 3707 4341 mlme

545 4392 723 4442 dicens
760 4390 808 4441 ei
851 4404 864 4437 :
903 4390 1179 4442 Revertere
1217 4399 1269 4442 et
1309 4400 1420 4443 esto
1460 4391 1660 4445 subdita
1704 4392 1928 4444 dominae
1972 4400 2071 4444 tua:

547 4478 696 4546 (Gen.
729 4493 828 4541 xvr,
857 4479 931 4543 9).
989 4481 1052 4530 Ut
1101 4479 1179 4530 his
1234 4479 1492 4531 laboribus
1546 4481 1784 4532 omnibus
1832 4488 1883 4532 et
1928 4480 2076 4532 bonis

547 4567 788 4634 operibus
832 4568 1001 4620 dedita
1049 4568 1213 4634 possis
1259 4582 1373 4620 esse
1419 4580 1468 4619 et
1517 4568 1910 4620 cmiversatione
1956 4580 2074 4632 per-

551 4656 703 4716 lecta,
743 4665 794 4707 et
833 4657 1156 4708 confessione
1197 4655 1405 4717 devota,
1443 4666 1492 4707 et
1533 4655 1583 4707 in
1625 4670 1782 4722 regno
1819 4656 1973 4721 patris
2005 4654 2076 4706 tui

551 4746 685 4798 illius
706 4747 770 4798 de
792 4760 891 4812 quo
916 4747 1159 4798 Dominus
1187 4745 1238 4796 in
1262 4745 1537 4811 Evangeliu
1561 4729 1684 4796 άιςὶι
1712 4763 1722 4796 :
1749 4746 1919 4796 Nolite
1944 4746 2077 4796 vobis

549 4851 718 4886 vocare
739 4845 922 4903 patrem
948 4851 1090 4903 super
1119 4843 1322 4892 terram,
1355 4850 1479 4884 unus
1510 4835 1633 4884 enim
1663 4843 1731 4885 est
1763 4842 1898 4899 pater
1921 4841 2077 4885 vester

553 4922 759 4991 (Matth.
783 4937 925 4985 xxnt,
956 4923 1032 4988 9);
1061 4921 1341 4974 seCundum
1369 4936 1555 4972 nomen
1589 4931 1728 4973 tuum
1756 4921 1805 4973 in
1831 4921 1915 4972 illa
1950 4923 2073 4972 bea-

554 5012 736 5063 torum‘
768 5009 912 5062 turba
957 5024 1074 5061 vera
1117 5008 1392 5075 splendere
1418 5005 1692 5072 Ceraunia,
1736 5019 1786 5062 et
1833 5008 2071 5062 vocabuli

552 5102 620 5154 tui
669 5110 848 5151 auctor
888 5100 1108 5151 existere
1149 5115 1163 5148 :
1207 5097 1270 5149 de
1298 5111 1398 5162 quo
1426 5097 1701 5163 splendore
1727 5112 1940 5164 operum
1975 5097 2076 5150 Do-

555 5190 721 5239 minus
760 5187 922 5238 dicit:
954 5186 1041 5239 Sic
1070 5187 1228 5236 luceat
1266 5186 1351 5236 lux
1388 5195 1542 5236 vestra
1579 5201 1742 5236 coram
1771 5185 2072 5250 hominibus,

554 5286 602 5325 ut
631 5275 825 5328 videant
853 5292 999 5341 opera
1028 5284 1184 5326 vestra
1209 5273 1352 5337 bona,
1381 5283 1424 5326 et
1454 5275 1786 5343 magni/iectu,
1818 5291 1920 5330 non
1962 5289 2073 5339 vos,

640 5457 661 5482 “
689 5444 977 5496 Zorcbabel.

2174 4385 2361 4450 agitur,
2394 4387 2501 4437 sive
2538 4386 2748 4447 bonum,
2776 4384 2886 4436 sive
2923 4385 3135 4443 malum,
3163 4384 3298 4433 sicut
3333 4380 3707 4444 experimentis

2179 4473 2426 4525 Dominus
2468 4482 2554 4524 aut
2604 4471 2842 4538 promisit
2889 4480 2977 4523 aut
3018 4471 3179 4522 voluit
3223 4469 3326 4536 jam
3365 4465 3592 4534 probari.
3647 4468 3705 4517 Et

2175 4562 2368 4613 idcirco
2423 4561 2487 4612 ad
2550 4560 2880 4618 sustinendae
2924 4573 3015 4626 pro
3063 4559 3153 4610 Dei
3203 4571 3381 4610 amore
3432 4568 3706 4619 pressurus

2175 4657 2473 4702 constantes
2511 4662 2626 4700 esse
2663 4647 2930 4700 debemus.
2973 4645 3098 4710 Quia
3128 4645 3170 4697 si
3209 4645 3274 4696 ad
3304 4656 3576 4709 vesperum
3610 4641 3707 4694 dc-

2178 4738 2461 4790 morabitur
2486 4737 2656 4800 ﬂetus,
2681 4745 2730 4788 et
2752 4736 2814 4787 ad
2843 4736 3145 4787 matutinum
3174 4733 3348 4785 ltetitia
3373 4731 3705 4798 subsequitur

2177 4828 2346 4897 (Psal.
2377 4815 2516 4888 xxix,
2555 4826 2630 4892 6).
2688 4827 2862 4891 Itaque
2896 4838 3032 4876 nunc
3078 4839 3311 4876 seramus
3350 4825 3398 4876 in
3438 4822 3702 4889 lacrymis,

2176 4917 2312 4986 quod
2354 4928 2474 4968 tunc
2501 4924 2754 4967 metemus
2794 4916 2842 4966 in
2877 4929 2974 4981 gau
2994 4913 3075 4966 liis
3101 4912 3264 4982 (Psal.
3295 4929 3446 4978 cxxv,
3477 4913 3550 4978 6).
3581 4912 3707 4963 Haec

2180 5021 2340 5075 pauca
2374 5004 2437 5057 ad
2461 5003 2850 5056 confortandam
2882 5003 3032 5056 tidem
3063 5009 3285 5054 vestram
3320 5017 3411 5069 pro
3450 5000 3700 5053 exhorta-

2151 5069 2334 5149 ‘iionis
2381 5094 2564 5147 solatio
2608 5092 2742 5145 dicta
2789 5093 3067 5156 sufﬁciunt,
3116 5107 3230 5160 quae
3274 5092 3396 5144 licet
3443 5091 3553 5155 ipse
3597 5102 3702 5140 nou

2178 5184 2379 5249 faciam,
2420 5193 2592 5236 tamen
2616 5192 2674 5235 nt
2700 5193 2753 5234 et
2780 5197 2870 5235 vos
2904 5183 3065 5250 agatis
3102 5182 3367 5234 exhortor.
3416 5179 3535 5232 Scio
3563 5175 3702 5228 enim

2178 5269 2527 5329 exhortationi
2559 5272 2777 5339 positam
2806 5283 2922 5325 esse
2954 5269 3276 5332 mercedem;
3308 5269 3423 5333 quia
3453 5266 3696 5332 legimus:
