3854 6228
166 332 216 383 fi'l
1338 319 1675 376 EPISTOLM

1775 321 1799 371 tl
1843 318 1965 372 LIB.
2007 318 2065 370 ll.
3198 324 3265 379 93

169 444 285 497 Flere
308 458 405 495 cum
433 441 654 511 ﬂentibus
681 438 849 507 (llam.
882 452 973 500 xu,
1008 436 1117 504 15).
1149 434 1215 487 Et
1249 448 1316 487 ne
1337 435 1469 486 forte
1497 443 1549 485 tu
1576 432 1627 483 in
1658 437 1704 492 Α
1730 432 1918 485 choztta
1965 443 2206 483 sermone
2252 443 2457 495 semper
2501 444 2553 487 et
2597 433 2701 489 lota
2748 445 2846 503 est,
2888 440 3044 495 debet
3086 451 3260 513 augeri

166 534 321 601 judicio
338 533 527 586 diceres
560 548 572 583 :
602 530 812 596 Quasiri
853 529 938 596 qui
963 528 1115 581 simul
1144 542 1333 580 mecum
1375 526 1636 578 contrista-
1737 522 1993 590 corporali
2039 520 2258 586 visione,
2308 538 2409 576 non
2456 525 2637 590 minui,
2678 537 3008 586 et‘crescere
3054 535 3260 604 intuitu,

166 632 289 685 retur,
321 632 362 674 et
398 637 488 673 non
515 620 629 689 fuit,
669 628 713 671 et
751 617 1057 671 consolantes
1087 634 1182 681 me,
1238 626 1284 669 et
1328 632 1429 669 non
1470 614 1637 667 iuveni
1738 626 1854 679 qua:
1879 612 2035 679 cmpit
2064 610 2239 664 aﬂ'atu.

170 710 610 777 (Psal.t.xvut,21).
659 709 967 761 Perfectiora
996 723 1123 760 vero
1161 716 1316 774 atque
1349 706 1543 774 majora
1586 705 1638 757 in
2319 722 2525 776 Εριδτ,
2564 723 2700 777 xw,
3173 766 3185 791 ι

167 800 407 865 Scripturis
439 799 638 861 divitiis,
683 797 818 850 unde
857 798 953 849 ista
987 797 1231 863 decerpta
1262 804 1403 861 sunt,
1449 798 1642 848 instru-

1775 811 1957 863 lamino
1997 812 2191 864 sublimi
2232 828 2514 884 semperque
2552 816 2814 884 uwgniﬁca
2853 818 2999 884 fratri
3031 818 3268 875 Turcucio

168 901 305 943 menta
341 889 585 957 perquire,
614 888 655 939 si
691 878 771 940 vis
808 896 896 938 aut
933 898 1100 954 erepta
1149 886 1420 951 perlicere,
1449 895 1537 937 aut
1578 885 1640 935 ad
2029 886 2035 895 ’
2242 878 2471 933 Ruricius
2500 878 2775 950 episcopus.

168 977 353 1044 pollicita
376 975 653 1043 pervenire.
686 974 833 1027 Dabit
861 974 950 1027 tibi
987 975 1156 1027 taliter
1182 976 1434 1043 quaerenti
1465 976 1643 1026 Domi-
1814 968 1987 1037 Exigit
2045 970 2255 1023 solliciti
2306 972 2478 1024 cordis
2533 972 2780 1041 allectus,
2837 985 2891 1028 ut
2940 976 3271 1043 imperitioris

167 1082 245 1119 nus
265 1068 505 1119 scientiam
532 1066 727 1133 pariter
752 1074 803 1118 et
830 1066 1096 1128 virtutem,
1121 1073 1180 1116 ut
1202 1073 1255 1118 et
1290 1066 1421 1118 lecta
1452 1064 1644 1117 intelli-
1748 1069 2014 1122 promatur
2041 1059 2256 1114 allatus:
2297 1075 2394 1113 nec
2438 1062 2698 1116 erubescit
2747 1066 3049 1119 rusticitatis
3085 1082 3273 1134 Oppre-

165 1171 255 1220 με,
287 1166 333 1208 et
357 1156 597 1208 intellecm
636 1154 918 1207 custodias.
961 1153 1089 1207 Nam
1124 1152 1267 1219 pater
1294 1155 1644 1221 orphanot'utn
1749 1148 1941 1216 brium,
1984 1149 2267 1202 dummodo
2294 1150 2504 1216 imp'eat
2542 1155 2772 1205 caritatis
2802 1155 3095 1221 imperium.
3129 1159 3273 1209 bicut

165 1256 205 1297 ει
235 1245 406 1298 arbiter
448 1242 710 1295 viduarum
751 1258 869 1295 cum
915 1252 966 1296 te
998 1242 1066 1296 de
1104 1258 1161 1295 se
1194 1253 1391 1295 tantum
1435 1256 1647 1309 sperare
1747 1246 1959 1290 unctus
1991 1238 2259 1303 apostolus
2304 1237 2336 1290 d
2360 1239 2465 1291 cit:
2501 1239 2729 1309 Perfecta
2765 1244 2946 1295 caritas
2967 1259 3100 1305 teras
3128 1246 3275 1296 mittit

164 1332 451 1399 compererit,
484 1332 781 1404 etpupillis
821 1333 1152 1385 tuis'ttibuet
1194 1342 1409 1402 patetna
1460 1332 1649 1398 pietate
1750 1327 1973 1378 timorem
2014 1324 2073 1394 (1
2101 1325 2253 1378 Ιοαη-
2285 1343 2353 1390 IV,
2410 1328 2515 1393 18).
2573 1330 2700 1393 Qui-'1
2752 1332 2902 1396 longe
2960 1335 3142 1386 melius
3199 1345 3278 1388 est

166 1418 437 1483 praesidium,
466 1428 517 1472 et
555 1430 605 1471 te
637 1418 1058 1473 remuneratione
1091 1418 1282 1486 judicis
1310 1419 1556 1487 perducet
1583 1418 1648 1469 ad
1751 1418 2041 1478 proximum
2071 1414 2508 1499 diligeresincere
2540 1432 2691 1484 quam
2719 1420 2999 1486 praalicare
3032 1423 3278 1488 perfecte.

164 1508 413 1574 praemium.
1751 1504 2016 1568 Siquidem
2058 1507 2221 1556 multo
2260 1505 2430 1569 plures
2470 1509 2799 1561 inveniuntur
2846 1511 2895 1562 iu
2941 1515 3133 1567 mundo
3173 1516 3282 1569 elo-
3328 1532 3331 1535 ν

704 1617 914 1670 Εριδτ,
956 1615 1070 1671 xv.
1750 1592 1979 1657 quentia:
2008 1593 2183 1659 lepore
2214 1594 2410 1656 prtediti
2444 1610 2595 1659 quam
2632 1599 2923 1651 dilectionis
2954 1602 3128 1668 vigore
3168 1619 3284 1669 per.

193 1723 376 1778 Domino
405 1735 639 1779 sanctae:
667 1729 939 1791 apostolica
975 1744 1034 1779 ac
1063 1729 1186 1779 mihi
1215 1743 1321 1794 pra:
1345 1730 1534 1780 arteria
1562 1729 1614 1781 in

1754 1680 1893 1735 fecti.
1934 1681 2063 1747 Quia
2103 1684 2236 1735 sicut
2264 1684 2397 1747 quod
2438 1685 2628 1738 bonum
2667 1699 2747 1739 est
2777 1702 2949 1740 rarum
2981 1699 3079 1755 est,
3106 1693 3173 1744 ita
3203 1709 3283 1744 ar~

247 1795 426 1847 Christo
448 1796 659 1847 Domino
697 1770 831 1847 cultu
870 1796 1146 1865 affectttque
1180 1770 1481 1865 peculiaria;
1508 1814 1652 1849 exco-

1775 1770 1911 1822 luum
1934 1771 2070 1837 quod
2114 1774 2386 1823 az‘ternum.
2430 1772 2675 1833 Proclivis
2715 1790 2961 1843 namque,
3006 1779 3155 1842 juxta
3181 1781 3283 1832 Do-

246 1865 377 1943 tendo
406 1875 606 1932 patrono
625 1874 670 1916 et
706 1880 849 1933 ρςιριε
876 1873 899 1899 ι
923 1864 1114 1919 [Εοηὶο
1155 1864 1386 1935 episcopo
1423 1867 1656 1919 Ruricius

246 1947 499 1999 eptswpua.

228 2039 343 2091 Ante
385 2043 594 2107 paltctlm
641 2047 847 2105 tempus
893 2040 1091 2095 litteras
1133 2053 1324 2095 vestra:
1370 2044 1661 2098 sancti-atis

165 2131 327 2195 accepi,
355 2130 527 2196 quibus
548 2134 707 2182 etiam
736 2131 801 2183 de
829 2130 1218 2184 inofttciositate
1249 2135 1375 2184 tanti
1408 2133 1660 2185 habuistis

166 2213 456 2270 alectuosius
496 2232 871 2284 commonere,
920 2221 1155 2274 dicentes
1204 2236 1219 2271 :
1264 2221 1401 2274 Nihil
1445 2223 1661 2277 caritate

171 2308 469 2369 pratantius.
499 2306 658 2373 Quod‘
687 2323 785 2376 ego
831 2311 981 2363 valde
1024 2326 1202 2365 verum
1233 2327 1348 2366 esse
1386 2316 1659 2383 conlirmo,

169 2404 209 2446 et
242 2399 499 2451 secundum
530 2400 861 2465 Apostolum,
903 2400 1043 2453 illam
1082 2402 1351 2455 caritatem
1388 2403 1506 2457 dico
1548 2419 1665 2458 esse

172 2482 411 2550 perlectam
445 2498 494 2540 et
520 2487 820 2552 sublimem,
861 2504 970 2557 qua
997 2493 1059 2542 de
1104 2474 1253 2544 corde
1275 2508 1423 2559 puro.
1473 2503 1517 2544 et
1548 2508 1666 2545 con-

171 2575 341 2627 scientia
367 2578 506 2641 bona,
550 2588 597 2631 et
627 2578 726 2644 [ide
768 2596 867 2631 non
897 2580 1015 2646 ﬁcta
1044 2583 1264 2646 procedit
1295 2581 1347 2651 (1
1370 2582 1501 2635 Tim.
1525 2599 1562 2647 t,
1588 2585 1662 2653 5),

170 2675 278 2727 que,
298 2663 431 2731 juxta
458 2665 696 2718 eumdem
724 2669 1053 2732 Apostolttm,
1101 2671 1291 2736 patiens
1319 2681 1407 2732 est,
1458 2672 1667 2740 benigna

170 2761 241 2816 est,
283 2771 385 2819 quc
430 2773 526 2809 non
572 2758 809 2821 inﬂatur,
873 2775 970 2810 non
1018 2762 1300 2824 mutatur,
1350 2778 1448 2815 non
1491 2766 1668 2830 quq’rit

171 2856 258 2907 (με
277 2859 358 2896 tua
384 2853 515 2907 sunt,
540 2862 640 2897 non
667 2847 849 2913 gaudet
892 2864 1034 2914 super
1078 2851 1355 2915 iniquitate,
1390 2853 1668 2919 congaudet

171 2940 303 2982 autem
344 2935 549 2996 ueritati,
601 2928 789 2986 omnia
820 2935 1000 2999 credit,
1054 2939 1221 2990 omnia
1258 2949 1423 3003 sperat
1466 2939 1519 3010 (I
1550 2941 1668 2995 Cor.

172 3033 263 3082 xttt,
292 3019 323 3072 4
360 3022 504 3091 3a).).
562 3023 628 3085 Et
681 3024 802 3077 inde
854 3034 951 3088 est,
1001 3026 1137 3093 quod
1189 3042 1450 3095 nunquam
1497 3029 1666 3081 cadet.

1758 1863 1883 1915 mini
1924 1864 2255 1929 sententiam,
2288 1874 2338 1915 et
2384 1864 2501 1915 t.ita
2531 1866 2611 1916 via
2643 1875 2721 1917 est
2750 1882 2865 1933 qua:
2906 1863 3074 1935 praici;
3098 1872 3190 1923 itat
3235 1875 3285 1925 in

1756 1951 2075 2018 gehennam;
2131 1952 2324 2004 atctior
2365 1967 2489 2005 vero
2517 1961 2570 2005 et
2615 1954 2871 2008 difficilior
2894 1972 3009 2025 qua:
3046 1944 3290 2014 sublimat

1758 2040 1820 2093 ad
1845 2040 2082 2107 gloriam.
2113 2041 2238 2102 Quae
2267 2043 2459 2092 causa?
2490 2040 2587 2093 nisi
2614 2043 2733 2108 quia
2761 2044 2840 2094 illa
2875 2047 3020 2098 multi
3050 2048 3292 2114 gradiun-

1759 2138 1862 2189 tur,
1891 2130 1986 2178 bac
2016 2128 2190 2191 pauci;
2213 2135 2265 2178 et
2286 2126 2401 2179 ideo
2430 2128 2738 2183 imminente
2760 2131 2866 2198 jam
2902 2138 3169 2198 prtcseutis
3195 2140 3293 2192 aevi

1732 2215 2003 2279 ,te‘rmino,
2039 2222 2093 2267 et
2132 2215 2259 2267 senii
2294 2216 2379 2268 die
2410 2231 2775 2286 usquequaque
2803 2222 2996 2286 vicino,
3034 2226 3169 2279 sicut
3199 2243 3295 2282 nos

1759 2307 1914 2357 etiam
1940 2304 2093 2355 docet
2115 2303 2357 2357 caesaries
2376 2304 2613 2370 detonsa,
2647 2310 2721 2361 vel
2744 2316 3001 2377 convenit,
3031 2330 3097 2368 ne
3128 2316 3179 2368 in
3209 2333 3296 2369 ve-

1764 2394 1961 2446 teribus
2007 2406 2159 2445 anns
2199 2392 2445 2459 juvenilia
2494 2395 2624 2447 facta
2670 2398 2996 2465 meditemur,
3047 2415 3201 2470 atque
3244 2406 3297 2459 in

1762 2481 2000 2534 confecm
2045 2495 2295 2548 corpore,
2335 2490 2386 2532 et
2434 2483 2589 2536 corde
2627 2484 2890 2552 decrepito
2932 2489 3297 2544 adolescentia:

1766 2578 2038 2635 reguetcu;
2062 2568 2168 2630 ido,
2190 2569 2254 2621 de
2269 2584 2368 2637 qua
2391 2570 2570 2636 judicii
2592 2584 2823 2642 tempore
2852 2576 2903 2628 in
2926 2576 3014 2629 illo
3031 2579 3296 2632 tremendo

1766 2670 1973 2709 arteznte
1994 2658 2398 2723 dispensationis
2428 2664 2694 2727 examine,
2723 2664 2930 2730 quando
2960 2666 3046 2720 ille
3069 2666 3298 2719 om..ium

1768 2748 2061 2802 mortalium
2085 2750 2234 2801 tesds
2259 2758 2311 2801 et
2341 2749 2500 2816 judex
2550 2766 2651 2803 non
2683 2752 2849 2804 solum
2888 2757 3067 2808 merita
3107 2755 3301 2822 ponde-

1767 2847 1973 2888 raturus
2002 2846 2053 2889 et
2085 2836 2238 2903 facta,
2266 2852 2441 2890 verum
2468 2839 2624 2891 etiam
2664 2842 2816 2894 \erha
2855 2853 2935 2895 est
2976 2844 3302 2901 discussurus

1768 2935 1821 2976 et
1867 2937 2003 2988 vota,
2028 2926 2172 2990 juxta
2215 2926 2637 2992 pollicitationem
2678 2942 2847 2992 suam,
2906 2945 3055 2998 aqua:
3107 2932 3302 3001 frigida:

1772 3014 2061 3079 ιιι-αξδὶιίοηί
2090 3014 2303 3065 daturus
2331 3028 2409 3068 est
2442 3018 2705 3081 prtetttittm
2730 3018 2938 3084 (Matth.
2971 3037 3022 3084 x,
3052 3022 3164 3091 Η),
3186 3025 3303 3078 aliis

173 3104 345 3160 Patiens
366 3119 461 3171 est,
492 3110 611 3177 quia
640 3122 820 3163 contra
848 3115 1159 3165 tentationes
1202 3115 1377 3167 sat-culi
1420 3116 1501 3168 vel
1541 3132 1661 3182 pro-

1775 3104 1828 3155 le
1858 3103 2010 3155 otiosi
2041 3104 2183 3155 verbi
2212 3104 2419 3156 levitate
2444 3106 2782 3171 supplicium;
2814 3124 2930 3162 reos
2960 3126 3054 3163 nos
3079 3115 3176 3166 etsi
3200 3129 3301 3166 non

171 3192 299 3245 cellas
334 3196 381 3247 in
424 3197 593 3249 Deum‘
628 3198 799 3250 defixa
850 3207 1045 3264 perstat
1085 3199 1394 3264 immobilis;
1444 3202 1663 3270 benigna

172 3290 250 3344 est,
286 3284 393 3351 quia
438 3287 795 3353 proximorum
845 3288 1158 3355 profectibus
1206 3289 1517 3354 delectatur;
1563 3309 1665 3346 non

171 3370 370 3438 inﬂatur,
398 3370 661 3443 quianon
706 3378 941 3443 superbit
982 3378 1188 3443 humili;
1223 3395 1325 3432 non
1373 3382 1666 3447 temulatur,

172 3460 266 3524 quia
308 3462 529 3519 invidere
575 3467 741 3520 nescit.
779 3468 999 3534 :cquali;
1049 3483 1152 3520 nam
1196 3470 1383 3537 quaerit
1418 3485 1534 3539 qua:
1577 3486 1669 3525 sua

173 3560 286 3617 Sunt,
310 3554 424 3607 dum
450 3554 596 3623 juxta
628 3556 826 3608 Domini
868 3558 1178 3611 sententiam
1206 3560 1305 3612 sibi
1334 3564 1490 3613 etiam
1522 3560 1673 3614 mini-

174 3654 267 3695 mos
294 3647 574 3711 anteponit,
613 3656 667 3700 et
690 3648 910 3701 aliorum
950 3649 1222 3701 commoda
1258 3651 1369 3702 suis
1416 3661 1675 3703 mercatur

174 3728 511 3799 incommodis;
545 3750 649 3788 non
679 3736 869 3802 gaudet
906 3750 1060 3798 super
1106 3738 1397 3804 iniquitate,
1428 3740 1547 3804 quia
1587 3741 1675 3791 lte-

175 3816 255 3871 tari
289 3820 381 3874 nisi
409 3824 621 3876 fratrum
655 3825 999 3890 prosperitate
1030 3840 1130 3878 non
1163 3827 1339 3889 novit;
1387 3827 1677 3895 congaudet

174 3916 315 3962 autem
340 3913 563 3976 veritati,
589 3914 708 3981 quia
735 3915 953 3966 amicqu
988 3916 1209 3975 sincera,
1242 3931 1343 3969 non
1390 3917 1554 3982 fucata
1594 3920 1673 3971 di-

174 3993 366 4052 lectione
398 4010 696 4060 veneratur,
740 4015 835 4052 nec
875 4001 999 4052 falsa
1037 4002 1331 4055 adulatione
1370 4005 1673 4065 subsannat,

173 4084 246 4137 ted
267 4101 383 4141 vero
409 4089 609 4141 hooore
638 4088 987 4142 concelebrat.
1033 4088 1217 4139 Omnia
1259 4092 1442 4152 credit,
1478 4093 1594 4153 quia
1627 4092 1675 4140 in

174 4170 330 4229 divinis
348 4177 603 4229 mandatis
624 4175 993 4241 promissisque
1026 4174 1259 4238 confidit,
1281 4185 1332 4226 et
1365 4176 1481 4228 ideo
1506 4178 1677 4229 omnia

173 4263 395 4327 speravit,
448 4265 569 4331 quia
624 4277 717 4329 pro
768 4261 996 4313 minimis
1049 4244 1255 4330 magna,
1318 4280 1411 4330 pro
1466 4266 1680 4319 caducis

175 4362 413 4417 perpetua,
439 4366 536 4420 pro
572 4351 944 4419 temporalibus
974 4360 1168 4404 aaterna
1207 4354 1305 4406 sibi
1346 4356 1677 4409 retribuenda

1765 3192 1830 3242 de
1861 3195 2138 3257 perpetrati
2175 3191 2415 3243 facinoris
2447 3193 2728 3258 voluptate,
2773 3198 2957 3250 saltem
2998 3204 3063 3253 de
3109 3216 3301 3253 concu-

1768 3280 2029 3343 piscentia
2059 3278 2320 3330 Vulutitztte
2350 3282 2649 3332 constituat.
2696 3283 2825 3345 Quia
2850 3286 2933 3348 qui
2966 3288 3142 3338 uiderit
3186 3304 3301 3339 mu-

1769 3371 1936 3421 lierem
1958 3368 2020 3418 ad
2049 3369 2512 3437 concupiscendum,
2552 3371 2656 3434 iam
2692 3358 2958 3425 mae/iatn:
3000 3384 3072 3426 est
3107 3391 3217 3428 eam
3253 3377 3305 3427 in

1769 3460 1917 3511 corde
1951 3476 2042 3511 suo
2074 3458 2281 3527 (Matth.
2315 3475 2363 3522 v,
2394 3457 2505 3528 28).
2544 3460 2693 3531 Quod.
2710 3472 2759 3514 et
2799 3474 2862 3514 ue
2893 3464 3044 3517 rebus
3068 3465 3306 3519 omnibus

1771 3552 1887 3604 alis
1935 3552 2178 3604 similiter
2221 3552 2501 3604 observare
2555 3566 2648 3605 nos
2689 3555 2954 3615 convenit,
2999 3562 3055 3607 ut
3092 3557 3307 3621 singulis

1771 3640 2081 3706 appetentis:
2116 3630 2346 3707 partibus
2382 3641 2656 3695 imbecillis
2688 3643 2840 3709 hujus
2867 3646 3101 3711 corporis
3128 3661 3310 3712 ampu-

1775 3731 1895 3781 tatis
1923 3730 2111 3781 talibus
2149 3730 2417 3793 membris,
2442 3731 2517 3781 sic
2546 3731 2767 3794 debiles,
2804 3746 2853 3785 et
2890 3742 3060 3787 tamen
3102 3734 3307 3805 integri,

1776 3816 1948 3886 potius
1978 3818 2296 3869 introeamus
2335 3818 2385 3869 in
2419 3832 2656 3885 regnum,
2680 3834 2833 3884 quam
2869 3822 3023 3886 salvi,
3056 3831 3109 3875 et
3137 3832 3308 3876 tamen

1778 3907 1987 3972 perditi,
2019 3906 2068 3957 iu
2098 3918 2349 3957 azternum
2374 3907 2705 3971 projiclamur
2729 3906 3043 3960 incendium.
3068 3910 3167 3967 His
3193 3926 3309 3963 om-

1778 3995 1930 4044 nibus
1963 3995 2240 4045 saluhriter
2267 4000 2593 4057 pertractatis
2620 4007 2671 4046 et
2712 3996 2810 4047 rite
2855 4001 3159 4061 perspectis,
3188 4001 3309 4050 dum

1780 4080 2074 4131 tribuuntur
2119 4081 2355 4139 inducite,
2402 4080 2719 4133 declinemus
2761 4096 2790 4132 a
2834 4082 2990 4143 malo,
3022 4094 3073 4136 et
3118 4086 3310 4138 bonum

1780 4166 2103 4218 iuces~anter
2141 4180 2417 4231 operemur
2459 4164 2595 4234 (Gal.
2651 4183 2723 4231 vr,
2776 4169 2893 4235 £0);
2946 4171 3315 4227 obliviscamur

1784 4256 2067 4322 praeterita,
2092 4268 2485 4308 contemnamus
2512 4258 2804 4325 praesentia,
2832 4260 2999 4312 futura
3025 4262 3312 4329 cupiamus,

1784 4348 2151 4399 obliviscamur
2178 4352 2227 4398 in
2257 4345 2425 4408 factis,
2456 4351 2788 4402 recordemur
2814 4350 2864 4403 in
2886 4353 3236 4418 conscientiis,
3263 4366 3318 4408 ut

174 4452 257 4492 non
280 4440 510 4510 ambigit.
552 4440 826 4508 Nunquam
853 4442 1021 4504 cadit;
1050 4443 1166 4509 quia
1188 4442 1465 4496 humilitas
1496 4447 1675 4498 habere

1783 4452 1939 4497 omne
1972 4448 2235 4500 peccatum
2264 4440 2411 4489 nobis
2442 4441 2692 4490 moriatur
2721 4440 2769 4491 in
2803 4440 2925 4507 vita,
2959 4444 3095 4495 vivat
3130 4444 3182 4496 in
3212 4458 3321 4511 pm-

174 4540 258 4581 non
291 4538 458 4597 potest
497 4543 699 4593 casum,
738 4544 857 4581 cum
901 4529 1089 4582 habeat
1133 4544 1344 4599 semper
1383 4544 1679 4594 ascenSUm,

173 4626 215 4668 et
244 4630 352 4674 cum
392 4621 587 4688 jugiter
626 4620 832 4673 excelsa
884 4621 1183 4682 meditetur,
1237 4621 1470 4673 habitare
1514 4634 1685 4675 tamen

175 4703 216 4756 in
242 4709 540 4762 sublimibus
579 4723 682 4761 non
712 4707 1007 4773 praesumit;
1054 4722 1169 4759 cum
1219 4710 1547 4761 conversatio
1572 4711 1688 4775 ejus

178 4792 400 4849 habeatur
432 4800 483 4848 in
512 4796 679 4859 ctelis,
716 4795 824 4861 ipsa
858 4805 1027 4847 tamen
1057 4796 1258 4848 videtur
1285 4796 1553 4850 adluerere
1587 4806 1691 4849 ter-

179 4886 321 4950 renis;
364 4887 581 4941 excelsa
626 4871 785 4951 opera
834 4896 1005 4951 mente
1050 4886 1248 4953 dejecta
1302 4887 1518 4949 habens,
1559 4888 1692 4939 unde

177 4973 400 5039 glorietur
430 4976 484 5027 in
510 4975 753 5039 Domino,
785 4990 877 5026 uec
907 4985 1076 5027 tamen
1102 4976 1379 5028 extollatur
1404 4977 1452 5027 iu
1478 4979 1689 5031 seculo.

180 5061 280 5118 Ilaec
299 5066 411 5131 quia
432 5064 635 5131 jussisti
660 5066 909 5127 scribere,
936 5081 1034 5117 non
1060 5080 1151 5132 pro
1173 5067 1467 5119 eruditione
1492 5077 1692 5127 nostra,

180 5150 253 5205 sed
275 5166 365 5221 pro
386 5152 691 5223 dignatione
716 5164 909 5215 vestra,
939 5154 1262 5219 praesumpsi.
1296 5153 1539 5207 Vestrum
1571 5171 1696 5208 vero

180 5240 813 5313 estnoseducere-verhis,
839 5249 891 5292 et
914 5242 977 5292 ad
1005 5242 1135 5293 hanc
1164 5242 1400 5295 eamdem
1431 5243 1694 5296 caritatem

185 5342 442 5393 provocare
467 5344 677 5397 semper
707 5330 977 5394 exemplis.
1018 5330 1145 5393 Quia
1176 5332 1408 5397 dilectio,
1438 5347 1550 5399 qua:
1579 5341 1700 5383 ante

186 5421 505 5489 cognitionem
565 5428 748 5475 mutuo
790 5422 924 5471 inter
965 5421 1208 5472 absentes
1264 5423 1565 5488 epistolario
1613 5424 1693 5473 in-

245 5601 268 5629 ⁶
293 5598 570 5668 Episcopus
595 5592 693 5648 fuit
714 5594 1029 5650 Arelatensis
1053 5596 1116 5650 de
1138 5612 1239 5664 quo
1267 5599 1420 5665 epist.
1447 5596 1499 5650 8.
1524 5594 1676 5645 BASN.

1788 4527 2035 4577 nitentia:
2069 4542 2202 4578 nunc
2229 4528 2545 4579 Semiuetnus
2578 4528 2625 4578 in
2656 4529 2798 4593 ﬂetu,
2828 4532 2963 4598 quod
2993 4520 3317 4597 postmodum

1791 4628 2045 4667 metamus
2077 4617 2127 4666 in
2158 4616 2359 4681 gaudio.
2386 4618 2512 4681 Quia
2544 4627 2747 4680 tempus
2787 4620 2936 4683 hujus
2960 4623 3079 4674 vita:
3116 4632 3324 4691 tempus

1791 4722 1820 4757 e
1854 4714 1871 4755 t
1898 4705 2087 4769 operis,
2115 4706 2223 4754 dies
2250 4720 2372 4754 vero
2405 4706 2754 4759 retributionis
2780 4720 2981 4772 tempus
3006 4720 3084 4763 est
3118 4716 3319 4777 messis,

1791 4797 1999 4861 quando
2036 4794 2148 4844 sine
2186 4793 2342 4843 dubio
2383 4793 2479 4846 huc
2509 4797 2785 4862 unicuique
2813 4801 3081 4862 apparebit
3125 4803 3177 4854 in
3212 4818 3325 4869 ger-

1797 4884 1954 4941 mine,
1982 4881 2116 4947 qttod
2147 4896 2281 4933 nunc
2306 4894 2500 4947 spargit
2528 4884 2578 4934 itt
2608 4885 2822 4935 st-ntine.
2855 4886 2997 4939 Sicut
3026 4890 3097 4940 ait
3119 4892 3325 4956 quidam

1794 4988 1818 5024 s
1838 4984 2086 5025 iacturum
2115 4988 2127 5021 :
2164 4970 2493 5038 Respondebit
2524 4975 2642 5025 mihi
2670 4990 2781 5026 cras
2810 4976 3009 5042 justitia
3048 4994 3153 5029 mea
3180 4977 3326 5045 (Gen.

1803 5080 1923 5125 xxx,
1954 5063 2059 5129 53).
2092 5063 2217 5113 Cras
2245 5063 2422 5130 utique
2449 5065 2584 5117 diem
2618 5064 3015 5117 resnrrectiouis
3044 5068 3325 5133 appellans.

1805 5154 1922 5204 "lC
1948 5165 2057 5203 vos.
2090 5151 2273 5203 fratres
2296 5152 2495 5215 Optimi,
2536 5169 2636 5203 non
2680 5153 2960 5219 poutificai
3006 5158 3329 5219 auctoritate,

1801 5244 1889 5295 sed
1948 5241 2171 5291 fraterna
2232 5242 2419 5306 pietate
2473 5244 2691 5311 lidenter
2732 5243 2962 5315 scribere
3010 5245 3330 5301 unanimitnti

1804 5342 2006 5389 νοείτω,
2031 5329 2249 5382 οιτίιειιθ
2279 5330 2533 5395 dictante,
2567 5334 3011 5400 prtesumpsitnus,
3043 5336 3127 5399 qui
3153 5342 3209 5384 ut
3246 5349 3331 5385 vo-

1804 5421 1883 5473 bis
1910 5421 1989 5473 vel
2012 5420 2147 5472 circa
2178 5436 2269 5474 vos
2300 5437 2403 5474 non
2454 5424 2721 5477 dictatoris
2761 5424 3047 5491 ingenium,
3100 5422 3190 5475 sed
3224 5438 3339 5491 ger-
