3854 6228
386 266 452 320 99
1687 240 1932 297 RURICII
1977 237 2267 293 EPISCOPI

387 377 524 431 mani
567 373 906 441 probaremus
947 357 1206 422 ali'cctum.
1239 361 1471 416 Salutem
1510 358 1684 424 itaque
1730 355 1925 413 dicens,
1962 359 2008 414 Α

388 479 534 531 rogo,
573 462 702 515 sicut
747 460 1046 525 promittere
1101 452 1295 522 dignati
1334 450 1481 512 estis,
1542 447 1728 500 librum
1781 443 1928 496 nobis

389 554 445 606 S.
475 549 747 617 Augustini
778 548 843 600 de
886 545 1090 598 Civitole
1136 541 1224 591 Dei
1260 554 1350 606 per
1399 536 1704 605 portitorem
1749 534 1928 584 harum

390 650 500 697 sine
527 643 774 694 dilatione
795 637 1030 692 mittatis.
1065 634 1224 699 Cujus
1255 630 1377 682 dum
1413 643 1508 679 nos
1541 626 1764 679 lectione
1809 623 1931 676 acdi-

392 734 552 785 licatis
595 733 645 783 in
690 728 866 791 terris,
899 725 1047 778 vobis
1090 721 1324 790 ejusdem
1365 717 1590 771 civitatis
1641 714 1932 767 habitacu'a

393 820 694 889 prazparetis
720 819 770 869 in
801 812 970 877 cmlis,
993 810 1055 863 ad
1086 823 1239 877 quam
1273 818 1444 859 tamen
1475 804 1627 856 aliter
1657 803 1936 868 pervenire

393 925 494 962 non
520 919 815 976 possumus,
839 900 941 955 nisi
969 897 1199 951 caritatis
1227 894 1474 963 gradibus
1495 890 1933 944 conscendamus.

391 999 521 1063 Quia
545 998 654 1064 ipsa
687 1003 766 1047 est
794 990 1108 1046 eminentior
1135 985 1238 1051 via,
1268 999 1387 1053 quae
1417 997 1510 1034 vos
1532 990 1585 1034 et
1610 980 1660 1030 in
1686 980 1780 1030 hac
1804 977 1940 1043 posi-

395 1097 473 1140 tos
495 1089 657 1139 sociat
685 1084 813 1146 Deo,
861 1091 914 1134 et
942 1079 1006 1132 de
1047 1076 1210 1144 posita
1246 1072 1478 1139 perducit
1524 1069 1587 1120 ad
1633 1068 1814 1119 Deum.
1869 1066 1940 1115 De

394 1193 492 1246 qua
517 1178 670 1229 etiam
713 1171 962 1240 propheta
1004 1174 1248 1222 testatur:
1272 1161 1539 1215 Ambulant
1582 1158 1643 1209 de
1674 1159 1850 1209 virtute
1890 1157 1904 1204 t'

395 1269 621 1319 virtutem
639 1282 655 1327 ,°
672 1262 916 1316 videbitur
941 1256 1075 1309 Deus
1094 1257 1294 1307 deorum
1312 1255 1360 1302 in
1384 1249 1510 1302 Sion
1534 1246 1701 1317 (Ptol.
1721 1259 1937 1308 Lxxxnt,

363 1347 366 1350 ’
396 1357 471 1422 8).
495 1353 842 1416 Quamobrem
875 1349 958 1401 hic
979 1346 1196 1415 collyrio
1221 1343 1478 1396 bonorum
1519 1352 1735 1404 operum
1761 1334 1943 1387 oculos

397 1443 569 1498 cordis
596 1453 860 1499 acuatnus,
891 1448 942 1488 nt
971 1437 1075 1487 itlic
1103 1435 1260 1486 Deum
1287 1425 1466 1482 videre
1490 1427 1768 1495 possimus.
1803 1422 1937 1488 Quia

399 1529 680 1586 secundum
729 1525 1083 1592 Evangelitttn,
1117 1520 1259 1573 Beati
1291 1517 1476 1570 mundo
1508 1516 1675 1578 corde,
1709 1513 1946 1580 quoniam

402 1623 563 1676 Deum
593 1620 818 1673 videbunt
852 1615 1059 1685 (Matth.
1081 1630 1136 1679 v,
1163 1612 1236 1680 8).
1271 1611 1344 1664 Ac
1373 1608 1592 1678 proinde
1620 1614 1827 1674 Oportet
1865 1603 1948 1655 hic

401 1712 666 1766 interioris
693 1709 917 1761 hominis
953 1711 1278 1771 praeparetur
1314 1700 1552 1759 intuitus,
1593 1709 1648 1749 ut
1691 1695 1799 1748 illic
1845 1707 1946 1746 non
1980 1701 2025 1757 Β

410 1800 722 1862 hebetentur
747 1796 978 1847 obtutus.

969 1915 1182 1971 EPIST.
1223 1912 1383 1967 XVII.

407 2017 620 2070 Domino
663 2023 831 2066 uncto
861 2026 919 2062 ac
954 2007 1228 2060 beatissimo
1278 2013 1323 2056 et
1370 2001 1495 2053 mihi
1530 1998 1775 2070 peculiari
1817 1999 1957 2050 cultu

475 2085 752 2160 effectaque
773 2078 1062 2160 specialiter
1098 2073 1369 2127 excolendo
1402 2067 1548 2140 papa:
1580 2078 1603 2103 α
1641 2067 1828 2121 Sedato
1854 2071 1957 2136 epi-

477 2169 626 2220 scOpo
657 2160 888 2204 [turmas
910 2160 1189 2214 episcopus.

480 2259 708 2324 Culpatis
738 2271 820 2309 me
864 2254 1078 2320 saepius,
1122 2260 1176 2305 et
1211 2248 1449 2304 crebrius
1491 2246 1781 2315 imputatis,
1822 2244 1958 2309 qud

411 2350 691 2404 individua
720 2345 844 2399 mihi
873 2344 924 2396 in
951 2342 1160 2397 Christo
1187 2340 1410 2392 Domino
1433 2335 1741 2390 beatitudini
1771 2344 1961 2387 vestrae

412 2443 678 2508 hucusque
709 2454 809 2490 non
839 2433 1162 2502 scripserim.
1197 2430 1408 2484 Utinam
1439 2427 1515 2480 sic
1554 2436 1693 2479 esset
1742 2425 1961 2478 facultas

411 2530 652 2589 faciendi,
685 2531 819 2580 sicut
843 2535 923 2577 est
950 2523 1189 2574 voluntas
1217 2518 1502 2577 scribendi,
1529 2524 1583 2568 et
1606 2518 1818 2576 caritas,
1848 2528 1962 2580 qua:

413 2620 570 2674 corde
592 2617 901 2683 concipitur,
928 2625 1020 2665 ore
1043 2621 1330 2677 promatur.
1351 2607 1455 2660 Sed
1480 2606 1564 2658 ubi
1586 2605 1735 2658 deest
1755 2604 1961 2664 effatus,

415 2712 533 2763 silet
561 2708 797 2768 affectus,
825 2713 878 2756 et
901 2704 1034 2754 intra
1065 2700 1292 2753 latebras
1324 2697 1549 2766 pectoris
1595 2703 1842 2748 contenta
1883 2705 1966 2747 est

415 2800 495 2851 sui
524 2794 862 2858 conscientia,
893 2807 949 2844 se
972 2805 1071 2842 non
1090 2804 1204 2840 esse
1234 2788 1286 2838 in
1314 2786 1593 2838 dilectione
1619 2772 1968 2850 culpabilem,

419 2889 514 2941 etsi
549 2886 598 2938 in
629 2883 920 2936 ofﬁciorum
969 2878 1317 2932 redhibitione
1355 2888 1411 2926 se
1448 2887 1551 2925 non
1584 2874 1753 2923 cernit
1799 2884 1970 2936 aequa-

421 2977 542 3028 lem.
571 2973 700 3037 Quia
741 2969 976 3030 conlidit,
1003 2966 1139 3034 quod
1174 2964 1312 3018 sicut
1358 2962 1469 3028 ipsa
1507 2973 1738 3012 amorem
1790 2957 1963 3009 fratris

422 3065 474 3116 in
504 3077 562 3115 se
585 3061 663 3113 sui
693 3059 1016 3125 conjectione
1047 3053 1347 3121 persenliat,
1382 3051 1452 3104 ita
1478 3060 1528 3103 et
1553 3050 1776 3116 diligens
1806 3048 1963 3100 frater
1990 3027 2033 3084 (ἶ

422 3148 816 3206 ευιη“δίωἰ1ἱιετ
855 3144 1025 3213 possit
1061 3160 1125 3198 ex
1166 3158 1258 3197 sua
1303 3142 1581 3195 dilectione
1624 3153 1959 3206 cognoscere.

423 3241 551 3304 Quia
583 3238 719 3290 nulla
747 3252 804 3289 re
843 3235 1026 3287 melius
1055 3233 1271 3287 aliorum
1298 3231 1533 3285 cordium
1561 3239 1783 3291 secreta,
1810 3242 1961 3291 quam

423 3343 730 3383 arcanorum
765 3313 1059 3378 nostrorum
1083 3323 1522 3388 contemplatione
1546 3319 1806 3372 metimur.
1832 3316 1965 3368 Tan-

425 3427 531 3470 tum
579 3417 714 3469 enim
749 3428 843 3465 nos
872 3413 1091 3465 caritate
1121 3409 1406 3477 diligimus.
1442 3408 1597 3458 Parui
1631 3409 1803 3472 itaque
1841 3404 1966 3468 teti-

426 3507 553 3560 tioni
579 3514 788 3564 vestrm,
822 3502 964 3567 parui
1005 3499 1249 3565 jnssioni,
1283 3507 1338 3549 ut
1365 3498 1828 3564 qualibuscumque
1857 3511 1967 3547 ser-

428 3596 666 3650 monibus
695 3601 932 3644 contexta
972 3590 1117 3642 vobis
1146 3589 1335 3654 scripta
1370 3586 1809 3645 transmitterem;
1853 3600 1969 3649 quae

428 3699 542 3749 vos,
573 3684 616 3734 si
646 3696 738 3732 nos
761 3680 1085 3744 simpliciter,
1113 3686 1172 3728 ut
1195 3675 1424 3737 confido,
1453 3674 1682 3741 diligitis,
1727 3683 1814 3725 aut
1848 3687 1971 3724 con-

432 3772 602 3825 festim
623 3767 884 3831 delebitis,
920 3780 985 3818 ne
1013 3764 1149 3832 quod
1178 3763 1327 3815 vobis
1356 3762 1502 3814 cordi
1543 3770 1643 3821 est,
1683 3761 1798 3811 aliis
1844 3761 1972 3811 inci-

430 3863 538 3930 piat
567 3873 682 3924 esse
724 3855 1018 3922 despectui;
1050 3851 1169 3921 qdia
1210 3867 1312 3904 non
1355 3852 1537 3917 mquali
1578 3850 1774 3916 judicio
1823 3863 1973 3900 amor

430 3950 596 4014 audit,
624 3957 677 4002 et
704 3947 918 4000 odium:
953 3953 1039 3995 aut
1084 3950 1226 3996 certe
1267 3940 1413 3994 vobis
1453 3948 1653 3992 tantum
1698 3937 1968 4006 relegetida

432 4037 724 4097 servabitis,
756 4045 810 4088 ut
839 4032 1041 4100 quoties
1082 4032 1134 4083 in
1170 4029 1317 4083 vobis
1350 4029 1558 4082 videndi
1602 4043 1698 4080 nos
1741 4028 1972 4081 Caritatis

435 4128 566 4195 ignis
605 4126 820 4186 exarsit,
861 4121 1175 4175 desiderium
1213 4129 1441 4172 vestrum
1482 4134 1662 4171 eorum
1717 4119 1974 4185 colloquio

437 4216 754 4282 temperetis.
786 4213 917 4276 Quin
950 4216 1104 4262 etiam
1150 4219 1206 4260 ut
1247 4209 1439 4259 amoris
1488 4209 1650 4259 nostri
1699 4209 1835 4258 circa
1882 4221 1976 4257 vos

437 4303 789 4354 sinceritatem
814 4299 1014 4363 plenius
1036 4297 1342 4360 nosceretis,
1370 4295 1608 4358 injuriam
1634 4296 1823 4345 inferre
1847 4310 1976 4358 prae-

3492 217 3609 271 100

2586 343 2794 398 EPIST.
2838 339 3019 396 XVIII.

2379 437 2566 490 Sancto
2585 435 2814 486 Ruricius
2832 433 2984 483 oriens
3005 438 3231 495 patrono.

2247 527 2454 588 Sedato,
2489 524 2699 575 monitis
2730 537 2918 589 parens
2949 521 3198 587 patern’s.

2241 595 2425 647 Grates
2446 593 2692 654 concinit,
2722 601 2772 643 et
2803 591 2955 644 rel'crt
2991 589 3230 639 salutem.

2242 667 2402 727 Quem
2434 663 2590 714 bland
2615 676 2639 712 s
2675 653 2914 727 precibus
2943 669 3111 722 rogat,
3149 653 3402 714 timendo,

2241 733 2314 786 Ne
2338 733 2446 784 fors
2471 731 2739 795 (IlSpIICCHI
2773 729 2899 780 levis
2931 741 3185 788 catntena,

2245 801 2397 853 Tanti
2425 801 2617 866 judicio
2646 800 2814 849 minor
2841 795 3090 866 nutgtstri.

2197 880 2200 884 ’
2246 873 2352 922 Hoc
2381 862 2436 922 ιιι
2458 868 2735 920 Ιιέηιὶιιιὺιις
2766 866 2932 918 libens
2957 862 2982 900 δ
3016 877 3242 924 reversa,

2249 939 2357 991 Hoc
2385 941 2579 991 sanctis
2611 937 2846 988 manibus
2874 935 3113 999 frequens
3147 932 3373 992 rr-volvc,

2249 1009 2356 1059 IIuc
2382 1019 2434 1059 tu
2466 1007 2588 1058 dum
2615 1007 2826 1071 relegis,
2857 1020 2954 1055 met
2989 1013 3269 1061 memento,

2257 1077 2335 1129 Me
2357 1092 2514 1142 sentp-
2537 1091 2561 1126 r
2588 1075 2800 1134 recolat,
2825 1081 3077 1138 camtque
3112 1071 3304 1135 lingua,

2255 1150 2314 1195 I'Zt
2342 1161 2486 1197 mens
2513 1160 2596 1195 me
2628 1154 2657 1192 tt
2683 1155 2820 1205 ne..t,
2850 1156 3007 1206 sopor
3035 1150 3276 1200 retentet,

2250 1214 2328 1266 Mc
2349 1229 2554 1279 semper
2581 1213 2774 1265 recinat
2803 1223 2944 1279 tuum
2968 1209 3236 1261 labellum.

2260 1283 2363 1335 llos
2392 1292 2443 1334 tu
2467 1277 2763 1334 'viscerihus
2793 1277 2889 1344 ptis
2920 1280 3162 1330 reconde.

2255 1353 2358 1404 llos
2387 1359 2522 1404 tectu
2552 1351 2814 1408 residens;
2838 1348 3077 1413 viamque
3105 1360 3344 1412 carpens,

2264 1423 2366 1473 llos
2401 1424 2533 1473 inter
2563 1421 2775 1480 calices,
2806 1416 2917 1468 foro
2946 1417 3274 1478 rcc'ttnltens,

2265 1491 2327 1543 Et
2357 1503 2537 1556 parcas
2565 1488 2745 1554 epulas
2775 1487 3022 1548 cibosque
3054 1486 3249 1547 dulces.

2256 1563 2421 1612 Antro
2448 1558 2670 1624 pectoris
2696 1565 2747 1608 et
2778 1556 3003 1607 medulla
3034 1556 3209 1606 cordis

2260 1630 2489 1681 Inclusus
2519 1631 2703 1687 recita,
2732 1635 2951 1677 canente
2978 1632 3172 1682 mente,

2260 1699 2347 1751 Sic
2375 1711 2469 1748 nos
2499 1707 2551 1747 et
2585 1707 2792 1746 mutuos
2825 1694 2998 1745 videre
3028 1696 3221 1753 vultus,

2267 1769 2329 1818 Et
2349 1765 2483 1816 vivis
2511 1765 2701 1816 tribuat
2732 1764 2924 1815 referre
2953 1761 3148 1824 verbis,

2265 1835 2390 1898 Quae
2421 1847 2558 1884 nunc
2587 1832 2764 1883 intima
2793 1831 3018 1898 pectoris
3048 1831 3281 1895 fatigant,

2266 1902 2503 1970 Largitur
2533 1901 2924 1970 Deusiomnimn
2957 1900 3235 1970 bonorum,

2269 1965 2506 2024 Christus
2529 1983 2646 2021 cum
2672 1969 2826 2021 Patre
2846 1965 3168 2034 sempiterno
3199 1979 3422 2032 regnans

2267 2044 2459 2094 Sancto
2489 2037 2704 2106 Spiritui
2731 2038 3006 2104 dignantes
3036 2037 3279 2106 hymnus.

2526 2105 2736 2159 Finiunt
2758 2123 2944 2159 certus.

2632 2237 2847 2291 EPIST.
2887 2236 3021 2290 XIX.

2064 2338 2278 2391 Domino
2305 2337 2880 2405 individuaisemperque
2907 2337 3170 2404 magniﬁco
3200 2335 3307 2404 filio
3348 2345 3370 2373 ⁸
3402 2333 3624 2388 Rustico

2217 2420 2222 2426 ‘
2560 2404 2804 2457 Ruricius
2823 2409 3108 2473 episcopus.

2133 2515 2553 2586 Inquietudinem
2587 2515 2713 2568 mihi
2750 2515 2814 2569 ab
2850 2517 2986 2580 aliis,
3017 2524 3070 2570 et
3111 2516 3260 2568 vobis
3297 2530 3327 2568 a
3370 2529 3457 2569 me
3493 2515 3625 2569 facit

2063 2611 2289 2664 amicitia
2313 2609 2628 2663 communis.
2657 2608 2788 2674 Quia
2818 2609 2904 2677 qui
2938 2624 3019 2662 me
3046 2609 3180 2675 apud
3216 2622 3330 2669 vos,
3363 2621 3467 2661 non
3497 2608 3628 2662 diro

2066 2702 2306 2764 Inuitum,
2331 2702 2420 2751 sed
2467 2698 2641 2752 omnia
2673 2713 2825 2765 posse
2854 2697 3142 2756 conﬁdunt.
3188 2697 3251 2749 ad
3280 2697 3626 2750 ecclesiolam

2066 2799 2294 2841 nostram
2324 2803 2417 2854 pro
2446 2802 2537 2840 sua
2577 2788 2855 2840 securitate
2881 2786 3207 2853 confugiunt.
3238 2786 3467 2849 Quorum
3511 2801 3626 2837 non

2069 2890 2278 2942 possum
2308 2891 2410 2928 non
2439 2885 2490 2928 et
2511 2875 2791 2928 condolere
2811 2875 3113 2941 gemitibus,
3140 2886 3190 2926 et
3217 2874 3460 2939 precibus
3485 2875 3627 2926 obe-

2067 2965 2203 3024 dire,
2235 2974 2292 3017 ut
2322 2980 2413 3032 pro
2444 2967 2672 3030 ipsorum
2695 2963 2903 3031 quidem
2937 2972 3105 3025 rv-atu,
3132 2963 3224 3016 sed
3245 2971 3299 3016 et
3321 2977 3415 3029 pro
3441 2971 3630 3015 vestro

2069 3055 2261 3119 pariter
2280 3053 2535 3121 profectu,
2558 3054 2796 3120 potestati
2822 3060 3010 3106 vestrae
3036 3055 3283 3105 attentius
3308 3052 3630 3119 supplicem.

2067 3144 2171 3196 Nec
2217 3143 2424 3196 mireris
2455 3143 2593 3212 quod
2639 3144 2744 3196 dixi
2794 3143 3004 3196 illorum
3039 3153 3235 3196 reatum
3275 3143 3336 3194 ad
3385 3152 3630 3195 vestrum

2069 3233 2329 3298 pertinere
2361 3237 2665 3298 profectum.
2717 3231 2985 3297 Siquidem
3040 3231 3241 3280 illorum
3291 3229 3624 3296 indilgentia

2070 3329 2241 3399 vestra
2271 3323 2324 3372 tit
2356 3321 2525 3374 venia.
2557 3322 2700 3374 Sicut
2720 3331 2772 3372 et
2796 3319 3026 3384 in0pium
3059 3319 3365 3386 indigentia,
3398 3320 3630 3387 largien-

2070 3412 2195 3461 tium
2227 3424 2345 3462 esse
2383 3411 2614 3462 noscitur
2645 3410 2814 3476 copia.
2870 3409 2978 3461 Hoc
3006 3409 3144 3461 enim
3184 3408 3334 3461 nobis
3363 3411 3630 3463 retribue-

2068 3510 2152 3553 tur
2180 3500 2228 3553 in
2258 3500 2469 3566 judicio,
2495 3499 2631 3566 quod
2661 3501 3054 3564 praestiterimus
3083 3500 3132 3552 in
3163 3501 3384 3562 saeculo;
3413 3500 3630 3553 dicente

2071 3595 2184 3658 ipso
2217 3592 2435 3643 Domino
2473 3610 2486 3643 :
2525 3590 2787 3650 Dimittite,
2815 3601 2860 3642 et
2900 3591 3173 3642 dimittetur
3220 3592 3376 3650 notis,
3413 3592 3532 3643 dote
3583 3598 3631 3641 ct

2071 3679 2272 3729 dabitur
2303 3681 2433 3730 vobis
2461 3677 2604 3746 (Luc.
2635 3695 2703 3739 νι,
2737 3678 2846 3745 58).
2875 3679 2939 3730 Et
2968 3677 3154 3729 iterum
3183 3695 3194 3729 :
3240 3679 3299 3732 Si
3326 3678 3630 3728 dimiseritis

2073 3769 2369 3829 hominibus,
2392 3782 2438 3818 et
2471 3768 2620 3818 Pater
2639 3778 2795 3818 vester
2823 3769 3029 3818 dimittet
3059 3768 3192 3819 vobis
3234 3776 3433 3832 peccata
3465 3777 3633 3820 vestra

2074 3852 2285 3922 (Matth.
2325 3870 2398 3920 vr,
2431 3853 2540 3920 H).
2583 3853 2731 3907 Unde
2775 3854 3046 3906 evidenter
3080 3855 3413 3921 agnoscimus
3461 3853 3630 3906 Deum

2077 3953 2306 3994 nostrum
2325 3944 2636 3996 sententiam
2662 3957 2805 3994 suam
2832 3944 2882 3994 in
2906 3952 3080 3996 nostra
3104 3942 3343 4010 posuisse
3359 3956 3584 3996 censura
3614 3959 3627 3994 :

2082 4033 2166 4099 qui
2211 4047 2420 4097 precum
2454 4043 2753 4085 nostrarum
2797 4034 3096 4087 misericors
3138 4043 3188 4086 et
3215 4033 3386 4101 justus
3417 4034 3632 4086 auditor

2077 4123 2319 4187 potestati
2349 4137 2458 4174 suae
2487 4123 2551 4175 de
2588 4133 2766 4175 nostra
2818 4124 3035 4178 lenitate
3081 4123 3424 4191 prmscripsit;
3472 4135 3525 4176 ut
3579 4125 3629 4174 in

2079 4226 2170 4262 eos
2201 4211 2587 4277 quodammodo
2622 4229 2722 4264 nou
2767 4215 2978 4267 haberet
3013 4215 3098 4281 jus
3142 4215 3458 4282 severitatis,
3495 4227 3630 4281 quos

2081 4301 2163 4354 hic
2192 4303 2370 4353 avidos
2403 4317 2502 4352 non
2551 4307 2873 4368 per-petierit
2910 4307 3137 4356 ultionis.
3181 4306 3309 4369 Quia
3339 4307 3480 4371 quod
3516 4305 3630 4366 ipse

438 4391 775 4454 sumpsimus.
809 4386 933 4451 Quia
964 4385 1090 4436 certi
1135 4398 1315 4434 smnus
1344 4384 1479 4448 quod
1517 4399 1617 4435 non
1653 4396 1751 4435 tam
1783 4384 1974 4437 diserta
2005 4363 2056 4420 Ῑ)
2080 4398 2179 4452 est,
2212 4391 2308 4440 hoc
2337 4399 2386 4440 et
2417 4404 2510 4440 nos
2538 4405 2654 4441 esse
2693 4390 2957 4442 desiderat
3007 4363 3301 4444 Misericors
3331 4363 3439 4453 est;
3473 4363 3631 4444 nti—se-

438 4480 654 4544 cupiunt
695 4476 893 4539 audire,
934 4488 1087 4540 quam
1129 4472 1310 4535 fortia;
1345 4488 1446 4524 non
1500 4482 1600 4524 tam
1650 4474 1974 4538 voluptuosa,

437 4581 592 4634 quam
615 4581 755 4618 vera.
788 4565 1111 4630 Quapropter
1137 4563 1397 4615 credimus
1426 4564 1561 4630 quod
1592 4565 1762 4628 pietati
1799 4575 1981 4616 vestrae

441 4673 535 4711 nec
558 4654 821 4724 longitudo
853 4653 1052 4721 pagina:
1082 4664 1274 4705 n05trae
1302 4652 1482 4706 afferat
1523 4654 1840 4711 satietatem.
1886 4668 1982 4706 nec

441 4746 665 4798 rusticus
707 4756 883 4796 sermo
925 4741 1221 4804 fastidium;
1256 4741 1478 4793 scientes
1502 4743 1638 4807 quod
1665 4750 1857 4807 quanto
1887 4755 1981 4792 nos

445 4837 665 4899 amplius
691 4832 1090 4897 ruminaveritis,
1124 4841 1266 4886 tanto
1295 4835 1536 4885 esurialis
1565 4833 1853 4886 ardentius.

519 5057 541 5082 ⁸
569 5045 687 5098 Fuit
714 5044 801 5097 ille
820 5042 1183 5097 Nemausensis
1199 5042 1489 5108 episcopus,
1518 5043 1580 5094 ad
1612 5058 1763 5110 quem
1793 5043 1983 5110 sacpius

450 5115 660 5181 scripsit
691 5113 948 5163 Ruricius.
984 5114 1137 5164 Basn.

519 5183 545 5220 δ
562 5185 724 5245 Alias,
744 5195 960 5245 recurre.

526 5262 546 5288 ε
592 5243 758 5302 Fuere
816 5249 987 5311 plures
1042 5246 1237 5297 Rustici
1295 5262 1355 5297 eo
1408 5258 1657 5308 tempore.
1711 5248 1988 5298 Annalium

456 5317 845 5372 Massiliensium
876 5315 1375 5378 scriptorllustimun
1406 5318 1498 5366 sibi
1530 5320 1672 5367 tinxit
1706 5317 1994 5367 Massilien—

459 5404 568 5441 sem
598 5387 920 5451 episeopum,
943 5383 1033 5451 qui
1063 5381 1154 5431 fuit
1182 5382 1352 5451 forsan
1382 5383 1651 5441 Narhume.
1687 5386 1985 5434 Narbonen—

461 5459 534 5508 sis
558 5449 726 5504 autem
762 5449 1014 5504 seettndas
1043 5451 1090 5498 in
1128 5451 1204 5500 liis
1231 5450 1507 5501 Galliarum
1544 5453 1842 5515 provinciis,
1877 5461 1992 5517 pOsI.

467 5524 757 5590 LpiSCupum
805 5520 1180 5580 Arelatensem,
1225 5527 1396 5583 partes
1447 5523 1675 5574 tenebat.
1720 5522 1809 5572 Est
1854 5521 1991 5572 illius

2083 4479 2312 4529 ricortles
2333 4477 2516 4542 quzerit
2545 4476 2756 4528 dicens:
2795 4477 2964 4528 Estote
2982 4481 3203 4545 perfecti,
3239 4479 3366 4529 sicut
3397 4490 3442 4529 et
3476 4478 3630 4529 Puttr

2083 4566 2520 4633 vester-perfectus
2565 4577 2636 4617 est
2671 4566 2878 4634 (Matth.
2923 4584 2972 4630 v,
3002 4567 3114 4634 48).
3156 4567 3396 4632 ριιοιὲᾱθ
3423 4570 3627 4619 veniam

2087 4655 2422 4721 peccantibus
2452 4664 2502 4706 et
2543 4657 2955 4720 supplicantibus
2991 4656 3197 4717 tribuit;
3236 4655 3353 4708 ideo
3382 4665 3434 4707 ct
3464 4657 3629 4708 indu!-

2085 4745 2308 4811 gentiam
2335 4757 2361 4793 a
2393 4745 2750 4810 peccatoribus
2787 4747 2968 4811 poscit.
3007 4745 3153 4799 Unde
3182 4755 3234 4799 et
3268 4749 3501 4800 oratione
3529 4747 3628 4798 do-

2088 4835 2274 4884 minica
2303 4832 2463 4898 ipsius
2492 4833 2713 4887 dicimus
2743 4835 3014 4888 doctrina:
3049 4832 3253 4887 Dimitte
3288 4838 3429 4888 nobis
3465 4836 3628 4888 debita

2091 5043 2439 5120 Nartipneusis
2479 5045 2707 5120 episcopi
2749 5048 2811 5120 ad
2847 5049 3171 5120 Eucherium
3203 5052 3417 5116 epistola
3450 5064 3476 5099 ει
3510 5049 3624 5102 Sir-

2094 5112 2274 5188 ittondo
2305 5112 2458 5162 etlita.
2487 5114 2585 5188 _Sed
2619 5118 2676 5188 is,
2710 5117 2797 5181 qui
2837 5116 2942 5181 jam
2975 5112 3248 5186 episc0pus
3278 5119 3341 5170 ab
3365 5131 3501 5188 anno
3527 5118 3626 5170 450

2096 5181 2295 5230 "Hem
2333 5181 2506 5243 Procul
2551 5182 2726 5245 dubio,
2775 5200 2890 5237 cum
2921 5181 3170 5239 scriberet
3218 5187 3478 5248 Ruricius,
3517 5190 3626 5250 epi-

2096 5261 2281 5327 ξςυριιξ
2328 5265 2426 5327 Ιξξηι
2470 5253 2581 5327 ,1)ίεὶ-
2614 5267 2696 5327 8ηΣ
2741 5255 2859 5307 470.
2902 5255 3041 5327 Fuit_
3072 5259 3199 5306 alter
3239 5254 3506 5327 Ruricius,
3549 5257 3624 5305 vir

2095 5317 2306 5396 iIiUSlflS
2349 5317 2750 5396 Ifllf'digalettsis,
2777 5338 2927 5386 quem
2969 5325 3082 5376 solo
3111 5323 3318 5374 nomine
3359 5321 3619 5374 Rusticum

2093 5383 2313 5448 πνιιθιιθι
2349 5386 2589 5441 Sidonius
2619 5406 2629 5439 :
2660 5383 3009 5442 Soto'nomine
3041 5392 3298 5443 b’usticum
3333 5391 3492 5440 video.
3535 5390 3622 5442 Hic

2097 5453 2190 5532 fuit
2233 5455 2490 5532 adaquem
2537 5460 2745 5525 scripsit
2789 5460 3026 5513 liuricius
3068 5459 3315 5527 epistolas
3364 5457 3424 5509 l9
3472 5468 3520 5511 et
3558 5456 3622 5508 55

2096 5519 2246 5587 hujus
2275 5521 2406 5576 libri.
2443 5524 2592 5577 BASN.
2649 5519 2659 5525 ’
3103 5519 3116 5527 ’
3416 5539 3420 5543 ’
