3854 6228
112 362 182 412 illi
1296 324 1766 382 EPISTOLARUM
1812 322 1937 376 LIB.
1981 321 2041 373 ll.

3164 318 3262 369 £02

110 465 251 510 nostra
263 452 383 504 sicut
397 458 451 501 et
463 446 867 502 nosdimt'ltimus
888 439 1189 493 debitoribus
1207 438 1387 489 nostris
1409 435 1615 507 (Matth.
1648 439 1692 494 Α
1723 446 1899 487 rarum
1932 431 2093 485 reddo
2122 440 2356 484 mutuum
2398 430 2759 498 sospitationis
2788 428 3014 483 officium
3043 437 3098 482 et
3124 428 3262 480 sicut

110 559 169 609 vt,
199 541 295 608 12).
322 539 534 605 Quibus
562 535 734 590 verbis
759 529 1047 586 durissimis
1078 543 1175 581 nos
1201 525 1420 579 vinculis
1455 526 1622 594 illiga-

113 631 333 694 mus,nisi
350 627 493 696 quod
525 626 831 695 pollicemur
857 620 1164 685 implemus:
1192 616 1280 685 qui
1307 626 1360 669 et
1386 630 1479 683 per
1504 629 1627 681 pro-

114 722 294 787 phetam
319 719 393 769 sic
422 716 589 768 dicit:
634 712 797 764 Homo
821 708 1011 760 homini
1041 714 1166 758 tenet
1193 705 1344 766 iram,
1380 712 1426 754 et
1461 718 1493 753 a
1522 700 1624 753 Do.

113 814 227 861 mino
262 808 433 875 quierit
471 804 718 857 medelam
744 797 927 871 (Eccli.
970 810 1148 859 xxvm,
1192 796 1268 862 5).
1300 793 1626 860 Quapropter

113 913 191 966 pro
214 900 435 962 Baxone,
466 894 557 963 qui
594 892 657 944 ad
686 888 957 944 ecclesiam
981 897 1007 923 ι
1040 899 1235 940 usercm
1264 883 1516 955 confugit,
1548 882 1627 934 in-

114 1002 346 1043 tercessor
361 985 590 1045 accedo;
613 993 829 1049 sperans
855 990 912 1031 ut
932 977 1154 1046 primum
1186 990 1279 1043 pro
1302 974 1391 1028 Dei
1418 974 1622 1037 timore,

116 1078 277 1132 deinde
293 1090 387 1145 pro
415 1086 595 1128 nostra
616 1062 989 1125 intercessione
1013 1068 1109 1133 ipsi
1134 1079 1347 1133 parcere
1374 1060 1624 1131 digneris.

112 1167 251 1234 Cujus
292 1163 621 1217 absolutione
646 1168 700 1213 et
737 1159 789 1211 in
837 1156 989 1209 nobis
1020 1150 1624 1211 tollet-econt‘usionem,

114 1268 156 1310 et
170 1256 303 1308 Vobis
330 1253 552 1323 potestis
568 1262 870 1314 comparare
896 1245 1211 1299 mercedem.
1512 1247 1521 1251 ·

678 1353 895 1409 EPIST.
924 1351 1043 1405 XX.

269 1448 496 1501 Ruricius
524 1446 784 1512 episcopus
808 1436 1200 1506 Capilluloﬁlio
1228 1434 1461 1488 salutem.

170 1560 359 1627 Ingrata
384 1556 509 1609 mibi
539 1562 618 1607 est
656 1546 977 1616 frequentior
1002 1543 1255 1612 aegritudo
1283 1548 1488 1603 vestra;
1512 1548 1629 1605 qua:

112 1649 219 1702 mihi
232 1648 383 1702 etiam
397 1645 601 1699 videtur
612 1656 729 1696 esse
742 1636 1081 1693 commonitio
1096 1634 1288 1696 divina,
1312 1643 1413 1698 qua
1434 1627 1633 1681 mavult

114 1739 336 1791 Dominus
356 1742 539 1789 noster
565 1745 658 1799 pro
679 1744 771 1783 sua
800 1728 992 1793 pietate
1015 1720 1306 1791 largissime
1329 1725 1630 1784 peccatores

112 1828 341 1894 castigare
385 1834 544 1889 quam
582 1818 835 1885 perdere;
879 1822 936 1867 ut
960 1825 1092 1889 quos
1123 1824 1379 1864 annorum
1409 1819 1625 1859 suorum

112 1914 457 1979 a-taslougatva
480 1905 624 1959 non“
646 1892 909 1969 convenit,
924 1902 1001 1954 vel
1029 1884 1303 1953 convincat
1328 1884 1627 1959 infirmitas,

113 2014 158 2054 ut
180 2003 433 2068 deponant
457 1996 636 2053 saeculi
667 1994 906 2062 byssum,
939 2000 991 2044 et
1028 1996 1239 2042 sumant
1268 1986 1518 2039 Ecclesiae
1547 1984 1637 2036 ve-

112 2091 415 2151 sumentum,
440 2083 581 2150 quod
606 2090 681 2136 est
709 2080 962 2140 cilicium,
999 2075 1329 2129 contritionis
1364 2073 1631 2125 iudicium.

116 2177 225 2238 Quia
258 2191 341 2228 cor
382 2170 654 2227 contritum
689 2180 735 2222 et
780 2167 1099 2219 humiliatum
1134 2163 1266 2215 Deus
1306 2177 1407 2213 non
1448 2160 1634 2226 spernit

114 2266 216 2331 (Ps.
244 2282 291 2330 ι,
319 2266 433 2331 l9).
458 2263 551 2316 lili-
578 2262 717 2315 enim
747 2259 885 2312 vadit
906 2258 970 2310 ad
1001 2255 1216 2318 cmlum,
1240 2254 1327 2322 qui
1352 2267 1411 2305 se
1434 2249 1635 2304 collidit

113 2356 167 2408 ad
194 2356 375 2409 solum.
419 2354 551 2419 Quia
587 2352 672 2420 qui
711 2366 764 2402 se
798 2350 985 2401 exultat
1006 2343 1372 2403 ltumiliabitur,
1405 2349 1448 2391 et
1472 2339 1558 2407 qui
1584 2351 1635 2389 se

116 2444 319 2497 humiliat
355 2444 664 2499 excitabitur
700 2438 910 2508 (Matth.
946 2449 1090 2496 unt,
1120 2435 1226 2499 12).
1258 2430 1409 2485 Unde
1436 2438 1489 2482 et
1511 2426 1637 2479 dicit

117 2535 348 2600 paenitens
396 2535 487 2586 ille
525 2529 825 2599 perfectus:
876 2524 1097 2577 Adhaesit
1143 2521 1421 2589 pavimento
1459 2517 1637 2572 anima

119 2638 229 2685 mea,
261 2622 495 2681 Domine,
522 2618 719 2682 vivi/ica
742 2631 817 2666 me
842 2612 1115 2665 secundum
1138 2608 1335 2660 verbum
1356 2616 1493 2657 tuum
1518 2601 1634 2671 (Ps.

118 2727 273 2774 cxvut,
294 2710 411 2777 ‘25).
445 2708 582 2771 Quid
609 2715 710 2769 est,
743 2702 1033 2757 secundum
1060 2698 1275 2752 verbum
1315 2704 1483 2757 tuum,
1536 2691 1633 2744 nisi

120 2802 379 2853 secundum
422 2797 822 2865 promissionem
867 2788 1044 2845 tuam!
1089 2786 1227 2856 quod
1264 2786 1352 2853 qui
1380 2798 1557 2837 coram
1587 2792 1636 2834 te

121 2901 304 2957 peccata
329 2904 426 2943 sua
456 2887 683 2950 deﬂerit,
713 2892 1059 2951 compunctus
1088 2879 1140 2932 in
1173 2876 1389 2941 mundo,
1437 2883 1490 2927 tu
1516 2886 1632 2925 eum

122 2978 335 3047 perducis
362 2979 414 3031 in
439 2992 623 3043 regno,
654 2975 738 3027 ubi
764 2972 927 3041 possit
959 2971 1207 3034 deinceps
1230 2974 1441 3018 cantare
1481 2976 1634 3015 Secu-

123 3082 230 3121 rus:
259 3067 466 3119 Audiuit
490 3064 753 3123 Dominus,
784 3070 828 3112 et
862 3061 1093 3109 misertus
1135 3065 1206 3108 est
1247 3053 1368 3103 mihi
1402 3067 1421 3100 :
1464 3049 1629 3100 Domi‘

121 3172 197 3207 uta
221 3157 375 3219 {actus
394 3164 471 3206 est
490 3153 693 3221 adjutor
712 3162 870 3199 meus.
894 3144 1181 3199 Convertisti
1209 3142 1457 3207 planctum
1479 3152 1638 3189 meum

122 3244 164 3295 in
184 3244 414 3312 gaudium
440 3240 564 3292 mihi
593 3254 610 3290 :
640 3234 924 3289 conscidiin
960 3245 1159 3284 saccum
1194 3242 1379 3290 meum,
1415 3232 1460 3276 et
1508 3238 1639 3290 prat-

122 3332 293 3383 einsisti
317 3346 394 3382 me
421 3327 597 3381 ltetitia
627 3323 798 3393 (Psal.
828 3335 971 3384 uix,
1001 3317 1109 3385 l2).
1142 3316 1285 3370 Unde
1310 3312 1504 3367 suadeo
1528 3312 1640 3377 pie-

125 3423 198 3475 tati
220 3427 521 3483 vestras,ut‘
538 3416 675 3487 quod
713 3415 1006 3482 cogitastis,
1050 3411 1299 3471 celerius,
1344 3407 1451 3459 Deo
1502 3404 1643 3471 adju-

122 3520 275 3573 vante,
301 3508 528 3564 faciatis.
558 3508 689 3572 Quia
714 3517 856 3558 mors
890 3517 993 3555 non
1031 3501 1222 3562 tardat,
1263 3498 1377 3566 ipso
1422 3496 1643 3549 Domino

124 3600 307 3653 dicente
337 3615 349 3648 :
383 3598 472 3648 Ne
509 3594 719 3647 tarderis
753 3592 970 3645 converti
996 3590 1062 3642 ad
1095 3587 1283 3650 Deum,
1321 3600 1408 3638 nec
1440 3583 1643 3648 cli/feras

124 3688 175 3739 de
208 3687 284 3739 die
316 3686 370 3738 in
396 3685 533 3737 diem
576 3681 761 3749 (Eccli.
792 3695 842 3742 v,
870 3678 941 3746 8).
982 3677 1165 3732 Subito
1202 3676 1341 3729 enim
1384 3675 1527 3727 venit
1569 3675 1643 3724 ira

125 3778 221 3844 ejus
252 3786 305 3831 et
343 3776 397 3831 in
446 3786 684 3841 tempore
721 3771 958 3825 vindicta:
994 3768 1261 3836 disperdet
1299 3776 1371 3820 te.
1420 3766 1645 3833 Ideoque

126 3869 229 3920 dum
256 3876 464 3936 tempus
509 3866 780 3927 habemus,
822 3869 1193 3914 convertamur
1230 3858 1293 3910 ad
1338 3857 1640 3918 Dominum,

126 3963 285 4008 utnon
310 3970 432 4008 cum
472 3955 574 4007 hoc
598 3950 791 4004 mundo
816 3949 1143 4001 damnamur.
1186 3945 1316 4009 Quia
1345 3946 1458 3995 sine
1486 3943 1645 3995 dubio

128 4044 186 4096 Illi
220 4045 519 4097 misericors
559 4040 697 4092 Deus
737 4052 886 4090 suum
922 4042 1132 4100 prmstat
1162 4032 1445 4102 auxilium,
1489 4044 1642 4096 quem

128 4134 245 4185 circa
272 4141 535 4199 precepts
566 4142 655 4180 sua
687 4126 857 4177 cernit
880 4132 1154 4175 attentum.

686 4230 894 4285 EPIST.
935 4229 1075 4283 XXI.

308 4326 550 4381 Ruricius
588 4324 845 4392 episcopus
872 4318 1111 4387 Eufrasio
1137 4330 1158 4356 θ
1181 4321 1428 4389 episcopo.

1727 520 1791 574 ad
1833 536 1927 574 vos
1970 534 2148 572 rumor
2179 521 2441 586 pervenit,
2486 518 2808 574 suftlcienter
2847 534 2932 574 me
2971 518 3257 573 secundum

1727 608 2112 661 miserationem
2141 607 2390 667 divinam,
2431 620 2533 673 non
2578 608 2866 658 secundum
2913 607 3101 659 merita
3145 621 3257 657 mea

1730 698 2029 751 tribulatum
2060 710 2176 750 rsse
2208 698 2463 763 significo.
2504 694 2631 759 Quia
2664 695 2774 758 ipse
2802 694 2889 761 qui
2920 696 3057 747 cibat
3087 695 3257 763 lacry-

1728 787 1827 839 mis
1848 786 1897 838 in
1921 784 2131 838 minima
2157 798 2395 836 mensura
2417 781 2581 849 (Psal.
2610 796 2783 841 Lxxtx.
2801 782 2879 847 ϐ),
2909 782 3283 848 castigationi,

1722 873 1867 942 juxta
1898 874 2142 939 pietatem
2174 886 2351 937 suam,
2387 886 2478 936 pro
2509 870 2871 922 imbecillitate
2900 880 3076 922 nostra
3096 908 3111 931 ,
3151 884 3263 922 mo-

1728 964 1849 1015 dum
1879 963 2078 1025 statuit,
2106 976 2170 1015 ne
2200 962 2475 1014 inﬁrmitas
2505 971 2681 1031 nostra
2712 963 2761 1012 in
2791 974 2975 1013 manus
3002 973 3113 1012 sum
3139 972 3258 1012 cor-

1728 1053 1964 1118 reptione
1991 1051 2259 1106 deiecerit.
2291 1049 2517 1121 ideoque
2546 1049 2770 1118 propitia
2800 1049 3134 1103 miseratione
3167 1062 3258 1101 sua

1723 1144 1831 1210 jam
1862 1135 2269 1194 commodiorem
2313 1153 2431 1193 esse
2473 1154 2555 1192 me
2593 1140 2804 1199 nuntio;
2851 1138 3260 1191 conso'atiooem

1734 1231 1880 1283 vobis
1903 1228 2063 1283 vestri
2094 1230 2334 1282 mmroris
2372 1229 2554 1296 pagina
2583 1225 2853 1282 deferente
2884 1226 3261 1289 transmittens,

1729 1318 1899 1385 utqui
1944 1318 2074 1371 estis
2120 1318 2385 1370 laboribus
2408 1316 2607 1369 nostris
2655 1329 2750 1383 pro
2794 1313 3013 1367 caritate
3054 1326 3266 1379 compa-

1734 1411 1943 1475 tientes,
1976 1408 2092 1462 sitis
2123 1408 2315 1463 laetitia:
2341 1407 2393 1460 in
2425 1406 2517 1460 Dei
2545 1406 2756 1459 nomine
2782 1404 2849 1458 de
2881 1415 3090 1472 recepta
3120 1403 3267 1456 inco-

1628 1534 1657 1552 ,ι
1730 1496 1968 1553 1ὐιιιίιειιθ
2017 1498 2333 1567 participes,
2387 1497 2550 1574 ipsius
2594 1495 2821 1550 lectione
2868 1493 3109 1561 dispono.
3160 1490 3264 1545 Ora

1732 1604 1827 1657 pro
1856 1605 1959 1643 me.

2296 1674 2503 1727 EPIST.
2558 1673 2716 1726 XXll.

1658 1758 1704 1817 B
1738 1764 1952 1820 Domino
1978 1764 2341 1818 devinctissimo
2378 1778 2663 1828 semperque
2702 1761 2968 1830 magniﬁco
3000 1759 3124 1814 Vero
3160 1760 3266 1812 Iin-

2275 1833 2427 1885 ricius
2451 1833 2729 1898 episcopus.

1806 1944 2032 1999 Relectis
2062 1944 2250 1997 litteris
2279 1943 2490 2011 pietatis
2521 1951 2729 2004 vestrm,
2778 1940 2883 1993 Deo
2929 1941 3119 2009 gratias
3164 1942 3267 2008 egi,

1736 2036 1876 2102 quod
1906 2050 2001 2087 vos
2029 2036 2172 2100 prius
2198 2035 2500 2094 revaluisse,
2541 2047 2693 2099 quam
2726 2032 3012 2084 infirmatus
3041 2047 3159 2086 esse
3187 2048 3271 2085 ca-

1735 2134 1849 2175 rum
1880 2123 2134 2175 relatione
2162 2121 2401 2188 cognovi.
2450 2119 2596 2183 Quod
2641 2119 2785 2170 vobis
2826 2110 2929 2172 tam
2974 2119 3272 2187 frequentrr

1734 2214 1993 2279 accidere,
2022 2211 2248 2278 propitio
2277 2210 2447 2277 potius
2478 2211 2583 2263 Deo
2605 2224 2757 2277 quam
2790 2209 3015 2275 offenso,
3040 2210 3271 2263 confido.
3354 2228 3362 2234 ε

1737 2303 1874 2366 Quia
1902 2318 2047 2371 quem
2082 2301 2249 2369 diligit
2281 2299 2523 2353 Dominus
2564 2301 2768 2367 corripit
2814 2298 2986 2369 (Prov.
3030 2315 3116 2361 ιιι,
3163 2299 3272 2363 19).

1732 2391 1962 2457 Casuigat
2004 2398 2179 2443 autem
2222 2404 2429 2441 omnem
2475 2388 2636 2440 filium
2684 2403 2837 2456 quem
2880 2387 3273 2454 recipit(Ilebr.

1738 2495 1827 2540 xu,
1852 2479 1927 2546 6).
1973 2479 2027 2531 in
2054 2478 2227 2531 divina
2258 2479 2433 2545 itaque
2464 2491 2557 2528 vos
2586 2475 2861 2543 disciplina
2888 2483 3163 2542 susceptos
3191 2489 3272 2526 sc-

1736 2571 1859 2623 dula
1889 2570 2177 2623 admonitio
2208 2579 2260 2622 ct
2287 2569 2431 2622 mitis
2457 2557 2707 2627 ostendit.
2752 2567 2880 2633 Quia
2926 2575 3137 2634 paterna
3168 2566 3275 2617 cle~

1736 2661 1927 2713 mentis
1960 2662 2155 2713 mavult
2193 2674 2289 2727 per
2316 2658 2617 2711 multimoda
2652 2657 2982 2711 incommoda
3014 2656 3276 2724 negligen-

1736 2758 1839 2803 tem
1860 2749 2124 2817 corrigere
2146 2748 2332 2810 filium,
2347 2763 2499 2813 quam
2525 2748 2710 2814 punire
2732 2756 3061 2813 peccantem;
3085 2745 3277 2797 mavult

1722 2850 2007 2892 nutantem
2038 2854 2097 2891 ac
2125 2840 2337 2892 dubium
2368 2837 2430 2891 ad
2460 2839 2726 2890 servitium
2754 2850 2903 2887 suum
2933 2833 3148 2887 habenis
3176 2832 3275 2899 pitu

1738 2928 2110 2981 moderationis
2148 2927 2430 2989 attrahere,
2478 2938 2631 2991 quam
2677 2923 3028 2975 errabundum
3080 2930 3135 2974 et
3184 2935 3280 2988 per

1736 3015 1910 3067 suculi
1936 3013 2215 3079 pra‘cipitia
2239 3013 2526 3079 lapsantem
2549 3011 2750 3061 acriore
2768 3010 2987 3063 verbere
3009 3024 3273 3062 coercere.

1665 3084 1710 3144 Ο
1741 3103 1855 3168 lpse
1901 3096 1981 3153 est
2027 3102 2163 3151 enim
2213 3098 2696 3169 indulgentissimus
2746 3098 3143 3164 paterfamilias,
3191 3098 3278 3163 qui

1738 3194 1963 3240 animam
1996 3202 2141 3240 suam
2173 3187 2319 3254 ponit
2347 3200 2440 3252 pro
2470 3185 2655 3238 ovibus
2683 3185 2810 3237 suis.
2858 3184 2975 3252 ipse
3003 3194 3081 3239 est
3112 3176 3285 3248 borius,

1740 3286 1905 3344 pater,
1937 3276 2021 3342 qui
2053 3284 2207 3326 ovem
2247 3273 2507 3341 perditam
2545 3274 2610 3324 ad
2648 3274 2837 3349 caulas,
2852 3273 3140 3325 dominicas
3169 3287 3279 3324 ma-

1741 3368 1850 3418 vult
1885 3364 2107 3432 propriis
2138 3362 2369 3437 humeris
2402 3369 2674 3427 reportare
2703 3361 2975 3422 sollicitus,
3004 3374 3158 3427 quam
3188 3358 3281 3411 sti-

1742 3454 1896 3508 mulis
1923 3453 2226 3522 urgentibus
2272 3464 2521 3505 revocare
2547 3450 2837 3504 districtos.
2883 3448 3000 3515 ipse
3025 3458 3104 3502 est
3134 3457 3279 3519 pater

1740 3546 1877 3612 pius,
1906 3545 1991 3613 qui
2024 3545 2159 3597 male
2185 3542 2400 3611 prodigo
2430 3541 2559 3604 filio,
2585 3550 2636 3595 et
2680 3550 2953 3609 prteceptte
2977 3540 3279 3593 substantia:

1741 3636 2026 3693 deroctori,
2054 3634 2115 3686 ad
2141 3646 2199 3686 se
2219 3632 2301 3685 vel
2327 3647 2446 3684 sero
2469 3631 2709 3683 redeunti
2740 3645 2842 3682 non
2868 3631 3035 3681 solum
3062 3629 3281 3681 crimina

1741 3725 2001 3777 anteriora
2029 3738 2131 3776 non
2163 3722 2410 3789 imputat,
2446 3734 2625 3773 verum
2658 3720 2815 3773 etiam
2848 3719 3059 3786 przemia
3090 3719 3279 3771 amissi

1743 3814 2073 3879 multiplicat,
2102 3812 2223 3865 dum
2255 3812 2391 3863 ulnis
2421 3809 2583 3873 fovet,
2616 3809 2807 3862 osculis
2835 3808 3142 3876 permulcet,
3167 3822 3281 3860 mu-

1744 3900 1956 3951 neribus
1994 3900 2158 3961 ditat,
2206 3898 2440 3951 doctrina
2484 3896 2792 3957 confirmat,
2840 3911 2941 3947 non
2984 3904 3183 3946 tantum
3214 3894 3277 3944 ad

1743 3986 1855 4051 ejus
1883 3987 2177 4050 indignatus
2206 3985 2537 4048 abscessum,
2583 3990 2831 4047 quantum
2864 3981 3068 4031 lmtatus
3098 3979 3163 4030 ad
3194 3993 3278 4031 re-

1743 4074 1906 4125 ditum
1924 4072 2072 4138 (Luc.
2098 4071 2206 4137 xv).
2243 4070 2354 4136 Ipse
2382 4072 2521 4145 enim
2545 4069 2729 4120 borum
2752 4069 2980 4119 omnium
3012 4068 3275 4119 nominum

1745 4162 1796 4214 in
1846 4178 1901 4214 se
1944 4160 2159 4213 effectus
2204 4157 2523 4224 affectusque
2571 4157 2833 4224 suscepit,
2882 4164 2937 4207 ut
2980 4155 3113 4207 sicut
3157 4154 3283 4206 dicit

1748 4256 2047 4323 Apostolus.
2079 4251 2361 4305 multifario
2401 4249 2681 4315 multisque
2726 4246 2893 4299 modis
2919 4245 3101 4319 (Hebr.
3142 4260 3189 4303 ι,
3231 4245 3285 4313 1)
3376 4294 3381 4299 ,

1657 4380 1662 4385 -
1749 4362 1843 4399 nos
1870 4347 2099 4399 erndiret
2121 4343 2311 4403 verbis,
2340 4337 2947 4405 instrueretdisciplinis.
2979 4345 3285 4403 provocarat

181 4440 376 4496 Gratias
403 4454 511 4509 ago
537 4437 905 4492 sincerissima:
942 4436 996 4488 in
1020 4434 1229 4488 Christo
1267 4431 1489 4485 Domino
1526 4445 1643 4500 ger-
1675 4410 1726 4468 D
1754 4436 2040 4499 beneficiis,
2072 4433 2378 4486 informaret
2405 4429 2681 4496 exemplis,
2715 4428 3080 4481 reconciliaret
3110 4439 3282 4491 prece.

128 4534 338 4587 minitati
367 4539 586 4592 vestrm,
614 4526 754 4596 quod
793 4526 1000 4594 perlato
1041 4524 1197 4577 taedio
1236 4523 1300 4575 ad
1329 4536 1423 4574 vos
1448 4533 1648 4585 nostro,

130 4624 378 4678 confestim
405 4636 510 4676 nos
533 4618 725 4674 litteris
743 4616 931 4670 vestris
960 4615 1173 4667 visitare
1204 4613 1331 4664 tanti
1359 4611 1646 4672 habuistis;

131 4712 203 4776 qui
233 4713 354 4765 dum
394 4707 720 4765 inﬁrmitatis
762 4713 959 4757 nostra
1001 4702 1405 4757 sollicitudinem
1446 4701 1649 4765 geritis,

132 4776 384 4853 sanitatem
413 4797 578 4851 vestri
605 4792 833 4861 pectoris
860 4790 1182 4859 approbatis.
1227 4788 1360 4854 Quia
1388 4788 1525 4841 sicut
1553 4787 1651 4855 ipsi

135 4888 297 4942 melius
316 4888 515 4955 poetis,
536 4883 683 4937 Finis
707 4884 938 4953 pracepti
963 4892 1033 4934 est
1053 4884 1231 4933 caritas
1251 4882 1313 4931 de
1332 4880 1477 4932 corde
1502 4895 1649 4945 puro,

134 4984 172 5027 et
192 4976 490 5029 conscientia
520 4973 674 5037 bona,
712 4977 758 5025 et
784 4973 886 5040 ﬁde
912 4987 1009 5023 non
1034 4972 1152 5038 [icta
1178 4967 1230 5038 (Ι
1254 4967 1385 5020 Tim.
1422 4983 1460 5031 ι,
1484 4970 1560 5031 5).
1590 4967 1655 5020 Ει

136 5065 208 5131 qui
242 5063 417 5118 visitet
463 5052 825 5115 inﬁrmumin
871 5061 1153 5114 dilectione
1199 5058 1451 5111 firmatur.
1504 5056 1653 5110 Unde

138 5151 431 5220 peculiarium
464 5162 644 5217 spero,
676 5158 730 5202 ut
754 5165 906 5216 quem
936 5149 1204 5216 requiritis
1232 5147 1497 5209 affatibus,
1528 5161 1651 5199 ora-

140 5245 343 5299 tionibus
368 5241 660 5309 adjuvetis.
705 5240 1061 5293 Redeuntibus
1089 5242 1259 5307 itaque
1287 5239 1479 5306 gerulis
1512 5234 1651 5293 litte-

195 5396 219 5424 ⁸
237 5385 390 5443 Forte
413 5382 656 5438 Ecclesia!
680 5380 865 5432 viscera
889 5382 971 5433 vel
1020 5392 1234 5446 uterum,
1258 5410 1324 5423 -—
1350 5382 1454 5434 Nisi
1508 5382 1657 5435 malis

143 5454 294 5562 le‘ere
324 5454 586 5512 Userclue,
612 5462 798 5502 nomen
820 5451 1239 5517 geugraphicum.
1266 5451 1418 5504 EDlT.

241 5523 396 5562 Parua
419 5518 684 5562 nmnincil'
695 5518 773 5562 vel
800 5519 1007 5562 correxit
1017 5558 1027 5562 -

241 5523 396 5578 Forte
419 5518 774 5587 caaincit'vel
800 5519 1028 5570 correxit.

202 5602 222 5629 ε
257 5592 372 5647 Fuit
425 5585 912 5644 ille’Arvernorum
964 5588 1237 5657 episcopus
1286 5585 1644 5649 duodcciinus,

230 5780 261 5802 Χ

1754 4528 2035 4581 redimeret
2061 4515 2323 4590 passione,
2358 4520 2645 4572 viviﬁcaret
2675 4526 2863 4584 morte,
2897 4516 3287 4570 immortalitate

1754 4617 1991 4676 donaret,
2031 4611 2338 4679 justificaret
2383 4610 2788 4670 resurrectione,
2830 4604 3141 4660 ascensione
3169 4621 3287 4672 por-

1755 4712 1910 4758 taret.
1944 4704 2003 4753 Et
2028 4699 2389 4753 reconciliatos
2412 4713 2503 4764 per
2528 4697 2836 4763 sanguinem
2868 4712 3039 4761 suum,
3064 4698 3114 4749 in
3140 4710 3277 4755 eam,

1755 4809 1783 4845 a
1811 4808 1912 4861 qua
1946 4789 2324 4850 excideramus,
2358 4786 2521 4839 Patris
2548 4785 2764 4852 gratiam
2794 4785 3122 4839 reformaret.
3169 4781 3283 4851 Ipse

1751 4885 1880 4935 enim
1908 4889 1977 4932 est
2006 4877 2142 4945 apud
2170 4875 2372 4929 Patrem
2399 4877 2689 4944 propitiatio
2720 4885 2889 4928 nostra
2915 4875 3085 4941 (Joan.
3109 4888 3174 4934 ιι,
3206 4872 3284 4937 2),

1751 4975 1867 5027 sine
1912 4969 2203 5023 cessatione
2248 4980 2535 5035 suggerens
2566 4968 2743 5034 pietati
2772 4982 2922 5022 suae:
2972 4966 3142 5027 Patgr,
3189 4977 3286 5013 non

1750 5064 1909 5115 solum
1940 5070 2026 5125 pro
2057 5056 2133 5108 his
2160 5071 2302 5123 rogo,
2342 5058 2427 5109 sed
2460 5074 2550 5125 pro
2594 5056 2785 5125 bisqui
2821 5056 3055 5108 credituri
3086 5060 3197 5105 sunt
3234 5052 3285 5101 in

1752 5168 1827 5202 me
1853 5163 1938 5217 per
1965 5144 2162 5197 verbum
2203 5144 2405 5196 illorum
2438 5144 2609 5213 (Joan.
2654 5161 2790 5205 xvn,
2826 5143 2904 5209 9).
2949 5140 3119 5201 Pater,
3153 5138 3282 5202 volo,

1753 5242 1833 5293 ubi
1870 5253 1959 5307 ego
1998 5251 2133 5298 sum,
2178 5244 2223 5286 et
2269 5236 2364 5304 ipsi
2410 5237 2507 5288 sint
2554 5220 2741 5287 mecum
2768 5233 2924 5302 (Ibid.
2949 5230 3059 5297 24).
3112 5226 3283 5287 Pater,

1756 5379 2038 5448 Aprunculi
2076 5394 2364 5435 successor.
2414 5382 2774 5435 lliviouensem
2813 5380 2985 5431 sedem
3021 5375 3126 5448 jam
3164 5387 3285 5429 ante

1756 5446 2129 5527 occupaverat,
2178 5450 2352 5527 ibique
2378 5451 2713 5515 Quintianum
2745 5450 3025 5523 Gothorum
3071 5446 3286 5527 insidias

1756 5517 2041 5584 fugientem
2072 5514 2369 5571 humaniter
2400 5514 2615 5585 recepit.
2671 5520 2726 5569 ti
2758 5532 2813 5585 ιιι
2844 5514 3149 5585 episcopatu
3182 5514 3287 5562 Ar-

1756 5580 2035 5639 vernorum
2063 5587 2316 5639 successit
2339 5580 2654 5653 Apollinaris
2680 5582 2874 5639 Sidonii
2904 5580 3059 5633 filius.
3093 5582 3245 5631 BASN.
