  <div class='ocr_page' id='page_1' title='image "/cluster/home/n/w/nwhite01/storage/ocr_20150623/58/uva.x000827100/059.png"; bbox 0 0 3854 6228; ppageno 0'>
   <div class='ocr_carea' id='block_1_1' title="bbox 545 240 647 294">
    <p class='ocr_par' dir='ltr' id='par_1_1' title="bbox 545 240 647 294">
     <span class='ocr_line' id='line_1_1' title="bbox 545 240 647 294; baseline 0 -1"><span class='ocrx_word' id='word_1_1' title='bbox 545 240 647 294; x_wconf 72' lang='grc'><strong><em>105</em></strong></span> 
     </span>
    </p>
   </div>
   <div class='ocr_carea' id='block_1_2' title="bbox 502 435 2067 503">
    <p class='ocr_par' dir='ltr' id='par_1_2' title="bbox 502 435 2067 503">
     <span class='ocr_line' id='line_1_2' title="bbox 502 435 2067 503; baseline -0.001 -16"><span class='ocrx_word' id='word_1_2' title='bbox 502 443 506 447; x_wconf 82' lang='grc'><strong>·</strong></span> <span class='ocrx_word' id='word_1_3' title='bbox 542 435 658 501; x_wconf 87' lang='lat' dir='ltr'><strong><em>Ipse</em></strong></span> <span class='ocrx_word' id='word_1_4' title='bbox 699 436 850 488; x_wconf 88' lang='lat' dir='ltr'><strong><em>nobis</em></strong></span> <span class='ocrx_word' id='word_1_5' title='bbox 890 436 1118 503; x_wconf 91' lang='lat' dir='ltr'><strong><em>quotidie</em></strong></span> <span class='ocrx_word' id='word_1_6' title='bbox 1163 449 1253 502; x_wconf 89' lang='lat' dir='ltr'><strong><em>per</em></strong></span> <span class='ocrx_word' id='word_1_7' title='bbox 1294 437 1588 502; x_wconf 73' lang='lat' dir='ltr'><strong><em>apostolum</em></strong></span> <span class='ocrx_word' id='word_1_8' title='bbox 1639 451 1791 488; x_wconf 88' lang='lat' dir='ltr'><strong><em>suum</em></strong></span> <span class='ocrx_word' id='word_1_9' title='bbox 1841 438 2067 488; x_wconf 78' lang='lat' dir='ltr'><strong><em>clamat:</em></strong></span> 
     </span>
    </p>
   </div>
   <div class='ocr_carea' id='block_1_3' title="bbox 542 523 2100 592">
    <p class='ocr_par' dir='ltr' id='par_1_3' title="bbox 542 523 2100 592">
     <span class='ocr_line' id='line_1_3' title="bbox 542 523 2100 592; baseline -0.001 -16"><span class='ocrx_word' id='word_1_10' title='bbox 542 523 715 576; x_wconf 86' lang='lat' dir='ltr'><strong><em>Nolite</em></strong></span> <span class='ocrx_word' id='word_1_11' title='bbox 741 525 943 590; x_wconf 74' lang='lat' dir='ltr'><strong><em>diligere</em></strong></span> <span class='ocrx_word' id='word_1_12' title='bbox 968 526 1226 587; x_wconf 87' lang='lat' dir='ltr'><strong><em>mundum,</em></strong></span> <span class='ocrx_word' id='word_1_13' title='bbox 1253 542 1409 591; x_wconf 86' lang='lat' dir='ltr'><strong><em>neque</em></strong></span> <span class='ocrx_word' id='word_1_14' title='bbox 1429 542 1489 578; x_wconf 87' lang='lat' dir='ltr'><strong><em>ea</em></strong></span> <span class='ocrx_word' id='word_1_15' title='bbox 1511 542 1621 592; x_wconf 77' lang='lat' dir='ltr'><strong><em>qua:</em></strong></span> <span class='ocrx_word' id='word_1_16' title='bbox 1644 528 1695 578; x_wconf 90' lang='lat' dir='ltr'><strong><em>in</em></strong></span> <span class='ocrx_word' id='word_1_17' title='bbox 1717 527 1902 578; x_wconf 86' lang='lat' dir='ltr'><strong><em>mundo</em></strong></span> <span class='ocrx_word' id='word_1_18' title='bbox 1920 537 2036 577; x_wconf 84' lang='lat' dir='ltr'><strong><em>sunt</em></strong></span> <span class='ocrx_word' id='word_1_19' title='bbox 2056 543 2073 586; x_wconf 84' lang='lat'><strong><em>;</em></strong></span> <span class='ocrx_word' id='word_1_20' title='bbox 2096 557 2100 566; x_wconf 72' lang='grc' dir='ltr'><strong>ι</strong></span> 
     </span>
    </p>
   </div>
   <div class='ocr_carea' id='block_1_4' title="bbox 539 612 2068 681">
    <p class='ocr_par' dir='ltr' id='par_1_4' title="bbox 539 612 2068 681">
     <span class='ocr_line' id='line_1_4' title="bbox 539 612 2068 681; baseline 0.002 -19"><span class='ocrx_word' id='word_1_21' title='bbox 539 613 625 678; x_wconf 83' lang='lat' dir='ltr'><strong><em>qui</em></strong></span> <span class='ocrx_word' id='word_1_22' title='bbox 653 613 780 663; x_wconf 84' lang='lat' dir='ltr'><strong><em>enim</em></strong></span> <span class='ocrx_word' id='word_1_23' title='bbox 803 612 964 678; x_wconf 80' lang='lat' dir='ltr'><strong><em>diligit</em></strong></span> <span class='ocrx_word' id='word_1_24' title='bbox 989 615 1250 681; x_wconf 71' lang='lat' dir='ltr'><strong><em>mundum,</em></strong></span> <span class='ocrx_word' id='word_1_25' title='bbox 1279 630 1376 665; x_wconf 83' lang='lat' dir='ltr'><strong><em>non</em></strong></span> <span class='ocrx_word' id='word_1_26' title='bbox 1405 624 1475 665; x_wconf 86' lang='lat' dir='ltr'><strong><em>est</em></strong></span> <span class='ocrx_word' id='word_1_27' title='bbox 1502 616 1686 665; x_wconf 85' lang='lat' dir='ltr'><strong><em>caritas</em></strong></span> <span class='ocrx_word' id='word_1_28' title='bbox 1712 613 1882 665; x_wconf 86' lang='lat' dir='ltr'><strong><em>Patris</em></strong></span> <span class='ocrx_word' id='word_1_29' title='bbox 1910 616 1962 664; x_wconf 88' lang='lat' dir='ltr'><strong><em>in</em></strong></span> <span class='ocrx_word' id='word_1_30' title='bbox 1992 630 2068 665; x_wconf 80' lang='lat' dir='ltr'><strong><em>eo.</em></strong></span> 
     </span>
    </p>
   </div>
   <div class='ocr_carea' id='block_1_5' title="bbox 544 700 2067 771">
    <p class='ocr_par' dir='ltr' id='par_1_5' title="bbox 544 700 2067 771">
     <span class='ocr_line' id='line_1_5' title="bbox 544 700 2067 771; baseline 0.002 -20"><span class='ocrx_word' id='word_1_31' title='bbox 544 701 672 764; x_wconf 83' lang='lat' dir='ltr'><strong><em>Quia</em></strong></span> <span class='ocrx_word' id='word_1_32' title='bbox 699 716 836 751; x_wconf 86' lang='lat' dir='ltr'><strong><em>omne</em></strong></span> <span class='ocrx_word' id='word_1_33' title='bbox 863 700 996 762; x_wconf 86' lang='lat' dir='ltr'><strong><em>quod</em></strong></span> <span class='ocrx_word' id='word_1_34' title='bbox 1023 701 1076 751; x_wconf 87' lang='lat' dir='ltr'><strong><em>in</em></strong></span> <span class='ocrx_word' id='word_1_35' title='bbox 1112 701 1297 751; x_wconf 86' lang='lat' dir='ltr'><strong><em>mundo</em></strong></span> <span class='ocrx_word' id='word_1_36' title='bbox 1327 714 1419 763; x_wconf 85' lang='lat' dir='ltr'><strong><em>est,</em></strong></span> <span class='ocrx_word' id='word_1_37' title='bbox 1453 703 1853 771; x_wconf 72' lang='lat' dir='ltr'><strong><em>concupiscentia</em></strong></span> <span class='ocrx_word' id='word_1_38' title='bbox 1881 703 2067 766; x_wconf 86' lang='lat' dir='ltr'><strong><em>carnis,</em></strong></span> 
     </span>
    </p>
   </div>
   <div class='ocr_carea' id='block_1_6' title="bbox 539 789 2066 859">
    <p class='ocr_par' dir='ltr' id='par_1_6' title="bbox 539 789 2066 859">
     <span class='ocr_line' id='line_1_6' title="bbox 539 789 2066 859; baseline 0.002 -19"><span class='ocrx_word' id='word_1_39' title='bbox 539 789 932 856; x_wconf 78' lang='lat' dir='ltr'><strong><em>concupiscentia</em></strong></span> <span class='ocrx_word' id='word_1_40' title='bbox 961 789 1239 854; x_wconf 83' lang='lat' dir='ltr'><strong><em>oculorum,</em></strong></span> <span class='ocrx_word' id='word_1_41' title='bbox 1288 799 1334 842; x_wconf 85' lang='lat' dir='ltr'><strong><em>et</em></strong></span> <span class='ocrx_word' id='word_1_42' title='bbox 1378 793 1610 859; x_wconf 76' lang='lat' dir='ltr'><strong><em>superbia</em></strong></span> <span class='ocrx_word' id='word_1_43' title='bbox 1655 794 1768 843; x_wconf 74' lang='lat' dir='ltr'><strong><em>vita:</em></strong></span> <span class='ocrx_word' id='word_1_44' title='bbox 1812 792 2066 854; x_wconf 75' lang='lat' dir='ltr'><strong><em>humanae,</em></strong></span> 
     </span>
    </p>
   </div>
   <div class='ocr_carea' id='block_1_7' title="bbox 535 877 2070 945">
    <p class='ocr_par' dir='ltr' id='par_1_7' title="bbox 535 877 2070 945">
     <span class='ocr_line' id='line_1_7' title="bbox 535 877 2070 945; baseline 0.001 -15"><span class='ocrx_word' id='word_1_45' title='bbox 535 895 642 945; x_wconf 70' lang='lat' dir='ltr'><strong><em>quae</em></strong></span> <span class='ocrx_word' id='word_1_46' title='bbox 668 895 765 930; x_wconf 90' lang='lat' dir='ltr'><strong><em>non</em></strong></span> <span class='ocrx_word' id='word_1_47' title='bbox 802 891 872 930; x_wconf 79' lang='lat' dir='ltr'><strong><em>est</em></strong></span> <span class='ocrx_word' id='word_1_48' title='bbox 906 879 966 930; x_wconf 84' lang='lat' dir='ltr'><strong><em>de</em></strong></span> <span class='ocrx_word' id='word_1_49' title='bbox 999 878 1170 942; x_wconf 88' lang='lat' dir='ltr'><strong><em>Patre,</em></strong></span> <span class='ocrx_word' id='word_1_50' title='bbox 1213 879 1298 930; x_wconf 82' lang='lat' dir='ltr'><strong><em>sed</em></strong></span> <span class='ocrx_word' id='word_1_51' title='bbox 1323 877 1384 930; x_wconf 87' lang='lat' dir='ltr'><strong><em>de</em></strong></span> <span class='ocrx_word' id='word_1_52' title='bbox 1410 881 1596 931; x_wconf 88' lang='lat' dir='ltr'><strong><em>mundo</em></strong></span> <span class='ocrx_word' id='word_1_53' title='bbox 1625 889 1716 932; x_wconf 80' lang='lat' dir='ltr'><strong><em>est.</em></strong></span> <span class='ocrx_word' id='word_1_54' title='bbox 1766 880 1828 931; x_wconf 81' lang='lat' dir='ltr'><strong><em>Et</em></strong></span> <span class='ocrx_word' id='word_1_55' title='bbox 1856 882 2070 932; x_wconf 80' lang='lat' dir='ltr'><strong><em>mundus</em></strong></span> 
     </span>
    </p>
   </div>
   <div class='ocr_carea' id='block_1_8' title="bbox 537 967 2069 1036">
    <p class='ocr_par' dir='ltr' id='par_1_8' title="bbox 537 967 2069 1036">
     <span class='ocr_line' id='line_1_8' title="bbox 537 967 2069 1036; baseline -0.001 -17"><span class='ocrx_word' id='word_1_56' title='bbox 537 970 729 1032; x_wconf 79' lang='lat' dir='ltr'><strong><em>transit,</em></strong></span> <span class='ocrx_word' id='word_1_57' title='bbox 771 977 815 1018; x_wconf 89' lang='lat' dir='ltr'><strong><em>et</em></strong></span> <span class='ocrx_word' id='word_1_58' title='bbox 857 967 1253 1034; x_wconf 80' lang='lat' dir='ltr'><strong><em>concupiscentia</em></strong></span> <span class='ocrx_word' id='word_1_59' title='bbox 1280 969 1407 1036; x_wconf 80' lang='lat' dir='ltr'><strong><em>ejus.</em></strong></span> <span class='ocrx_word' id='word_1_60' title='bbox 1453 967 1551 1032; x_wconf 82' lang='lat' dir='ltr'><strong><em>Qui</em></strong></span> <span class='ocrx_word' id='word_1_61' title='bbox 1579 973 1743 1019; x_wconf 83' lang='lat' dir='ltr'><strong><em>autem</em></strong></span> <span class='ocrx_word' id='word_1_62' title='bbox 1781 968 1949 1035; x_wconf 76' lang='lat' dir='ltr'><strong><em>fecerit</em></strong></span> <span class='ocrx_word' id='word_1_63' title='bbox 1985 983 2069 1018; x_wconf 84' lang='lat' dir='ltr'><strong><em>vo-</em></strong></span> 
     </span>
    </p>
   </div>
   <div class='ocr_carea' id='block_1_9' title="bbox 535 1054 2067 1119">
    <p class='ocr_par' dir='ltr' id='par_1_9' title="bbox 535 1054 2067 1119">
     <span class='ocr_line' id='line_1_9' title="bbox 535 1054 2067 1119; baseline -0.001 -11"><span class='ocrx_word' id='word_1_64' title='bbox 535 1060 776 1110; x_wconf 81' lang='lat' dir='ltr'><strong><em>luntatem</em></strong></span> <span class='ocrx_word' id='word_1_65' title='bbox 807 1054 916 1119; x_wconf 86' lang='lat' dir='ltr'><strong><em>Dei,</em></strong></span> <span class='ocrx_word' id='word_1_66' title='bbox 948 1064 1110 1106; x_wconf 85' lang='lat' dir='ltr'><strong><em>manet</em></strong></span> <span class='ocrx_word' id='word_1_67' title='bbox 1135 1056 1186 1106; x_wconf 90' lang='lat' dir='ltr'><strong><em>in</em></strong></span> <span class='ocrx_word' id='word_1_68' title='bbox 1215 1067 1473 1119; x_wconf 65' lang='lat' dir='ltr'><strong><em>ceterarum,</em></strong></span> <span class='ocrx_word' id='word_1_69' title='bbox 1504 1056 1628 1107; x_wconf 79' lang='lat' dir='ltr'><strong><em>sicut</em></strong></span> <span class='ocrx_word' id='word_1_70' title='bbox 1663 1065 1707 1107; x_wconf 88' lang='lat' dir='ltr'><strong><em>et</em></strong></span> <span class='ocrx_word' id='word_1_71' title='bbox 1743 1054 1878 1107; x_wconf 75' lang='lat' dir='ltr'><strong><em>Deus</em></strong></span> <span class='ocrx_word' id='word_1_72' title='bbox 1904 1064 2067 1107; x_wconf 87' lang='lat' dir='ltr'><strong><em>manet</em></strong></span> 
     </span>
    </p>
   </div>
   <div class='ocr_carea' id='block_1_10' title="bbox 535 1141 2067 1213">
    <p class='ocr_par' dir='ltr' id='par_1_10' title="bbox 535 1141 2067 1213">
     <span class='ocr_line' id='line_1_10' title="bbox 535 1141 2067 1213; baseline -0.001 -16"><span class='ocrx_word' id='word_1_73' title='bbox 535 1148 586 1198; x_wconf 90' lang='lat' dir='ltr'><strong><em>in</em></strong></span> <span class='ocrx_word' id='word_1_74' title='bbox 615 1155 850 1198; x_wconf 81' lang='lat' dir='ltr'><strong><em>teternum</em></strong></span> <span class='ocrx_word' id='word_1_75' title='bbox 877 1145 927 1213; x_wconf 78' lang='grc' dir='ltr'><strong><em>(Ι</em></strong></span> <span class='ocrx_word' id='word_1_76' title='bbox 963 1142 1116 1196; x_wconf 82' lang='lat' dir='ltr'><strong><em>Joan.</em></strong></span> <span class='ocrx_word' id='word_1_77' title='bbox 1150 1159 1218 1207; x_wconf 89' lang='lat' dir='ltr'><strong><em>n,</em></strong></span> <span class='ocrx_word' id='word_1_78' title='bbox 1260 1144 1322 1196; x_wconf 79' lang='grc'><strong><em>16</em></strong></span> <span class='ocrx_word' id='word_1_79' title='bbox 1357 1141 1506 1212; x_wconf 83' lang='lat' dir='ltr'><strong><em>seq.).</em></strong></span> <span class='ocrx_word' id='word_1_80' title='bbox 1554 1144 1666 1210; x_wconf 79' lang='lat' dir='ltr'><strong><em>Ipse</em></strong></span> <span class='ocrx_word' id='word_1_81' title='bbox 1706 1145 1758 1197; x_wconf 92' lang='lat' dir='ltr'><strong><em>in</em></strong></span> <span class='ocrx_word' id='word_1_82' title='bbox 1788 1145 2067 1212; x_wconf 71' lang='lat' dir='ltr'><strong><em>Evangelia</em></strong></span> 
     </span>
    </p>
   </div>
   <div class='ocr_carea' id='block_1_11' title="bbox 537 1228 2068 1300">
    <p class='ocr_par' dir='ltr' id='par_1_11' title="bbox 537 1228 2068 1300">
     <span class='ocr_line' id='line_1_11' title="bbox 537 1228 2068 1300; baseline -0.002 -12"><span class='ocrx_word' id='word_1_83' title='bbox 537 1234 798 1288; x_wconf 89' lang='lat' dir='ltr'><strong><em>blanditiis</em></strong></span> <span class='ocrx_word' id='word_1_84' title='bbox 825 1235 1036 1296; x_wconf 88' lang='lat' dir='ltr'><strong><em>invitat,</em></strong></span> <span class='ocrx_word' id='word_1_85' title='bbox 1067 1228 1369 1286; x_wconf 83' lang='lat' dir='ltr'><strong><em>muneribus</em></strong></span> <span class='ocrx_word' id='word_1_86' title='bbox 1398 1241 1674 1300; x_wconf 90' lang='lat' dir='ltr'><strong><em>provocat,</em></strong></span> <span class='ocrx_word' id='word_1_87' title='bbox 1703 1233 2068 1286; x_wconf 73' lang='lat' dir='ltr'><strong><em>adhortatione</em></strong></span> 
     </span>
    </p>
   </div>
   <div class='ocr_carea' id='block_1_12' title="bbox 535 1321 2066 1390">
    <p class='ocr_par' dir='ltr' id='par_1_12' title="bbox 535 1321 2066 1390">
     <span class='ocr_line' id='line_1_12' title="bbox 535 1321 2066 1390; baseline 0 -16"><span class='ocrx_word' id='word_1_88' title='bbox 535 1323 798 1382; x_wconf 71' lang='lat' dir='ltr'><strong><em>sollicitat,</em></strong></span> <span class='ocrx_word' id='word_1_89' title='bbox 826 1321 1008 1375; x_wconf 87' lang='lat' dir='ltr'><strong><em>dicens</em></strong></span> <span class='ocrx_word' id='word_1_90' title='bbox 1033 1339 1045 1372; x_wconf 90' lang='lat'>:</span> <span class='ocrx_word' id='word_1_91' title='bbox 1084 1321 1259 1373; x_wconf 85' lang='lat' dir='ltr'><strong><em>Venite</em></strong></span> <span class='ocrx_word' id='word_1_92' title='bbox 1286 1322 1351 1372; x_wconf 83' lang='lat' dir='ltr'><strong><em>ad</em></strong></span> <span class='ocrx_word' id='word_1_93' title='bbox 1382 1338 1486 1384; x_wconf 87' lang='lat' dir='ltr'><strong><em>me,</em></strong></span> <span class='ocrx_word' id='word_1_94' title='bbox 1524 1337 1692 1375; x_wconf 81' lang='lat' dir='ltr'><strong><em>omnes</em></strong></span> <span class='ocrx_word' id='word_1_95' title='bbox 1719 1323 1803 1390; x_wconf 84' lang='lat' dir='ltr'><strong><em>qui</em></strong></span> <span class='ocrx_word' id='word_1_96' title='bbox 1832 1323 2021 1374; x_wconf 83' lang='lat' dir='ltr'><strong><em>laborat</em></strong></span> <span class='ocrx_word' id='word_1_97' title='bbox 2043 1339 2066 1374; x_wconf 71' lang='grc' dir='ltr'><strong><em>δ</em></strong></span> 
     </span>
    </p>
   </div>
   <div class='ocr_carea' id='block_1_13' title="bbox 537 1411 2067 1480">
    <p class='ocr_par' dir='ltr' id='par_1_13' title="bbox 537 1411 2067 1480">
     <span class='ocr_line' id='line_1_13' title="bbox 537 1411 2067 1480; baseline -0.001 -15"><span class='ocrx_word' id='word_1_98' title='bbox 537 1425 580 1466; x_wconf 85' lang='lat' dir='ltr'><strong><em>et</em></strong></span> <span class='ocrx_word' id='word_1_99' title='bbox 608 1415 799 1467; x_wconf 85' lang='lat' dir='ltr'><strong><em>onerati</em></strong></span> <span class='ocrx_word' id='word_1_100' title='bbox 827 1415 939 1465; x_wconf 79' lang='lat' dir='ltr'><strong><em>estis</em></strong></span> <span class='ocrx_word' id='word_1_101' title='bbox 962 1413 1165 1480; x_wconf 76' lang='lat' dir='ltr'><strong><em>(Matth.</em></strong></span> <span class='ocrx_word' id='word_1_102' title='bbox 1195 1428 1265 1476; x_wconf 80' lang='lat' dir='ltr'><strong><em>xl,</em></strong></span> <span class='ocrx_word' id='word_1_103' title='bbox 1287 1412 1403 1480; x_wconf 68' lang='lat'><strong><em>28),</em></strong></span> <span class='ocrx_word' id='word_1_104' title='bbox 1450 1424 1502 1466; x_wconf 87' lang='lat' dir='ltr'><strong><em>et</em></strong></span> <span class='ocrx_word' id='word_1_105' title='bbox 1545 1412 1763 1480; x_wconf 63' lang='lat' dir='ltr'><strong><em>reliqua.</em></strong></span> <span class='ocrx_word' id='word_1_106' title='bbox 1815 1411 1881 1465; x_wconf 88' lang='lat' dir='ltr'><strong><em>Ut</em></strong></span> <span class='ocrx_word' id='word_1_107' title='bbox 1919 1413 2067 1477; x_wconf 85' lang='lat' dir='ltr'><strong><em>quasi</em></strong></span> 
     </span>
    </p>
   </div>
   <div class='ocr_carea' id='block_1_14' title="bbox 529 1500 2064 1571">
    <p class='ocr_par' dir='ltr' id='par_1_14' title="bbox 529 1500 2064 1571">
     <span class='ocr_line' id='line_1_14' title="bbox 529 1500 2064 1571; baseline 0.001 -19"><span class='ocrx_word' id='word_1_108' title='bbox 529 1504 709 1571; x_wconf 63' lang='lat' dir='ltr'><strong><em>iugum</em></strong></span> <span class='ocrx_word' id='word_1_109' title='bbox 738 1502 1050 1554; x_wconf 74' lang='lat' dir='ltr'><strong><em>salutaribus</em></strong></span> <span class='ocrx_word' id='word_1_110' title='bbox 1070 1501 1352 1552; x_wconf 88' lang='lat' dir='ltr'><strong><em>subdentes</em></strong></span> <span class='ocrx_word' id='word_1_111' title='bbox 1373 1500 1502 1552; x_wconf 89' lang='lat' dir='ltr'><strong><em>colla</em></strong></span> <span class='ocrx_word' id='word_1_112' title='bbox 1526 1501 1824 1568; x_wconf 62' lang='lat' dir='ltr'><strong><em>prarceptis,</em></strong></span> <span class='ocrx_word' id='word_1_113' title='bbox 1851 1501 2064 1553; x_wconf 83' lang='lat' dir='ltr'><strong><em>salutari</em></strong></span> 
     </span>
    </p>
   </div>
   <div class='ocr_carea' id='block_1_15' title="bbox 536 1589 2062 1656">
    <p class='ocr_par' dir='ltr' id='par_1_15' title="bbox 536 1589 2062 1656">
     <span class='ocr_line' id='line_1_15' title="bbox 536 1589 2062 1656; baseline -0.003 -12"><span class='ocrx_word' id='word_1_114' title='bbox 536 1607 630 1645; x_wconf 88' lang='lat' dir='ltr'><strong><em>suo</em></strong></span> <span class='ocrx_word' id='word_1_115' title='bbox 674 1592 926 1644; x_wconf 73' lang='lat' dir='ltr'><strong><em>libertatis</em></strong></span> <span class='ocrx_word' id='word_1_116' title='bbox 966 1598 1018 1642; x_wconf 91' lang='lat' dir='ltr'><strong><em>et</em></strong></span> <span class='ocrx_word' id='word_1_117' title='bbox 1063 1590 1432 1653; x_wconf 66' lang='lat' dir='ltr'><strong><em>misericordia:</em></strong></span> <span class='ocrx_word' id='word_1_118' title='bbox 1462 1592 1637 1641; x_wconf 89' lang='lat' dir='ltr'><strong><em>currui</em></strong></span> <span class='ocrx_word' id='word_1_119' title='bbox 1667 1589 2062 1656; x_wconf 88' lang='lat' dir='ltr'><strong><em>subjungamur,</em></strong></span> 
     </span>
    </p>
   </div>
   <div class='ocr_carea' id='block_1_16' title="bbox 535 1678 2140 1746">
    <p class='ocr_par' dir='ltr' id='par_1_16' title="bbox 535 1678 2140 1746">
     <span class='ocr_line' id='line_1_16' title="bbox 535 1678 2140 1746; baseline -0.003 -13"><span class='ocrx_word' id='word_1_120' title='bbox 535 1689 588 1733; x_wconf 91' lang='lat' dir='ltr'><strong><em>ct</em></strong></span> <span class='ocrx_word' id='word_1_121' title='bbox 633 1680 751 1732; x_wconf 88' lang='lat' dir='ltr'><strong><em>ideo</em></strong></span> <span class='ocrx_word' id='word_1_122' title='bbox 797 1679 1106 1730; x_wconf 77' lang='lat' dir='ltr'><strong><em>auderemus</em></strong></span> <span class='ocrx_word' id='word_1_123' title='bbox 1153 1688 1482 1731; x_wconf 81' lang='lat' dir='ltr'><strong><em>revocantem</em></strong></span> <span class='ocrx_word' id='word_1_124' title='bbox 1530 1678 1710 1742; x_wconf 85' lang='lat' dir='ltr'><strong>sequi,</strong></span> <span class='ocrx_word' id='word_1_125' title='bbox 1751 1679 1930 1730; x_wconf 56' lang='lat' dir='ltr'><strong><em>audire</em></strong></span> <span class='ocrx_word' id='word_1_126' title='bbox 1958 1678 2062 1730; x_wconf 85' lang='lat' dir='ltr'><strong><em>cla-</em></strong></span> <span class='ocrx_word' id='word_1_127' title='bbox 2098 1692 2140 1746; x_wconf 76' lang='grc' dir='ltr'><strong>Β</strong></span> 
     </span>
    </p>
   </div>
   <div class='ocr_carea' id='block_1_17' title="bbox 537 1766 2066 1832">
    <p class='ocr_par' dir='ltr' id='par_1_17' title="bbox 537 1766 2066 1832">
     <span class='ocr_line' id='line_1_17' title="bbox 537 1766 2066 1832; baseline -0.004 -10"><span class='ocrx_word' id='word_1_128' title='bbox 537 1776 794 1830; x_wconf 88' lang='lat' dir='ltr'><strong><em>mantem,</em></strong></span> <span class='ocrx_word' id='word_1_129' title='bbox 835 1766 1185 1826; x_wconf 85' lang='lat' dir='ltr'><strong><em>blandientem</em></strong></span> <span class='ocrx_word' id='word_1_130' title='bbox 1214 1767 1369 1817; x_wconf 91' lang='lat' dir='ltr'><strong><em>modo</em></strong></span> <span class='ocrx_word' id='word_1_131' title='bbox 1397 1781 1498 1817; x_wconf 89' lang='lat' dir='ltr'><strong><em>non</em></strong></span> <span class='ocrx_word' id='word_1_132' title='bbox 1528 1777 1806 1832; x_wconf 85' lang='lat' dir='ltr'><strong><em>spernere;</em></strong></span> <span class='ocrx_word' id='word_1_133' title='bbox 1852 1780 1917 1817; x_wconf 91' lang='lat' dir='ltr'><strong><em>ne</em></strong></span> <span class='ocrx_word' id='word_1_134' title='bbox 1946 1780 2066 1817; x_wconf 88' lang='lat' dir='ltr'><strong><em>sen-</em></strong></span> 
     </span>
    </p>
   </div>
   <div class='ocr_carea' id='block_1_18' title="bbox 537 1854 2066 1923">
    <p class='ocr_par' dir='ltr' id='par_1_18' title="bbox 537 1854 2066 1923">
     <span class='ocr_line' id='line_1_18' title="bbox 537 1854 2066 1923; baseline -0.006 -11"><span class='ocrx_word' id='word_1_135' title='bbox 537 1861 723 1912; x_wconf 87' lang='lat' dir='ltr'><strong><em>tiamus</em></strong></span> <span class='ocrx_word' id='word_1_136' title='bbox 755 1856 1080 1923; x_wconf 73' lang='lat' dir='ltr'><strong><em>postmodum</em></strong></span> <span class='ocrx_word' id='word_1_137' title='bbox 1108 1855 1424 1922; x_wconf 70' lang='lat' dir='ltr'><strong><em>iudicantem</em></strong></span> <span class='ocrx_word' id='word_1_138' title='bbox 1454 1871 1465 1904; x_wconf 89' lang='lat'><strong>:</strong></span> <span class='ocrx_word' id='word_1_139' title='bbox 1507 1870 1612 1922; x_wconf 93' lang='lat' dir='ltr'><strong><em>quo</em></strong></span> <span class='ocrx_word' id='word_1_140' title='bbox 1644 1854 1883 1921; x_wconf 85' lang='lat' dir='ltr'><strong><em>judicio?</em></strong></span> <span class='ocrx_word' id='word_1_141' title='bbox 1922 1855 2066 1908; x_wconf 82' lang='lat' dir='ltr'><strong><em>Sicut</em></strong></span> 
     </span>
    </p>
   </div>
   <div class='ocr_carea' id='block_1_19' title="bbox 542 1945 2060 2015">
    <p class='ocr_par' dir='ltr' id='par_1_19' title="bbox 542 1945 2060 2015">
     <span class='ocr_line' id='line_1_19' title="bbox 542 1945 2060 2015; baseline -0.003 -12"><span class='ocrx_word' id='word_1_142' title='bbox 542 1953 646 2015; x_wconf 85' lang='lat' dir='ltr'><strong><em>ipse</em></strong></span> <span class='ocrx_word' id='word_1_143' title='bbox 671 1949 719 1999; x_wconf 93' lang='lat' dir='ltr'><strong><em>in</em></strong></span> <span class='ocrx_word' id='word_1_144' title='bbox 746 1947 1028 2014; x_wconf 80' lang='lat' dir='ltr'><strong><em>Evangelio</em></strong></span> <span class='ocrx_word' id='word_1_145' title='bbox 1053 1960 1375 2010; x_wconf 67' lang='lat' dir='ltr'><strong><em>praemonere</em></strong></span> <span class='ocrx_word' id='word_1_146' title='bbox 1394 1953 1448 1998; x_wconf 90' lang='lat' dir='ltr'><strong><em>et</em></strong></span> <span class='ocrx_word' id='word_1_147' title='bbox 1466 1945 1657 1998; x_wconf 90' lang='lat' dir='ltr'><strong><em>docere</em></strong></span> <span class='ocrx_word' id='word_1_148' title='bbox 1677 1945 1920 2012; x_wconf 89' lang='lat' dir='ltr'><strong><em>dignatus</em></strong></span> <span class='ocrx_word' id='word_1_149' title='bbox 1945 1957 2024 1998; x_wconf 91' lang='lat' dir='ltr'><strong><em>est</em></strong></span> <span class='ocrx_word' id='word_1_150' title='bbox 2049 1965 2060 1998; x_wconf 92' lang='lat'><strong>:</strong></span> 
     </span>
    </p>
   </div>
   <div class='ocr_carea' id='block_1_20' title="bbox 536 2034 2063 2104">
    <p class='ocr_par' dir='ltr' id='par_1_20' title="bbox 536 2034 2063 2104">
     <span class='ocr_line' id='line_1_20' title="bbox 536 2034 2063 2104; baseline 0.001 -16"><span class='ocrx_word' id='word_1_151' title='bbox 536 2040 660 2095; x_wconf 84' lang='lat' dir='ltr'><strong><em>Cant</em></strong></span> <span class='ocrx_word' id='word_1_152' title='bbox 681 2037 732 2087; x_wconf 88' lang='lat' dir='ltr'><strong><em>in</em></strong></span> <span class='ocrx_word' id='word_1_153' title='bbox 752 2035 1022 2104; x_wconf 86' lang='lat' dir='ltr'><strong><em>majestatis</em></strong></span> <span class='ocrx_word' id='word_1_154' title='bbox 1043 2049 1146 2086; x_wconf 71' lang='lat' dir='ltr'><strong><em>tute</em></strong></span> <span class='ocrx_word' id='word_1_155' title='bbox 1169 2035 1282 2085; x_wconf 81' lang='lat' dir='ltr'><strong><em>sede</em></strong></span> <span class='ocrx_word' id='word_1_156' title='bbox 1304 2035 1579 2087; x_wconf 76' lang='lat' dir='ltr'><strong><em>consideret</em></strong></span> <span class='ocrx_word' id='word_1_157' title='bbox 1600 2034 1807 2100; x_wconf 77' lang='lat' dir='ltr'><strong><em>(Matth.</em></strong></span> <span class='ocrx_word' id='word_1_158' title='bbox 1826 2051 1930 2098; x_wconf 72' lang='lat' dir='ltr'><strong><em>xix,</em></strong></span> <span class='ocrx_word' id='word_1_159' title='bbox 1949 2037 2063 2103; x_wconf 64' lang='lat'><strong><em>98&#39;),</em></strong></span> 
     </span>
    </p>
   </div>
   <div class='ocr_carea' id='block_1_21' title="bbox 537 2123 2066 2192">
    <p class='ocr_par' dir='ltr' id='par_1_21' title="bbox 537 2123 2066 2192">
     <span class='ocr_line' id='line_1_21' title="bbox 537 2123 2066 2192; baseline -0.001 -15"><span class='ocrx_word' id='word_1_160' title='bbox 537 2126 742 2192; x_wconf 83' lang='lat' dir='ltr'><strong><em>quando</em></strong></span> <span class='ocrx_word' id='word_1_161' title='bbox 772 2139 872 2176; x_wconf 90' lang='lat' dir='ltr'><strong><em>non</em></strong></span> <span class='ocrx_word' id='word_1_162' title='bbox 903 2125 1069 2176; x_wconf 90' lang='lat' dir='ltr'><strong><em>solum</em></strong></span> <span class='ocrx_word' id='word_1_163' title='bbox 1101 2123 1284 2176; x_wconf 89' lang='lat' dir='ltr'><strong><em>merita</em></strong></span> <span class='ocrx_word' id='word_1_164' title='bbox 1313 2123 1692 2192; x_wconf 74' lang='lat' dir='ltr'><strong><em>pondeiaturus</em></strong></span> <span class='ocrx_word' id='word_1_165' title='bbox 1720 2135 1771 2177; x_wconf 91' lang='lat' dir='ltr'><strong><em>et</em></strong></span> <span class='ocrx_word' id='word_1_166' title='bbox 1801 2129 1955 2187; x_wconf 89' lang='lat' dir='ltr'><strong><em>facta,</em></strong></span> <span class='ocrx_word' id='word_1_167' title='bbox 1981 2129 2066 2176; x_wconf 80' lang='lat' dir='ltr'><strong><em>ve-</em></strong></span> 
     </span>
    </p>
   </div>
   <div class='ocr_carea' id='block_1_22' title="bbox 542 2213 2068 2280">
    <p class='ocr_par' dir='ltr' id='par_1_22' title="bbox 542 2213 2068 2280">
     <span class='ocr_line' id='line_1_22' title="bbox 542 2213 2068 2280; baseline 0 -12"><span class='ocrx_word' id='word_1_168' title='bbox 542 2230 656 2269; x_wconf 90' lang='lat' dir='ltr'><strong><em>rum</em></strong></span> <span class='ocrx_word' id='word_1_169' title='bbox 685 2215 840 2267; x_wconf 87' lang='lat' dir='ltr'><strong><em>etiam</em></strong></span> <span class='ocrx_word' id='word_1_170' title='bbox 871 2214 1025 2267; x_wconf 87' lang='lat' dir='ltr'><strong><em>verba</em></strong></span> <span class='ocrx_word' id='word_1_171' title='bbox 1057 2226 1134 2265; x_wconf 87' lang='lat' dir='ltr'><strong><em>est</em></strong></span> <span class='ocrx_word' id='word_1_172' title='bbox 1165 2213 1493 2267; x_wconf 84' lang='lat' dir='ltr'><strong><em>discussurus</em></strong></span> <span class='ocrx_word' id='word_1_173' title='bbox 1521 2223 1574 2268; x_wconf 90' lang='lat' dir='ltr'><strong><em>et</em></strong></span> <span class='ocrx_word' id='word_1_174' title='bbox 1601 2225 1740 2266; x_wconf 87' lang='lat' dir='ltr'><strong><em>vota.</em></strong></span> <span class='ocrx_word' id='word_1_175' title='bbox 1789 2215 1950 2280; x_wconf 87' lang='lat' dir='ltr'><strong><em>Quem</em></strong></span> <span class='ocrx_word' id='word_1_176' title='bbox 1984 2216 2068 2268; x_wconf 86' lang='lat' dir='ltr'><strong><em>hic</em></strong></span> 
     </span>
    </p>
   </div>
   <div class='ocr_carea' id='block_1_23' title="bbox 538 2303 2067 2372">
    <p class='ocr_par' dir='ltr' id='par_1_23' title="bbox 538 2303 2067 2372">
     <span class='ocr_line' id='line_1_23' title="bbox 538 2303 2067 2372; baseline -0.001 -16"><span class='ocrx_word' id='word_1_177' title='bbox 538 2318 675 2357; x_wconf 90' lang='lat' dir='ltr'><strong><em>nunc</em></strong></span> <span class='ocrx_word' id='word_1_178' title='bbox 699 2303 887 2356; x_wconf 86' lang='lat' dir='ltr'><strong><em>viderit</em></strong></span> <span class='ocrx_word' id='word_1_179' title='bbox 912 2303 1156 2356; x_wconf 58' lang='lat' dir='ltr'><strong><em>salut&#39;nria</em></strong></span> <span class='ocrx_word' id='word_1_180' title='bbox 1186 2318 1276 2356; x_wconf 89' lang='lat' dir='ltr'><strong><em>sua</em></strong></span> <span class='ocrx_word' id='word_1_181' title='bbox 1306 2315 1563 2372; x_wconf 63' lang='lat' dir='ltr'><strong><em>pracepta</em></strong></span> <span class='ocrx_word' id='word_1_182' title='bbox 1589 2305 1872 2372; x_wconf 75' lang='lat' dir='ltr'><strong><em>negligere,</em></strong></span> <span class='ocrx_word' id='word_1_183' title='bbox 1902 2313 1955 2357; x_wconf 93' lang='lat' dir='ltr'><strong><em>et</em></strong></span> <span class='ocrx_word' id='word_1_184' title='bbox 1978 2305 2067 2356; x_wconf 88' lang='lat' dir='ltr'><strong><em>ad-</em></strong></span> 
     </span>
    </p>
   </div>
   <div class='ocr_carea' id='block_1_24' title="bbox 537 2393 2069 2460">
    <p class='ocr_par' dir='ltr' id='par_1_24' title="bbox 537 2393 2069 2460">
     <span class='ocr_line' id='line_1_24' title="bbox 537 2393 2069 2460; baseline 0.001 -15"><span class='ocrx_word' id='word_1_185' title='bbox 537 2393 849 2446; x_wconf 84' lang='lat' dir='ltr'><strong><em>monitiones</em></strong></span> <span class='ocrx_word' id='word_1_186' title='bbox 903 2405 1024 2444; x_wconf 88' lang='lat' dir='ltr'><strong><em>suas</em></strong></span> <span class='ocrx_word' id='word_1_187' title='bbox 1068 2393 1440 2446; x_wconf 86' lang='lat' dir='ltr'><strong><em>saluberrimas</em></strong></span> <span class='ocrx_word' id='word_1_188' title='bbox 1477 2393 1698 2460; x_wconf 88' lang='lat' dir='ltr'><strong><em>superba</em></strong></span> <span class='ocrx_word' id='word_1_189' title='bbox 1742 2402 1916 2446; x_wconf 82' lang='lat' dir='ltr'><strong><em>mente</em></strong></span> <span class='ocrx_word' id='word_1_190' title='bbox 1944 2408 2069 2447; x_wconf 92' lang='lat' dir='ltr'><strong><em>con-</em></strong></span> 
     </span>
    </p>
   </div>
   <div class='ocr_carea' id='block_1_25' title="bbox 537 2481 2068 2553">
    <p class='ocr_par' dir='ltr' id='par_1_25' title="bbox 537 2481 2068 2553">
     <span class='ocr_line' id='line_1_25' title="bbox 537 2481 2068 2553; baseline 0.003 -18"><span class='ocrx_word' id='word_1_191' title='bbox 537 2493 797 2543; x_wconf 89' lang='lat' dir='ltr'><strong><em>temnere,</em></strong></span> <span class='ocrx_word' id='word_1_192' title='bbox 839 2497 940 2532; x_wconf 91' lang='lat' dir='ltr'><strong><em>non</em></strong></span> <span class='ocrx_word' id='word_1_193' title='bbox 979 2481 1149 2532; x_wconf 92' lang='lat' dir='ltr'><strong><em>solum</em></strong></span> <span class='ocrx_word' id='word_1_194' title='bbox 1166 2497 1298 2535; x_wconf 83' lang='lat' dir='ltr'><strong><em>.cum</em></strong></span> <span class='ocrx_word' id='word_1_195' title='bbox 1329 2483 1501 2534; x_wconf 86' lang='lat' dir='ltr'><strong><em>stultis</em></strong></span> <span class='ocrx_word' id='word_1_196' title='bbox 1539 2497 1567 2533; x_wconf 93' lang='lat' dir='ltr'><strong><em>a</em></strong></span> <span class='ocrx_word' id='word_1_197' title='bbox 1602 2483 1761 2548; x_wconf 86' lang='lat' dir='ltr'><strong><em>janua</em></strong></span> <span class='ocrx_word' id='word_1_198' title='bbox 1791 2485 1933 2553; x_wconf 85' lang='lat' dir='ltr'><strong><em>regni</em></strong></span> <span class='ocrx_word' id='word_1_199' title='bbox 1961 2499 2068 2538; x_wconf 72' lang='lat' dir='ltr'><strong><em>cm-</em></strong></span> 
     </span>
    </p>
   </div>
   <div class='ocr_carea' id='block_1_26' title="bbox 535 2569 2065 2641">
    <p class='ocr_par' dir='ltr' id='par_1_26' title="bbox 535 2569 2065 2641">
     <span class='ocr_line' id='line_1_26' title="bbox 535 2569 2065 2641; baseline 0.002 -17"><span class='ocrx_word' id='word_1_200' title='bbox 535 2572 680 2624; x_wconf 85' lang='lat' dir='ltr'><strong><em>lestis</em></strong></span> <span class='ocrx_word' id='word_1_201' title='bbox 709 2570 945 2623; x_wconf 83' lang='lat' dir='ltr'><strong><em>excludet</em></strong></span> <span class='ocrx_word' id='word_1_202' title='bbox 969 2569 1177 2637; x_wconf 78' lang='lat' dir='ltr'><strong><em>(Matth.</em></strong></span> <span class='ocrx_word' id='word_1_203' title='bbox 1204 2582 1328 2635; x_wconf 82' lang='lat' dir='ltr'><strong><em>xxv,</em></strong></span> <span class='ocrx_word' id='word_1_204' title='bbox 1355 2569 1435 2638; x_wconf 80' lang='grc'><strong><em>5),</em></strong></span> <span class='ocrx_word' id='word_1_205' title='bbox 1466 2586 1646 2624; x_wconf 87' lang='lat' dir='ltr'><strong><em>verum</em></strong></span> <span class='ocrx_word' id='word_1_206' title='bbox 1675 2576 1832 2626; x_wconf 89' lang='lat' dir='ltr'><strong><em>etiam</em></strong></span> <span class='ocrx_word' id='word_1_207' title='bbox 1864 2583 2065 2641; x_wconf 87' lang='lat' dir='ltr'><strong><em>partem</em></strong></span> 
     </span>
    </p>
   </div>
   <div class='ocr_carea' id='block_1_27' title="bbox 534 2659 2068 2730">
    <p class='ocr_par' dir='ltr' id='par_1_27' title="bbox 534 2659 2068 2730">
     <span class='ocr_line' id='line_1_27' title="bbox 534 2659 2068 2730; baseline 0.003 -18"><span class='ocrx_word' id='word_1_208' title='bbox 534 2660 694 2727; x_wconf 87' lang='lat' dir='ltr'><strong><em>ipsius</em></strong></span> <span class='ocrx_word' id='word_1_209' title='bbox 715 2674 832 2712; x_wconf 91' lang='lat' dir='ltr'><strong><em>cum</em></strong></span> <span class='ocrx_word' id='word_1_210' title='bbox 856 2659 1148 2712; x_wconf 85' lang='lat' dir='ltr'><strong><em>inﬁdelibus</em></strong></span> <span class='ocrx_word' id='word_1_211' title='bbox 1167 2660 1464 2727; x_wconf 87' lang='lat' dir='ltr'><strong><em>deputabit;</em></strong></span> <span class='ocrx_word' id='word_1_212' title='bbox 1489 2670 1545 2714; x_wconf 92' lang='lat' dir='ltr'><strong><em>ut</em></strong></span> <span class='ocrx_word' id='word_1_213' title='bbox 1563 2676 1679 2714; x_wconf 88' lang='lat' dir='ltr'><strong><em>cum</em></strong></span> <span class='ocrx_word' id='word_1_214' title='bbox 1702 2664 1889 2730; x_wconf 90' lang='lat' dir='ltr'><strong><em>quibus</em></strong></span> <span class='ocrx_word' id='word_1_215' title='bbox 1912 2665 2068 2717; x_wconf 77' lang='lat' dir='ltr'><strong><em>habet</em></strong></span> 
     </span>
    </p>
   </div>
   <div class='ocr_carea' id='block_1_28' title="bbox 534 2748 2069 2812">
    <p class='ocr_par' dir='ltr' id='par_1_28' title="bbox 534 2748 2069 2812">
     <span class='ocr_line' id='line_1_28' title="bbox 534 2748 2069 2812; baseline 0.001 -11"><span class='ocrx_word' id='word_1_216' title='bbox 534 2749 586 2801; x_wconf 91' lang='lat' dir='ltr'><strong><em>in</em></strong></span> <span class='ocrx_word' id='word_1_217' title='bbox 613 2750 803 2802; x_wconf 59' lang='lat' dir='ltr'><strong><em>saeculo</em></strong></span> <span class='ocrx_word' id='word_1_218' title='bbox 831 2748 1154 2812; x_wconf 83' lang='lat' dir='ltr'><strong><em>societatem,</em></strong></span> <span class='ocrx_word' id='word_1_219' title='bbox 1173 2763 1292 2802; x_wconf 90' lang='lat' dir='ltr'><strong><em>cum</em></strong></span> <span class='ocrx_word' id='word_1_220' title='bbox 1321 2749 1500 2802; x_wconf 83' lang='lat' dir='ltr'><strong><em>iisdem</em></strong></span> <span class='ocrx_word' id='word_1_221' title='bbox 1528 2750 1577 2801; x_wconf 90' lang='lat' dir='ltr'><strong><em>in</em></strong></span> <span class='ocrx_word' id='word_1_222' title='bbox 1605 2759 1855 2802; x_wconf 67' lang='lat' dir='ltr'><strong><em>aeternum</em></strong></span> <span class='ocrx_word' id='word_1_223' title='bbox 1883 2752 2069 2803; x_wconf 84' lang='lat' dir='ltr'><strong><em>habeat</em></strong></span> 
     </span>
    </p>
   </div>
   <div class='ocr_carea' id='block_1_29' title="bbox 533 2827 1857 2906">
    <p class='ocr_par' dir='ltr' id='par_1_29' title="bbox 533 2827 1857 2906">
     <span class='ocr_line' id='line_1_29' title="bbox 533 2827 1857 2906; baseline -0.004 -15"><span class='ocrx_word' id='word_1_224' title='bbox 533 2839 825 2906; x_wconf 90' lang='lat' dir='ltr'><strong><em>portionem</em></strong></span> <span class='ocrx_word' id='word_1_225' title='bbox 849 2836 995 2906; x_wconf 87' lang='lat' dir='ltr'><strong><em>(Luc.</em></strong></span> <span class='ocrx_word' id='word_1_226' title='bbox 1023 2853 1112 2901; x_wconf 74' lang='lat' dir='ltr'><strong><em>sit,</em></strong></span> <span class='ocrx_word' id='word_1_227' title='bbox 1140 2839 1251 2904; x_wconf 71' lang='lat'><strong><em>46).</em></strong></span> <span class='ocrx_word' id='word_1_228' title='bbox 1854 2827 1857 2832; x_wconf 51' lang='grc'><em>“</em></span> 
     </span>
    </p>
   </div>
   <div class='ocr_carea' id='block_1_30' title="bbox 1077 2987 1514 3041">
    <p class='ocr_par' dir='ltr' id='par_1_30' title="bbox 1077 2987 1514 3041">
     <span class='ocr_line' id='line_1_30' title="bbox 1077 2987 1514 3041; baseline 0 -1"><span class='ocrx_word' id='word_1_229' title='bbox 1077 2988 1285 3041; x_wconf 85' lang='lat' dir='ltr'><strong><em>EPIST.</em></strong></span> <span class='ocrx_word' id='word_1_230' title='bbox 1331 2987 1514 3041; x_wconf 82' lang='lat' dir='ltr'><strong><em>XXIII.</em></strong></span> 
     </span>
    </p>
   </div>
   <div class='ocr_carea' id='block_1_31' title="bbox 769 3096 1830 3166">
    <p class='ocr_par' dir='ltr' id='par_1_31' title="bbox 769 3096 1830 3166">
     <span class='ocr_line' id='line_1_31' title="bbox 769 3096 1830 3166; baseline 0.007 -19"><span class='ocrx_word' id='word_1_231' title='bbox 769 3096 906 3150; x_wconf 82' lang='lat' dir='ltr'><strong><em>Filio</em></strong></span> <span class='ocrx_word' id='word_1_232' title='bbox 931 3097 1222 3152; x_wconf 84' lang='lat' dir='ltr'><strong><em>Constantio</em></strong></span> <span class='ocrx_word' id='word_1_233' title='bbox 1244 3107 1268 3134; x_wconf 71' lang='grc'>⁸</span> <span class='ocrx_word' id='word_1_234' title='bbox 1293 3099 1528 3152; x_wconf 80' lang='lat' dir='ltr'><strong><em>Ruricius</em></strong></span> <span class='ocrx_word' id='word_1_235' title='bbox 1552 3101 1830 3166; x_wconf 82' lang='lat' dir='ltr'><strong><em>episcopus.</em></strong></span> 
     </span>
    </p>
   </div>
   <div class='ocr_carea' id='block_1_32' title="bbox 595 3228 2064 3299">
    <p class='ocr_par' dir='ltr' id='par_1_32' title="bbox 595 3228 2064 3299">
     <span class='ocr_line' id='line_1_32' title="bbox 595 3228 2064 3299; baseline -0.001 -15"><span class='ocrx_word' id='word_1_236' title='bbox 595 3228 888 3296; x_wconf 87' lang='lat' dir='ltr'><strong><em>Quamlibet</em></strong></span> <span class='ocrx_word' id='word_1_237' title='bbox 923 3229 1156 3294; x_wconf 87' lang='lat' dir='ltr'><strong><em>Baccho,</em></strong></span> <span class='ocrx_word' id='word_1_238' title='bbox 1198 3230 1542 3299; x_wconf 78' lang='lat' dir='ltr'><strong><em>symphoniis,</em></strong></span> <span class='ocrx_word' id='word_1_239' title='bbox 1575 3239 1629 3282; x_wconf 91' lang='lat' dir='ltr'><strong><em>et</em></strong></span> <span class='ocrx_word' id='word_1_240' title='bbox 1657 3233 1878 3284; x_wconf 87' lang='lat' dir='ltr'><strong><em>diversis</em></strong></span> <span class='ocrx_word' id='word_1_241' title='bbox 1904 3233 2064 3283; x_wconf 82' lang='lat' dir='ltr'><strong><em>inusi-</em></strong></span> 
     </span>
    </p>
   </div>
   <div class='ocr_carea' id='block_1_33' title="bbox 526 3318 2060 3388">
    <p class='ocr_par' dir='ltr' id='par_1_33' title="bbox 526 3318 2060 3388">
     <span class='ocr_line' id='line_1_33' title="bbox 526 3318 2060 3388; baseline -0.001 -15"><span class='ocrx_word' id='word_1_242' title='bbox 526 3319 624 3382; x_wconf 87' lang='lat' dir='ltr'><strong><em>cis,</em></strong></span> <span class='ocrx_word' id='word_1_243' title='bbox 656 3333 750 3372; x_wconf 89' lang='lat' dir='ltr'><strong><em>nec</em></strong></span> <span class='ocrx_word' id='word_1_244' title='bbox 786 3333 888 3371; x_wconf 92' lang='lat' dir='ltr'><strong><em>non</em></strong></span> <span class='ocrx_word' id='word_1_245' title='bbox 923 3320 1077 3370; x_wconf 90' lang='lat' dir='ltr'><strong><em>etiam</em></strong></span> <span class='ocrx_word' id='word_1_246' title='bbox 1117 3327 1168 3372; x_wconf 91' lang='lat' dir='ltr'><strong><em>et</em></strong></span> <span class='ocrx_word' id='word_1_247' title='bbox 1206 3319 1494 3388; x_wconf 85' lang='lat' dir='ltr'><strong><em>puellarum</em></strong></span> <span class='ocrx_word' id='word_1_248' title='bbox 1524 3318 1700 3370; x_wconf 90' lang='lat' dir='ltr'><strong><em>choris</em></strong></span> <span class='ocrx_word' id='word_1_249' title='bbox 1739 3329 1789 3371; x_wconf 90' lang='lat' dir='ltr'><strong><em>te</em></strong></span> <span class='ocrx_word' id='word_1_250' title='bbox 1829 3318 2060 3371; x_wconf 81' lang='lat' dir='ltr'><strong><em>deditum</em></strong></span> 
     </span>
    </p>
   </div>
   <div class='ocr_carea' id='block_1_34' title="bbox 525 3409 2058 3475">
    <p class='ocr_par' dir='ltr' id='par_1_34' title="bbox 525 3409 2058 3475">
     <span class='ocr_line' id='line_1_34' title="bbox 525 3409 2058 3475; baseline 0.001 -15"><span class='ocrx_word' id='word_1_251' title='bbox 525 3423 641 3461; x_wconf 85' lang='lat' dir='ltr'><strong><em>esse</em></strong></span> <span class='ocrx_word' id='word_1_252' title='bbox 664 3410 1024 3473; x_wconf 88' lang='lat' dir='ltr'><strong><em>cognoverim,</em></strong></span> <span class='ocrx_word' id='word_1_253' title='bbox 1058 3418 1227 3461; x_wconf 86' lang='lat' dir='ltr'><strong><em>tamen</em></strong></span> <span class='ocrx_word' id='word_1_254' title='bbox 1255 3410 1374 3475; x_wconf 89' lang='lat' dir='ltr'><strong><em>quia</em></strong></span> <span class='ocrx_word' id='word_1_255' title='bbox 1401 3409 1595 3461; x_wconf 84' lang='lat' dir='ltr'><strong><em>bonum</em></strong></span> <span class='ocrx_word' id='word_1_256' title='bbox 1625 3419 1704 3460; x_wconf 89' lang='lat' dir='ltr'><strong><em>est</em></strong></span> <span class='ocrx_word' id='word_1_257' title='bbox 1725 3409 1790 3461; x_wconf 86' lang='lat' dir='ltr'><strong><em>ab</em></strong></span> <span class='ocrx_word' id='word_1_258' title='bbox 1815 3409 1912 3470; x_wconf 84' lang='lat' dir='ltr'><strong><em>bis,</em></strong></span> <span class='ocrx_word' id='word_1_259' title='bbox 1936 3410 2058 3462; x_wconf 87' lang='lat' dir='ltr'><strong><em>dum</em></strong></span> 
     </span>
    </p>
   </div>
   <div class='ocr_carea' id='block_1_35' title="bbox 525 3495 2058 3564">
    <p class='ocr_par' dir='ltr' id='par_1_35' title="bbox 525 3495 2058 3564">
     <span class='ocr_line' id='line_1_35' title="bbox 525 3495 2058 3564; baseline -0.001 -15"><span class='ocrx_word' id='word_1_260' title='bbox 525 3496 772 3564; x_wconf 78' lang='lat' dir='ltr'><strong><em>pervalde</em></strong></span> <span class='ocrx_word' id='word_1_261' title='bbox 801 3495 958 3547; x_wconf 80' lang='lat' dir='ltr'><strong><em>fervet</em></strong></span> <span class='ocrx_word' id='word_1_262' title='bbox 993 3496 1364 3558; x_wconf 82' lang='lat' dir='ltr'><strong><em>adolescentia,</em></strong></span> <span class='ocrx_word' id='word_1_263' title='bbox 1395 3497 1669 3562; x_wconf 87' lang='lat' dir='ltr'><strong><em>aliquoties</em></strong></span> <span class='ocrx_word' id='word_1_264' title='bbox 1697 3499 1976 3562; x_wconf 88' lang='lat' dir='ltr'><strong><em>respirare,</em></strong></span> <span class='ocrx_word' id='word_1_265' title='bbox 2006 3505 2058 3549; x_wconf 91' lang='lat' dir='ltr'><strong><em>et</em></strong></span> 
     </span>
    </p>
   </div>
   <div class='ocr_carea' id='block_1_36' title="bbox 524 3574 2056 3652">
    <p class='ocr_par' dir='ltr' id='par_1_36' title="bbox 524 3574 2056 3652">
     <span class='ocr_line' id='line_1_36' title="bbox 524 3574 2056 3652; baseline 0.001 -15"><span class='ocrx_word' id='word_1_266' title='bbox 524 3586 688 3652; x_wconf 81' lang='lat' dir='ltr'><strong><em>magis</em></strong></span> <span class='ocrx_word' id='word_1_267' title='bbox 738 3586 955 3637; x_wconf 86' lang='lat' dir='ltr'><strong><em>Domino</em></strong></span> <span class='ocrx_word' id='word_1_268' title='bbox 997 3599 1219 3649; x_wconf 88' lang='lat' dir='ltr'><strong><em>vacare,</em></strong></span> <span class='ocrx_word' id='word_1_269' title='bbox 1264 3574 1420 3652; x_wconf 84' lang='lat' dir='ltr'><strong><em>quam</em></strong></span> <span class='ocrx_word' id='word_1_270' title='bbox 1466 3585 1656 3638; x_wconf 89' lang='lat' dir='ltr'><strong><em>Libero</em></strong></span> <span class='ocrx_word' id='word_1_271' title='bbox 1683 3625 1696 3646; x_wconf 91' lang='lat'><strong><em>,</em></strong></span> <span class='ocrx_word' id='word_1_272' title='bbox 1752 3587 2056 3652; x_wconf 87' lang='lat' dir='ltr'><strong><em>parentibus</em></strong></span> 
     </span>
    </p>
   </div>
   <div class='ocr_carea' id='block_1_37' title="bbox 483 3674 2058 3742">
    <p class='ocr_par' dir='ltr' id='par_1_37' title="bbox 483 3674 2058 3742">
     <span class='ocr_line' id='line_1_37' title="bbox 483 3674 2058 3742; baseline 0.003 -19"><span class='ocrx_word' id='word_1_273' title='bbox 483 3715 485 3717; x_wconf 92' lang='lat'><strong><em>.</em></strong></span> <span class='ocrx_word' id='word_1_274' title='bbox 526 3688 726 3741; x_wconf 87' lang='lat' dir='ltr'><strong><em>quoque</em></strong></span> <span class='ocrx_word' id='word_1_275' title='bbox 769 3689 976 3740; x_wconf 81' lang='lat' dir='ltr'><strong><em>Operam</em></strong></span> <span class='ocrx_word' id='word_1_276' title='bbox 1024 3674 1186 3736; x_wconf 90' lang='lat' dir='ltr'><strong><em>dare,</em></strong></span> <span class='ocrx_word' id='word_1_277' title='bbox 1238 3690 1390 3742; x_wconf 88' lang='lat' dir='ltr'><strong><em>quam</em></strong></span> <span class='ocrx_word' id='word_1_278' title='bbox 1440 3678 1715 3738; x_wconf 82' lang='lat' dir='ltr'><strong><em>cantibus;</em></strong></span> <span class='ocrx_word' id='word_1_279' title='bbox 1769 3691 1958 3728; x_wconf 89' lang='lat' dir='ltr'><strong><em>moneo</em></strong></span> <span class='ocrx_word' id='word_1_280' title='bbox 2003 3685 2058 3728; x_wconf 87' lang='lat' dir='ltr'><strong><em>ut</em></strong></span> 
     </span>
    </p>
   </div>
   <div class='ocr_carea' id='block_1_38' title="bbox 522 3763 2054 3830">
    <p class='ocr_par' dir='ltr' id='par_1_38' title="bbox 522 3763 2054 3830">
     <span class='ocr_line' id='line_1_38' title="bbox 522 3763 2054 3830; baseline 0 -15"><span class='ocrx_word' id='word_1_281' title='bbox 522 3763 768 3826; x_wconf 84' lang='lat' dir='ltr'><strong><em>crastino,</em></strong></span> <span class='ocrx_word' id='word_1_282' title='bbox 797 3764 930 3829; x_wconf 87' lang='lat' dir='ltr'><strong><em>quod</em></strong></span> <span class='ocrx_word' id='word_1_283' title='bbox 960 3765 1056 3815; x_wconf 90' lang='lat' dir='ltr'><strong><em>erit</em></strong></span> <span class='ocrx_word' id='word_1_284' title='bbox 1085 3772 1264 3827; x_wconf 89' lang='lat' dir='ltr'><strong><em>quarta</em></strong></span> <span class='ocrx_word' id='word_1_285' title='bbox 1295 3763 1443 3827; x_wconf 87' lang='lat' dir='ltr'><strong><em>feria,</em></strong></span> <span class='ocrx_word' id='word_1_286' title='bbox 1464 3765 1627 3816; x_wconf 65' lang='lat' dir='ltr'><strong><em>Brivas</em></strong></span> <span class='ocrx_word' id='word_1_287' title='bbox 1657 3765 1944 3830; x_wconf 83' lang='lat' dir='ltr'><strong><em>temporius</em></strong></span> <span class='ocrx_word' id='word_1_288' title='bbox 1976 3775 2054 3816; x_wconf 89' lang='lat' dir='ltr'><strong><em>ta-</em></strong></span> 
     </span>
    </p>
   </div>
   <div class='ocr_carea' id='block_1_39' title="bbox 521 3852 2055 3920">
    <p class='ocr_par' dir='ltr' id='par_1_39' title="bbox 521 3852 2055 3920">
     <span class='ocr_line' id='line_1_39' title="bbox 521 3852 2055 3920; baseline 0.001 -18"><span class='ocrx_word' id='word_1_289' title='bbox 521 3867 668 3916; x_wconf 86' lang='lat' dir='ltr'><strong><em>men,</em></strong></span> <span class='ocrx_word' id='word_1_290' title='bbox 707 3852 842 3919; x_wconf 89' lang='lat' dir='ltr'><strong><em>quod</em></strong></span> <span class='ocrx_word' id='word_1_291' title='bbox 875 3861 923 3905; x_wconf 90' lang='lat' dir='ltr'><strong><em>te</em></strong></span> <span class='ocrx_word' id='word_1_292' title='bbox 956 3852 1211 3904; x_wconf 84' lang='lat' dir='ltr'><strong><em>facturum</em></strong></span> <span class='ocrx_word' id='word_1_293' title='bbox 1240 3852 1452 3906; x_wconf 88' lang='lat' dir='ltr'><strong><em>minime</em></strong></span> <span class='ocrx_word' id='word_1_294' title='bbox 1477 3853 1662 3917; x_wconf 86' lang='lat' dir='ltr'><strong><em>credo,</em></strong></span> <span class='ocrx_word' id='word_1_295' title='bbox 1694 3852 1817 3905; x_wconf 91' lang='lat' dir='ltr'><strong><em>mihi</em></strong></span> <span class='ocrx_word' id='word_1_296' title='bbox 1843 3853 2055 3920; x_wconf 84' lang='lat' dir='ltr'><strong><em>jejunus</em></strong></span> 
     </span>
    </p>
   </div>
   <div class='ocr_carea' id='block_1_40' title="bbox 520 3955 784 3993">
    <p class='ocr_par' dir='ltr' id='par_1_40' title="bbox 520 3955 784 3993">
     <span class='ocr_line' id='line_1_40' title="bbox 520 3955 784 3993; baseline -0.004 0"><span class='ocrx_word' id='word_1_297' title='bbox 520 3955 784 3993; x_wconf 82' lang='lat' dir='ltr'><strong><em>occurras.</em></strong></span> 
     </span>
    </p>
   </div>
   <div class='ocr_carea' id='block_1_41' title="bbox 587 4139 2045 4205">
    <p class='ocr_par' dir='ltr' id='par_1_41' title="bbox 587 4139 2045 4205">
     <span class='ocr_line' id='line_1_41' title="bbox 587 4139 2045 4205; baseline -0.002 -12"><span class='ocrx_word' id='word_1_298' title='bbox 587 4150 611 4177; x_wconf 77' lang='grc' dir='ltr'>ι</span> <span class='ocrx_word' id='word_1_299' title='bbox 632 4140 1012 4205; x_wconf 79' lang='lat' dir='ltr'><strong><em>Constantium,</em></strong></span> <span class='ocrx_word' id='word_1_300' title='bbox 1040 4155 1191 4205; x_wconf 85' lang='lat' dir='ltr'><strong><em>quem</em></strong></span> <span class='ocrx_word' id='word_1_301' title='bbox 1221 4148 1276 4190; x_wconf 91' lang='lat' dir='ltr'><strong><em>ut</em></strong></span> <span class='ocrx_word' id='word_1_302' title='bbox 1303 4139 1497 4190; x_wconf 66' lang='lat' dir='ltr'><strong><em>smculo</em></strong></span> <span class='ocrx_word' id='word_1_303' title='bbox 1524 4139 1678 4192; x_wconf 88' lang='lat' dir='ltr'><strong><em>nimis</em></strong></span> <span class='ocrx_word' id='word_1_304' title='bbox 1705 4140 1935 4192; x_wconf 73' lang='lat' dir='ltr'><strong><em>deditum</em></strong></span> <span class='ocrx_word' id='word_1_305' title='bbox 1967 4140 2045 4191; x_wconf 91' lang='lat' dir='ltr'><strong><em>in-</em></strong></span> 
     </span>
    </p>
   </div>
   <div class='ocr_carea' id='block_1_42' title="bbox 519 4208 2049 4274">
    <p class='ocr_par' dir='ltr' id='par_1_42' title="bbox 519 4208 2049 4274">
     <span class='ocr_line' id='line_1_42' title="bbox 519 4208 2049 4274; baseline -0.003 -13"><span class='ocrx_word' id='word_1_306' title='bbox 519 4219 699 4274; x_wconf 84' lang='lat' dir='ltr'><strong><em>crepat</em></strong></span> <span class='ocrx_word' id='word_1_307' title='bbox 741 4211 824 4259; x_wconf 93' lang='lat' dir='ltr'><strong><em>bic</em></strong></span> <span class='ocrx_word' id='word_1_308' title='bbox 865 4209 1135 4269; x_wconf 81' lang='lat' dir='ltr'><strong><em>Ruricius,</em></strong></span> <span class='ocrx_word' id='word_1_309' title='bbox 1176 4208 1368 4271; x_wconf 89' lang='lat' dir='ltr'><strong><em>quique</em></strong></span> <span class='ocrx_word' id='word_1_310' title='bbox 1408 4209 1573 4274; x_wconf 79' lang='lat' dir='ltr'><strong><em>magis</em></strong></span> <span class='ocrx_word' id='word_1_311' title='bbox 1614 4208 1800 4258; x_wconf 86' lang='lat' dir='ltr'><strong><em>Libero</em></strong></span> <span class='ocrx_word' id='word_1_312' title='bbox 1830 4209 2049 4259; x_wconf 83' lang='lat' dir='ltr'><strong><em>vacabat</em></strong></span> 
     </span>
    </p>
   </div>
   <div class='ocr_carea' id='block_1_43' title="bbox 521 4272 2047 4342">
    <p class='ocr_par' dir='ltr' id='par_1_43' title="bbox 521 4272 2047 4342">
     <span class='ocr_line' id='line_1_43' title="bbox 521 4272 2047 4342; baseline -0.001 -16"><span class='ocrx_word' id='word_1_313' title='bbox 521 4272 674 4342; x_wconf 82' lang='lat' dir='ltr'><strong><em>quam</em></strong></span> <span class='ocrx_word' id='word_1_314' title='bbox 704 4277 939 4335; x_wconf 84' lang='lat' dir='ltr'><strong><em>Domino,</em></strong></span> <span class='ocrx_word' id='word_1_315' title='bbox 976 4290 1071 4326; x_wconf 87' lang='lat' dir='ltr'><strong><em>nec</em></strong></span> <span class='ocrx_word' id='word_1_316' title='bbox 1095 4275 1276 4342; x_wconf 65' lang='lat' dir='ltr'><strong><em>diebus</em></strong></span> <span class='ocrx_word' id='word_1_317' title='bbox 1309 4272 1685 4342; x_wconf 64' lang='lat' dir='ltr'><strong><em>festisjejunns</em></strong></span> <span class='ocrx_word' id='word_1_318' title='bbox 1715 4275 1892 4324; x_wconf 86' lang='lat' dir='ltr'><strong><em>aderat</em></strong></span> <span class='ocrx_word' id='word_1_319' title='bbox 1920 4286 2047 4325; x_wconf 64' lang='lat' dir='ltr'><strong><em>temo</em></strong></span> 
     </span>
    </p>
   </div>
   <div class='ocr_carea' id='block_1_44' title="bbox 1829 237 2406 295">
    <p class='ocr_par' dir='ltr' id='par_1_44' title="bbox 1829 237 2406 295">
     <span class='ocr_line' id='line_1_44' title="bbox 1829 237 2406 295; baseline 0 -2"><span class='ocrx_word' id='word_1_320' title='bbox 1829 237 2073 294; x_wconf 78' lang='lat' dir='ltr'>RURICII</span> <span class='ocrx_word' id='word_1_321' title='bbox 2111 239 2406 295; x_wconf 76' lang='lat' dir='ltr'>EPISCOI’I</span> 
     </span>
    </p>
   </div>
   <div class='ocr_carea' id='block_1_45' title="bbox 541 345 2142 418">
    <p class='ocr_par' dir='ltr' id='par_1_45' title="bbox 541 345 2142 418">
     <span class='ocr_line' id='line_1_45' title="bbox 541 345 2142 418; baseline -0.001 -18"><span class='ocrx_word' id='word_1_322' title='bbox 541 351 740 418; x_wconf 75' lang='lat' dir='ltr'><strong><em>ignosce</em></strong></span> <span class='ocrx_word' id='word_1_323' title='bbox 755 347 876 410; x_wconf 79' lang='lat' dir='ltr'><strong><em>illis,</em></strong></span> <span class='ocrx_word' id='word_1_324' title='bbox 894 348 1114 399; x_wconf 82' lang='lat' dir='ltr'><strong><em>nesciunt</em></strong></span> <span class='ocrx_word' id='word_1_325' title='bbox 1135 347 1263 398; x_wconf 81' lang='lat' dir='ltr'><strong><em>enim</em></strong></span> <span class='ocrx_word' id='word_1_326' title='bbox 1286 347 1404 413; x_wconf 86' lang='lat' dir='ltr'><strong><em>quid</em></strong></span> <span class='ocrx_word' id='word_1_327' title='bbox 1424 347 1612 415; x_wconf 77' lang='lat' dir='ltr'><strong><em>faciunt</em></strong></span> <span class='ocrx_word' id='word_1_328' title='bbox 1629 345 1780 414; x_wconf 87' lang='lat' dir='ltr'><strong><em>(Luc.</em></strong></span> <span class='ocrx_word' id='word_1_329' title='bbox 1796 364 1945 411; x_wconf 79' lang='lat' dir='ltr'><strong><em>mn,</em></strong></span> <span class='ocrx_word' id='word_1_330' title='bbox 1961 348 2068 415; x_wconf 65' lang='lat'><strong><em>55).</em></strong></span> <span class='ocrx_word' id='word_1_331' title='bbox 2102 349 2142 399; x_wconf 82' lang='lat' dir='ltr'><strong>A</strong></span> 
     </span>
    </p>
   </div>
   <div class='ocr_carea' id='block_1_46' title="bbox 3599 260 3682 310">
    <p class='ocr_par' dir='ltr' id='par_1_46' title="bbox 3599 260 3682 310">
     <span class='ocr_line' id='line_1_46' title="bbox 3599 260 3682 310; baseline 0.012 -1"><span class='ocrx_word' id='word_1_332' title='bbox 3599 260 3682 310; x_wconf 74' lang='grc' dir='ltr'><strong><em>ωι</em></strong></span> 
     </span>
    </p>
   </div>
   <div class='ocr_carea' id='block_1_47' title="bbox 2687 347 3186 406">
    <p class='ocr_par' dir='ltr' id='par_1_47' title="bbox 2687 347 3186 406">
     <span class='ocr_line' id='line_1_47' title="bbox 2687 347 3186 406; baseline 0.004 -4"><span class='ocrx_word' id='word_1_333' title='bbox 2687 347 2712 385; x_wconf 72' lang='grc' dir='ltr'>δ</span> <span class='ocrx_word' id='word_1_334' title='bbox 2755 349 2964 406; x_wconf 83' lang='lat' dir='ltr'><strong><em>EPIST.</em></strong></span> <span class='ocrx_word' id='word_1_335' title='bbox 3007 350 3186 404; x_wconf 77' lang='lat' dir='ltr'><strong>XXIV.</strong></span> 
     </span>
    </p>
   </div>
   <div class='ocr_carea' id='block_1_48' title="bbox 2242 455 3688 528">
    <p class='ocr_par' dir='ltr' id='par_1_48' title="bbox 2242 455 3688 528">
     <span class='ocr_line' id='line_1_48' title="bbox 2242 455 3688 528; baseline -0.003 -18"><span class='ocrx_word' id='word_1_336' title='bbox 2242 457 2395 512; x_wconf 80' lang='lat' dir='ltr'><strong><em>Aliud</em></strong></span> <span class='ocrx_word' id='word_1_337' title='bbox 2445 460 2599 524; x_wconf 88' lang='lat' dir='ltr'><strong><em>mihi,</em></strong></span> <span class='ocrx_word' id='word_1_338' title='bbox 2647 461 2752 513; x_wconf 83' lang='lat' dir='ltr'><strong><em>Deo</em></strong></span> <span class='ocrx_word' id='word_1_339' title='bbox 2792 470 2924 514; x_wconf 89' lang='lat' dir='ltr'><strong><em>teste</em></strong></span> <span class='ocrx_word' id='word_1_340' title='bbox 2966 457 3310 528; x_wconf 81' lang='lat' dir='ltr'><strong><em>promiseras,</em></strong></span> <span class='ocrx_word' id='word_1_341' title='bbox 3355 455 3491 523; x_wconf 89' lang='lat' dir='ltr'><strong><em>quod</em></strong></span> <span class='ocrx_word' id='word_1_342' title='bbox 3537 455 3688 520; x_wconf 82' lang='lat' dir='ltr'><strong><em>ipsum</em></strong></span> 
     </span>
    </p>
   </div>
   <div class='ocr_carea' id='block_1_49' title="bbox 2169 543 3685 611">
    <p class='ocr_par' dir='ltr' id='par_1_49' title="bbox 2169 543 3685 611">
     <span class='ocr_line' id='line_1_49' title="bbox 2169 543 3685 611; baseline -0.007 -11"><span class='ocrx_word' id='word_1_343' title='bbox 2169 549 2390 601; x_wconf 86' lang='lat' dir='ltr'><strong><em>deberes</em></strong></span> <span class='ocrx_word' id='word_1_344' title='bbox 2416 549 2618 611; x_wconf 91' lang='lat' dir='ltr'><strong><em>colere,</em></strong></span> <span class='ocrx_word' id='word_1_345' title='bbox 2647 563 2751 601; x_wconf 89' lang='lat' dir='ltr'><strong><em>non</em></strong></span> <span class='ocrx_word' id='word_1_346' title='bbox 2783 558 2805 586; x_wconf 78' lang='grc' dir='ltr'><strong>ο</strong></span> <span class='ocrx_word' id='word_1_347' title='bbox 2841 550 3087 609; x_wconf 82' lang='lat' dir='ltr'><strong><em>Januum;</em></strong></span> <span class='ocrx_word' id='word_1_348' title='bbox 3124 545 3271 611; x_wconf 75' lang='lat' dir='ltr'><strong><em>cujus</em></strong></span> <span class='ocrx_word' id='word_1_349' title='bbox 3296 543 3525 596; x_wconf 86' lang='lat' dir='ltr'><strong><em>criminis</em></strong></span> <span class='ocrx_word' id='word_1_350' title='bbox 3547 546 3685 593; x_wconf 83' lang='lat' dir='ltr'><strong><em>etiam</em></strong></span> 
     </span>
    </p>
   </div>
   <div class='ocr_carea' id='block_1_50' title="bbox 2169 634 3685 705">
    <p class='ocr_par' dir='ltr' id='par_1_50' title="bbox 2169 634 3685 705">
     <span class='ocr_line' id='line_1_50' title="bbox 2169 634 3685 705; baseline -0.005 -15"><span class='ocrx_word' id='word_1_351' title='bbox 2169 653 2253 690; x_wconf 91' lang='lat' dir='ltr'><strong><em>me</em></strong></span> <span class='ocrx_word' id='word_1_352' title='bbox 2302 639 2378 690; x_wconf 81' lang='lat' dir='ltr'><strong><em>vis</em></strong></span> <span class='ocrx_word' id='word_1_353' title='bbox 2424 652 2538 691; x_wconf 84' lang='lat' dir='ltr'><strong><em>esse</em></strong></span> <span class='ocrx_word' id='word_1_354' title='bbox 2573 647 2907 702; x_wconf 83' lang='lat' dir='ltr'><strong><em>consortem,</em></strong></span> <span class='ocrx_word' id='word_1_355' title='bbox 2957 647 3012 690; x_wconf 92' lang='lat' dir='ltr'><strong><em>ut</em></strong></span> <span class='ocrx_word' id='word_1_356' title='bbox 3050 652 3146 705; x_wconf 88' lang='lat' dir='ltr'><strong><em>ego</em></strong></span> <span class='ocrx_word' id='word_1_357' title='bbox 3174 636 3236 687; x_wconf 89' lang='lat' dir='ltr'><strong><em>ad</em></strong></span> <span class='ocrx_word' id='word_1_358' title='bbox 3279 634 3415 686; x_wconf 89' lang='lat' dir='ltr'><strong><em>hunc</em></strong></span> <span class='ocrx_word' id='word_1_359' title='bbox 3471 646 3685 684; x_wconf 84' lang='lat' dir='ltr'><strong><em>errorem</em></strong></span> 
     </span>
    </p>
   </div>
   <div class='ocr_carea' id='block_1_51' title="bbox 2167 720 3688 787">
    <p class='ocr_par' dir='ltr' id='par_1_51' title="bbox 2167 720 3688 787">
     <span class='ocr_line' id='line_1_51' title="bbox 2167 720 3688 787; baseline -0.005 -9"><span class='ocrx_word' id='word_1_360' title='bbox 2167 727 2444 778; x_wconf 75' lang='lat' dir='ltr'><strong><em>colendum</em></strong></span> <span class='ocrx_word' id='word_1_361' title='bbox 2475 727 2688 779; x_wconf 85' lang='lat' dir='ltr'><strong><em>delicias</em></strong></span> <span class='ocrx_word' id='word_1_362' title='bbox 2718 728 3128 787; x_wconf 88' lang='lat' dir='ltr'><strong><em>subministrem,</em></strong></span> <span class='ocrx_word' id='word_1_363' title='bbox 3180 733 3232 776; x_wconf 89' lang='lat' dir='ltr'><strong><em>et</em></strong></span> <span class='ocrx_word' id='word_1_364' title='bbox 3259 724 3433 776; x_wconf 91' lang='lat' dir='ltr'><strong><em>oleum</em></strong></span> <span class='ocrx_word' id='word_1_365' title='bbox 3465 720 3688 772; x_wconf 85' lang='lat' dir='ltr'><strong><em>incendio</em></strong></span> 
     </span>
    </p>
   </div>
   <div class='ocr_carea' id='block_1_52' title="bbox 2131 809 3684 880">
    <p class='ocr_par' dir='ltr' id='par_1_52' title="bbox 2131 809 3684 880">
     <span class='ocr_line' id='line_1_52' title="bbox 2131 809 3684 880; baseline -0.005 -14"><span class='ocrx_word' id='word_1_366' title='bbox 2131 845 2134 848; x_wconf 55' lang='grc' dir='ltr'>ν</span> <span class='ocrx_word' id='word_1_367' title='bbox 2167 815 2556 880; x_wconf 85' lang='lat' dir='ltr'><strong><em>superfundam.</em></strong></span> <span class='ocrx_word' id='word_1_368' title='bbox 2575 813 2723 880; x_wconf 87' lang='lat' dir='ltr'><strong><em>Quod</em></strong></span> <span class='ocrx_word' id='word_1_369' title='bbox 2744 825 2930 866; x_wconf 91' lang='lat' dir='ltr'><strong><em>neutro</em></strong></span> <span class='ocrx_word' id='word_1_370' title='bbox 2952 823 3187 866; x_wconf 88' lang='lat' dir='ltr'><strong><em>nostrum</em></strong></span> <span class='ocrx_word' id='word_1_371' title='bbox 3213 811 3420 864; x_wconf 81' lang='lat' dir='ltr'><strong><em>noveris</em></strong></span> <span class='ocrx_word' id='word_1_372' title='bbox 3436 809 3684 872; x_wconf 78' lang='lat' dir='ltr'><strong><em>expedire.</em></strong></span> 
     </span>
    </p>
   </div>
   <div class='ocr_carea' id='block_1_53' title="bbox 2166 902 3685 967">
    <p class='ocr_par' dir='ltr' id='par_1_53' title="bbox 2166 902 3685 967">
     <span class='ocr_line' id='line_1_53' title="bbox 2166 902 3685 967; baseline -0.007 -12"><span class='ocrx_word' id='word_1_373' title='bbox 2166 904 2266 956; x_wconf 85' lang='lat' dir='ltr'><strong><em>Sed</em></strong></span> <span class='ocrx_word' id='word_1_374' title='bbox 2289 902 2432 955; x_wconf 58' lang='lat' dir='ltr'><strong><em>dicas</em></strong></span> <span class='ocrx_word' id='word_1_375' title='bbox 2459 902 2705 967; x_wconf 88' lang='lat' dir='ltr'><strong><em>fortasse,</em></strong></span> <span class='ocrx_word' id='word_1_376' title='bbox 2737 903 3005 956; x_wconf 85' lang='lat' dir='ltr'><strong><em>Pollicitus</em></strong></span> <span class='ocrx_word' id='word_1_377' title='bbox 3037 918 3112 955; x_wconf 67' lang='lat' dir='ltr'><strong><em>es.</em></strong></span> <span class='ocrx_word' id='word_1_378' title='bbox 3141 903 3252 965; x_wconf 91' lang='lat' dir='ltr'><strong><em>Quo</em></strong></span> <span class='ocrx_word' id='word_1_379' title='bbox 3280 915 3371 952; x_wconf 92' lang='lat' dir='ltr'><strong><em>ore</em></strong></span> <span class='ocrx_word' id='word_1_380' title='bbox 3407 914 3435 950; x_wconf 88' lang='lat' dir='ltr'><strong><em>a</em></strong></span> <span class='ocrx_word' id='word_1_381' title='bbox 3465 912 3546 950; x_wconf 89' lang='lat' dir='ltr'><strong><em>me</em></strong></span> <span class='ocrx_word' id='word_1_382' title='bbox 3581 913 3685 956; x_wconf 70' lang='lat' dir='ltr'><strong><em>[tro-</em></strong></span> 
     </span>
    </p>
   </div>
   <div class='ocr_carea' id='block_1_54' title="bbox 2167 983 3687 1060">
    <p class='ocr_par' dir='ltr' id='par_1_54' title="bbox 2167 983 3687 1060">
     <span class='ocr_line' id='line_1_54' title="bbox 2167 983 3687 1060; baseline -0.005 -18"><span class='ocrx_word' id='word_1_383' title='bbox 2167 992 2321 1043; x_wconf 85' lang='lat' dir='ltr'><strong><em>missa</em></strong></span> <span class='ocrx_word' id='word_1_384' title='bbox 2349 992 2629 1060; x_wconf 84' lang='lat' dir='ltr'><strong><em>perquiris,</em></strong></span> <span class='ocrx_word' id='word_1_385' title='bbox 2658 1007 2774 1045; x_wconf 91' lang='lat' dir='ltr'><strong><em>cum</em></strong></span> <span class='ocrx_word' id='word_1_386' title='bbox 2801 1002 2851 1045; x_wconf 92' lang='lat' dir='ltr'><strong><em>tu</em></strong></span> <span class='ocrx_word' id='word_1_387' title='bbox 2880 1003 3200 1046; x_wconf 70' lang='lat' dir='ltr'><strong><em>sacramenta</em></strong></span> <span class='ocrx_word' id='word_1_388' title='bbox 3225 986 3530 1040; x_wconf 79' lang='lat' dir='ltr'><strong><em>violaveris?</em></strong></span> <span class='ocrx_word' id='word_1_389' title='bbox 3551 983 3687 1040; x_wconf 88' lang='lat' dir='ltr'><strong><em>Unde</em></strong></span> 
     </span>
    </p>
   </div>
   <div class='ocr_carea' id='block_1_55' title="bbox 2165 1075 3684 1148">
    <p class='ocr_par' dir='ltr' id='par_1_55' title="bbox 2165 1075 3684 1148">
     <span class='ocr_line' id='line_1_55' title="bbox 2165 1075 3684 1148; baseline -0.005 -17"><span class='ocrx_word' id='word_1_390' title='bbox 2165 1080 2312 1132; x_wconf 75' lang='lat' dir='ltr'><strong><em>dabis</em></strong></span> <span class='ocrx_word' id='word_1_391' title='bbox 2342 1082 2544 1132; x_wconf 86' lang='lat' dir='ltr'><strong><em>veniam</em></strong></span> <span class='ocrx_word' id='word_1_392' title='bbox 2577 1095 2707 1133; x_wconf 74' lang='lat' dir='ltr'><strong><em>mete</em></strong></span> <span class='ocrx_word' id='word_1_393' title='bbox 2734 1082 3085 1148; x_wconf 86' lang='lat' dir='ltr'><strong><em>promissioni,</em></strong></span> <span class='ocrx_word' id='word_1_394' title='bbox 3116 1079 3341 1146; x_wconf 91' lang='lat' dir='ltr'><strong><em>quandiu</em></strong></span> <span class='ocrx_word' id='word_1_395' title='bbox 3365 1085 3413 1129; x_wconf 91' lang='lat' dir='ltr'><strong><em>te</em></strong></span> <span class='ocrx_word' id='word_1_396' title='bbox 3442 1075 3556 1126; x_wconf 84' lang='lat' dir='ltr'><strong><em>huic</em></strong></span> <span class='ocrx_word' id='word_1_397' title='bbox 3579 1088 3684 1125; x_wconf 90' lang='lat' dir='ltr'><strong><em>ser-</em></strong></span> 
     </span>
    </p>
   </div>
   <div class='ocr_carea' id='block_1_56' title="bbox 2167 1163 3686 1236">
    <p class='ocr_par' dir='ltr' id='par_1_56' title="bbox 2167 1163 3686 1236">
     <span class='ocr_line' id='line_1_56' title="bbox 2167 1163 3686 1236; baseline -0.007 -16"><span class='ocrx_word' id='word_1_398' title='bbox 2167 1169 2276 1221; x_wconf 86' lang='lat' dir='ltr'><strong><em>vire</em></strong></span> <span class='ocrx_word' id='word_1_399' title='bbox 2305 1183 2600 1236; x_wconf 86' lang='lat' dir='ltr'><strong><em>cognovero</em></strong></span> <span class='ocrx_word' id='word_1_400' title='bbox 2647 1165 2672 1205; x_wconf 76' lang='grc' dir='ltr'>ἀ</span> <span class='ocrx_word' id='word_1_401' title='bbox 2709 1170 2954 1235; x_wconf 91' lang='lat' dir='ltr'><strong><em>parsioni.</em></strong></span> <span class='ocrx_word' id='word_1_402' title='bbox 2989 1169 3060 1220; x_wconf 89' lang='lat' dir='ltr'><strong><em>Ne</em></strong></span> <span class='ocrx_word' id='word_1_403' title='bbox 3089 1167 3398 1220; x_wconf 73' lang='lat' dir='ltr'><strong><em>confirmare</em></strong></span> <span class='ocrx_word' id='word_1_404' title='bbox 3429 1163 3686 1214; x_wconf 88' lang='lat' dir='ltr'><strong><em>videamur</em></strong></span> 
     </span>
    </p>
   </div>
   <div class='ocr_carea' id='block_1_57' title="bbox 2167 1256 3686 1328">
    <p class='ocr_par' dir='ltr' id='par_1_57' title="bbox 2167 1256 3686 1328">
     <span class='ocr_line' id='line_1_57' title="bbox 2167 1256 3686 1328; baseline -0.007 -17"><span class='ocrx_word' id='word_1_405' title='bbox 2167 1269 2390 1327; x_wconf 85' lang='lat' dir='ltr'><strong><em>pactum,</em></strong></span> <span class='ocrx_word' id='word_1_406' title='bbox 2421 1260 2568 1325; x_wconf 86' lang='lat' dir='ltr'><strong><em>cujus</em></strong></span> <span class='ocrx_word' id='word_1_407' title='bbox 2588 1260 3021 1328; x_wconf 82' lang='lat' dir='ltr'><strong><em>reprehendimus</em></strong></span> <span class='ocrx_word' id='word_1_408' title='bbox 3050 1259 3128 1310; x_wconf 91' lang='lat' dir='ltr'><strong><em>fac</em></strong></span> <span class='ocrx_word' id='word_1_409' title='bbox 3155 1273 3237 1308; x_wconf 87' lang='lat' dir='ltr'><strong><em>lltll</em></strong></span> <span class='ocrx_word' id='word_1_410' title='bbox 3258 1271 3272 1318; x_wconf 92' lang='lat'><strong><em>;</em></strong></span> <span class='ocrx_word' id='word_1_411' title='bbox 3297 1262 3351 1308; x_wconf 90' lang='lat' dir='ltr'><strong><em>et</em></strong></span> <span class='ocrx_word' id='word_1_412' title='bbox 3369 1256 3532 1307; x_wconf 87' lang='lat' dir='ltr'><strong><em>simus</em></strong></span> <span class='ocrx_word' id='word_1_413' title='bbox 3548 1267 3686 1305; x_wconf 83' lang='lat' dir='ltr'><strong><em>scan—</em></strong></span> 
     </span>
    </p>
   </div>
   <div class='ocr_carea' id='block_1_58' title="bbox 2165 1349 3248 1419">
    <p class='ocr_par' dir='ltr' id='par_1_58' title="bbox 2165 1349 3248 1419">
     <span class='ocr_line' id='line_1_58' title="bbox 2165 1349 3248 1419; baseline -0.004 -17"><span class='ocrx_word' id='word_1_414' title='bbox 2165 1349 2305 1414; x_wconf 88' lang='lat' dir='ltr'><strong><em>dalo,</em></strong></span> <span class='ocrx_word' id='word_1_415' title='bbox 2339 1359 2362 1386; x_wconf 79' lang='grc' dir='ltr'><strong><em>ο</em></strong></span> <span class='ocrx_word' id='word_1_416' title='bbox 2392 1349 2540 1419; x_wconf 79' lang='lat' dir='ltr'><strong><em>cujus</em></strong></span> <span class='ocrx_word' id='word_1_417' title='bbox 2568 1365 2686 1404; x_wconf 89' lang='lat' dir='ltr'><strong><em>esse</em></strong></span> <span class='ocrx_word' id='word_1_418' title='bbox 2710 1351 2959 1403; x_wconf 81' lang='lat' dir='ltr'><strong><em>debemus</em></strong></span> <span class='ocrx_word' id='word_1_419' title='bbox 2989 1349 3248 1414; x_wconf 76' lang='lat' dir='ltr'><strong><em>exemplo.</em></strong></span> 
     </span>
    </p>
   </div>
   <div class='ocr_carea' id='block_1_59' title="bbox 2726 1456 3138 1512">
    <p class='ocr_par' dir='ltr' id='par_1_59' title="bbox 2726 1456 3138 1512">
     <span class='ocr_line' id='line_1_59' title="bbox 2726 1456 3138 1512; baseline -0.005 -1"><span class='ocrx_word' id='word_1_420' title='bbox 2726 1458 2932 1512; x_wconf 84' lang='lat' dir='ltr'><strong><em>EPIST.</em></strong></span> <span class='ocrx_word' id='word_1_421' title='bbox 2975 1456 3138 1509; x_wconf 79' lang='lat' dir='ltr'><strong><em>XXV.</em></strong></span> 
     </span>
    </p>
   </div>
   <div class='ocr_carea' id='block_1_60' title="bbox 2442 1538 3424 1614">
    <p class='ocr_par' dir='ltr' id='par_1_60' title="bbox 2442 1538 3424 1614">
     <span class='ocr_line' id='line_1_60' title="bbox 2442 1538 3424 1614; baseline -0.008 -13"><span class='ocrx_word' id='word_1_422' title='bbox 2442 1550 2671 1603; x_wconf 80' lang='lat' dir='ltr'><strong><em>Ruricius</em></strong></span> <span class='ocrx_word' id='word_1_423' title='bbox 2700 1548 2981 1614; x_wconf 83' lang='lat' dir='ltr'><strong><em>Apollinari</em></strong></span> <span class='ocrx_word' id='word_1_424' title='bbox 3023 1563 3114 1599; x_wconf 76' lang='lat' dir='ltr'><strong><em>suo</em></strong></span> <span class='ocrx_word' id='word_1_425' title='bbox 3141 1546 3348 1597; x_wconf 72' lang='lat' dir='ltr'><strong><em>salutem</em></strong></span> <span class='ocrx_word' id='word_1_426' title='bbox 3381 1538 3424 1594; x_wconf 68' lang='grc' dir='ltr'><strong><em>τ.</em></strong></span> 
     </span>
    </p>
   </div>
   <div class='ocr_carea' id='block_1_61' title="bbox 2233 1627 3686 1703">
    <p class='ocr_par' dir='ltr' id='par_1_61' title="bbox 2233 1627 3686 1703">
     <span class='ocr_line' id='line_1_61' title="bbox 2233 1627 3686 1703; baseline -0.01 -12"><span class='ocrx_word' id='word_1_427' title='bbox 2233 1639 2361 1702; x_wconf 74' lang='lat' dir='ltr'><strong><em>Quia</em></strong></span> <span class='ocrx_word' id='word_1_428' title='bbox 2397 1639 2560 1691; x_wconf 84' lang='lat' dir='ltr'><strong><em>nostri</em></strong></span> <span class='ocrx_word' id='word_1_429' title='bbox 2591 1653 2765 1691; x_wconf 84' lang='lat' dir='ltr'><strong><em>curam</em></strong></span> <span class='ocrx_word' id='word_1_430' title='bbox 2788 1651 2994 1703; x_wconf 87' lang='lat' dir='ltr'><strong><em>semper</em></strong></span> <span class='ocrx_word' id='word_1_431' title='bbox 3020 1650 3201 1702; x_wconf 81' lang='lat' dir='ltr'><strong><em>gerere</em></strong></span> <span class='ocrx_word' id='word_1_432' title='bbox 3230 1648 3321 1700; x_wconf 91' lang='lat' dir='ltr'><strong><em>pro</em></strong></span> <span class='ocrx_word' id='word_1_433' title='bbox 3356 1641 3531 1683; x_wconf 89' lang='lat' dir='ltr'><strong><em>mutua</em></strong></span> <span class='ocrx_word' id='word_1_434' title='bbox 3562 1627 3686 1682; x_wconf 86' lang='lat' dir='ltr'><strong><em>cari-</em></strong></span> 
     </span>
    </p>
   </div>
   <div class='ocr_carea' id='block_1_62' title="bbox 2169 1719 3688 1793">
    <p class='ocr_par' dir='ltr' id='par_1_62' title="bbox 2169 1719 3688 1793">
     <span class='ocr_line' id='line_1_62' title="bbox 2169 1719 3688 1793; baseline -0.007 -17"><span class='ocrx_word' id='word_1_435' title='bbox 2169 1735 2275 1780; x_wconf 89' lang='lat' dir='ltr'><strong><em>tate</em></strong></span> <span class='ocrx_word' id='word_1_436' title='bbox 2301 1727 2603 1793; x_wconf 82' lang='lat' dir='ltr'><strong><em>dignamini,</em></strong></span> <span class='ocrx_word' id='word_1_437' title='bbox 2645 1728 2816 1778; x_wconf 91' lang='lat' dir='ltr'><strong><em>indico</em></strong></span> <span class='ocrx_word' id='word_1_438' title='bbox 2843 1725 3080 1778; x_wconf 70' lang='lat' dir='ltr'><strong><em>sollicita:</em></strong></span> <span class='ocrx_word' id='word_1_439' title='bbox 3109 1723 3284 1790; x_wconf 88' lang='lat' dir='ltr'><strong><em>pietati</em></strong></span> <span class='ocrx_word' id='word_1_440' title='bbox 3328 1730 3380 1774; x_wconf 91' lang='lat' dir='ltr'><strong><em>et</em></strong></span> <span class='ocrx_word' id='word_1_441' title='bbox 3420 1719 3688 1790; x_wconf 37' lang='lat' dir='ltr'><strong><em>piae&#39;solli-</em></strong></span> 
     </span>
    </p>
   </div>
   <div class='ocr_carea' id='block_1_63' title="bbox 2167 1807 3687 1880">
    <p class='ocr_par' dir='ltr' id='par_1_63' title="bbox 2167 1807 3687 1880">
     <span class='ocr_line' id='line_1_63' title="bbox 2167 1807 3687 1880; baseline -0.007 -13"><span class='ocrx_word' id='word_1_442' title='bbox 2167 1814 2378 1867; x_wconf 89' lang='lat' dir='ltr'><strong><em>citudini</em></strong></span> <span class='ocrx_word' id='word_1_443' title='bbox 2402 1823 2617 1878; x_wconf 68' lang='lat' dir='ltr'><strong><em>vestrae,</em></strong></span> <span class='ocrx_word' id='word_1_444' title='bbox 2667 1829 2762 1867; x_wconf 89' lang='lat' dir='ltr'><strong><em>nos</em></strong></span> <span class='ocrx_word' id='word_1_445' title='bbox 2789 1828 2890 1866; x_wconf 88' lang='lat' dir='ltr'><strong><em>non</em></strong></span> <span class='ocrx_word' id='word_1_446' title='bbox 2919 1828 3131 1880; x_wconf 81' lang='lat' dir='ltr'><strong><em>parvum</em></strong></span> <span class='ocrx_word' id='word_1_447' title='bbox 3161 1811 3365 1877; x_wconf 88' lang='lat' dir='ltr'><strong><em>quidem</em></strong></span> <span class='ocrx_word' id='word_1_448' title='bbox 3384 1851 3398 1873; x_wconf 91' lang='lat'><strong><em>,</em></strong></span> <span class='ocrx_word' id='word_1_449' title='bbox 3429 1810 3547 1873; x_wconf 88' lang='lat' dir='ltr'><strong><em>sed,</em></strong></span> <span class='ocrx_word' id='word_1_450' title='bbox 3587 1807 3687 1858; x_wconf 88' lang='lat' dir='ltr'><strong><em>Deo</em></strong></span> 
     </span>
    </p>
   </div>
   <div class='ocr_carea' id='block_1_64' title="bbox 2169 1897 3687 1970">
    <p class='ocr_par' dir='ltr' id='par_1_64' title="bbox 2169 1897 3687 1970">
     <span class='ocr_line' id='line_1_64' title="bbox 2169 1897 3687 1970; baseline -0.006 -16"><span class='ocrx_word' id='word_1_451' title='bbox 2169 1903 2410 1969; x_wconf 88' lang='lat' dir='ltr'><strong><em>pr0p:tio,</em></strong></span> <span class='ocrx_word' id='word_1_452' title='bbox 2444 1903 2825 1970; x_wconf 86' lang='lat' dir='ltr'><strong><em>voluptuosum,</em></strong></span> <span class='ocrx_word' id='word_1_453' title='bbox 2860 1916 2887 1951; x_wconf 89' lang='lat' dir='ltr'><strong><em>a</em></strong></span> <span class='ocrx_word' id='word_1_454' title='bbox 2913 1901 3062 1953; x_wconf 81' lang='lat' dir='ltr'><strong><em>vobis</em></strong></span> <span class='ocrx_word' id='word_1_455' title='bbox 3092 1915 3378 1960; x_wconf 83' lang='lat' dir='ltr'><strong><em>reversum,</em></strong></span> <span class='ocrx_word' id='word_1_456' title='bbox 3410 1897 3687 1961; x_wconf 77' lang='lat' dir='ltr'><strong><em>sumpsisse</em></strong></span> 
     </span>
    </p>
   </div>
   <div class='ocr_carea' id='block_1_65' title="bbox 2168 1984 3686 2058">
    <p class='ocr_par' dir='ltr' id='par_1_65' title="bbox 2168 1984 3686 2058">
     <span class='ocr_line' id='line_1_65' title="bbox 2168 1984 3686 2058; baseline -0.005 -16"><span class='ocrx_word' id='word_1_457' title='bbox 2168 1991 2427 2057; x_wconf 90' lang='lat' dir='ltr'><strong><em>negotium</em></strong></span> <span class='ocrx_word' id='word_1_458' title='bbox 2449 2032 2463 2055; x_wconf 94' lang='lat'><strong><em>,</em></strong></span> <span class='ocrx_word' id='word_1_459' title='bbox 2503 1992 2637 2058; x_wconf 92' lang='lat' dir='ltr'><strong><em>quod</em></strong></span> <span class='ocrx_word' id='word_1_460' title='bbox 2666 1991 2815 2043; x_wconf 93' lang='lat' dir='ltr'><strong><em>nobis</em></strong></span> <span class='ocrx_word' id='word_1_461' title='bbox 2843 1990 3119 2058; x_wconf 69' lang='lat' dir='ltr'><strong><em>plurimum</em></strong></span> <span class='ocrx_word' id='word_1_462' title='bbox 3153 1989 3397 2054; x_wconf 89' lang='lat' dir='ltr'><strong><em>prodesse</em></strong></span> <span class='ocrx_word' id='word_1_463' title='bbox 3430 1987 3613 2054; x_wconf 72' lang='lat' dir='ltr'><strong><em>pmsit,</em></strong></span> <span class='ocrx_word' id='word_1_464' title='bbox 3645 1984 3686 2034; x_wconf 90' lang='lat' dir='ltr'><strong><em>si</em></strong></span> 
     </span>
    </p>
   </div>
   <div class='ocr_carea' id='block_1_66' title="bbox 2165 2079 3688 2141">
    <p class='ocr_par' dir='ltr' id='par_1_66' title="bbox 2165 2079 3688 2141">
     <span class='ocr_line' id='line_1_66' title="bbox 2165 2079 3688 2141; baseline -0.005 -9"><span class='ocrx_word' id='word_1_465' title='bbox 2165 2090 2254 2134; x_wconf 86' lang='lat' dir='ltr'><strong><em>aut</em></strong></span> <span class='ocrx_word' id='word_1_466' title='bbox 2284 2080 2618 2134; x_wconf 86' lang='lat' dir='ltr'><strong><em>intentionem</em></strong></span> <span class='ocrx_word' id='word_1_467' title='bbox 2647 2080 2958 2141; x_wconf 83' lang='lat' dir='ltr'><strong><em>intellectus,</em></strong></span> <span class='ocrx_word' id='word_1_468' title='bbox 2984 2087 3074 2130; x_wconf 89' lang='lat' dir='ltr'><strong><em>aut</em></strong></span> <span class='ocrx_word' id='word_1_469' title='bbox 3104 2079 3419 2130; x_wconf 89' lang='lat' dir='ltr'><strong><em>intellectum</em></strong></span> <span class='ocrx_word' id='word_1_470' title='bbox 3445 2088 3688 2140; x_wconf 88' lang='lat' dir='ltr'><strong><em>sequere-</em></strong></span> 
     </span>
    </p>
   </div>
   <div class='ocr_carea' id='block_1_67' title="bbox 2167 2166 3690 2236">
    <p class='ocr_par' dir='ltr' id='par_1_67' title="bbox 2167 2166 3690 2236">
     <span class='ocr_line' id='line_1_67' title="bbox 2167 2166 3690 2236; baseline -0.007 -15"><span class='ocrx_word' id='word_1_471' title='bbox 2167 2177 2250 2221; x_wconf 86' lang='lat' dir='ltr'><strong><em>tur</em></strong></span> <span class='ocrx_word' id='word_1_472' title='bbox 2298 2171 2576 2236; x_wconf 84' lang='lat' dir='ltr'><strong><em>ingenium.</em></strong></span> <span class='ocrx_word' id='word_1_473' title='bbox 2609 2167 2735 2223; x_wconf 78' lang='lat' dir='ltr'><strong><em>Sine</em></strong></span> <span class='ocrx_word' id='word_1_474' title='bbox 2784 2183 2936 2220; x_wconf 89' lang='lat' dir='ltr'><strong><em>causa</em></strong></span> <span class='ocrx_word' id='word_1_475' title='bbox 2968 2167 3106 2219; x_wconf 90' lang='lat' dir='ltr'><strong><em>enim</em></strong></span> <span class='ocrx_word' id='word_1_476' title='bbox 3153 2166 3277 2218; x_wconf 86' lang='lat' dir='ltr'><strong><em>solis</em></strong></span> <span class='ocrx_word' id='word_1_477' title='bbox 3319 2175 3488 2216; x_wconf 91' lang='lat' dir='ltr'><strong><em>ortum</em></strong></span> <span class='ocrx_word' id='word_1_478' title='bbox 3525 2175 3690 2222; x_wconf 65' lang='lat' dir='ltr'><strong><em>arcus</em></strong></span> 
     </span>
    </p>
   </div>
   <div class='ocr_carea' id='block_1_68' title="bbox 2170 2251 3688 2324">
    <p class='ocr_par' dir='ltr' id='par_1_68' title="bbox 2170 2251 3688 2324">
     <span class='ocr_line' id='line_1_68' title="bbox 2170 2251 3688 2324; baseline -0.007 -14"><span class='ocrx_word' id='word_1_479' title='bbox 2170 2264 2456 2324; x_wconf 80' lang='lat' dir='ltr'><strong><em>exspectat.</em></strong></span> <span class='ocrx_word' id='word_1_480' title='bbox 2498 2259 2588 2310; x_wconf 88' lang='lat' dir='ltr'><strong><em>Ille</em></strong></span> <span class='ocrx_word' id='word_1_481' title='bbox 2627 2257 2834 2323; x_wconf 88' lang='lat' dir='ltr'><strong><em>quidem</em></strong></span> <span class='ocrx_word' id='word_1_482' title='bbox 2863 2255 3156 2307; x_wconf 87' lang='lat' dir='ltr'><strong><em>videntibus</em></strong></span> <span class='ocrx_word' id='word_1_483' title='bbox 3193 2268 3397 2319; x_wconf 88' lang='lat' dir='ltr'><strong><em>semper</em></strong></span> <span class='ocrx_word' id='word_1_484' title='bbox 3436 2251 3688 2309; x_wconf 77' lang='lat' dir='ltr'><strong><em>exoritur;</em></strong></span> 
     </span>
    </p>
   </div>
   <div class='ocr_carea' id='block_1_69' title="bbox 2171 2338 3692 2411">
    <p class='ocr_par' dir='ltr' id='par_1_69' title="bbox 2171 2338 3692 2411">
     <span class='ocr_line' id='line_1_69' title="bbox 2171 2338 3692 2411; baseline -0.008 -13"><span class='ocrx_word' id='word_1_485' title='bbox 2171 2360 2274 2399; x_wconf 89' lang='lat' dir='ltr'><strong><em>non</em></strong></span> <span class='ocrx_word' id='word_1_486' title='bbox 2318 2345 2649 2398; x_wconf 86' lang='lat' dir='ltr'><strong><em>cernentibus</em></strong></span> <span class='ocrx_word' id='word_1_487' title='bbox 2696 2359 2820 2397; x_wconf 90' lang='lat' dir='ltr'><strong><em>vero</em></strong></span> <span class='ocrx_word' id='word_1_488' title='bbox 2867 2343 3020 2411; x_wconf 86' lang='lat' dir='ltr'><strong><em>jubar</em></strong></span> <span class='ocrx_word' id='word_1_489' title='bbox 3047 2343 3247 2409; x_wconf 88' lang='lat' dir='ltr'><strong><em>ipsius,</em></strong></span> <span class='ocrx_word' id='word_1_490' title='bbox 3288 2340 3433 2409; x_wconf 87' lang='lat' dir='ltr'><strong><em>quasi</em></strong></span> <span class='ocrx_word' id='word_1_491' title='bbox 3477 2338 3692 2390; x_wconf 76' lang='lat' dir='ltr'><strong><em>nubibus</em></strong></span> 
     </span>
    </p>
   </div>
   <div class='ocr_carea' id='block_1_70' title="bbox 2167 2431 3692 2502">
    <p class='ocr_par' dir='ltr' id='par_1_70' title="bbox 2167 2431 3692 2502">
     <span class='ocr_line' id='line_1_70' title="bbox 2167 2431 3692 2502; baseline -0.005 -15"><span class='ocrx_word' id='word_1_492' title='bbox 2167 2450 2373 2500; x_wconf 88' lang='lat' dir='ltr'><strong><em>semper</em></strong></span> <span class='ocrx_word' id='word_1_493' title='bbox 2411 2435 2715 2502; x_wconf 68' lang='lat' dir='ltr'><strong><em>operiturJ</em></strong></span> <span class='ocrx_word' id='word_1_494' title='bbox 2754 2433 2969 2496; x_wconf 87' lang='lat' dir='ltr'><strong><em>Sollium</em></strong></span> <span class='ocrx_word' id='word_1_495' title='bbox 3009 2435 3146 2487; x_wconf 88' lang='lat' dir='ltr'><strong><em>enim</em></strong></span> <span class='ocrx_word' id='word_1_496' title='bbox 3178 2442 3410 2483; x_wconf 78' lang='lat' dir='ltr'><strong><em>nOslrum</em></strong></span> <span class='ocrx_word' id='word_1_497' title='bbox 3450 2431 3692 2481; x_wconf 85' lang='lat' dir='ltr'><strong><em>domuum</em></strong></span> 
     </span>
    </p>
   </div>
   <div class='ocr_carea' id='block_1_71' title="bbox 2169 2516 3693 2592">
    <p class='ocr_par' dir='ltr' id='par_1_71' title="bbox 2169 2516 3693 2592">
     <span class='ocr_line' id='line_1_71' title="bbox 2169 2516 3693 2592; baseline -0.007 -15"><span class='ocrx_word' id='word_1_498' title='bbox 2169 2535 2466 2592; x_wconf 84' lang='lat' dir='ltr'><strong><em>patremque</em></strong></span> <span class='ocrx_word' id='word_1_499' title='bbox 2493 2537 2842 2590; x_wconf 89' lang='lat' dir='ltr'><strong><em>communem,</em></strong></span> <span class='ocrx_word' id='word_1_500' title='bbox 2871 2537 3023 2587; x_wconf 88' lang='lat' dir='ltr'><strong><em>quem</em></strong></span> <span class='ocrx_word' id='word_1_501' title='bbox 3061 2516 3508 2574; x_wconf 54' lang='lat' dir='ltr'><strong><em>transcribendum</em></strong></span> <span class='ocrx_word' id='word_1_502' title='bbox 3537 2517 3693 2568; x_wconf 83' lang='lat' dir='ltr'><strong><em>subti-</em></strong></span> 
     </span>
    </p>
   </div>
   <div class='ocr_carea' id='block_1_72' title="bbox 2167 2606 3692 2676">
    <p class='ocr_par' dir='ltr' id='par_1_72' title="bbox 2167 2606 3692 2676">
     <span class='ocr_line' id='line_1_72' title="bbox 2167 2606 3692 2676; baseline -0.005 -10"><span class='ocrx_word' id='word_1_503' title='bbox 2167 2613 2332 2666; x_wconf 90' lang='lat' dir='ltr'><strong><em>mitati</em></strong></span> <span class='ocrx_word' id='word_1_504' title='bbox 2359 2623 2541 2667; x_wconf 65' lang='lat' dir='ltr'><strong><em>vestrm</em></strong></span> <span class='ocrx_word' id='word_1_505' title='bbox 2567 2613 2776 2666; x_wconf 88' lang='lat' dir='ltr'><strong><em>dedisse</em></strong></span> <span class='ocrx_word' id='word_1_506' title='bbox 2803 2627 2884 2665; x_wconf 76' lang='lat' dir='ltr'><strong><em>me</em></strong></span> <span class='ocrx_word' id='word_1_507' title='bbox 2911 2611 3168 2674; x_wconf 81' lang='lat' dir='ltr'><strong><em>dixeram,</em></strong></span> <span class='ocrx_word' id='word_1_508' title='bbox 3199 2611 3472 2676; x_wconf 86' lang='lat' dir='ltr'><strong><em>legendqu</em></strong></span> <span class='ocrx_word' id='word_1_509' title='bbox 3499 2606 3692 2674; x_wconf 87' lang='lat' dir='ltr'><strong><em>recepi.</em></strong></span> 
     </span>
    </p>
   </div>
   <div class='ocr_carea' id='block_1_73' title="bbox 2166 2698 3694 2769">
    <p class='ocr_par' dir='ltr' id='par_1_73' title="bbox 2166 2698 3694 2769">
     <span class='ocr_line' id='line_1_73' title="bbox 2166 2698 3694 2769; baseline -0.003 -15"><span class='ocrx_word' id='word_1_510' title='bbox 2166 2703 2326 2769; x_wconf 87' lang='lat' dir='ltr'><strong><em>Cujus</em></strong></span> <span class='ocrx_word' id='word_1_511' title='bbox 2355 2703 2508 2756; x_wconf 90' lang='lat' dir='ltr'><strong><em>lectio</em></strong></span> <span class='ocrx_word' id='word_1_512' title='bbox 2536 2703 2668 2754; x_wconf 88' lang='lat' dir='ltr'><strong><em>sicut</em></strong></span> <span class='ocrx_word' id='word_1_513' title='bbox 2693 2702 2818 2755; x_wconf 88' lang='lat' dir='ltr'><strong><em>mibi</em></strong></span> <span class='ocrx_word' id='word_1_514' title='bbox 2840 2703 3103 2768; x_wconf 88' lang='lat' dir='ltr'><strong><em>antiquum</em></strong></span> <span class='ocrx_word' id='word_1_515' title='bbox 3145 2709 3400 2756; x_wconf 75' lang='lat' dir='ltr'><strong><em>restaura&#39;t</em></strong></span> <span class='ocrx_word' id='word_1_516' title='bbox 3425 2698 3694 2763; x_wconf 73' lang='lat' dir='ltr'><strong><em>affectum,</em></strong></span> 
     </span>
    </p>
   </div>
   <div class='ocr_carea' id='block_1_74' title="bbox 2163 2776 3693 2857">
    <p class='ocr_par' dir='ltr' id='par_1_74' title="bbox 2163 2776 3693 2857">
     <span class='ocr_line' id='line_1_74' title="bbox 2163 2776 3693 2857; baseline -0.001 -16"><span class='ocrx_word' id='word_1_517' title='bbox 2163 2776 2236 2841; x_wconf 83' lang='lat' dir='ltr'><strong><em>ita</em></strong></span> <span class='ocrx_word' id='word_1_518' title='bbox 2268 2805 2372 2856; x_wconf 65' lang='lat' dir='ltr'><strong><em>prre</em></strong></span> <span class='ocrx_word' id='word_1_519' title='bbox 2402 2791 2718 2842; x_wconf 86' lang='lat' dir='ltr'><strong><em>obscuritate</em></strong></span> <span class='ocrx_word' id='word_1_520' title='bbox 2747 2790 3000 2842; x_wconf 89' lang='lat' dir='ltr'><strong><em>dictorum</em></strong></span> <span class='ocrx_word' id='word_1_521' title='bbox 3027 2805 3127 2842; x_wconf 91' lang='lat' dir='ltr'><strong><em>non</em></strong></span> <span class='ocrx_word' id='word_1_522' title='bbox 3155 2791 3389 2844; x_wconf 88' lang='lat' dir='ltr'><strong><em>accendit</em></strong></span> <span class='ocrx_word' id='word_1_523' title='bbox 3413 2790 3693 2857; x_wconf 86' lang='lat' dir='ltr'><strong><em>ingenium.</em></strong></span> 
     </span>
    </p>
   </div>
   <div class='ocr_carea' id='block_1_75' title="bbox 2168 2877 3694 2945">
    <p class='ocr_par' dir='ltr' id='par_1_75' title="bbox 2168 2877 3694 2945">
     <span class='ocr_line' id='line_1_75' title="bbox 2168 2877 3694 2945; baseline 0.003 -19"><span class='ocrx_word' id='word_1_524' title='bbox 2168 2877 2463 2942; x_wconf 78' lang='lat' dir='ltr'><strong><em>Quamlibet</em></strong></span> <span class='ocrx_word' id='word_1_525' title='bbox 2504 2879 2670 2942; x_wconf 90' lang='lat' dir='ltr'><strong><em>ipsum</em></strong></span> <span class='ocrx_word' id='word_1_526' title='bbox 2715 2887 2830 2943; x_wconf 90' lang='lat' dir='ltr'><strong><em>post</em></strong></span> <span class='ocrx_word' id='word_1_527' title='bbox 2859 2885 2960 2928; x_wconf 87' lang='lat' dir='ltr'><strong><em>tam</em></strong></span> <span class='ocrx_word' id='word_1_528' title='bbox 3004 2877 3141 2943; x_wconf 80' lang='lat' dir='ltr'><strong><em>longi</em></strong></span> <span class='ocrx_word' id='word_1_529' title='bbox 3183 2878 3430 2944; x_wconf 80' lang='lat' dir='ltr'><strong><em>temporis</em></strong></span> <span class='ocrx_word' id='word_1_530' title='bbox 3474 2878 3694 2945; x_wconf 85' lang='lat' dir='ltr'><strong><em>spatium</em></strong></span> 
     </span>
    </p>
   </div>
   <div class='ocr_carea' id='block_1_76' title="bbox 2169 2963 3693 3032">
    <p class='ocr_par' dir='ltr' id='par_1_76' title="bbox 2169 2963 3693 3032">
     <span class='ocr_line' id='line_1_76' title="bbox 2169 2963 3693 3032; baseline 0.002 -17"><span class='ocrx_word' id='word_1_531' title='bbox 2169 2965 2396 3016; x_wconf 87' lang='lat' dir='ltr'><strong><em>caritatis</em></strong></span> <span class='ocrx_word' id='word_1_532' title='bbox 2426 2963 2703 3032; x_wconf 87' lang='lat' dir='ltr'><strong><em>igniculum</em></strong></span> <span class='ocrx_word' id='word_1_533' title='bbox 2738 2965 2973 3016; x_wconf 88' lang='lat' dir='ltr'><strong><em>scintillis</em></strong></span> <span class='ocrx_word' id='word_1_534' title='bbox 3011 2967 3117 3016; x_wconf 92' lang='lat' dir='ltr'><strong><em>suis</em></strong></span> <span class='ocrx_word' id='word_1_535' title='bbox 3149 2966 3283 3017; x_wconf 80' lang='lat' dir='ltr'><strong><em>inter</em></strong></span> <span class='ocrx_word' id='word_1_536' title='bbox 3316 2967 3592 3018; x_wconf 89' lang='lat' dir='ltr'><strong><em>oblivionis</em></strong></span> <span class='ocrx_word' id='word_1_537' title='bbox 3622 2967 3693 3018; x_wconf 79' lang='lat' dir='ltr'><strong><em>fa-</em></strong></span> 
     </span>
    </p>
   </div>
   <div class='ocr_carea' id='block_1_77' title="bbox 2173 3052 3694 3119">
    <p class='ocr_par' dir='ltr' id='par_1_77' title="bbox 2173 3052 3694 3119">
     <span class='ocr_line' id='line_1_77' title="bbox 2173 3052 3694 3119; baseline 0.005 -21"><span class='ocrx_word' id='word_1_538' title='bbox 2173 3052 2319 3104; x_wconf 61' lang='lat' dir='ltr'><strong><em>xilfas</em></strong></span> <span class='ocrx_word' id='word_1_539' title='bbox 2347 3062 2611 3118; x_wconf 89' lang='lat' dir='ltr'><strong><em>utcunque</em></strong></span> <span class='ocrx_word' id='word_1_540' title='bbox 2656 3053 2972 3105; x_wconf 87' lang='lat' dir='ltr'><strong><em>relucentem</em></strong></span> <span class='ocrx_word' id='word_1_541' title='bbox 2995 3093 3009 3116; x_wconf 94' lang='lat'><strong><em>,</em></strong></span> <span class='ocrx_word' id='word_1_542' title='bbox 3051 3067 3418 3119; x_wconf 86' lang='lat' dir='ltr'><strong><em>n0nnunquam</em></strong></span> <span class='ocrx_word' id='word_1_543' title='bbox 3448 3063 3501 3106; x_wconf 90' lang='lat' dir='ltr'><strong><em>et</em></strong></span> <span class='ocrx_word' id='word_1_544' title='bbox 3527 3057 3694 3119; x_wconf 88' lang='lat' dir='ltr'><strong><em>suspi-</em></strong></span> 
     </span>
    </p>
   </div>
   <div class='ocr_carea' id='block_1_78' title="bbox 2173 3139 3695 3203">
    <p class='ocr_par' dir='ltr' id='par_1_78' title="bbox 2173 3139 3695 3203">
     <span class='ocr_line' id='line_1_78' title="bbox 2173 3139 3695 3203; baseline 0.005 -13"><span class='ocrx_word' id='word_1_545' title='bbox 2173 3140 2322 3191; x_wconf 90' lang='lat' dir='ltr'><strong><em>riosis</em></strong></span> <span class='ocrx_word' id='word_1_546' title='bbox 2350 3139 2558 3193; x_wconf 54' lang='lat' dir='ltr'><strong><em>llekibus</em></strong></span> <span class='ocrx_word' id='word_1_547' title='bbox 2578 3142 2887 3203; x_wconf 80' lang='lat' dir='ltr'><strong><em>excitemus,</em></strong></span> <span class='ocrx_word' id='word_1_548' title='bbox 2913 3152 2964 3193; x_wconf 88' lang='lat' dir='ltr'><strong><em>et</em></strong></span> <span class='ocrx_word' id='word_1_549' title='bbox 2992 3141 3249 3193; x_wconf 88' lang='lat' dir='ltr'><strong><em>interdum</em></strong></span> <span class='ocrx_word' id='word_1_550' title='bbox 3289 3144 3524 3196; x_wconf 90' lang='lat' dir='ltr'><strong><em>dulcibus</em></strong></span> <span class='ocrx_word' id='word_1_551' title='bbox 3549 3145 3695 3197; x_wconf 82' lang='lat' dir='ltr'><strong><em>nobis</em></strong></span> 
     </span>
    </p>
   </div>
   <div class='ocr_carea' id='block_1_79' title="bbox 2169 3229 3694 3297">
    <p class='ocr_par' dir='ltr' id='par_1_79' title="bbox 2169 3229 3694 3297">
     <span class='ocr_line' id='line_1_79' title="bbox 2169 3229 3694 3297; baseline 0.004 -17"><span class='ocrx_word' id='word_1_552' title='bbox 2169 3229 2374 3281; x_wconf 83' lang='lat' dir='ltr'><strong><em>ﬂetibus</em></strong></span> <span class='ocrx_word' id='word_1_553' title='bbox 2414 3230 2712 3296; x_wconf 90' lang='lat' dir='ltr'><strong><em>irrigemus;</em></strong></span> <span class='ocrx_word' id='word_1_554' title='bbox 2769 3244 2872 3296; x_wconf 90' lang='lat' dir='ltr'><strong><em>quo</em></strong></span> <span class='ocrx_word' id='word_1_555' title='bbox 2913 3239 3083 3282; x_wconf 85' lang='lat' dir='ltr'><strong><em>tamen</em></strong></span> <span class='ocrx_word' id='word_1_556' title='bbox 3115 3230 3204 3280; x_wconf 92' lang='lat' dir='ltr'><strong><em>illo</em></strong></span> <span class='ocrx_word' id='word_1_557' title='bbox 3252 3230 3416 3282; x_wconf 88' lang='lat' dir='ltr'><strong><em>imbre</em></strong></span> <span class='ocrx_word' id='word_1_558' title='bbox 3460 3234 3694 3297; x_wconf 79' lang='lat' dir='ltr'><strong><em>perquns</em></strong></span> 
     </span>
    </p>
   </div>
   <div class='ocr_carea' id='block_1_80' title="bbox 2169 3316 3692 3386">
    <p class='ocr_par' dir='ltr' id='par_1_80' title="bbox 2169 3316 3692 3386">
     <span class='ocr_line' id='line_1_80' title="bbox 2169 3316 3692 3386; baseline 0.003 -18"><span class='ocrx_word' id='word_1_559' title='bbox 2169 3328 2362 3384; x_wconf 88' lang='lat' dir='ltr'><strong><em>quanto</em></strong></span> <span class='ocrx_word' id='word_1_560' title='bbox 2393 3319 2554 3384; x_wconf 83' lang='lat' dir='ltr'><strong><em>magis</em></strong></span> <span class='ocrx_word' id='word_1_561' title='bbox 2577 3316 2821 3379; x_wconf 81' lang='lat' dir='ltr'><strong><em>inﬁcitur,</em></strong></span> <span class='ocrx_word' id='word_1_562' title='bbox 2857 3324 2998 3367; x_wconf 89' lang='lat' dir='ltr'><strong><em>tanto</em></strong></span> <span class='ocrx_word' id='word_1_563' title='bbox 3028 3318 3190 3383; x_wconf 88' lang='lat' dir='ltr'><strong><em>magis</em></strong></span> <span class='ocrx_word' id='word_1_564' title='bbox 3213 3318 3530 3381; x_wconf 89' lang='lat' dir='ltr'><strong><em>incenditur;</em></strong></span> <span class='ocrx_word' id='word_1_565' title='bbox 3577 3323 3692 3386; x_wconf 88' lang='lat' dir='ltr'><strong><em>quia</em></strong></span> 
     </span>
    </p>
   </div>
   <div class='ocr_carea' id='block_1_81' title="bbox 2168 3406 3692 3474">
    <p class='ocr_par' dir='ltr' id='par_1_81' title="bbox 2168 3406 3692 3474">
     <span class='ocr_line' id='line_1_81' title="bbox 2168 3406 3692 3474; baseline 0.001 -15"><span class='ocrx_word' id='word_1_566' title='bbox 2168 3422 2258 3472; x_wconf 90' lang='lat' dir='ltr'><strong><em>per</em></strong></span> <span class='ocrx_word' id='word_1_567' title='bbox 2280 3406 2503 3474; x_wconf 89' lang='lat' dir='ltr'><strong><em>lacryma</em></strong></span> <span class='ocrx_word' id='word_1_568' title='bbox 2513 3420 2621 3457; x_wconf 90' lang='lat' dir='ltr'><strong><em>rum</em></strong></span> <span class='ocrx_word' id='word_1_569' title='bbox 2635 3406 2834 3471; x_wconf 87' lang='lat' dir='ltr'><strong><em>copiam</em></strong></span> <span class='ocrx_word' id='word_1_570' title='bbox 2859 3406 3231 3458; x_wconf 88' lang='lat' dir='ltr'><strong><em>desideriorum</em></strong></span> <span class='ocrx_word' id='word_1_571' title='bbox 3247 3416 3401 3473; x_wconf 87' lang='lat' dir='ltr'><strong><em>atq-ue</em></strong></span> <span class='ocrx_word' id='word_1_572' title='bbox 3416 3408 3692 3460; x_wconf 71' lang='lat' dir='ltr'><strong><em>affectuum</em></strong></span> 
     </span>
    </p>
   </div>
   <div class='ocr_carea' id='block_1_82' title="bbox 2163 3495 3693 3564">
    <p class='ocr_par' dir='ltr' id='par_1_82' title="bbox 2163 3495 3693 3564">
     <span class='ocr_line' id='line_1_82' title="bbox 2163 3495 3693 3564; baseline 0.001 -15"><span class='ocrx_word' id='word_1_573' title='bbox 2163 3497 2353 3550; x_wconf 90' lang='lat' dir='ltr'><strong><em>crescit</em></strong></span> <span class='ocrx_word' id='word_1_574' title='bbox 2379 3497 2580 3548; x_wconf 85' lang='lat' dir='ltr'><strong><em>ﬂamma</em></strong></span> <span class='ocrx_word' id='word_1_575' title='bbox 2601 3534 2616 3556; x_wconf 85' lang='lat'><strong><em>,</em></strong></span> <span class='ocrx_word' id='word_1_576' title='bbox 2647 3509 2749 3547; x_wconf 90' lang='lat' dir='ltr'><strong><em>non</em></strong></span> <span class='ocrx_word' id='word_1_577' title='bbox 2783 3495 2978 3548; x_wconf 79' lang='lat' dir='ltr'><strong><em>deficit.</em></strong></span> <span class='ocrx_word' id='word_1_578' title='bbox 3013 3497 3157 3548; x_wconf 87' lang='lat' dir='ltr'><strong><em>Hunc</em></strong></span> <span class='ocrx_word' id='word_1_579' title='bbox 3184 3512 3340 3564; x_wconf 84' lang='lat' dir='ltr'><strong><em>ergo,</em></strong></span> <span class='ocrx_word' id='word_1_580' title='bbox 3374 3499 3412 3550; x_wconf 69' lang='lat' dir='ltr'><strong><em>si</em></strong></span> <span class='ocrx_word' id='word_1_581' title='bbox 3441 3499 3693 3552; x_wconf 85' lang='lat' dir='ltr'><strong><em>Dominus</em></strong></span> 
     </span>
    </p>
   </div>
   <div class='ocr_carea' id='block_1_83' title="bbox 2166 3583 3690 3651">
    <p class='ocr_par' dir='ltr' id='par_1_83' title="bbox 2166 3583 3690 3651">
     <span class='ocr_line' id='line_1_83' title="bbox 2166 3583 3690 3651; baseline 0.005 -17"><span class='ocrx_word' id='word_1_582' title='bbox 2166 3585 2262 3650; x_wconf 73' lang='lat' dir='ltr'><strong><em>piae</em></strong></span> <span class='ocrx_word' id='word_1_583' title='bbox 2313 3583 2597 3635; x_wconf 80' lang='lat' dir='ltr'><strong><em>definitioni</em></strong></span> <span class='ocrx_word' id='word_1_584' title='bbox 2629 3593 2815 3636; x_wconf 72' lang='lat' dir='ltr'><strong><em>vestrae</em></strong></span> <span class='ocrx_word' id='word_1_585' title='bbox 2845 3584 3072 3644; x_wconf 88' lang='lat' dir='ltr'><strong><em>tribuet,</em></strong></span> <span class='ocrx_word' id='word_1_586' title='bbox 3107 3597 3159 3634; x_wconf 91' lang='lat' dir='ltr'><strong><em>ut</em></strong></span> <span class='ocrx_word' id='word_1_587' title='bbox 3195 3585 3383 3644; x_wconf 84' lang='lat' dir='ltr'><strong><em>fautor.</em></strong></span> <span class='ocrx_word' id='word_1_588' title='bbox 3415 3586 3690 3651; x_wconf 70' lang='lat' dir='ltr'><strong><em>elici-tum,</em></strong></span> 
     </span>
    </p>
   </div>
   <div class='ocr_carea' id='block_1_84' title="bbox 2163 3673 3691 3741">
    <p class='ocr_par' dir='ltr' id='par_1_84' title="bbox 2163 3673 3691 3741">
     <span class='ocr_line' id='line_1_84' title="bbox 2163 3673 3691 3741; baseline 0.002 -18"><span class='ocrx_word' id='word_1_589' title='bbox 2163 3676 2307 3726; x_wconf 81' lang='lat' dir='ltr'><strong><em>vobis</em></strong></span> <span class='ocrx_word' id='word_1_590' title='bbox 2343 3674 2687 3741; x_wconf 69' lang='lat' dir='ltr'><strong><em>piresentibus</em></strong></span> <span class='ocrx_word' id='word_1_591' title='bbox 2719 3688 3023 3737; x_wconf 89' lang='lat' dir='ltr'><strong><em>percensere</em></strong></span> <span class='ocrx_word' id='word_1_592' title='bbox 3065 3673 3251 3724; x_wconf 81' lang='lat' dir='ltr'><strong><em>festino</em></strong></span> <span class='ocrx_word' id='word_1_593' title='bbox 3281 3683 3334 3725; x_wconf 89' lang='lat' dir='ltr'><strong><em>et</em></strong></span> <span class='ocrx_word' id='word_1_594' title='bbox 3375 3676 3509 3725; x_wconf 83' lang='lat' dir='ltr'><strong><em>efﬁci</em></strong></span> <span class='ocrx_word' id='word_1_595' title='bbox 3540 3678 3691 3728; x_wconf 83' lang='lat' dir='ltr'><strong><em>di-ci-</em></strong></span> 
     </span>
    </p>
   </div>
   <div class='ocr_carea' id='block_1_85' title="bbox 2163 3761 3692 3829">
    <p class='ocr_par' dir='ltr' id='par_1_85' title="bbox 2163 3761 3692 3829">
     <span class='ocr_line' id='line_1_85' title="bbox 2163 3761 3692 3829; baseline 0.001 -16"><span class='ocrx_word' id='word_1_596' title='bbox 2163 3763 2311 3828; x_wconf 90' lang='lat' dir='ltr'><strong><em>pulus</em></strong></span> <span class='ocrx_word' id='word_1_597' title='bbox 2339 3764 2402 3814; x_wconf 85' lang='lat' dir='ltr'><strong><em>tle</em></strong></span> <span class='ocrx_word' id='word_1_598' title='bbox 2429 3762 2697 3829; x_wconf 82' lang='lat' dir='ltr'><strong><em>magistro.</em></strong></span> <span class='ocrx_word' id='word_1_599' title='bbox 2721 3761 2846 3826; x_wconf 79' lang='lat' dir='ltr'><strong><em>Quia</em></strong></span> <span class='ocrx_word' id='word_1_600' title='bbox 2881 3776 2979 3812; x_wconf 88' lang='lat' dir='ltr'><strong><em>non</em></strong></span> <span class='ocrx_word' id='word_1_601' title='bbox 3011 3775 3092 3812; x_wconf 89' lang='lat' dir='ltr'><strong><em>me</em></strong></span> <span class='ocrx_word' id='word_1_602' title='bbox 3135 3764 3293 3826; x_wconf 81' lang='lat' dir='ltr'><strong><em>pudet.</em></strong></span> <span class='ocrx_word' id='word_1_603' title='bbox 3330 3761 3484 3812; x_wconf 83' lang='lat' dir='ltr'><strong><em>etiam</em></strong></span> <span class='ocrx_word' id='word_1_604' title='bbox 3517 3765 3564 3814; x_wconf 90' lang='lat' dir='ltr'><strong><em>in</em></strong></span> <span class='ocrx_word' id='word_1_605' title='bbox 3600 3767 3692 3814; x_wconf 87' lang='lat' dir='ltr'><strong><em>bac</em></strong></span> 
     </span>
    </p>
   </div>
   <div class='ocr_carea' id='block_1_86' title="bbox 2159 3849 3688 3917">
    <p class='ocr_par' dir='ltr' id='par_1_86' title="bbox 2159 3849 3688 3917">
     <span class='ocr_line' id='line_1_86' title="bbox 2159 3849 3688 3917; baseline 0.004 -19"><span class='ocrx_word' id='word_1_606' title='bbox 2159 3858 2330 3912; x_wconf 68' lang='lat' dir='ltr'><strong><em>aetate,</em></strong></span> <span class='ocrx_word' id='word_1_607' title='bbox 2361 3864 2458 3902; x_wconf 90' lang='lat' dir='ltr'><strong><em>nec</em></strong></span> <span class='ocrx_word' id='word_1_608' title='bbox 2489 3852 2622 3917; x_wconf 88' lang='lat' dir='ltr'><strong><em>piget</em></strong></span> <span class='ocrx_word' id='word_1_609' title='bbox 2648 3849 2886 3914; x_wconf 86' lang='lat' dir='ltr'><strong><em>discipuli</em></strong></span> <span class='ocrx_word' id='word_1_610' title='bbox 2916 3851 3144 3914; x_wconf 87' lang='lat' dir='ltr'><strong><em>arripere</em></strong></span> <span class='ocrx_word' id='word_1_611' title='bbox 3175 3851 3502 3910; x_wconf 76' lang='lat' dir='ltr'><strong><em>industriam,</em></strong></span> <span class='ocrx_word' id='word_1_612' title='bbox 3538 3852 3688 3904; x_wconf 87' lang='lat' dir='ltr'><strong><em>dum-</em></strong></span> 
     </span>
    </p>
   </div>
   <div class='ocr_carea' id='block_1_87' title="bbox 2157 3941 3685 4008">
    <p class='ocr_par' dir='ltr' id='par_1_87' title="bbox 2157 3941 3685 4008">
     <span class='ocr_line' id='line_1_87' title="bbox 2157 3941 3685 4008; baseline 0 -13"><span class='ocrx_word' id='word_1_613' title='bbox 2157 3943 2312 3996; x_wconf 86' lang='lat' dir='ltr'><strong><em>modo</em></strong></span> <span class='ocrx_word' id='word_1_614' title='bbox 2367 3943 2550 3996; x_wconf 72' lang='lat' dir='ltr'><strong><em>all‘ecta</em></strong></span> <span class='ocrx_word' id='word_1_615' title='bbox 2604 3951 2757 3995; x_wconf 71' lang='lat' dir='ltr'><strong><em>aatate</em></strong></span> <span class='ocrx_word' id='word_1_616' title='bbox 2799 3943 2927 3994; x_wconf 87' lang='lat' dir='ltr'><strong><em>artis</em></strong></span> <span class='ocrx_word' id='word_1_617' title='bbox 2988 3956 3278 4008; x_wconf 88' lang='lat' dir='ltr'><strong><em>consequar</em></strong></span> <span class='ocrx_word' id='word_1_618' title='bbox 3338 3941 3685 4007; x_wconf 81' lang='lat' dir='ltr'><strong><em>disciplinain.</em></strong></span> 
     </span>
    </p>
   </div>
   <div class='ocr_carea' id='block_1_88' title="bbox 2147 4140 3692 4208">
    <p class='ocr_par' dir='ltr' id='par_1_88' title="bbox 2147 4140 3692 4208">
     <span class='ocr_line' id='line_1_88' title="bbox 2147 4140 3692 4208; baseline 0.003 -17"><span class='ocrx_word' id='word_1_619' title='bbox 2147 4142 2277 4201; x_wconf 87' lang='lat' dir='ltr'><strong><em>ciso,</em></strong></span> <span class='ocrx_word' id='word_1_620' title='bbox 2307 4140 2438 4204; x_wconf 91' lang='lat' dir='ltr'><strong><em>apud</em></strong></span> <span class='ocrx_word' id='word_1_621' title='bbox 2479 4141 2820 4192; x_wconf 83' lang='lat' dir='ltr'><strong><em>Mediolanum</em></strong></span> <span class='ocrx_word' id='word_1_622' title='bbox 2861 4143 3120 4208; x_wconf 86' lang='lat' dir='ltr'><strong><em>relegatus</em></strong></span> <span class='ocrx_word' id='word_1_623' title='bbox 3151 4154 3273 4198; x_wconf 85' lang='lat' dir='ltr'><strong><em>est:</em></strong></span> <span class='ocrx_word' id='word_1_624' title='bbox 3311 4145 3464 4199; x_wconf 90' lang='lat' dir='ltr'><strong><em>rediit</em></strong></span> <span class='ocrx_word' id='word_1_625' title='bbox 3509 4151 3692 4197; x_wconf 76' lang='lat' dir='ltr'><strong><em>Arver-</em></strong></span> 
     </span>
    </p>
   </div>
   <div class='ocr_carea' id='block_1_89' title="bbox 2149 4208 3686 4280">
    <p class='ocr_par' dir='ltr' id='par_1_89' title="bbox 2149 4208 3686 4280">
     <span class='ocr_line' id='line_1_89' title="bbox 2149 4208 3686 4280; baseline 0.007 -26"><span class='ocrx_word' id='word_1_626' title='bbox 2149 4224 2265 4280; x_wconf 85' lang='lat' dir='ltr'><strong><em>nam</em></strong></span> <span class='ocrx_word' id='word_1_627' title='bbox 2315 4208 2581 4272; x_wconf 78' lang='lat' dir='ltr'><strong><em>profugus.</em></strong></span> <span class='ocrx_word' id='word_1_628' title='bbox 2619 4209 2809 4280; x_wconf 82' lang='lat' dir='ltr'><strong><em>Deinde</em></strong></span> <span class='ocrx_word' id='word_1_629' title='bbox 2839 4209 3148 4265; x_wconf 80' lang='lat' dir='ltr'><strong><em>Vocladensi</em></strong></span> <span class='ocrx_word' id='word_1_630' title='bbox 3188 4216 3366 4280; x_wconf 64' lang='lat' dir='ltr'><strong><em>przelio</em></strong></span> <span class='ocrx_word' id='word_1_631' title='bbox 3395 4214 3579 4275; x_wconf 84' lang='lat' dir='ltr'><strong><em>adfu-t,</em></strong></span> <span class='ocrx_word' id='word_1_632' title='bbox 3617 4216 3686 4264; x_wconf 78' lang='lat' dir='ltr'><strong><em>ibi</em></strong></span> 
     </span>
    </p>
   </div>
   <div class='ocr_carea' id='block_1_90' title="bbox 2151 4277 3691 4344">
    <p class='ocr_par' dir='ltr' id='par_1_90' title="bbox 2151 4277 3691 4344">
     <span class='ocr_line' id='line_1_90' title="bbox 2151 4277 3691 4344; baseline 0.005 -18"><span class='ocrx_word' id='word_1_633' title='bbox 2151 4279 2317 4341; x_wconf 86' lang='lat' dir='ltr'><strong><em>ipsum</em></strong></span> <span class='ocrx_word' id='word_1_634' title='bbox 2367 4290 2481 4344; x_wconf 84' lang='lat' dir='ltr'><strong><em>cum</em></strong></span> <span class='ocrx_word' id='word_1_635' title='bbox 2535 4277 2760 4325; x_wconf 86' lang='lat' dir='ltr'><strong><em>maximo</em></strong></span> <span class='ocrx_word' id='word_1_636' title='bbox 2801 4279 3148 4330; x_wconf 82' lang='lat' dir='ltr'><strong><em>Arvernorum</em></strong></span> <span class='ocrx_word' id='word_1_637' title='bbox 3190 4277 3392 4344; x_wconf 76' lang='lat' dir='ltr'><strong><em>populo</em></strong></span> <span class='ocrx_word' id='word_1_638' title='bbox 3427 4297 3691 4334; x_wconf 71' lang='lat' dir='ltr'><strong><em>cor&#39;utssc</em></strong></span> 
     </span>
    </p>
   </div>
   <div class='ocr_carea' id='block_1_91' title="bbox 522 4338 3690 4412">
    <p class='ocr_par' dir='ltr' id='par_1_91' title="bbox 522 4338 3690 4412">
     <span class='ocr_line' id='line_1_91' title="bbox 522 4338 3690 4412; baseline 0.001 -20"><span class='ocrx_word' id='word_1_639' title='bbox 522 4338 629 4410; x_wconf 81' lang='lat' dir='ltr'><strong><em>plu,</em></strong></span> <span class='ocrx_word' id='word_1_640' title='bbox 663 4342 881 4394; x_wconf 87' lang='lat' dir='ltr'><strong><em>laudavit</em></strong></span> <span class='ocrx_word' id='word_1_641' title='bbox 915 4345 1103 4412; x_wconf 65' lang='lat' dir='ltr'><strong><em>saepius</em></strong></span> <span class='ocrx_word' id='word_1_642' title='bbox 1132 4341 1406 4412; x_wconf 57' lang='lat' dir='ltr'><strong><em>Sidoniusl</em></strong></span> <span class='ocrx_word' id='word_1_643' title='bbox 1427 4338 1542 4390; x_wconf 84' lang='lat' dir='ltr'><strong><em>Fuit</em></strong></span> <span class='ocrx_word' id='word_1_644' title='bbox 1565 4343 1642 4412; x_wconf 76' lang='lat' dir='ltr'><strong><em>vir</em></strong></span> <span class='ocrx_word' id='word_1_645' title='bbox 1668 4342 1944 4412; x_wconf 69' lang='lat' dir='ltr'><strong><em>singularis</em></strong></span> <span class='ocrx_word' id='word_1_646' title='bbox 1969 4344 2042 4412; x_wconf 85' lang='lat' dir='ltr'><strong><em>in-</em></strong></span> <span class='ocrx_word' id='word_1_647' title='bbox 2077 4338 2123 4395; x_wconf 82' lang='grc' dir='ltr'><strong><em>Ι)</em></strong></span> <span class='ocrx_word' id='word_1_648' title='bbox 2151 4338 2336 4395; x_wconf 75' lang='lat' dir='ltr'><strong><em>asserit</em></strong></span> <span class='ocrx_word' id='word_1_649' title='bbox 2360 4343 2574 4394; x_wconf 87' lang='lat' dir='ltr'><strong><em>Savaro.</em></strong></span> <span class='ocrx_word' id='word_1_650' title='bbox 2609 4344 2709 4394; x_wconf 85' lang='lat' dir='ltr'><strong><em>Sed</em></strong></span> <span class='ocrx_word' id='word_1_651' title='bbox 2744 4344 2929 4412; x_wconf 88' lang='lat' dir='ltr'><strong><em>iterum</em></strong></span> <span class='ocrx_word' id='word_1_652' title='bbox 2957 4348 3117 4395; x_wconf 82' lang='lat' dir='ltr'><strong><em>evasit</em></strong></span> <span class='ocrx_word' id='word_1_653' title='bbox 3147 4338 3298 4412; x_wconf 76' lang='lat' dir='ltr'><strong><em>Apoll</em></strong></span> <span class='ocrx_word' id='word_1_654' title='bbox 3325 4351 3485 4400; x_wconf 59' lang='grc' dir='ltr'><strong><em>ητιιηίς,</em></strong></span> <span class='ocrx_word' id='word_1_655' title='bbox 3522 4350 3690 4400; x_wconf 78' lang='lat' dir='ltr'><strong><em>Placi—</em></strong></span> 
     </span>
    </p>
   </div>
   <div class='ocr_carea' id='block_1_92' title="bbox 521 4407 2044 4478">
    <p class='ocr_par' dir='ltr' id='par_1_92' title="bbox 521 4407 2044 4478">
     <span class='ocr_line' id='line_1_92' title="bbox 521 4407 2044 4478; baseline 0 -18"><span class='ocrx_word' id='word_1_656' title='bbox 521 4407 652 4478; x_wconf 73' lang='lat' dir='ltr'><strong><em>genii</em></strong></span> <span class='ocrx_word' id='word_1_657' title='bbox 673 4449 685 4471; x_wconf 92' lang='lat'><strong><em>,</em></strong></span> <span class='ocrx_word' id='word_1_658' title='bbox 717 4412 906 4477; x_wconf 80' lang='lat' dir='ltr'><strong><em>quique</em></strong></span> <span class='ocrx_word' id='word_1_659' title='bbox 933 4410 1224 4478; x_wconf 55' lang='lat' dir='ltr'><strong><em>eloquentia</em></strong></span> <span class='ocrx_word' id='word_1_660' title='bbox 1255 4422 1347 4458; x_wconf 90' lang='lat' dir='ltr'><strong><em>sua</em></strong></span> <span class='ocrx_word' id='word_1_661' title='bbox 1377 4407 1622 4461; x_wconf 77' lang='lat' dir='ltr'><strong><em>Romanis</em></strong></span> <span class='ocrx_word' id='word_1_662' title='bbox 1650 4410 1878 4472; x_wconf 85' lang='lat' dir='ltr'><strong><em>partibus</em></strong></span> <span class='ocrx_word' id='word_1_663' title='bbox 1907 4411 2044 4460; x_wconf 86' lang='lat' dir='ltr'><strong><em>mul-</em></strong></span> 
     </span>
    </p>
   </div>
   <div class='ocr_carea' id='block_1_93' title="bbox 521 4477 2046 4545">
    <p class='ocr_par' dir='ltr' id='par_1_93' title="bbox 521 4477 2046 4545">
     <span class='ocr_line' id='line_1_93' title="bbox 521 4477 2046 4545; baseline 0 -15"><span class='ocrx_word' id='word_1_664' title='bbox 521 4477 628 4530; x_wconf 86' lang='lat' dir='ltr'><strong><em>tum</em></strong></span> <span class='ocrx_word' id='word_1_665' title='bbox 671 4480 876 4545; x_wconf 82' lang='lat' dir='ltr'><strong><em>proluit.</em></strong></span> <span class='ocrx_word' id='word_1_666' title='bbox 930 4477 1047 4530; x_wconf 81' lang='lat' dir='ltr'><strong><em>Fuit</em></strong></span> <span class='ocrx_word' id='word_1_667' title='bbox 1075 4478 1311 4529; x_wconf 86' lang='lat' dir='ltr'><strong><em>eminens</em></strong></span> <span class='ocrx_word' id='word_1_668' title='bbox 1349 4486 1498 4541; x_wconf 90' lang='lat' dir='ltr'><strong><em>poeta</em></strong></span> <span class='ocrx_word' id='word_1_669' title='bbox 1542 4492 1703 4529; x_wconf 57' lang='lat' dir='ltr'><strong><em>sacrm</em></strong></span> <span class='ocrx_word' id='word_1_670' title='bbox 1743 4479 2046 4530; x_wconf 69' lang='lat' dir='ltr'><strong><em>litteratum</em></strong></span> 
     </span>
    </p>
   </div>
   <div class='ocr_carea' id='block_1_94' title="bbox 521 4545 2048 4613">
    <p class='ocr_par' dir='ltr' id='par_1_94' title="bbox 521 4545 2048 4613">
     <span class='ocr_line' id='line_1_94' title="bbox 521 4545 2048 4613; baseline -0.001 -13"><span class='ocrx_word' id='word_1_671' title='bbox 521 4550 802 4612; x_wconf 87' lang='lat' dir='ltr'><strong><em>studiosus,</em></strong></span> <span class='ocrx_word' id='word_1_672' title='bbox 821 4557 933 4600; x_wconf 88' lang='lat' dir='ltr'><strong><em>erat</em></strong></span> <span class='ocrx_word' id='word_1_673' title='bbox 952 4557 1122 4599; x_wconf 87' lang='lat' dir='ltr'><strong><em>autem</em></strong></span> <span class='ocrx_word' id='word_1_674' title='bbox 1144 4545 1501 4613; x_wconf 79' lang='lat' dir='ltr'><strong><em>Lugdunensis</em></strong></span> <span class='ocrx_word' id='word_1_675' title='bbox 1521 4549 1741 4613; x_wconf 59' lang='lat' dir='ltr'><strong><em>presbyt.</em></strong></span> <span class='ocrx_word' id='word_1_676' title='bbox 1767 4562 1790 4597; x_wconf 91' lang='lat' dir='ltr'><strong><em>r</em></strong></span> <span class='ocrx_word' id='word_1_677' title='bbox 1805 4549 2048 4613; x_wconf 88' lang='lat' dir='ltr'><strong><em>maleque</em></strong></span> 
     </span>
    </p>
   </div>
   <div class='ocr_carea' id='block_1_95' title="bbox 522 4610 2050 4682">
    <p class='ocr_par' dir='ltr' id='par_1_95' title="bbox 522 4610 2050 4682">
     <span class='ocr_line' id='line_1_95' title="bbox 522 4610 2050 4682; baseline -0.003 -13"><span class='ocrx_word' id='word_1_678' title='bbox 522 4610 798 4682; x_wconf 84' lang='lat' dir='ltr'><strong><em>episcOpus</em></strong></span> <span class='ocrx_word' id='word_1_679' title='bbox 817 4619 1003 4668; x_wconf 78' lang='grc' dir='ltr'><strong><em>όὶοιιυι·</em></strong></span> <span class='ocrx_word' id='word_1_680' title='bbox 1028 4616 1092 4666; x_wconf 90' lang='lat' dir='ltr'><strong><em>ab</em></strong></span> <span class='ocrx_word' id='word_1_681' title='bbox 1120 4610 1336 4665; x_wconf 84' lang='lat' dir='ltr'><strong><em>Isidoro.</em></strong></span> <span class='ocrx_word' id='word_1_682' title='bbox 1372 4610 1538 4682; x_wconf 74' lang='lat' dir='ltr'><strong><em>Vitam</em></strong></span> <span class='ocrx_word' id='word_1_683' title='bbox 1567 4614 1620 4666; x_wconf 88' lang='lat' dir='ltr'><strong><em>S.</em></strong></span> <span class='ocrx_word' id='word_1_684' title='bbox 1649 4610 1893 4667; x_wconf 82' lang='lat' dir='ltr'><strong><em>Germani</em></strong></span> <span class='ocrx_word' id='word_1_685' title='bbox 1920 4610 2050 4667; x_wconf 81' lang='lat' dir='ltr'><strong><em>scri-</em></strong></span> 
     </span>
    </p>
   </div>
   <div class='ocr_carea' id='block_1_96' title="bbox 522 4678 2047 4752">
    <p class='ocr_par' dir='ltr' id='par_1_96' title="bbox 522 4678 2047 4752">
     <span class='ocr_line' id='line_1_96' title="bbox 522 4678 2047 4752; baseline -0.001 -18"><span class='ocrx_word' id='word_1_686' title='bbox 522 4678 622 4751; x_wconf 85' lang='lat' dir='ltr'><strong><em>psit</em></strong></span> <span class='ocrx_word' id='word_1_687' title='bbox 648 4678 868 4752; x_wconf 79' lang='lat' dir='ltr'><strong><em>eleganti</em></strong></span> <span class='ocrx_word' id='word_1_688' title='bbox 894 4687 1046 4751; x_wconf 82' lang='lat' dir='ltr'><strong><em>stylo.</em></strong></span> <span class='ocrx_word' id='word_1_689' title='bbox 1085 4684 1176 4734; x_wconf 87' lang='lat' dir='ltr'><strong><em>Est</em></strong></span> <span class='ocrx_word' id='word_1_690' title='bbox 1197 4682 1357 4732; x_wconf 82' lang='lat' dir='ltr'><strong><em>altera</em></strong></span> <span class='ocrx_word' id='word_1_691' title='bbox 1382 4678 1444 4730; x_wconf 88' lang='lat' dir='ltr'><strong><em>ad</em></strong></span> <span class='ocrx_word' id='word_1_692' title='bbox 1471 4697 1588 4733; x_wconf 89' lang='lat' dir='ltr'><strong><em>eum</em></strong></span> <span class='ocrx_word' id='word_1_693' title='bbox 1612 4682 1803 4736; x_wconf 75' lang='lat' dir='ltr'><strong><em>Iluricii</em></strong></span> <span class='ocrx_word' id='word_1_694' title='bbox 1832 4683 2047 4750; x_wconf 87' lang='lat' dir='ltr'><strong><em>epistola</em></strong></span> 
     </span>
    </p>
   </div>
   <div class='ocr_carea' id='block_1_97' title="bbox 523 4754 1035 4804">
    <p class='ocr_par' dir='ltr' id='par_1_97' title="bbox 523 4754 1035 4804">
     <span class='ocr_line' id='line_1_97' title="bbox 523 4754 1035 4804; baseline -0.002 -1"><span class='ocrx_word' id='word_1_695' title='bbox 523 4768 739 4803; x_wconf 88' lang='lat' dir='ltr'><strong><em>numero</em></strong></span> <span class='ocrx_word' id='word_1_696' title='bbox 765 4754 846 4804; x_wconf 63' lang='grc' dir='ltr'><strong><em>ἀεὶ.</em></strong></span> <span class='ocrx_word' id='word_1_697' title='bbox 883 4754 1035 4804; x_wconf 70' lang='grc' dir='ltr'><strong>ΒΑεΝ.</strong></span> 
     </span>
    </p>
   </div>
   <div class='ocr_carea' id='block_1_98' title="bbox 591 4816 1977 4885">
    <p class='ocr_par' dir='ltr' id='par_1_98' title="bbox 591 4816 1977 4885">
     <span class='ocr_line' id='line_1_98' title="bbox 591 4816 1977 4885; baseline 0.001 -17"><span class='ocrx_word' id='word_1_698' title='bbox 591 4821 617 4856; x_wconf 65' lang='grc' dir='ltr'>δ</span> <span class='ocrx_word' id='word_1_699' title='bbox 651 4821 861 4873; x_wconf 85' lang='lat' dir='ltr'><strong><em>Videtur</em></strong></span> <span class='ocrx_word' id='word_1_700' title='bbox 882 4835 996 4872; x_wconf 90' lang='lat' dir='ltr'><strong><em>esse</em></strong></span> <span class='ocrx_word' id='word_1_701' title='bbox 1026 4818 1214 4885; x_wconf 88' lang='lat' dir='ltr'><strong><em>scripta</em></strong></span> <span class='ocrx_word' id='word_1_702' title='bbox 1245 4816 1308 4868; x_wconf 85' lang='lat' dir='ltr'><strong><em>ad</em></strong></span> <span class='ocrx_word' id='word_1_703' title='bbox 1333 4817 1570 4869; x_wconf 90' lang='lat' dir='ltr'><strong><em>eumdem</em></strong></span> <span class='ocrx_word' id='word_1_704' title='bbox 1598 4819 1977 4873; x_wconf 82' lang='lat' dir='ltr'><strong><em>Constantium.</em></strong></span> 
     </span>
    </p>
   </div>
   <div class='ocr_carea' id='block_1_99' title="bbox 595 4888 1027 4940">
    <p class='ocr_par' dir='ltr' id='par_1_99' title="bbox 595 4888 1027 4940">
     <span class='ocr_line' id='line_1_99' title="bbox 595 4888 1027 4940; baseline -0.002 -2"><span class='ocrx_word' id='word_1_705' title='bbox 595 4899 616 4925; x_wconf 74' lang='grc' dir='ltr'><strong>ε</strong></span> <span class='ocrx_word' id='word_1_706' title='bbox 645 4888 797 4940; x_wconf 82' lang='lat' dir='ltr'><strong><em>Forte</em></strong></span> <span class='ocrx_word' id='word_1_707' title='bbox 822 4889 1027 4938; x_wconf 81' lang='lat' dir='ltr'><strong><em>Ianum.</em></strong></span> 
     </span>
    </p>
   </div>
   <div class='ocr_carea' id='block_1_100' title="bbox 591 4953 1422 5023">
    <p class='ocr_par' dir='ltr' id='par_1_100' title="bbox 591 4953 1422 5023">
     <span class='ocr_line' id='line_1_100' title="bbox 591 4953 1422 5023; baseline -0.004 -17"><span class='ocrx_word' id='word_1_708' title='bbox 591 4955 614 4991; x_wconf 72' lang='grc' dir='ltr'><em>ά</em></span> <span class='ocrx_word' id='word_1_709' title='bbox 646 4954 800 5008; x_wconf 76' lang='lat' dir='ltr'><strong><em>Forte</em></strong></span> <span class='ocrx_word' id='word_1_710' title='bbox 828 4957 1041 5023; x_wconf 87' lang='lat' dir='ltr'><strong><em>portioni</em></strong></span> <span class='ocrx_word' id='word_1_711' title='bbox 1078 4953 1158 5006; x_wconf 81' lang='lat' dir='ltr'><strong><em>Vel</em></strong></span> <span class='ocrx_word' id='word_1_712' title='bbox 1185 4967 1422 5022; x_wconf 75' lang='lat' dir='ltr'><strong><em>personte.</em></strong></span> 
     </span>
    </p>
   </div>
   <div class='ocr_carea' id='block_1_101' title="bbox 595 5024 1022 5091">
    <p class='ocr_par' dir='ltr' id='par_1_101' title="bbox 595 5024 1022 5091">
     <span class='ocr_line' id='line_1_101' title="bbox 595 5024 1022 5091; baseline 0 -17"><span class='ocrx_word' id='word_1_713' title='bbox 595 5032 617 5058; x_wconf 79' lang='grc'>⁸</span> <span class='ocrx_word' id='word_1_714' title='bbox 650 5024 801 5076; x_wconf 81' lang='lat' dir='ltr'><strong><em>Forte</em></strong></span> <span class='ocrx_word' id='word_1_715' title='bbox 830 5027 1022 5091; x_wconf 78' lang='lat' dir='ltr'><strong><em>quibus.</em></strong></span> 
     </span>
    </p>
   </div>
   <div class='ocr_carea' id='block_1_102' title="bbox 597 5088 2048 5158">
    <p class='ocr_par' dir='ltr' id='par_1_102' title="bbox 597 5088 2048 5158">
     <span class='ocr_line' id='line_1_102' title="bbox 597 5088 2048 5158; baseline -0.001 -16"><span class='ocrx_word' id='word_1_716' title='bbox 597 5091 618 5127; x_wconf 70' lang='grc' dir='ltr'><em>τ</em></span> <span class='ocrx_word' id='word_1_717' title='bbox 662 5088 967 5158; x_wconf 71' lang='lat' dir='ltr'><strong><em>Apollinaris</em></strong></span> <span class='ocrx_word' id='word_1_718' title='bbox 1008 5092 1096 5144; x_wconf 88' lang='lat' dir='ltr'><strong><em>fuit</em></strong></span> <span class='ocrx_word' id='word_1_719' title='bbox 1146 5093 1284 5143; x_wconf 88' lang='lat' dir='ltr'><strong><em>illius</em></strong></span> <span class='ocrx_word' id='word_1_720' title='bbox 1330 5088 1654 5143; x_wconf 80' lang='lat' dir='ltr'><strong><em>celeberrimi</em></strong></span> <span class='ocrx_word' id='word_1_721' title='bbox 1697 5092 2048 5144; x_wconf 81' lang='lat' dir='ltr'><strong><em>Arvernorum</em></strong></span> 
     </span>
    </p>
   </div>
   <div class='ocr_carea' id='block_1_103' title="bbox 525 5158 2052 5225">
    <p class='ocr_par' dir='ltr' id='par_1_103' title="bbox 525 5158 2052 5225">
     <span class='ocr_line' id='line_1_103' title="bbox 525 5158 2052 5225; baseline 0 -15"><span class='ocrx_word' id='word_1_722' title='bbox 525 5161 748 5225; x_wconf 84' lang='lat' dir='ltr'><strong><em>episeopi</em></strong></span> <span class='ocrx_word' id='word_1_723' title='bbox 777 5161 927 5211; x_wconf 80' lang='lat' dir='ltr'><strong><em>illius.</em></strong></span> <span class='ocrx_word' id='word_1_724' title='bbox 951 5159 1092 5212; x_wconf 82' lang='lat' dir='ltr'><strong><em>l—lunc</em></strong></span> <span class='ocrx_word' id='word_1_725' title='bbox 1116 5161 1342 5213; x_wconf 80' lang='lat' dir='ltr'><strong><em>laudavit</em></strong></span> <span class='ocrx_word' id='word_1_726' title='bbox 1368 5158 1601 5208; x_wconf 77' lang='lat' dir='ltr'><strong><em>Ruricius</em></strong></span> <span class='ocrx_word' id='word_1_727' title='bbox 1624 5169 2052 5223; x_wconf 71' lang='lat' dir='ltr'><strong><em>tanquaurpatrts</em></strong></span> 
     </span>
    </p>
   </div>
   <div class='ocr_carea' id='block_1_104' title="bbox 526 5227 2051 5295">
    <p class='ocr_par' dir='ltr' id='par_1_104' title="bbox 526 5227 2051 5295">
     <span class='ocr_line' id='line_1_104' title="bbox 526 5227 2051 5295; baseline -0.002 -16"><span class='ocrx_word' id='word_1_728' title='bbox 526 5231 750 5292; x_wconf 77' lang='lat' dir='ltr'><strong><em>vestigiis</em></strong></span> <span class='ocrx_word' id='word_1_729' title='bbox 776 5231 1110 5279; x_wconf 60' lang='lat' dir='ltr'><strong><em>inluerenteni</em></strong></span> <span class='ocrx_word' id='word_1_730' title='bbox 1145 5247 1153 5278; x_wconf 94' lang='lat'>:</span> <span class='ocrx_word' id='word_1_731' title='bbox 1181 5230 1333 5295; x_wconf 55' lang='lat' dir='ltr'><strong><em>Cujus</em></strong></span> <span class='ocrx_word' id='word_1_732' title='bbox 1357 5241 1438 5276; x_wconf 79' lang='lat' dir='ltr'><strong><em>vos</em></strong></span> <span class='ocrx_word' id='word_1_733' title='bbox 1466 5241 1566 5274; x_wconf 81' lang='lat' dir='ltr'><strong><em>esse</em></strong></span> <span class='ocrx_word' id='word_1_734' title='bbox 1596 5227 1747 5286; x_wconf 78' lang='lat' dir='ltr'><strong><em>ﬁlios,</em></strong></span> <span class='ocrx_word' id='word_1_735' title='bbox 1773 5245 1870 5278; x_wconf 80' lang='lat' dir='ltr'><strong><em>non</em></strong></span> <span class='ocrx_word' id='word_1_736' title='bbox 1891 5230 2051 5277; x_wconf 54' lang='lat' dir='ltr'><strong><em>solum</em></strong></span> 
     </span>
    </p>
   </div>
   <div class='ocr_carea' id='block_1_105' title="bbox 526 5295 2049 5362">
    <p class='ocr_par' dir='ltr' id='par_1_105' title="bbox 526 5295 2049 5362">
     <span class='ocr_line' id='line_1_105' title="bbox 526 5295 2049 5362; baseline 0.001 -17"><span class='ocrx_word' id='word_1_737' title='bbox 526 5299 840 5359; x_wconf 75' lang='lat' dir='ltr'><strong><em>generositate</em></strong></span> <span class='ocrx_word' id='word_1_738' title='bbox 865 5299 1128 5362; x_wconf 72' lang='lat' dir='ltr'><strong><em>prosapia’,</em></strong></span> <span class='ocrx_word' id='word_1_739' title='bbox 1159 5313 1320 5346; x_wconf 78' lang='lat' dir='ltr'><strong><em>verum</em></strong></span> <span class='ocrx_word' id='word_1_740' title='bbox 1353 5296 1496 5345; x_wconf 82' lang='lat' dir='ltr'><strong><em>etiam</em></strong></span> <span class='ocrx_word' id='word_1_741' title='bbox 1519 5305 1561 5362; x_wconf 84' lang='lat' dir='ltr'><strong><em>et</em></strong></span> <span class='ocrx_word' id='word_1_742' title='bbox 1588 5295 1876 5360; x_wconf 68' lang='lat' dir='ltr'><strong><em>cloquentia&#39;</em></strong></span> <span class='ocrx_word' id='word_1_743' title='bbox 1897 5298 2049 5362; x_wconf 80' lang='lat' dir='ltr'><strong><em>ﬂore,</em></strong></span> 
     </span>
    </p>
   </div>
   <div class='ocr_carea' id='block_1_106' title="bbox 528 5361 2051 5427">
    <p class='ocr_par' dir='ltr' id='par_1_106' title="bbox 528 5361 2051 5427">
     <span class='ocr_line' id='line_1_106' title="bbox 528 5361 2051 5427; baseline 0.001 -16"><span class='ocrx_word' id='word_1_744' title='bbox 528 5367 709 5414; x_wconf 78' lang='lat' dir='ltr'><strong><em>etonini</em></strong></span> <span class='ocrx_word' id='word_1_745' title='bbox 734 5361 966 5416; x_wconf 82' lang='lat' dir='ltr'><strong><em>virtutum</em></strong></span> <span class='ocrx_word' id='word_1_746' title='bbox 992 5381 1164 5427; x_wconf 83' lang='lat' dir='ltr'><strong><em>genere</em></strong></span> <span class='ocrx_word' id='word_1_747' title='bbox 1177 5362 1525 5426; x_wconf 79' lang='lat' dir='ltr'><strong><em>romprobatis.</em></strong></span> <span class='ocrx_word' id='word_1_748' title='bbox 1549 5361 1864 5415; x_wconf 85' lang='lat' dir='ltr'><strong><em>Laudaverat</em></strong></span> <span class='ocrx_word' id='word_1_749' title='bbox 1891 5361 2051 5416; x_wconf 86' lang='lat' dir='ltr'><strong><em>lilium</em></strong></span> 
     </span>
    </p>
   </div>
   <div class='ocr_carea' id='block_1_107' title="bbox 530 5432 2060 5498">
    <p class='ocr_par' dir='ltr' id='par_1_107' title="bbox 530 5432 2060 5498">
     <span class='ocr_line' id='line_1_107' title="bbox 530 5432 2060 5498; baseline 0.003 -19"><span class='ocrx_word' id='word_1_750' title='bbox 530 5439 704 5494; x_wconf 83' lang='lat' dir='ltr'><strong><em>pater;</em></strong></span> <span class='ocrx_word' id='word_1_751' title='bbox 737 5449 830 5483; x_wconf 89' lang='lat' dir='ltr'><strong><em>nos</em></strong></span> <span class='ocrx_word' id='word_1_752' title='bbox 857 5441 1026 5481; x_wconf 86' lang='lat' dir='ltr'><strong><em>tamen</em></strong></span> <span class='ocrx_word' id='word_1_753' title='bbox 1050 5441 1221 5482; x_wconf 82' lang='lat' dir='ltr'><strong><em>natum</em></strong></span> <span class='ocrx_word' id='word_1_754' title='bbox 1252 5432 1560 5498; x_wconf 71' lang='lat' dir='ltr'><strong><em>degenerem</em></strong></span> <span class='ocrx_word' id='word_1_755' title='bbox 1592 5445 1706 5481; x_wconf 83' lang='lat' dir='ltr'><strong><em>mox</em></strong></span> <span class='ocrx_word' id='word_1_756' title='bbox 1738 5446 1915 5483; x_wconf 84' lang='lat' dir='ltr'><strong><em>sumus</em></strong></span> <span class='ocrx_word' id='word_1_757' title='bbox 1944 5446 2060 5497; x_wconf 46' lang='lat' dir='ltr'><strong><em>pro.</em></strong></span> 
     </span>
    </p>
   </div>
   <div class='ocr_carea' id='block_1_108' title="bbox 529 5497 2054 5566">
    <p class='ocr_par' dir='ltr' id='par_1_108' title="bbox 529 5497 2054 5566">
     <span class='ocr_line' id='line_1_108' title="bbox 529 5497 2054 5566; baseline 0.001 -19"><span class='ocrx_word' id='word_1_758' title='bbox 529 5501 712 5550; x_wconf 81' lang='lat' dir='ltr'><strong><em>Laturi.</em></strong></span> <span class='ocrx_word' id='word_1_759' title='bbox 750 5499 1024 5550; x_wconf 75' lang='lat' dir='ltr'><strong><em>Victorium</em></strong></span> <span class='ocrx_word' id='word_1_760' title='bbox 1057 5500 1237 5551; x_wconf 89' lang='lat' dir='ltr'><strong><em>ducem</em></strong></span> <span class='ocrx_word' id='word_1_761' title='bbox 1268 5497 1548 5550; x_wconf 79' lang='lat' dir='ltr'><strong><em>inltaliam</em></strong></span> <span class='ocrx_word' id='word_1_762' title='bbox 1581 5509 1792 5552; x_wconf 85' lang='lat' dir='ltr'><strong><em>secutus</em></strong></span> <span class='ocrx_word' id='word_1_763' title='bbox 1813 5542 1828 5566; x_wconf 91' lang='lat'><strong><em>,</em></strong></span> <span class='ocrx_word' id='word_1_764' title='bbox 1871 5514 1933 5553; x_wconf 91' lang='lat' dir='ltr'><strong><em>eo</em></strong></span> <span class='ocrx_word' id='word_1_765' title='bbox 1961 5513 2054 5549; x_wconf 88' lang='lat' dir='ltr'><strong><em>oc-</em></strong></span> 
     </span>
    </p>
   </div>
   <div class='ocr_carea' id='block_1_109' title="bbox 2148 4411 3692 4469">
    <p class='ocr_par' dir='ltr' id='par_1_109' title="bbox 2148 4411 3692 4469">
     <span class='ocr_line' id='line_1_109' title="bbox 2148 4411 3692 4469; baseline 0.003 -6"><span class='ocrx_word' id='word_1_766' title='bbox 2148 4413 2318 4463; x_wconf 88' lang='lat' dir='ltr'><strong><em>diuam</em></strong></span> <span class='ocrx_word' id='word_1_767' title='bbox 2355 4414 2533 4463; x_wconf 84' lang='lat' dir='ltr'><strong><em>habuit</em></strong></span> <span class='ocrx_word' id='word_1_768' title='bbox 2574 4424 2817 4462; x_wconf 81' lang='lat' dir='ltr'><strong><em>uxorem:</em></strong></span> <span class='ocrx_word' id='word_1_769' title='bbox 2861 4411 2946 4460; x_wconf 86' lang='lat' dir='ltr'><strong><em>illa</em></strong></span> <span class='ocrx_word' id='word_1_770' title='bbox 2980 4427 3104 4464; x_wconf 90' lang='lat' dir='ltr'><strong><em>vero</em></strong></span> <span class='ocrx_word' id='word_1_771' title='bbox 3140 4428 3255 4464; x_wconf 87' lang='lat' dir='ltr'><strong><em>cum</em></strong></span> <span class='ocrx_word' id='word_1_772' title='bbox 3287 4418 3461 4469; x_wconf 78' lang='lat' dir='ltr'><strong><em>sedem</em></strong></span> <span class='ocrx_word' id='word_1_773' title='bbox 3495 4417 3692 4467; x_wconf 58' lang='lat' dir='ltr'><strong><em>Arver-</em></strong></span> 
     </span>
    </p>
   </div>
   <div class='ocr_carea' id='block_1_110' title="bbox 2153 4478 3692 4542">
    <p class='ocr_par' dir='ltr' id='par_1_110' title="bbox 2153 4478 3692 4542">
     <span class='ocr_line' id='line_1_110' title="bbox 2153 4478 3692 4542; baseline 0.005 -12"><span class='ocrx_word' id='word_1_774' title='bbox 2153 4495 2332 4531; x_wconf 91' lang='lat' dir='ltr'><strong><em>norum</em></strong></span> <span class='ocrx_word' id='word_1_775' title='bbox 2380 4481 2521 4532; x_wconf 84' lang='lat' dir='ltr'><strong><em>obitu</em></strong></span> <span class='ocrx_word' id='word_1_776' title='bbox 2584 4478 2805 4530; x_wconf 85' lang='lat' dir='ltr'><strong><em>Eufrasii</em></strong></span> <span class='ocrx_word' id='word_1_777' title='bbox 2855 4493 3036 4532; x_wconf 81' lang='lat' dir='ltr'><strong><em>vacare</em></strong></span> <span class='ocrx_word' id='word_1_778' title='bbox 3075 4483 3314 4542; x_wconf 74' lang='lat' dir='ltr'><strong><em>audiret,</em></strong></span> <span class='ocrx_word' id='word_1_779' title='bbox 3367 4485 3692 4537; x_wconf 63' lang='lat' dir='ltr'><strong><em>electumque</em></strong></span> 
     </span>
    </p>
   </div>
   <div class='ocr_carea' id='block_1_111' title="bbox 2153 4548 3688 4616">
    <p class='ocr_par' dir='ltr' id='par_1_111' title="bbox 2153 4548 3688 4616">
     <span class='ocr_line' id='line_1_111' title="bbox 2153 4548 3688 4616; baseline 0.003 -18"><span class='ocrx_word' id='word_1_780' title='bbox 2153 4551 2497 4611; x_wconf 86' lang='lat' dir='ltr'><strong><em>Quintianum,</em></strong></span> <span class='ocrx_word' id='word_1_781' title='bbox 2533 4551 2698 4616; x_wconf 88' lang='lat' dir='ltr'><strong><em>ipsum</em></strong></span> <span class='ocrx_word' id='word_1_782' title='bbox 2726 4548 2851 4600; x_wconf 90' lang='lat' dir='ltr'><strong><em>adiit</em></strong></span> <span class='ocrx_word' id='word_1_783' title='bbox 2872 4550 3085 4614; x_wconf 76' lang='lat' dir='ltr'><strong><em>supplex</em></strong></span> <span class='ocrx_word' id='word_1_784' title='bbox 3112 4567 3268 4603; x_wconf 61' lang='lat' dir='ltr'><strong><em>orans</em></strong></span> <span class='ocrx_word' id='word_1_785' title='bbox 3291 4561 3345 4602; x_wconf 93' lang='lat' dir='ltr'><strong><em>ut</em></strong></span> <span class='ocrx_word' id='word_1_786' title='bbox 3368 4553 3688 4613; x_wconf 76' lang='lat' dir='ltr'><strong><em>Apollinaris</em></strong></span> 
     </span>
    </p>
   </div>
   <div class='ocr_carea' id='block_1_112' title="bbox 2149 4618 3690 4685">
    <p class='ocr_par' dir='ltr' id='par_1_112' title="bbox 2149 4618 3690 4685">
     <span class='ocr_line' id='line_1_112' title="bbox 2149 4618 3690 4685; baseline 0.001 -17"><span class='ocrx_word' id='word_1_787' title='bbox 2149 4619 2447 4683; x_wconf 81' lang='lat' dir='ltr'><strong><em>episcopatu</em></strong></span> <span class='ocrx_word' id='word_1_788' title='bbox 2504 4618 2856 4669; x_wconf 84' lang='lat' dir='ltr'><strong><em>Arvernorum</em></strong></span> <span class='ocrx_word' id='word_1_789' title='bbox 2907 4619 3172 4680; x_wconf 74' lang='lat' dir='ltr'><strong><em>gauderet.</em></strong></span> <span class='ocrx_word' id='word_1_790' title='bbox 3222 4622 3389 4671; x_wconf 73' lang='lat' dir='ltr'><strong><em>Cessit</em></strong></span> <span class='ocrx_word' id='word_1_791' title='bbox 3442 4620 3690 4685; x_wconf 66' lang='lat' dir='ltr'><strong><em>precibus</em></strong></span> 
     </span>
    </p>
   </div>
   <div class='ocr_carea' id='block_1_113' title="bbox 2151 4685 3693 4751">
    <p class='ocr_par' dir='ltr' id='par_1_113' title="bbox 2151 4685 3693 4751">
     <span class='ocr_line' id='line_1_113' title="bbox 2151 4685 3693 4751; baseline 0.001 -14"><span class='ocrx_word' id='word_1_792' title='bbox 2151 4686 2430 4737; x_wconf 68' lang='lat' dir='ltr'><strong><em>Placidina:</em></strong></span> <span class='ocrx_word' id='word_1_793' title='bbox 2480 4685 2807 4749; x_wconf 80' lang='lat' dir='ltr'><strong><em>Quintianus.</em></strong></span> <span class='ocrx_word' id='word_1_794' title='bbox 2851 4685 3168 4749; x_wconf 77' lang='lat' dir='ltr'><strong><em>Apollinaris</em></strong></span> <span class='ocrx_word' id='word_1_795' title='bbox 3207 4705 3318 4739; x_wconf 81' lang='lat' dir='ltr'><strong><em>vero</em></strong></span> <span class='ocrx_word' id='word_1_796' title='bbox 3364 4689 3536 4738; x_wconf 75' lang='lat' dir='ltr'><strong><em>oblatis</em></strong></span> <span class='ocrx_word' id='word_1_797' title='bbox 3583 4692 3693 4751; x_wconf 82' lang='lat' dir='ltr'><strong><em>regi</em></strong></span> 
     </span>
    </p>
   </div>
   <div class='ocr_carea' id='block_1_114' title="bbox 2153 4753 3694 4820">
    <p class='ocr_par' dir='ltr' id='par_1_114' title="bbox 2153 4753 3694 4820">
     <span class='ocr_line' id='line_1_114' title="bbox 2153 4753 3694 4820; baseline 0.003 -19"><span class='ocrx_word' id='word_1_798' title='bbox 2153 4755 2431 4804; x_wconf 83' lang='lat' dir='ltr'><strong><em>muneribus</em></strong></span> <span class='ocrx_word' id='word_1_799' title='bbox 2451 4753 2502 4802; x_wconf 91' lang='lat' dir='ltr'><strong><em>in</em></strong></span> <span class='ocrx_word' id='word_1_800' title='bbox 2528 4753 2811 4816; x_wconf 77' lang='lat' dir='ltr'><strong><em>episwpatu</em></strong></span> <span class='ocrx_word' id='word_1_801' title='bbox 2838 4759 3098 4812; x_wconf 67' lang='lat' dir='ltr'><strong><em>successit.</em></strong></span> <span class='ocrx_word' id='word_1_802' title='bbox 3123 4773 3217 4820; x_wconf 86' lang='lat' dir='ltr'><strong><em>quo</em></strong></span> <span class='ocrx_word' id='word_1_803' title='bbox 3247 4757 3452 4807; x_wconf 80' lang='lat' dir='ltr'><strong><em>abutens</em></strong></span> <span class='ocrx_word' id='word_1_804' title='bbox 3475 4766 3694 4820; x_wconf 77' lang='lat' dir='ltr'><strong><em>quatuor</em></strong></span> 
     </span>
    </p>
   </div>
   <div class='ocr_carea' id='block_1_115' title="bbox 2152 4822 3692 4891">
    <p class='ocr_par' dir='ltr' id='par_1_115' title="bbox 2152 4822 3692 4891">
     <span class='ocr_line' id='line_1_115' title="bbox 2152 4822 3692 4891; baseline 0.001 -20"><span class='ocrx_word' id='word_1_805' title='bbox 2152 4822 2657 4891; x_wconf 78' lang='lat' dir='ltr'><strong><em>mensibus__migravit</em></strong></span> <span class='ocrx_word' id='word_1_806' title='bbox 2689 4823 2754 4870; x_wconf 86' lang='lat' dir='ltr'><strong><em>ad</em></strong></span> <span class='ocrx_word' id='word_1_807' title='bbox 2781 4823 3039 4891; x_wconf 65' lang='lat' dir='ltr'><strong><em>saeculum.</em></strong></span> <span class='ocrx_word' id='word_1_808' title='bbox 3077 4823 3212 4874; x_wconf 73' lang='lat' dir='ltr'><strong><em>Vixit</em></strong></span> <span class='ocrx_word' id='word_1_809' title='bbox 3245 4828 3394 4891; x_wconf 66' lang='lat' dir='ltr'><strong><em>Igitur</em></strong></span> <span class='ocrx_word' id='word_1_810' title='bbox 3422 4823 3692 4890; x_wconf 74' lang='lat' dir='ltr'><strong><em>Apollina-</em></strong></span> 
     </span>
    </p>
   </div>
   <div class='ocr_carea' id='block_1_116' title="bbox 2152 4888 3693 4959">
    <p class='ocr_par' dir='ltr' id='par_1_116' title="bbox 2152 4888 3693 4959">
     <span class='ocr_line' id='line_1_116' title="bbox 2152 4888 3693 4959; baseline 0.003 -20"><span class='ocrx_word' id='word_1_811' title='bbox 2152 4889 2224 4959; x_wconf 69' lang='lat' dir='ltr'><strong><em>ris</em></strong></span> <span class='ocrx_word' id='word_1_812' title='bbox 2253 4899 2364 4951; x_wconf 87' lang='lat' dir='ltr'><strong><em>post</em></strong></span> <span class='ocrx_word' id='word_1_813' title='bbox 2394 4888 2713 4959; x_wconf 52' lang='lat' dir='ltr'><strong><em>Yocladense</em></strong></span> <span class='ocrx_word' id='word_1_814' title='bbox 2753 4890 2986 4953; x_wconf 61' lang='lat' dir='ltr'><strong><em>prndium</em></strong></span> <span class='ocrx_word' id='word_1_815' title='bbox 3007 4931 3018 4948; x_wconf 84' lang='lat'><strong><em>.</em></strong></span> <span class='ocrx_word' id='word_1_816' title='bbox 3065 4902 3244 4944; x_wconf 85' lang='lat' dir='ltr'><strong><em>contra</em></strong></span> <span class='ocrx_word' id='word_1_817' title='bbox 3264 4888 3444 4959; x_wconf 51' lang='lat' dir='ltr'><strong><em>&#39;quam</em></strong></span> <span class='ocrx_word' id='word_1_818' title='bbox 3472 4888 3479 4890; x_wconf 55' lang='grc'>⁷</span> <span class='ocrx_word' id='word_1_819' title='bbox 3503 4907 3645 4944; x_wconf 51' lang='lat' dir='ltr'><strong><em>anser</em></strong></span> <span class='ocrx_word' id='word_1_820' title='bbox 3676 4903 3693 4944; x_wconf 91' lang='lat' dir='ltr'><strong><em>t</em></strong></span> 
     </span>
    </p>
   </div>
   <div class='ocr_carea' id='block_1_117' title="bbox 2152 4955 3692 5028">
    <p class='ocr_par' dir='ltr' id='par_1_117' title="bbox 2152 4955 3692 5028">
     <span class='ocr_line' id='line_1_117' title="bbox 2152 4955 3692 5028; baseline 0 -20"><span class='ocrx_word' id='word_1_821' title='bbox 2152 4956 2365 5028; x_wconf 72' lang='lat' dir='ltr'><strong><em>Savam.</em></strong></span> <span class='ocrx_word' id='word_1_822' title='bbox 2402 4955 2619 5028; x_wconf 79' lang='lat' dir='ltr'><strong><em>Fuitque</em></strong></span> <span class='ocrx_word' id='word_1_823' title='bbox 2650 4959 2784 5007; x_wconf 58' lang='lat' dir='ltr'><strong><em>[ilius</em></strong></span> <span class='ocrx_word' id='word_1_824' title='bbox 2811 4959 3038 5023; x_wconf 83' lang='lat' dir='ltr'><strong><em>degener</em></strong></span> <span class='ocrx_word' id='word_1_825' title='bbox 3083 4963 3168 5024; x_wconf 90' lang='lat' dir='ltr'><strong><em>qui</em></strong></span> <span class='ocrx_word' id='word_1_826' title='bbox 3200 4955 3384 5014; x_wconf 74' lang='lat' dir='ltr'><strong><em>oblatis</em></strong></span> <span class='ocrx_word' id='word_1_827' title='bbox 3424 4961 3530 5028; x_wconf 82' lang='lat' dir='ltr'><strong><em>regi</em></strong></span> <span class='ocrx_word' id='word_1_828' title='bbox 3573 4977 3692 5009; x_wconf 87' lang='lat' dir='ltr'><strong><em>Illll-</em></strong></span> 
     </span>
    </p>
   </div>
   <div class='ocr_carea' id='block_1_118' title="bbox 2151 5023 3692 5092">
    <p class='ocr_par' dir='ltr' id='par_1_118' title="bbox 2151 5023 3692 5092">
     <span class='ocr_line' id='line_1_118' title="bbox 2151 5023 3692 5092; baseline 0.003 -17"><span class='ocrx_word' id='word_1_829' title='bbox 2151 5023 2364 5075; x_wconf 89' lang='lat' dir='ltr'><strong><em>neribus</em></strong></span> <span class='ocrx_word' id='word_1_830' title='bbox 2415 5026 2590 5076; x_wconf 89' lang='lat' dir='ltr'><strong><em>sedem</em></strong></span> <span class='ocrx_word' id='word_1_831' title='bbox 2620 5038 2647 5074; x_wconf 92' lang='lat' dir='ltr'><strong><em>a</em></strong></span> <span class='ocrx_word' id='word_1_832' title='bbox 2699 5036 2914 5089; x_wconf 85' lang='lat' dir='ltr'><strong><em>parente</em></strong></span> <span class='ocrx_word' id='word_1_833' title='bbox 2943 5023 3247 5092; x_wconf 63' lang='lat' dir='ltr'><strong><em>oceupatam</em></strong></span> <span class='ocrx_word' id='word_1_834' title='bbox 3280 5023 3692 5091; x_wconf 41' lang='lat' dir='ltr'><strong><em>tenuitfeaqne</em></strong></span> 
     </span>
    </p>
   </div>
   <div class='ocr_carea' id='block_1_119' title="bbox 2153 5091 3690 5162">
    <p class='ocr_par' dir='ltr' id='par_1_119' title="bbox 2153 5091 3690 5162">
     <span class='ocr_line' id='line_1_119' title="bbox 2153 5091 3690 5162; baseline 0.001 -20"><span class='ocrx_word' id='word_1_835' title='bbox 2153 5093 2367 5162; x_wconf 75' lang='lat' dir='ltr'><strong><em>abusus</em></strong></span> <span class='ocrx_word' id='word_1_836' title='bbox 2395 5102 2495 5162; x_wconf 71' lang='lat' dir='ltr'><strong><em>est.</em></strong></span> <span class='ocrx_word' id='word_1_837' title='bbox 2525 5091 2709 5162; x_wconf 83' lang='lat' dir='ltr'><strong><em>Filium</em></strong></span> <span class='ocrx_word' id='word_1_838' title='bbox 2744 5093 2920 5144; x_wconf 84' lang='lat' dir='ltr'><strong><em>habuit</em></strong></span> <span class='ocrx_word' id='word_1_839' title='bbox 2947 5091 3223 5148; x_wconf 80' lang='lat' dir='ltr'><strong><em>Arcadium</em></strong></span> <span class='ocrx_word' id='word_1_840' title='bbox 3244 5138 3257 5155; x_wconf 88' lang='lat'><strong><em>,</em></strong></span> <span class='ocrx_word' id='word_1_841' title='bbox 3300 5098 3446 5162; x_wconf 88' lang='lat' dir='ltr'><strong><em>cujus</em></strong></span> <span class='ocrx_word' id='word_1_842' title='bbox 3481 5097 3690 5159; x_wconf 77' lang='lat' dir='ltr'><strong><em>ignavia</em></strong></span> 
     </span>
    </p>
   </div>
   <div class='ocr_carea' id='block_1_120' title="bbox 2153 5159 3691 5222">
    <p class='ocr_par' dir='ltr' id='par_1_120' title="bbox 2153 5159 3691 5222">
     <span class='ocr_line' id='line_1_120' title="bbox 2153 5159 3691 5222; baseline -0.001 -12"><span class='ocrx_word' id='word_1_843' title='bbox 2153 5161 2405 5210; x_wconf 87' lang='lat' dir='ltr'><strong><em>Arvernia</em></strong></span> <span class='ocrx_word' id='word_1_844' title='bbox 2433 5159 2524 5209; x_wconf 89' lang='lat' dir='ltr'><strong><em>fuit</em></strong></span> <span class='ocrx_word' id='word_1_845' title='bbox 2551 5160 2832 5212; x_wconf 79' lang='lat' dir='ltr'><strong><em>devastata.</em></strong></span> <span class='ocrx_word' id='word_1_846' title='bbox 2865 5163 3027 5214; x_wconf 77' lang='lat' dir='ltr'><strong><em>Mater</em></strong></span> <span class='ocrx_word' id='word_1_847' title='bbox 3057 5164 3313 5218; x_wconf 71' lang='lat' dir='ltr'><strong><em>l’lacidina</em></strong></span> <span class='ocrx_word' id='word_1_848' title='bbox 3337 5159 3390 5216; x_wconf 81' lang='lat' dir='ltr'><strong><em>et</em></strong></span> <span class='ocrx_word' id='word_1_849' title='bbox 3415 5178 3565 5215; x_wconf 83' lang='lat' dir='ltr'><strong><em>soror</em></strong></span> <span class='ocrx_word' id='word_1_850' title='bbox 3599 5177 3691 5222; x_wconf 65' lang='lat' dir='ltr'><strong><em>pa-</em></strong></span> 
     </span>
    </p>
   </div>
   <div class='ocr_carea' id='block_1_121' title="bbox 2156 5229 3691 5296">
    <p class='ocr_par' dir='ltr' id='par_1_121' title="bbox 2156 5229 3691 5296">
     <span class='ocr_line' id='line_1_121' title="bbox 2156 5229 3691 5296; baseline -0.001 -18"><span class='ocrx_word' id='word_1_851' title='bbox 2156 5229 2247 5278; x_wconf 91' lang='lat' dir='ltr'><strong><em>tris</em></strong></span> <span class='ocrx_word' id='word_1_852' title='bbox 2270 5229 2465 5279; x_wconf 82' lang='lat' dir='ltr'><strong><em>Alcitna</em></strong></span> <span class='ocrx_word' id='word_1_853' title='bbox 2490 5231 2881 5293; x_wconf 67' lang='lat' dir='ltr'><strong><em>comprehensa:</em></strong></span> <span class='ocrx_word' id='word_1_854' title='bbox 2906 5233 3038 5296; x_wconf 84' lang='lat' dir='ltr'><strong><em>apud</em></strong></span> <span class='ocrx_word' id='word_1_855' title='bbox 3072 5232 3359 5285; x_wconf 87' lang='lat' dir='ltr'><strong><em>Cadurcum</em></strong></span> <span class='ocrx_word' id='word_1_856' title='bbox 3387 5237 3587 5287; x_wconf 80' lang='lat' dir='ltr'><strong><em>urbem,</em></strong></span> <span class='ocrx_word' id='word_1_857' title='bbox 3615 5245 3691 5277; x_wconf 70' lang='lat' dir='ltr'><strong><em>rr-</em></strong></span> 
     </span>
    </p>
   </div>
   <div class='ocr_carea' id='block_1_122' title="bbox 2156 5296 3690 5362">
    <p class='ocr_par' dir='ltr' id='par_1_122' title="bbox 2156 5296 3690 5362">
     <span class='ocr_line' id='line_1_122' title="bbox 2156 5296 3690 5362; baseline 0.001 -16"><span class='ocrx_word' id='word_1_858' title='bbox 2156 5296 2248 5346; x_wconf 88' lang='lat' dir='ltr'><strong><em>bus</em></strong></span> <span class='ocrx_word' id='word_1_859' title='bbox 2278 5297 2461 5346; x_wconf 87' lang='lat' dir='ltr'><strong><em>ablatis</em></strong></span> <span class='ocrx_word' id='word_1_860' title='bbox 2484 5299 2665 5348; x_wconf 71' lang='lat' dir='ltr'><strong><em>exsilio</em></strong></span> <span class='ocrx_word' id='word_1_861' title='bbox 2697 5309 2817 5350; x_wconf 87' lang='lat' dir='ltr'><strong><em>sunt</em></strong></span> <span class='ocrx_word' id='word_1_862' title='bbox 2837 5301 3212 5362; x_wconf 62' lang='lat' dir='ltr'><strong><em>condemnatus,</em></strong></span> <span class='ocrx_word' id='word_1_863' title='bbox 3244 5302 3351 5358; x_wconf 69' lang='grc' dir='ltr'><strong>ἰιιεν</strong></span> <span class='ocrx_word' id='word_1_864' title='bbox 3376 5314 3498 5350; x_wconf 87' lang='lat' dir='ltr'><strong><em>vero</em></strong></span> <span class='ocrx_word' id='word_1_865' title='bbox 3526 5298 3690 5348; x_wconf 75' lang='lat' dir='ltr'><strong><em>Arca~</em></strong></span> 
     </span>
    </p>
   </div>
   <div class='ocr_carea' id='block_1_123' title="bbox 2152 5364 3688 5436">
    <p class='ocr_par' dir='ltr' id='par_1_123' title="bbox 2152 5364 3688 5436">
     <span class='ocr_line' id='line_1_123' title="bbox 2152 5364 3688 5436; baseline 0.001 -22"><span class='ocrx_word' id='word_1_866' title='bbox 2152 5364 2291 5430; x_wconf 91' lang='lat' dir='ltr'><strong><em>dius,</em></strong></span> <span class='ocrx_word' id='word_1_867' title='bbox 2325 5365 2768 5436; x_wconf 54' lang='lat' dir='ltr'><strong><em>scelerisauctor,</em></strong></span> <span class='ocrx_word' id='word_1_868' title='bbox 2800 5369 3055 5432; x_wconf 64' lang='lat' dir='ltr'><strong><em>Bituriges</em></strong></span> <span class='ocrx_word' id='word_1_869' title='bbox 3084 5371 3228 5434; x_wconf 88' lang='lat' dir='ltr'><strong><em>petiit</em></strong></span> <span class='ocrx_word' id='word_1_870' title='bbox 3253 5368 3425 5436; x_wconf 72' lang='lat' dir='ltr'><strong><em>(Greg.</em></strong></span> <span class='ocrx_word' id='word_1_871' title='bbox 3450 5366 3593 5427; x_wconf 64' lang='lat' dir='ltr'><strong><em>Tun,</em></strong></span> <span class='ocrx_word' id='word_1_872' title='bbox 3650 5365 3688 5416; x_wconf 85' lang='grc' dir='ltr'><strong><em>Ι.</em></strong></span> 
     </span>
    </p>
   </div>
   <div class='ocr_carea' id='block_1_124' title="bbox 2153 5432 3454 5499">
    <p class='ocr_par' dir='ltr' id='par_1_124' title="bbox 2153 5432 3454 5499">
     <span class='ocr_line' id='line_1_124' title="bbox 2153 5432 3454 5499; baseline -0.002 -15"><span class='ocrx_word' id='word_1_873' title='bbox 2153 5447 2239 5496; x_wconf 87' lang='lat' dir='ltr'><strong>III,</strong></span> <span class='ocrx_word' id='word_1_874' title='bbox 2278 5449 2319 5483; x_wconf 95' lang='lat' dir='ltr'><strong><em>c.</em></strong></span> <span class='ocrx_word' id='word_1_875' title='bbox 2362 5433 2470 5497; x_wconf 70' lang='lat' dir='ltr'><strong><em>l2).</em></strong></span> <span class='ocrx_word' id='word_1_876' title='bbox 2500 5432 2584 5484; x_wconf 89' lang='lat' dir='ltr'><strong><em>Sic</em></strong></span> <span class='ocrx_word' id='word_1_877' title='bbox 2607 5434 2890 5499; x_wconf 78' lang='lat' dir='ltr'><strong><em>degeneres</em></strong></span> <span class='ocrx_word' id='word_1_878' title='bbox 2922 5432 3137 5487; x_wconf 80' lang='lat' dir='ltr'><strong><em>heroum</em></strong></span> <span class='ocrx_word' id='word_1_879' title='bbox 3164 5432 3276 5487; x_wconf 65' lang='lat' dir='ltr'><strong><em>lilii.</em></strong></span> <span class='ocrx_word' id='word_1_880' title='bbox 3303 5432 3454 5486; x_wconf 60' lang='lat' dir='ltr'><strong><em>mss.</em></strong></span> 
     </span>
    </p>
   </div>
   <div class='ocr_carea' id='block_1_125' title="bbox 2226 5500 3603 5569">
    <p class='ocr_par' dir='ltr' id='par_1_125' title="bbox 2226 5500 3603 5569">
     <span class='ocr_line' id='line_1_125' title="bbox 2226 5500 3603 5569; baseline -0.002 -17"><span class='ocrx_word' id='word_1_881' title='bbox 2226 5511 2249 5545; x_wconf 77' lang='lat' dir='ltr'><strong><em>tt</em></strong></span> <span class='ocrx_word' id='word_1_882' title='bbox 2273 5500 2540 5552; x_wconf 88' lang='lat' dir='ltr'><strong><em>Sidonium</em></strong></span> <span class='ocrx_word' id='word_1_883' title='bbox 2572 5502 2832 5568; x_wconf 80' lang='lat' dir='ltr'><strong><em>intelligit,</em></strong></span> <span class='ocrx_word' id='word_1_884' title='bbox 2866 5519 3018 5569; x_wconf 87' lang='lat' dir='ltr'><strong><em>quem</em></strong></span> <span class='ocrx_word' id='word_1_885' title='bbox 3045 5505 3243 5557; x_wconf 78' lang='lat' dir='ltr'><strong><em>Soliuin</em></strong></span> <span class='ocrx_word' id='word_1_886' title='bbox 3275 5502 3362 5555; x_wconf 87' lang='lat' dir='ltr'><strong><em>alii</em></strong></span> <span class='ocrx_word' id='word_1_887' title='bbox 3400 5507 3603 5552; x_wconf 88' lang='lat' dir='ltr'><strong><em>vocant.</em></strong></span> 
     </span>
    </p>
   </div>
  </div>
