3854 6228
159 207 243 262 I05
1339 204 1765 262 EPISTOLARU
1778 206 1823 260 Μ
1866 206 1990 260 LIB.
2033 206 2097 260 Il.

3221 216 3322 273 106

164 325 286 376 Prius
301 319 431 375 enim
455 318 669 388 quilibet
688 318 843 374 debet
871 317 1074 373 discere
1103 332 1260 387 quam
1290 318 1503 374 docere.
1534 320 1666 386 Quia
1692 350 1746 408 Α
1770 337 1891 383 ram,
1910 323 2037 387 Deo,
2081 328 2136 380 et
2175 324 2375 394 angelis
2401 324 2515 394 ejus
2538 366 2555 393 ,
2599 338 2661 383 ac
2702 330 3106 399 congregatione
3140 332 3316 387 carnis

164 427 461 483 prscpt'opere
487 411 716 465 doctoris
742 419 956 478 usurpat
983 410 1346 478 supercilium,
1375 411 1476 464 nisi
1500 411 1662 465 disci-

164 506 249 570 puli
290 504 559 570 susceperit
587 512 707 555 ante
752 502 1080 554 famulatum.
1125 500 1261 567 Quid
1288 500 1430 554 enim
1475 501 1668 569 iustius

163 607 290 660 quam
317 602 367 645 ut
403 592 509 656 ipse
539 592 613 645 sis
654 592 861 655 paterni
900 590 1161 657 interpres
1181 590 1410 655 eloquii,
1436 590 1525 655 qui
1553 590 1670 644 uni-

162 697 285 736 versa
310 697 421 751 quas
448 686 530 735 ille
556 682 897 748 conscripsit,
924 695 1027 734 non
1058 689 1162 734 tam
1191 688 1257 736 de
1284 680 1481 735 codicis
1503 696 1669 733 mem-

161 774 316 835 brana,
344 785 488 839 quam
516 769 580 823 de
604 770 776 824 cordis
805 778 953 838 potes
982 772 1170 838 pagina
1210 769 1485 838 proferre?
1508 770 1670 837 Cuius

159 875 236 912 vos
260 873 366 913 esse
394 858 519 911 filios
550 874 653 910 non
676 858 846 911 solum
872 859 1229 926 generositate
1257 859 1548 927 prosapiae,
1578 868 1670 912 ve-

159 962 256 1000 rum
297 949 446 1000 etiam
487 954 540 998 et
564 946 880 1011 eloquentiae
923 946 1087 1008 ﬂore,
1138 954 1193 999 et
1234 946 1377 999 omni
1419 946 1668 998 virtutum

156 1050 323 1105 genere
357 1035 706 1102 comprobatis
747 1054 760 1087 :
802 1050 920 1103 qua:
950 1036 1085 1088 bona
1124 1035 1276 1089 vobis
1306 1051 1409 1088 non
1440 1043 1543 1088 tam
1576 1034 1673 1087 do-

157 1129 298 1177 ctrina
346 1124 594 1187 contulit,
624 1138 780 1193 quam
809 1134 1015 1177 natura.
1065 1123 1198 1191 Quia
1243 1125 1390 1178 rivus
1431 1125 1499 1178 de
1528 1124 1670 1178 fonte

157 1226 473 1280 prorumpens
498 1213 620 1267 licet
663 1211 874 1266 ﬂuendo
918 1213 1182 1282 proficiat,
1214 1222 1265 1267 et
1294 1212 1671 1281 plenitudinem

157 1302 387 1355 currendo
412 1302 703 1369 conquirat,
726 1302 929 1355 auctori
960 1312 1132 1356 tamen
1164 1302 1302 1354 unde
1322 1302 1481 1355 sumit
1512 1314 1671 1354 voca-

158 1393 332 1459 bulum,
362 1392 513 1448 debet
539 1400 595 1447 et
622 1393 889 1446 meritum.
918 1394 1083 1459 Quem
1119 1392 1162 1446 si
1194 1392 1366 1445 divina
1395 1392 1671 1445 clementia

160 1494 296 1548 usque
314 1481 375 1533 ad
407 1481 503 1535 hoc
533 1493 738 1549 tempus
765 1496 1043 1547 superesse
1076 1482 1358 1543 voluisset,
1405 1482 1537 1535 sicut
1562 1481 1670 1547 iam

161 1579 250 1623 tum
275 1570 334 1623 de
353 1578 517 1622 vestra
548 1571 841 1622 imitatione
870 1570 1162 1632 laetabatur,
1194 1570 1263 1621 ita
1294 1583 1432 1622 nunc
1460 1569 1528 1622 de
1554 1582 1673 1635 per—

1771 414 1929 465 totius
1950 427 2223 481 apparere.
2249 415 2433 471 Saluto
2460 416 2637 485 itaque
2659 421 3052 476 unanimitatem
3074 431 3237 488 tuam,
3263 435 3316 479 et

1772 515 1901 566 rogo
1940 511 1997 555 ut
2019 516 2115 568 pro
2140 517 2224 556 me
2253 519 2407 560 orare
2430 505 2677 573 digneris,
2700 507 2960 577 simulque
2987 525 3106 565 cum
3126 528 3307 580 oppor-

1768 599 1948 649 tunum
1978 590 2125 645 vobis
2153 592 2335 653 fuerit.
2365 609 2461 649 nos
2486 597 2611 650 tanti
2639 595 2875 654 habeatis
2904 601 3135 656 visitare.
3167 603 3314 657 Vale.

2304 740 2518 798 EPIST.
2558 744 2788 799 XXVIII.

1974 918 1975 921 η
2063 851 2302 906 Ruricius
2337 852 2578 923 Eufrasio
2604 864 2630 892 ει
2657 871 2752 909 sua
2778 856 3007 915 salutem.

1839 967 2000 1023 Miror
2023 964 2353 1025 sanctitatem
2376 980 2605 1027 vestram
2634 983 2753 1042 post
2771 984 3031 1029 tantorum
3058 984 3111 1031 et
3136 977 3312 1033 talium

1770 1059 2004 1114 virorum
2038 1060 2233 1131 iudicia
2262 1062 2436 1129 potius
2464 1078 2617 1132 quam
2658 1069 2908 1134 rescripta
2934 1067 3154 1121 inscitiae
3183 1082 3316 1123 mea

1771 1152 2025 1216 qutesisse
2052 1154 2385 1206 sententiam.
2419 1154 2566 1220 Quod
2589 1170 2683 1209 vos
2711 1157 2877 1225 magis
2907 1173 3000 1226 pro
3028 1159 3316 1213 necessitu-

1770 1236 1896 1290 dine
1920 1253 2073 1304 quam
2102 1242 2417 1296 necessitate
2436 1240 2624 1297 fecisse
2644 1242 2897 1311 coniicio;
2925 1258 2991 1297 ue
3011 1245 3161 1313 cuius
3187 1248 3316 1301 tanti

1774 1326 1978 1380 habetis
2016 1328 2333 1398 praecipuum
2356 1332 2408 1383 in
2437 1332 2613 1385 animo
2644 1340 2822 1387 tenere
2848 1334 3043 1386 cultum
3069 1373 3086 1399 ,
3113 1335 3316 1388 videre~

1774 1414 1899 1466 mini
1967 1415 2019 1468 in
2070 1417 2277 1484 negotio
2331 1420 2730 1485 praetermisisse
2774 1435 3108 1476 consensum.
3166 1418 3317 1479 Unde

1771 1503 1963 1571 gratias
1984 1517 2083 1572 ago
2132 1504 2411 1559 individua:
2458 1509 2585 1560 mibi
2636 1510 2687 1561 in
2726 1507 2936 1563 Christo
2984 1512 3318 1575 germanitati

1772 1603 1962 1645 vestra:
1981 1631 1995 1655 ,
2022 1593 2159 1659 quod
2180 1594 2257 1658 ita
2284 1593 2351 1648 de
2379 1596 2527 1648 nobis
2552 1609 2871 1663 praesumere
2896 1606 2949 1650 et
2977 1598 3213 1662 judicare
3236 1600 3317 1652 di-

157 1657 353 1712 lectione
380 1659 659 1727 gauderet;
687 1672 806 1712 cum
829 1673 975 1726 spem
999 1659 1062 1713 ad
1087 1673 1196 1713 rem
1218 1673 1462 1713 cerneres
1492 1673 1669 1727 perve-

1774 1682 2023 1750 gnamini,
2043 1657 2110 1735 in
2138 1682 2269 1735 nihil
2298 1657 2583 1738 habeamus
2608 1693 2698 1739 aut
2726 1686 2776 1738 in
2798 1657 3033 1741 caritatis
3062 1687 3317 1755 simplici-

158 1749 309 1810 nisse;
349 1762 445 1801 nec
474 1748 572 1802 sibi
600 1746 858 1803 invideret
878 1747 1133 1817 tequalem
1153 1790 1169 1813 ,
1199 1763 1355 1818 quem
1399 1756 1670 1818 optaverat

158 1850 254 1890 esse
278 1837 565 1891 meliorem.

673 1987 884 2042 EPIST.
927 1988 1113 2041 XXVI.

213 2095 491 2161 Quamlibet
537 2111 630 2164 per
671 2097 944 2152 diaconem
993 2096 1195 2150 Justum
1238 2110 1341 2150 non
1384 2097 1664 2151 meruerim

160 2182 328 2237 litteras
378 2185 586 2253 benigni
640 2190 868 2254 pectoris
910 2198 965 2240 et
1012 2185 1332 2239 facundioris
1379 2189 1617 2255 accipere
1647 2228 1661 2251 ,
1703 2225 1712 2233 .

161 2274 315 2339 quibus
340 2284 391 2326 et
420 2275 714 2327 erudiretur
740 2275 1037 2342 ingenium,
1066 2284 1119 2328 et
1145 2274 1459 2328 desiderium
1490 2290 1669 2341 pasce-

162 2372 295 2414 retur.
342 2363 446 2430 Ego
493 2372 703 2428 tamen,
754 2364 839 2430 qui
887 2364 1023 2416 malo
1047 2364 1366 2419 affectuosus
1411 2366 1665 2425 rusticus,

162 2464 288 2513 quam
324 2452 549 2505 urbanus
587 2452 1043 2519 impiusindicari,
1074 2453 1337 2506 scribendi
1364 2455 1671 2521 opportuni-

165 2546 292 2589 tatem
318 2537 441 2589 mihi
470 2540 643 2605 perire
671 2553 773 2591 non
805 2554 988 2608 passus
1014 2556 1161 2603 sum;
1189 2549 1370 2609 utpote
1411 2541 1499 2610 qui
1540 2542 1667 2595 mihi

165 2625 322 2679 nollem
347 2667 363 2689 ,
400 2643 502 2681 non
546 2629 716 2681 dicam
746 2630 1074 2683 occasionem
1113 2630 1406 2695 scribendi,
1452 2631 1543 2685 sed
1571 2645 1670 2686 nec

166 2714 339 2768 videndi
370 2730 461 2769 vos
483 2757 498 2778 ,
535 2718 687 2769 unius
724 2718 910 2769 saltem
958 2718 1103 2772 hora:
1140 2722 1363 2787 spatium
1406 2719 1665 2788 deperire.

167 2802 355 2872 Ideoque
381 2807 523 2859 salve
554 2807 832 2873 plurimum
864 2809 1010 2871 dico,
1039 2818 1093 2860 et
1127 2823 1256 2875 rogo
1287 2817 1344 2861 ut
1382 2810 1495 2861 sine
1521 2824 1666 2861 cont-

168 2895 278 2946 muni
305 2896 643 2961 detrimentd,
672 2905 725 2948 et
753 2898 1025 2964 utriusque
1049 2898 1379 2963 compendio,
1413 2914 1507 2951 nos
1530 2914 1667 2952 scm-

169 2996 258 3044 μιτ,
282 2992 663 3051 opportunitate
688 2994 945 3050 porrecta,
980 2985 1166 3037 litteris
1191 2988 1379 3039 vestris
1406 2988 1669 3040 illustrare

1774 1778 1881 1826 tate
1931 1772 2208 1825 subdolum
2241 1812 2255 1835 ,
2307 1782 2399 1827 aut
2440 1774 2490 1827 in
2517 1773 2753 1828 veritatis
2796 1776 3021 1843 puritate
3063 1774 3314 1830 fucatum.

1767 1861 1955 1916 Reddo
1985 1863 2160 1930 itaque
2188 1863 2422 1916 debitum
2471 1864 2829 1917 unanimitatis
2857 1864 3086 1919 officium
3111 1904 3126 1921 .
3156 1876 3209 1920 et
3249 1866 3319 1920 de

1767 1963 1922 2004 causa
1944 1966 2044 2018 qua
2072 1950 2199 2003 mibi
2227 1951 2462 2004 scribere
2484 1951 2681 2022 dignati
2706 1952 2853 2013 estis,
2881 1952 3021 2005 idem
3050 1967 3136 2007 me
3174 1954 3318 2021 quod

1765 2048 1820 2093 et
1849 2039 2040 2094 fratres
2068 2048 2278 2093 nostros
2324 2040 2523 2093 sentire
2563 2039 2819 2108 significo.
2859 2039 2963 2094 Sed
3005 2041 3130 2108 quid
3179 2041 3319 2095 facto

1764 2145 1897 2199 Opus
1932 2130 2031 2195 sit,
2072 2130 2151 2184 vel
2182 2130 2306 2198 quid
2334 2130 2462 2184 mihi
2493 2132 2823 2199 potissimum
2855 2133 2968 2187 fieri
3015 2134 3211 2188 debere
3240 2136 3319 2187 vi-
3404 2181 3408 2184 .
3456 2116 3457 2119 η

1766 2220 1971 2283 deatur,
2014 2234 2110 2287 per
2134 2220 2404 2274 diaconum
2452 2229 2684 2274 vestrum
2716 2222 2877 2278 verbo
2925 2221 3149 2275 fideliter
3190 2222 3317 2279 inti-

1766 2309 1925 2374 mavi,
1954 2308 2169 2374 quia....
2199 2323 2273 2362 m.
2302 2309 2398 2363 fuit
2426 2308 2618 2364 litteris
2645 2309 2895 2365 indicare.
2923 2311 3025 2365 Ora
3063 2327 3158 2381 pro
3205 2328 3311 2367 me.

2313 2462 2526 2519 EPIST.
2567 2463 2754 2520 XXIX.

2026 2608 2027 2611 η
2083 2573 2315 2627 Ruricius
2344 2571 2621 2626 Eracliano
2646 2588 2734 2625 suo
2773 2575 3000 2659 salutem.

1836 2704 1935 2769 Qui
1960 2716 2018 2756 se
2047 2718 2193 2757 reum
2226 2702 2293 2757 de
2320 2703 2495 2755 officio
2522 2694 2638 2755 esse
2661 2703 2959 2769 cognoscit,
2991 2705 3135 2769 prius
3179 2717 3308 2771 sup—

1770 2793 1965 2859 plicare
1991 2791 2145 2845 debet
2172 2789 2327 2857 quam
2366 2790 2555 2842 audeat
2594 2789 2840 2840 salutare.
2874 2789 3001 2853 Quia
3038 2790 3175 2842 sicut
3215 2791 3312 2843 im-

1754 2890 1990 2947 portune
2021 2882 2313 2932 occurritur
2335 2876 2605 2943 imputanti
2624 2915 2638 2939 ,
2672 2876 2741 2927 ita
2770 2884 3062 2943 Opportune
3092 2879 3315 2932 remitti—

1771 2975 1856 3020 tur
1876 2965 2169 3019 confitenti.
2220 2964 2286 3017 Et
2331 2963 2448 3017 ideo
2480 2978 2573 3016 nos
2618 2970 2850 3016 nostrain
2884 2966 2933 3017 in
2979 2966 3148 3031 palam
3192 2980 3319 3032 pro-

167 3034 431 3138 ηδωξέηε,
472 3034 797 3139 ρηίδθηξιολιν
1697 3034 1742 3093 C
1771 3056 2016 3108 duximus
2038 3068 2245 3142 noxam
2269 3095 2283 3119 ,
2314 3052 2375 3107 ut
2419 3053 2624 3107 facilius
2652 3056 2924 3120 pervenire
2965 3055 3220 3122 possimus
3246 3057 3312 3110 ad

164 3175 253 3213 non
291 3163 621 3231 expenditis;
669 3161 813 3232 quod
856 3160 1122 3227 tribuitis,
1168 3176 1275 3215 non
1321 3161 1600 3226 amittitis;
1627 3169 1682 3215 et
1771 3141 2149 3240 "iniam-Quia
2168 3156 2276 3240 90'}
2301 3142 2613 3240 relinquitur
2639 3142 3162 3240 Iocus-intpn-tationi,
3190 3159 3310 3198 cum

164 3251 280 3316 quod
327 3229 478 3306 nobis
527 3253 581 3305 itt
636 3229 827 3306 cliarta
874 3252 1264 3317 transmittitis,
1314 3251 1587 3307 vobiscum
1623 3252 1675 3306 in
1749 3232 1944 3286 “mus
1981 3232 2206 3298 Ρθίυθτίί
2236 3229 2566 3317 ἀθωθτδηίίν
2613 3230 2899 3284 secundum
2929 3231 3070 3284 mam
3098 3239 3312 3288 mm“

165 3344 297 3395 tarde
322 3343 578 3398 retinetis.

664 3453 881 3507 EPIST.
923 3453 1135 3506 XXVII.

436 3565 677 3620 Ruricius
711 3569 984 3621 Ommacio
1009 3585 1102 3620 suo
1132 3580 1371 3620 saiulem.

223 3651 297 3705 Sic
320 3668 347 3707 a
377 3658 570 3722 pietate
596 3674 771 3731 vestra
799 3660 1036 3727 discessi,
1064 3662 1200 3728 quod
1230 3676 1257 3713 a
1298 3660 1444 3714 vobis
1468 3661 1672 3729 penitus

169 3751 251 3789 non
276 3746 475 3796 recessi.
517 3746 577 3798 ln
605 3748 788 3800 eadem
815 3762 907 3799 vos
945 3757 1091 3815 parte
1141 3748 1367 3801 hominis
1408 3749 1673 3806 interioris

167 3827 375 3894 exhibui,
420 3835 470 3885 in
501 3849 604 3902 qua
627 3837 776 3889 vobis
803 3842 1049 3888 remansi.
1082 3836 1204 3889 Scio
1230 3838 1347 3901 quia
1372 3837 1560 3889 ibidem
1588 3851 1671 3889 re-

167 3917 323 3989 mansi,
349 3921 483 3972 unde
506 3936 592 3973 me
611 3936 709 3973 nec
726 3922 995 3983 insidiator
1023 3924 1266 3987 antiquus
1286 3923 1471 3988 potuit,
1500 3936 1671 3987 neque

167 4014 321 4056 recens
338 4008 639 4059 consiliator
674 4006 1001 4077 [conciliator]
1021 4008 1316 4063 excludere.
1341 4010 1490 4064 Unde
1511 4009 1667 4065 etiam

165 4096 383 4145 sententia
426 4097 703 4163 illiusvos
748 4098 1115 4163 sapientissimi
1159 4100 1453 4154 Salomonis
1489 4102 1670 4154 admo—

166 4193 279 4232 uec:
318 4180 449 4247 Fili,
482 4200 548 4235 tte
582 4184 896 4251 derelinquas
936 4189 1153 4243 amicum
1190 4192 1449 4256 antiquum
1472 4229 1487 4253 ,
1514 4206 1668 4244 novus

163 4270 270 4323 enim
290 4288 382 4327 non
408 4275 498 4327 erit
521 4273 819 4329 similis‘illi.
856 4276 1041 4330 Vinum
1060 4296 1237 4333 navum
1265 4282 1453 4332 amicus
1476 4296 1666 4342 novus;

1769 3322 1894 3374 tiam
1927 3337 1942 3374 :
1973 3320 2063 3373 Dic
2089 3331 2141 3378 tn
2173 3316 2318 3384 prior
2359 3317 2661 3385 iniquitates
2692 3326 2839 3382 tuas,
2894 3328 2953 3373 ut
2989 3320 3308 3389 iustificeris.

1774 3405 1885 3460 Non
1914 3406 2053 3459 enim
2086 3406 2384 3472 praevalebit
2409 3408 2703 3460 accusantis
2734 3407 2955 3476 invidia,
2984 3409 3069 3462 ubi
3100 3410 3315 3466 humili-

1775 3502 1852 3545 tas
1880 3496 2207 3559 prazcesserit
2233 3496 2595 3562 supplicantis.
2621 3497 2966 3563 Quamobrem
2995 3514 3089 3554 nos
3130 3502 3176 3554 si
3201 3502 3310 3571 iam

1771 3581 2070 3634 excusando
2120 3583 2368 3635 diluimus
2393 3585 2599 3651 culpam
2626 3623 2641 3647 ,
2675 3588 2948 3640 veniamus
2985 3588 3051 3641 ad
3075 3601 3309 3643 causam.

1773 3668 2003 3722 Salutem
2026 3684 2151 3737 ergo
2173 3680 2367 3725 tantam
2388 3673 2613 3728 dicimus
2636 3677 2812 3741 pietati
2838 3686 3045 3741 vestrae,
3062 3687 3308 3745 quantum

1772 3758 2177 3823 potestafl'ectus
2217 3747 2537 3828 intelligere,
2576 3772 2628 3816 et
2654 3778 2755 3815 non
2786 3773 2953 3830 potest
2981 3780 3154 3819 sermo
3184 3781 3307 3834 proc

1773 3847 1941 3909 terre;
1989 3858 2239 3913 quantam
2266 3851 2463 3903 sentire
2506 3865 2815 3917 possumus,
2855 3862 2908 3906 et
2939 3869 3041 3906 non
3072 3856 3307 3909 valemus

1769 3948 2059 4000 exponere;
2087 3947 2531 4003 quantampmest
2568 3939 2833 3992 interioris
2864 3956 3013 3993 mens
3039 3928 3305 3997 desiderio

1769 4025 2015 4077 calefacta
2065 4025 2367 4093 concipere,
2399 4034 2452 4079 et
2476 4041 2579 4079 non
2610 4036 2780 4094 potest
2820 4029 2988 4096 lingua
3029 4032 3304 4086 exterioris

1767 4127 2024 4167 asserere.
2051 4112 2195 4167 Unde
2210 4117 2400 4182 gratias
2420 4125 2633 4183 agentes
2651 4118 2813 4181 ipsius
2830 4121 3060 4171 caritatis
3081 4125 3300 4184 auctori,

1767 4205 1854 4270 qui
1900 4218 2013 4256 eam
2060 4204 2113 4255 in
2149 4204 2393 4258 cordibus
2421 4207 2611 4260 vestris
2648 4215 2728 4259 est
2756 4207 2995 4274 dignatus
3042 4210 3300 4274 inserere,

1767 4307 1978 4345 oremus
2005 4300 2060 4344 ut
2087 4293 2405 4359 praecipuum
2428 4308 2517 4346 sua
2544 4292 2568 4331 ι)
2595 4295 2853 4363 largitatio
2870 4312 3060 4351 munus
3078 4300 3129 4351 in
3153 4301 3303 4354 nnb-s

164 4359 410 4431 “marcet,
442 4376 487 4417 et
516 4383 635 4418 cum
663 4369 904 4420 atrocitate
932 4370 1061 4421 bibes
1104 4372 1232 4422 illud
1255 4370 1414 4437 (Eccl.
1448 4386 1522 4437 ix,
1557 4371 1665 4436 14).

1772 4381 2031 4435 custodire
2074 4396 2301 4445 semper,
2333 4392 2386 4435 et
2428 4383 2616 4450 iugiter
2645 4385 2885 4445 dignetur
2920 4400 3131 4454 augere.
3171 4390 3299 4452 Quia

167 4444 213 4497 Et
233 4450 333 4504 ideo
353 4469 443 4505 nos
461 4467 852 4508 veterascamus
866 4458 916 4508 in
930 4458 1185 4517 amicitiis,
1202 4459 1329 4511 etde
1347 4458 1431 4511 die
1452 4458 1504 4510 in
1527 4457 1665 4510 diem

164 4534 393 4595 Iﬂ‘ectibus
434 4544 775 4597 innovemur.
804 4545 951 4609 Quod
981 4547 1023 4598 si
1054 4548 1251 4599 amicus
1296 4548 1667 4615 relinquendus

166 4635 247 4676 Mn
270 4638 361 4692 est,
388 4642 589 4698 quanto
615 4635 783 4699 magis
810 4625 997 4699 pater,
1024 4637 1109 4702 qui
1143 4636 1361 4699 erudiit,
1392 4637 1481 4704 qui
1504 4640 1669 4689 nutri-

166 4710 252 4771 tit,
289 4717 370 4780 qui
419 4719 708 4785 adiuvante
738 4719 959 4772 Domino
995 4723 1059 4775 ad
1101 4724 1448 4776 sacerdotium
1504 4740 1666 4791 usque

168 4802 404 4859 perduxit:
448 4807 532 4860 cui
572 4807 798 4859 fortasse
819 4810 973 4861 etiam
1000 4811 1152 4877 juxta
1194 4814 1419 4865 divinam
1459 4814 1663 4867 miseri-

166 4889 358 4974 cordiam
405 4894 538 4947 lucis
582 4896 741 4948 istius
778 4896 999 4952 debetur
1052 4905 1235 4956 usura!
1280 4904 1382 4958 Sed
1414 4907 1527 4959 haec
1568 4922 1665 4974 ego

168 4973 428 5033 beatitudini
458 4992 565 5035 tute
593 4984 794 5050 scribo,
841 5003 948 5039 non
972 4994 1115 5057 quasi
1146 4993 1336 5060 aliquid
1374 4973 1663 5062 imputans,

168 5076 237 5118 aut
259 5073 567 5137 exprobrans
592 5114 609 5138 ,
663 5073 757 5126 sed
794 5084 853 5128 ut
878 5077 984 5129 filio
1005 5082 1313 5141 carissimo,
1357 5098 1510 5150 quem
1552 5088 1665 5138 sine

169 5153 251 5208 υιιο
270 5172 407 5211 ηδινο
439 5162 598 5227 cupio
627 5160 683 5212 in
712 5162 813 5215 hoc
840 5168 1035 5219 mundo
1077 5167 1359 5236 impietatis
1389 5171 1659 5236 incedere,

167 5252 393 5314 etpurum
417 5262 578 5319 atque
622 5246 1012 5309 immaculatum
1045 5259 1095 5311 in
1126 5261 1211 5315 illo
1230 5260 1315 5315 die
1352 5261 1533 5330 iudicii
1577 5278 1665 5317 co-

221 5430 241 5457 "
265 5425 326 5481 De
346 5443 408 5482 eo
435 5428 498 5480 ad
525 5428 687 5489 epist.
710 5428 798 5481 20.

468 5524 739 5579 I’s'rnoc.
824 5518 1028 5580 LVIII.

1763 4468 1908 4532 iuxta
1957 4468 2263 4534 Apostolum
2308 4469 2418 4537 ipsa
2449 4481 2527 4522 est
2553 4472 2870 4524 eminentior
2899 4473 2983 4525 via
3013 4488 3127 4541 quae
3160 4478 3303 4529 ducit

1768 4555 1831 4606 ad
1855 4556 2037 4607 vitam.
2065 4555 2213 4621 Quod
2242 4567 2497 4623 superest,
2526 4558 2823 4624 specialiter
2843 4574 3048 4627 quaso,
3080 4571 3137 4613 ut
3159 4576 3301 4615 com-

1769 4644 1910 4696 muni
1944 4654 2161 4709 patrono
2186 4646 2338 4699 nobis
2366 4648 2599 4714 quotidie
2626 4648 2949 4714 supplicetis.
2979 4650 3138 4715 Quia,
3166 4655 3302 4707 sicut

1767 4733 1968 4801 legitis,
2014 4733 2229 4787 multum
2259 4736 2396 4789 valet
2416 4738 2583 4789 oratio
2615 4736 2743 4802 justi
2781 4737 3009 4790 assidua.
3056 4738 3120 4792 Et
3164 4742 3301 4795 sicut

1767 4821 1878 4887 ipse
1907 4820 2156 4875 Dominus
2182 4832 2360 4876 noster
2400 4824 2449 4875 in
2498 4824 2781 4891 Evangelio
2824 4824 2951 4879 dicit
2980 4827 3045 4880 de
3082 4828 3173 4880 illo
3211 4831 3299 4897 qni

1769 4919 1873 4961 tres
1902 4921 2064 4975 panes
2091 4908 2158 4961 ab
2190 4910 2359 4963 amico
2397 4926 2492 4964 suo
2522 4913 2688 4965 noctis
2718 4922 2971 4979 tempore,
3002 4916 3300 4983 importune

1768 4999 1974 5066 quidem
1995 5037 2010 5059 ,
2051 4998 2142 5050 sed
2168 5000 2461 5063 salubriter,
2490 5004 2629 5069 quod
2656 5004 2972 5069 improbitati
3012 5006 3295 5071 praestitum

1766 5087 1922 5140 fuerit
1938 5086 2245 5151 insistentis,
2275 5091 2411 5156 quod
2436 5092 2719 5157 negabatur
2738 5094 2980 5147 amicitiis
2996 5094 3289 5161 flagitantis.

1769 5175 1983 5241 Reliqua
2015 5188 2109 5241 per
2128 5176 2434 5241 portitorem
2458 5180 2615 5231 verbo
2640 5181 2902 5246 mandavi,
2932 5196 3045 5247 quae
3083 5181 3294 5248 longum

1766 5264 1863 5317 fuit
1914 5263 2101 5315 litteris
2155 5264 2406 5323 indicare.
2465 5266 2615 5323 Unde
2661 5270 2794 5323 sicut
2835 5270 3145 5338 principium
3185 5274 3293 5339 cpi-

1833 5438 1860 5473 δ
1890 5434 2047 5489 Furit:
2076 5438 2288 5507 largitio.
