3854 6228
325 258 423 312 107

1622 243 1870 300 ηυιιιωι
1909 238 2199 294 El’lSCOl‘l

3379 238 3488 299 “i8

323 366 468 419 stola:
513 362 777 426 continet,
809 373 932 428 rogo
967 365 1023 412 ut
1070 370 1165 426 pro
1200 323 1456 411 tarditate
1479 355 1682 408 veniam
1730 354 1855 407 dare
1880 354 1933 411 Α
1960 346 2304 413 nigredinem,
2333 345 2402 400 ita
2449 359 2587 400 nunc
2628 344 2749 426 sub;
2777 345 2933 415 pullis
2984 346 3215 401 vestibus
3261 360 3484 415 operum

323 453 622 525 dignemini.
658 449 797 505 Vale.

879 537 1086 592 EPIST.
1126 535 1294 590 XXX.

495 630 728 683 Ruricius
755 628 1013 696 episcopus
1037 623 1287 690 Capillum
1317 621 1426 690 ﬁlio
1453 619 1682 674 salutem.
1707 619 1713 628 ’

392 738 596 793 Gratias
649 750 747 802 ago
807 734 982 802 pietati
1012 739 1202 784 vestra:
1258 728 1396 797 quod
1452 743 1538 782 me
1583 726 1859 782 consulere

320 829 384 881 de
416 836 441 864 ⁸·
471 825 696 880 civitatis
719 823 1051 876 ordinatione
1077 819 1392 888 dignemini;
1426 832 1542 872 cum
1579 817 1728 870 vobis
1755 816 1862 869 suf-

324 917 498 976 tirere,
524 914 632 966 Deo
652 911 895 980 prepitiu,
920 910 1048 962 satis
1068 908 1377 976 abundeque
1403 907 1630 974 possitis.
1657 905 1720 958 Et
1739 904 1858 958 ideo

323 1003 442 1068 quia
473 1000 609 1066 quod
643 999 788 1052 vobis
802 1008 858 1052 et
879 997 1128 1050 fratribus
1157 995 1344 1048 vestris
1369 991 1729 1061 placet,nobis
1750 991 1860 1044 dis-

327 1090 523 1155 plicere
563 1102 666 1140 non
699 1085 874 1139 debet.
915 1085 1054 1137 Bene
1090 1081 1286 1145 facitis,
1321 1089 1377 1134 ut
1406 1080 1665 1134 hominem
1705 1092 1858 1146 quem

328 1174 620 1229 communis
644 1185 932 1227 consensus
955 1169 1132 1238 elegit,
1159 1167 1434 1222 ordinetis.
1456 1166 1558 1221 Sed
1580 1166 1860 1220 admonete

328 1266 472 1319 illum
494 1272 551 1316 ut
568 1261 776 1315 veritati
795 1259 1022 1323 studeat,
1049 1274 1152 1310 non
1174 1257 1582 1323 falsitati;‘paci,
1611 1269 1713 1308 non
1743 1269 1860 1321 per-

330 1354 544 1416 ditioni;
570 1351 881 1419 disciplinae,
905 1363 1009 1400 non
1036 1345 1344 1409 discordite;
1367 1343 1576 1398 utilitati
1607 1342 1854 1411 publicae,

331 1460 438 1498 nun
464 1447 678 1508 privata:
706 1438 1004 1505 cupiditati;
1031 1435 1271 1503 justitise,
1303 1449 1409 1487 non
1437 1433 1652 1501 rapina.
1691 1431 1860 1486 Tuea-

334 1545 418 1584 tur
461 1531 658 1592 bonos,
688 1526 930 1581 emendet
957 1538 1076 1579 reos
1105 1542 1118 1577 :
1147 1525 1366 1577 miseros
1411 1537 1518 1575 non
1545 1519 1730 1584 faciat,
1765 1517 1859 1572 Sed

331 1617 594 1673 defendat.
620 1616 860 1680 Corrigat
885 1623 1060 1666 sontes
1083 1650 1098 1674 ,
1135 1611 1392 1664 custodiat
1419 1610 1758 1671 innocentes;
1797 1615 1856 1658 ut

1955 434 2071 486 luce
2122 431 2418 488 candescat.
2462 431 2711 487 Peccator
2747 435 2886 488 enim
2930 450 3030 502 qua
3060 435 3145 488 die
3192 449 3483 490 conversus

1955 524 2283 591 ingemuerit,
2316 532 2438 576 tunc
2461 523 2634 576 salvus
2662 524 2784 577 erit.
2812 523 3106 577 Dummodo
3141 525 3286 590 juxta
3316 524 3482 578 sancti

1956 611 2102 667 Pauli
2128 614 2346 681 apostoli
2373 615 2702 676 sententiam,
2720 614 2850 667 sicut
2872 614 3201 668 exhibuimus
3225 601 3482 668 hactenus

1955 714 2174 768 carpora
2209 711 2385 754 nostra
2428 701 2630 755 servire
2654 702 2869 765 saeculo,
2895 710 2948 755 et
2994 703 3252 770 iniquitati
3291 703 3353 755 ad
3385 704 3483 755 ini-

1955 790 2229 858 quitatem,
2263 790 2331 843 ita
2357 805 2497 842 nunc
2525 790 2864 843 exhibeamns
2909 791 3140 842 membra
3168 800 3344 842 nostra
3371 804 3487 842 set-

1956 880 2071 931 vire
2106 879 2319 946 justitim
2349 879 2401 930 in
2428 880 2887 932 sanctificationem
2918 880 3092 947 (Rom.
3124 894 3211 942 vt,
3239 880 3346 948 l5).
3373 879 3486 933 Nec

1957 967 2122 1021 simus
2160 968 2307 1035 quasi
2334 966 2574 1020 timentes
2613 968 2790 1031 Deum,
2822 967 2961 1020 aliud
2989 969 3318 1022 sermonibus
3349 985 3484 1034 pras-

1956 1055 2256 1119 tendentes,
2284 1053 2420 1106 aliud
2448 1053 2696 1107 habentes
2734 1055 2785 1107 in
2825 1056 3085 1119 moribus;
3131 1057 3269 1109 aliud
3298 1068 3474 1110 osten-

1961 1151 2128 1195 tantes
2152 1144 2202 1195 in
2230 1142 2628 1203 vestibus,aliud
2651 1142 2852 1196 actibus
2877 1144 3278 1208 comprobantes
3299 1159 3365 1198 ne
3383 1158 3482 1196 nos

1959 1230 2195 1282 mordeat
2237 1245 2410 1282 sermo
2455 1229 2543 1282 ille
2587 1229 2910 1292 Dominicus,
2947 1231 3044 1283 sub
3069 1233 3260 1284 vestitu
3309 1235 3484 1284 ovium

1957 1320 2193 1393 luporum
2222 1319 2414 1373 rabiem
2456 1328 2815 1387 eontegentes.
2846 1320 2974 1384 Quia
3007 1322 3190 1373 oculus
3221 1321 3308 1374 ille
3349 1322 3486 1374 divi-

1957 1425 2076 1473 nus,
2105 1411 2236 1462 sicut
2262 1408 2512 1472 scriptum
2541 1419 2641 1473 est,
2672 1407 2815 1460 omni
2842 1409 2958 1461 loco
2987 1408 3152 1460 bonos
3189 1409 3488 1474 speculatur

1957 1506 2011 1550 et
2032 1497 2218 1550 malos.
2236 1496 2361 1549 Sine
2379 1497 2556 1560 dubio,
2571 1512 2721 1571 quem
2748 1496 2813 1548 ad
2839 1511 2894 1562 se
2911 1497 3113 1563 integro
3133 1496 3290 1549 corde
3311 1504 3488 1549 trans-

1959 1586 2037 1638 ire
2081 1585 2430 1652 conspexerit,
2473 1585 2582 1650 ipse
2625 1585 2675 1636 in
2709 1599 2799 1637 cor
2838 1585 2979 1638 illius
3010 1585 3120 1652 jugi
3166 1585 3490 1638 habitatione

332 1672 402 1760 ita
447 1718 605 1772 agens
635 1672 802 1770 magis
824 1687 1000 1752 futuro
1030 1672 1193 1766 possit
1220 1697 1424 1764 placere
1463 1693 1662 1763 judicio
1705 1706 1858 1761 quam
1893 1680 1937 1738 Β
1962 1672 2342 1772 ἀεθεθγῴΜρι
2368 1672 2752 1772 eOIItabitla‘tore
2783 1689 2884 1772 non
2911 1684 3108 1772 careat,
3135 1676 3220 1772 cui
3257 1689 3316 1728 se
3352 1690 3491 1742 PM“

338 1792 599 1861 ιιτωεευιί.

885 1893 1094 1948 EPlST.
1124 1891 1312 1945 XXXI.

338 1989 548 2043 Domino
573 1987 756 2041 illustri
784 1999 1068 2052 semperque
1091 1981 1357 2052 magniﬁco
1400 1979 1510 2048 ﬁlio
1545 1977 1573 2018 δ
1615 1977 1862 2050 Agricola

421 2092 424 2094 ν
817 2051 1051 2106 Ruricius
1078 2051 1353 2120 episcopus.

408 2171 634 2234 “electis
661 2169 847 2224 litteris
873 2164 1201 2220 sublimitatis
1221 2173 1427 2225 vestrae,
1443 2162 1633 2230 gratias
1651 2161 1759 2214 Deo
1781 2159 1860 2227 egi

339 2262 476 2329 quod
506 2274 596 2313 vos
628 2259 769 2325 prius
816 2254 1098 2309 revaluisse
1143 2251 1470 2306 ordinatione
1498 2249 1681 2317 ipsius,
1708 2262 1862 2314 quam

339 2352 623 2407 infirmatus
665 2363 782 2403 esse
824 2346 1064 2414 cognovi,
1092 2351 1145 2396 et
1174 2341 1324 2394 nobis
1367 2339 1678 2392 anxietatem
1709 2335 1863 2388 tolle-

341 2449 442 2502 ret,
471 2447 525 2493 et
543 2438 689 2489 vobis
742 2433 984 2488 redderet
1025 2429 1345 2495 sospitateiu.
1373 2425 1537 2492 Quam
1586 2434 1758 2478 tamen
1786 2422 1866 2476 in-

342 2528 638 2579 ﬁrmitatem
676 2522 822 2574 vobis
850 2521 1132 2572 clementer
1159 2516 1374 2576 illatam,
1422 2513 1645 2582 propitio
1694 2512 1865 2578 potius
1896 2558 1902 2562 .

344 2627 500 2681 quam
551 2610 684 2662 irato
723 2608 837 2675 ipso
888 2606 1105 2658 Domino
1157 2612 1368 2665 nostro,
1416 2615 1512 2668 pro
1556 2599 1707 2653 solita
1754 2599 1866 2664 ejus

346 2702 555 2770 pietate,
599 2695 842 2761 coniicio.
873 2693 959 2746 Sic
1001 2690 1140 2744 enim
1188 2690 1426 2756 legimus,
1457 2686 1594 2755 quod
1620 2685 1867 2752 corripiat

348 2786 594 2840 Dominus
620 2797 772 2849 quem
817 2780 1016 2848 diligit;
1063 2777 1228 2844 diligit
1266 2787 1436 2828 autem
1468 2788 1675 2827 omnem
1704 2774 1866 2826 illium

345 2891 497 2944 queui
538 2873 721 2940 recipit
764 2869 940 2938 (Hebr.
973 2883 1066 2933 xit,
1099 2867 1172 2928 6).
1213 2866 1359 2931 Quod
1413 2866 1567 2920 etiam
1617 2866 1666 2916 in
1695 2865 1863 2928 vobis,

347 2972 593 3030 quantum
639 2960 814 3023 audio,
845 2973 902 3010 re
931 2956 1203 3023 probatur;
1234 2964 1292 3007 ut
1318 2954 1570 3006 ordinatis
1598 2951 1866 3006 aﬂectibus

350 3055 556 3112 vestris,
583 3065 730 3102 suum
772 3047 917 3101 vobis
962 3047 1246 3106 insinuaret
1295 3043 1558 3107 allectum,
1591 3051 1643 3096 et
1690 3041 1867 3094 habitu

350 3145 626 3208 animoque.
672 3145 890 3201 mutato,
916 3137 1093 3204 jugum
1124 3135 1270 3188 vobis
1297 3149 1404 3187 sua:
1443 3133 1670 3186 lenitatis
1699 3134 1868 3199 impo-

351 3231 518 3291 neret,
539 3237 594 3280 ut
622 3225 833 3279 salutari
861 3224 1035 3277 currui
1087 3236 1183 3275 suo
1239 3223 1368 3274 colla
1415 3220 1715 3286 subdentes,
1746 3219 1868 3272 dum

352 3315 708 3370 mandatorum
738 3326 949 3364 suorum
982 3311 1093 3362 leve
1121 3323 1251 3361 onus
1279 3307 1516 3369 evehitis,
1539 3314 1870 3372 peccatorum

354 3419 560 3472 gravent
589 3385 846 3454 sarcinam
887 3395 1180 3460 dsponatis.
1210 3394 1334 3447 Hme
1357 3401 1439 3445 est
1474 3393 1611 3445 enim
1658 3393 1873 3444 mutatio

355 3495 589 3546 dexterae
619 3487 846 3548 Excelsi,
868 3483 989 3536 diui
1013 3482 1078 3536 de
1098 3481 1454 3549 peccatoribus
1479 3480 1668 3547 justos,
1698 3479 1762 3533 de
1786 3495 1876 3534 ex-

359 3580 550 3632 traneis
580 3576 914 3637 domesticos,
940 3574 1134 3624 amicos
1160 3571 1255 3623 sibi
1305 3570 1477 3623 facere
1528 3568 1770 3636 dignatur
1809 3582 1874 3621 ex

358 3670 543 3721 servis.
575 3667 826 3734 Superest
855 3673 912 3714 ut
957 3676 1093 3714 nunc
1136 3660 1530 3716 conversionem
1561 3673 1711 3726 quam
1753 3672 1876 3727 pro-

359 3757 550 3811 tulistis
581 3757 631 3807 in
665 3762 826 3815 veste,
861 3751 1088 3818 probetis
1118 3750 1167 3801 in
1211 3748 1398 3812 corde;
1429 3756 1481 3800 et
1509 3746 1618 3799 haec
1647 3761 1877 3798 commu-

361 3848 482 3898 tzitio
505 3843 1007 3898 interindumentum
1035 3847 1260 3890 vestrum
1285 3836 1533 3889 habeatur
1547 3841 1599 3888 et
1618 3835 1874 3898 animum;

361 3946 415 3988 nt
448 3934 580 3986 sicut
618 3932 705 3985 ille
745 3930 840 3982 sub
869 3925 1101 3982 candidis
1145 3924 1378 3979 vestibus
1407 3922 1586 3978 habuit
1615 3924 1878 3991 hucusque

434 4136 457 4162 ⁸
487 4127 608 4178 licet!
636 4139 756 4183 vox,
787 4132 846 4174 ut
874 4128 1020 4184 puto,
1046 4124 1285 4184 corrupta
1308 4124 1406 4184 est.

430 4193 456 4243 ‘2
489 4194 604 4243 Fuit
655 4178 890 4252 Agricola
955 4178 1049 4252 vir
1078 4178 1315 4241 illustris,
1348 4180 1492 4232 'Aviti
1540 4178 1882 4252 imperatoris

367 4261 517 4319 illitis,
550 4246 742 4309 Dedit-ii
771 4256 950 4313 frater,
970 4251 1055 4319 qui
1086 4259 1192 4302 tum
1218 4262 1393 4319 eomes
1422 4246 1768 4319 magisterque
1795 4246 1888 4296 titi-

368 4311 517 4378 lituni
544 4327 891 4375 Arvernorum
924 4311 1078 4369 multa
1118 4319 1164 4368 in
1199 4315 1338 4368 urbis
1361 4311 1664 4367 defensione
1700 4311 1885 4363 adver-

367 4408 453 4446 sus
502 4392 698 4445 Gothos
749 4394 1012 4455 gesserat;
1041 4454 1046 4455 γ
1080 4385 1499 4455 illius.so_rorem
1551 4378 1883 4446 Papianillam

371 4474 580 4513 uxorem
612 4450 831 4509 duxerat
873 4454 1117 4507 Sidonius
1164 4450 1494 4519 Apollinaris,
1536 4459 1589 4500 ut
1632 4456 1774 4514 patet
1819 4461 1881 4499 ex

365 4546 449 4598 ep.
485 4529 518 4579 l.
555 4543 608 4598 tt,
638 4542 720 4592 ep.
751 4525 832 4576 19..
855 4523 1018 4598 Ilium.-
1058 4589 1068 4598 _
1190 4584 1223 4598 η
1363 4585 1374 4596 ⁸
1516 4593 1524 4598 _

441 4608 460 4633 ε
488 4581 778 4659 Scripsi-rat
806 4591 866 4641 ad
900 4589 1160 4659 Ruricium
1187 4584 1442 4659 Caesarius
1476 4593 1532 4635 ut
1568 4581 1792 4634 concilio
1820 4595 1881 4632 ex

366 4665 602 4716 universa
613 4654 898 4712 Gothorum
920 4658 1116 4726 ditione
1131 4654 1338 4726 Agatlim
1356 4659 1638 4726 convocato
1656 4663 1882 4726 piamen-8

367 4735 592 4783 adesset.
639 4731 865 4779 l-labetur
893 4726 1007 4785 ejus
1033 4716 1650 4785 esztoIainterepistolas
1684 4716 1879 4785 Fausti,

368 4737 592 4783 adesset.
639 4737 865 4779 i-Iabetur
893 4739 1007 4785 ejus
1033 4739 1060 4772 ρ
1087 4737 1650 4784 αειοιθιηιρῑθριςιοιῖιδ
1684 4737 1879 4775 ratisti,

368 4800 604 4863 superius
626 4797 789 4847 editas
822 4737 1176 4863 (l'jdeinga).
1195 4789 1602 4863 celeberrimum
1632 4785 1725 4863 fuit
1744 4784 1879 4863 illud

369 4852 659 4925 concilium,
685 4863 734 4912 in
757 4852 854 4926 quo
872 4852 1151 4929 Galliarum
1171 4855 1440 4929 primatem
1471 4868 1527 4905 se
1544 4854 1757 4929 gerebat
1775 4852 1884 4918 epi-

371 4945 558 4997 scnptts
590 4921 928 4982 Arelatensis,
961 4927 1045 4989 qui
1071 4922 1308 4997 concitur
1328 4921 1647 4997 convocabat
1678 4921 1883 4997 illisque

371 4988 607 5065 pral'erat.
655 4998 898 5065 Autumat
933 4998 1008 5042 vir
1050 4989 1705 5065 eruditissimushBa‘lttritis
1751 4988 1912 5065 hanc.

370 5055 664 5132 dignitatem
692 5062 915 5132 Caes-ario
940 5057 1245 5132 auctoritate
1289 5056 1570 5121 pontificali
1603 5056 1762 5106 fuisse
1789 5055 1882 5132 de-

371 5122 663 5185 tttatidatatii
700 5141 750 5179 et
773 5126 1039 5177 sancitam.
1069 5124 1166 5175 Sed
1197 5137 1258 5174 eo
1290 5133 1539 5186 tempore,
1571 5138 1705 5172 anno
1742 5122 1883 5173 setli-

374 5200 604 5256 cet506.
658 5192 996 5263 Symmachus
1049 5192 1290 5263 ltoniaum
1345 5191 1482 5241 sedis
1533 5190 1740 5251 prmsul,
1766 5191 1879 5263 jura

375 5271 515 5329 prius
549 5256 733 5319 Aﬁoni'o
782 5259 1062 5329 Arelatensi
1109 5257 1643 5329 episeopo‘concessa
1680 5256 1884 5323 penitus

377 5323 728 5398 abrogat-crat,
762 5327 1175 5398 constitutiunmn
1226 5323 1412 5398 Leonis
1451 5326 1620 5398 magni
1650 5340 1676 5374 a
1708 5338 1764 5375 se
1805 5336 1886 5373 re-

378 5391 602 5451 stitutam
651 5396 1066 5450 confirmaverat,
1099 5404 1338 5441 asserens
1391 5391 1553 5443 levem
1588 5393 1884 5443 ineunstan-

377 5476 581 5530 temque
636 5465 860 5515 animum
918 5457 1147 5530 pontiﬁci
1195 5470 1295 5510 non
1347 5460 1627 5512 convenire
1661 5477 1677 5526 ;
1711 5471 1886 5509 verum

1960 1760 2159 1827 paravit
2197 1759 2566 1813 habitaculum.
2597 1758 2805 1813 Gratias
2851 1761 3024 1829 itaque
3049 1762 3272 1815 Domino
3298 1773 3484 1816 nostro

1958 1861 2116 1912 super
2144 1857 2244 1899 tam
2277 1847 2612 1900 inenarrabili
2665 1847 2778 1914 ejus
2830 1848 3060 1904 bonitate
3108 1852 3158 1903 iti
3203 1866 3488 1905 commune

1960 1934 2266 1997 referamus,
2283 1935 2367 2002 qui
2397 1935 2592 1987 mavult
2612 1949 2793 1988 servos
2817 1951 3030 1992 monere
3051 1954 3202 2004 quam
3229 1929 3487 2006 perdere;

1904 2057 1906 2060 ν
1961 2025 2244 2092 corrigere,
2287 2039 2440 2090 quam
2473 2025 2686 2091 punire;
2732 2034 2784 2078 et
2814 2040 2908 2092 pro
2943 2042 3100 2080 usura
3150 2028 3322 2081 brevis
3365 2029 3490 2081 vita:

1961 2123 2209 2180 perpetua
2252 2125 2410 2177 regna
2445 2111 2659 2165 donare.
2685 2112 2833 2175 Quod
2885 2123 3144 2179 superest,
3173 2115 3342 2166 saluto
3371 2114 3488 2179 plu-

1961 2201 2170 2268 rimum,
2197 2210 2249 2252 et
2271 2199 2509 2251 ancillam
2539 2206 2767 2252 vestram
2794 2200 2938 2254 vobis
2975 2201 3223 2268 peculiari
3250 2200 3488 2255 insinua-

1963 2290 2103 2343 tione
2130 2290 2469 2342 commendo:
2497 2289 2780 2355 quamlibet
2800 2289 2898 2342 hoc
2922 2290 3066 2342 salva
3095 2301 3266 2344 vestra
3298 2293 3490 2358 pietate

1961 2394 2064 2431 non
2091 2387 2267 2445 egeat;
2300 2385 2356 2430 ut
2381 2391 2485 2445 quo
2514 2391 2627 2428 eam
2655 2379 2921 2442 suscipere
2964 2375 3092 2431 tanti
3126 2378 3379 2432 habuistis
3404 2378 3486 2432 af-

1961 2465 2351 2531 fectu,semper
2393 2463 2635 2528 foveatis,
2670 2464 2972 2532 indultuque
3025 2465 3265 2532 largitate
3312 2464 3491 2520 divina

1963 2562 2210 2620 utrosque
2236 2567 2332 2605 nos
2349 2553 2446 2606 sibi
2469 2554 2665 2619 paravit
2689 2555 2975 2618 obnoxios;
3007 2568 3100 2608 vos
3130 2569 3256 2608 avos
3291 2555 3490 2608 faciens

1963 2658 2056 2696 sua
2096 2643 2430 2704 fecunditate,
2452 2656 2546 2695 nos
2573 2657 2811 2708 proavos.
2840 2643 3092 2698 Domuum
3121 2645 3275 2697 tiliam
3323 2657 3496 2697 meam

1963 2732 2220 2785 desiderio
2267 2739 2319 2784 et
2362 2732 2578 2791 honore.
2629 2745 2731 2798 quo
2778 2732 2991 2798 dignum
3024 2744 3124 2796 est,
3169 2734 3384 2801 sospite.
3414 2735 3496 2785 tib

1964 2824 2133 2889 cujus,
2170 2822 2213 2872 si
2258 2820 2473 2874 facultas
2524 2818 2666 2873 esset
2720 2820 3038 2884 ambulandi,
3092 2814 3206 2875 erat
3255 2821 3499 2875 voluntas

1982 2910 2365 2979 promptissima
2417 2921 2509 2960 vos
2553 2907 2800 2973 visendi;
2850 2918 2906 2960 ut
2951 2924 3106 2975 quam
3160 2901 3498 2962 interioribus

1893 2990 1940 3050 C
1969 2997 2134 3051 oculis
2164 3011 2257 3065 pro
2281 2995 2549 3050 afﬁnitatis
2585 2994 2748 3062 ipsius
2789 2998 3153 3062 conjunctione
3173 2996 3283 3064 jugi
3313 3011 3490 3050 recor-

1968 3089 2178 3141 datione
2203 3088 2578 3154 conspicimus,
2607 3087 2951 3140 exterioribus
2978 3101 3335 3151 cerneremus.
3361 3088 3499 3154 Opto

1969 3180 2100 3232 bene
2124 3191 2268 3244 agas.

2506 3301 2717 3356 EPIST.
2750 3301 2959 3355 XXXII.

1973 3411 2189 3464 Domino
2214 3420 2386 3464 sancto
2407 3419 2452 3461 et
2478 3409 2767 3477 apostolico,
2797 3411 3022 3476 omnique
3047 3427 3077 3461 a
3104 3427 3180 3462 me
3217 3410 3405 3464 honore
3449 3421 3500 3466 et

2042 3479 2494 3598 (Amorespecialius
2531 3477 2736 3529 colendo
2777 3479 2925 3544 fratri
2971 3477 3185 3531 Cwsario
3220 3490 3240 3516 ο
3263 3481 3500 3548 epist-apo

2094 3562 2297 3598 unum.

2094 3562 2297 3600 unum.

2047 3654 2232 3708 Frater
2245 3653 2696 3722 eteompresbyter
2717 3663 2893 3707 noster
2920 3645 3206 3721 Capillutns
3227 3655 3502 3724 dupliciter

1981 3744 2078 3797 hac
2119 3744 2231 3796 vice
2258 3743 2407 3795 nobis
2451 3752 2625 3809 gratus
2673 3743 2925 3815 apparuit,
2960 3743 3082 3795 dum
3123 3753 3176 3796 et
3202 3744 3314 3811 ipse
3341 3745 3492 3798 nobis

1975 3835 2082 3903 jam
2130 3836 2216 3886 diu
2261 3832 2585 3885 desideratus
2629 3832 2874 3895 occurrit,
2904 3842 2956 3885 et
3006 3833 3284 3900 quamdam
3338 3836 3502 3889 vestri

1982 3923 2309 3991 praesentiam
2346 3919 2495 3974 nobis
2538 3934 2630 3988 per
2669 3926 2865 3972 vestras
2913 3919 3111 3973 litteras
3140 3933 3500 3989 repraesentat.

1987 4108 2250 4181 equidem,
2277 4109 2635 4181 abrogatajlla
2661 4112 2773 4177 jura
2804 4112 2975 4181 demto
3006 4113 3322 4164 instaurasse
3342 4113 3503 4181 Sym-

1989 4176 2225 4227 machum
2275 4177 2475 4241 ipsique
2513 4176 2738 4230 Ca-sario
2783 4179 2968 4230 utenda
3016 4184 3352 4235 concessisse.
3385 4176 3507 4234 'Sed

1990 4243 2298 4294 elfluxerunt
2342 4245 2460 4294 anni
2508 4257 2627 4295 oeto
2652 4260 2678 4295 a
2718 4247 2881 4296 concil
2906 4259 2937 4293 ο
2964 4246 3242 4308 Agatliensi
3275 4250 3336 4298 ad
3364 4251 3506 4300 vica-

1993 4311 2148 4360 riatns
2174 4311 2493 4378 Arelatensis
2520 4313 2918 4362 restitutionem.
2943 4311 3150 4378 Propria
3182 4314 3335 4372 igitur
3357 4318 3504 4366 nisus

1991 4377 2296 4428 auctoritate
2341 4386 2742 4443 contemptuque
2790 4377 3004 4429 Romani
3053 4377 3282 4444 praesulis
3307 4381 3501 4442 edicto,

1990 4444 2263 4496 concilium
2297 4445 2587 4507 Agathense
2630 4459 2920 4496 convocans
2948 4445 3203 4498 Caesarius
3241 4449 3304 4498 ad
3345 4449 3502 4499 Buri-

1988 4512 2124 4564 eiutn
2151 4510 2425 4580 utadesset
2453 4514 2751 4577 set-ipserat.
2783 4512 2968 4564 Renuit
2999 4512 3252 4578 Ruricius,
3277 4530 3339 4565 eo
3365 4516 3506 4580 quod

1991 4578 2246 4647 nonsatis
2282 4579 2423 4647 lirma
2451 4581 2767 4647 valetudine
2818 4589 3047 4631 uteretur
3067 4618 3079 4640 ,
3109 4583 3200 4632 sed
3245 4578 3412 4647 potius
3440 4599 3508 4635 eu

1988 4646 2123 4711 quod
2148 4659 2204 4698 se
2225 4659 2251 4695 a
2272 4643 2499 4697 Caesarie
2517 4648 2811 4711 despectum
2834 4647 3096 4707 crederet;
3115 4643 3330 4702 aberant
3348 4651 3505 4702 etiam

1989 4714 2222 4778 plerique
2249 4726 2279 4764 e
2298 4713 2563 4778 provincia
2589 4713 2886 4770 Viennensi.
2909 4715 3018 4780 qui,
3045 4717 3283 4778 quamvis
3302 4718 3510 4770 Alarico

1987 4780 2201 4849 subditi,
2231 4793 2403 4831 coram
2442 4781 2730 4849 Arelatensi
2758 4784 2977 4849 prmsule
3021 4781 3182 4835 fasces
3227 4784 3507 4838 demittere

1985 4848 2247 4908 nolebant,
2285 4856 2335 4899 et
2366 4850 2568 4911 propria
2596 4848 2709 4909 jura
2753 4848 2779 4898 a
2812 4849 3126 4913 Symmacho
3156 4865 3339 4902 recens
3373 4866 3506 4902 con-

1985 4916 2180 4965 firmata
2207 4914 2558 4967 venditabant.
2593 4914 2755 4966 Iratus
2780 4931 2958 4968 eorum
2989 4916 3224 4969 absentia
3249 4918 3509 4972 Caesarius

1985 4985 2146 5048 legem
2180 4981 2351 5050 sanxit
2381 4996 2478 5046 qua
2508 4981 2767 5035 ferebatur
2801 4994 2856 5034 ut
2882 4985 2921 5033 si
2948 4987 3373 5050 metropolitanns
3398 4988 3513 5048 epi-

1983 5062 2173 5118 scopns
2195 5048 2259 5099 ad
2280 5051 2746 5118 comprovinciales
2766 5052 3007 5116 epistolas
3034 5048 3296 5113 direxerit,
3322 5054 3370 5116 in
3392 5052 3514 5118 qni-
3553 5053 3564 5061 '

1984 5117 2081 5167 bus
2123 5130 2211 5167 eos
2255 5125 2342 5167 aut
2369 5117 2430 5166 ad
2464 5117 2836 5170 ordinationem
2880 5122 3063 5170 summi
3107 5119 3386 5182 pontificis,
3417 5128 3513 5170 aut

1984 5183 2328 5253 adisynodum
2361 5183 2560 5253 invitet,
2585 5187 2866 5250 postpositis
2887 5187 3512 5253 omnibus,escepta-groei

1984 5252 2268 5320 inﬁrmitate
2287 5252 2532 5320 corporis,
2563 5265 2647 5303 aut
2677 5256 3000 5320 prwceptione
3037 5255 3195 5320 regia,
3222 5252 3286 5304 ad
3326 5252 3512 5304 conati-

1987 5329 2141 5369 tutam
2164 5318 2289 5368 diem
2309 5319 2477 5369 adesse
2498 5333 2592 5369 non
2620 5319 2875 5382 diﬁ'erant.
2902 5321 3008 5371 [loc
3037 5318 3299 5372 decretum
3327 5336 3352 5366 a
3383 5332 3514 5369 con-

1988 5387 2108 5436 cilio
2135 5388 2312 5441 latum,
2347 5394 2452 5435 tum
2500 5386 2653 5437 etiam
2684 5388 2890 5438 Cmsarii
2938 5389 3164 5452 querelas
3194 5389 3259 5437 de
3307 5385 3515 5438 Rttricii

1988 5453 2242 5512 absentia,
2271 5452 2387 5505 huic
2431 5452 2661 5516 epistula:
2691 5453 2940 5507 dederunt
2965 5455 3312 5507 occasionem.
3348 5453 3514 5520 Bassi.
