3854 6228
129 335 197 392 109
1114 349 1119 370 ι
1271 326 1651 384 EPISTOLAR

1717 328 1758 382 id
1799 325 1926 382 LIB.
1967 323 2033 379 ll.
3141 328 3239 383 ιιι)

124 455 205 515 Quo
224 447 445 504 redeunte
496 443 600 496 bas
629 440 840 496 reddere
879 442 1174 510 procuravi,
1221 441 1412 509 quibus
1454 442 1600 495 debi-
1626 441 1681 505 Α
1704 441 1764 497 ﬁt
1790 445 1962 507 servi;
2020 452 2076 499 ut
2103 443 2265 512 possit
2292 443 2624 512 impassibilis
2662 444 2790 512 pati,
2833 441 3229 508 incomprehen—

128 551 206 590 tuin
229 531 513 588 beatitudini
543 539 726 584 vestra:
762 530 1001 597 rependo
1049 530 1283 585 caritatis
1334 530 1588 586 ofﬁcium.
1695 515 1860 590 sibilis
1905 537 2041 604 capi,
2073 536 2378 590 immortalis
2423 537 2576 600 mori,
2613 536 2700 603 qui
2749 542 2970 589 mortem
3016 547 3228 587 occum-

124 624 230 690 Quod
259 635 362 673 vero
401 620 658 681 scribitis,
687 634 777 672 cur
819 621 887 673 ad
928 621 1212 689 synodum,
1243 622 1382 675 sicut
1434 622 1597 674 collo—
1694 626 1866 680 bendo
1913 627 2215 695 perimeret.
2260 639 2314 679 tit
2368 627 2525 681 vitam
2573 625 2898 694 resurgendo
2940 633 3226 692 repararet,

125 715 224 766 uitio
245 711 390 764 habuit
413 721 623 772 nostra,
655 725 754 762 non
783 711 1045 773 venerim,
1081 712 1201 765 fecit
1228 711 1329 766 ltoc
1375 713 1598 766 inﬁrmi-
1695 715 1797 769 Sed
1828 717 1949 783 quid
1981 733 2078 786 ego
2119 717 2313 771 oblitus
2344 717 2466 779 mei,
2495 717 2676 769 avidus
2698 717 2796 780 tui,
2824 716 2972 784 quasi
3022 717 3088 769 de
3135 717 3228 767 litt-

125 816 194 865 tas,
214 817 297 874 non
321 801 577 853 voluntas.
609 801 705 867 Ipsi
731 802 869 853 enim
901 802 1135 856 recolere
1178 801 1397 870 potestis
1439 818 1593 870 quam
1689 801 1980 869 juscemodi
2051 805 2208 858 rebus
2261 816 2429 858 tecum
2491 786 2835 871 colloquens,
2885 813 2940 856 et
3001 804 3126 856 inde
3177 806 3227 856 in

126 873 268 943 lassum
293 905 364 940 me
402 889 696 956 Burdigalia
744 887 912 966 [forte
957 888 1257 959 Burdigali]
1314 890 1588 953 videritis;
1695 890 2010 944 desiderium
2063 893 2134 944 tui
2185 893 2544 945 vehementius
2587 892 2989 960 perardescens,
3042 893 3228 945 restio-

123 981 256 1034 ethoc
277 979 466 1047 hyeme,
494 980 704 1044 quando
725 969 845 1033 esse
874 980 1023 1033 soleo
1050 981 1235 1034 fortior
1259 980 1432 1034 solito.
1465 981 1592 1045 Quia
1694 996 1857 1044 eriere
1903 982 2043 1035 sitim
2090 997 2258 1034 meam
2303 983 2439 1036 velut
2469 983 2694 1049 quodam
2735 981 3026 1035 dilectionis
3055 981 3229 1034 rivulo

123 1071 267 1122 asticis
303 1069 473 1123 diebus
504 1070 660 1122 etiam
691 1070 740 1121 iu
765 1069 992 1137 hospitio
1023 1086 1160 1136 meo,
1191 1081 1244 1125 et
1273 1072 1403 1126 locis
1448 1073 1593 1141 trigi-
1694 1069 1969 1133 festinans,
1998 1071 2354 1124 inscrutabilia
2384 1080 2437 1123 et
2463 1071 2725 1125 inaccessa
2758 1080 3078 1138 pertentans,
3097 1070 3221 1137 quid

121 1158 192 1220 dis,
211 1159 348 1225 ipsam
374 1157 887 1212 consuetudinariam
915 1161 1268 1214 inﬁrmitatem
1293 1172 1587 1219 sustentare
1694 1164 1897 1227 loquar,
1924 1161 2010 1228 qui
2064 1161 2267 1228 loquar,
2294 1162 2378 1215 cui
2430 1162 2610 1229 loquar
2647 1175 2750 1214 non
2775 1159 3069 1214 considero.
3120 1159 3227 1214 Sed

119 1250 182 1298 vix
210 1247 364 1309 valeo;
405 1261 469 1301 ne
497 1248 688 1309 dicam,
716 1249 854 1314 quod
880 1248 998 1303 illos
1041 1260 1208 1304 cretus
1248 1247 1459 1322 [astus]
1508 1267 1592 1306 rc-
1693 1248 1858 1313 dabit,
1897 1257 1955 1303 ut
1999 1250 2225 1313 conﬁdo,
2274 1250 2480 1303 veniam
2543 1249 2726 1315 pietas,
2759 1265 2920 1316 quam
2952 1248 3231 1302 committit

117 1337 245 1402 gi0nis
264 1336 382 1389 illius
407 1335 542 1390 ferre
569 1337 852 1404 quiverint,
881 1340 925 1391 si
968 1341 1251 1393 venissem.
1285 1340 1434 1394 Unde
1479 1356 1592 1394 ma-
1692 1337 1930 1390 ali'ectus.
1964 1338 2090 1403 Quia
2118 1339 2310 1391 caritas
2340 1338 2513 1391 omnia
2558 1339 2804 1391 sustinet.
2852 1337 3007 1392 Salve
3055 1338 3228 1403 itaque

118 1424 175 1491 gis
196 1439 326 1492 spero
352 1433 404 1477 ut
446 1441 540 1490 pro
570 1441 655 1479 me
679 1411 832 1480 orare
873 1427 1183 1496 dignemini,
1216 1438 1269 1481 et
1291 1429 1355 1482 ad
1388 1438 1591 1495 tempus
1693 1428 1973 1494 plurimum
2027 1428 2145 1482 dico
2191 1427 2456 1480 individuo
2512 1427 2635 1480 mihi
2685 1428 2884 1494 pectori
2939 1437 3139 1489 vestro,
3171 1435 3226 1480 et

119 1514 236 1578 aliud,
258 1514 380 1580 quod
412 1514 684 1579 inlimatis,
714 1515 760 1569 si
791 1516 926 1569 Deus
950 1517 1106 1569 vitam
1134 1518 1377 1582 cesserit,
1402 1518 1585 1572 venire
1693 1530 1819 1583 rogo
1853 1524 1910 1569 ιιι
1937 1531 2032 1583 pro
2070 1532 2154 1570 me
2182 1518 2504 1570 incessanter
2533 1531 2684 1569 orare
2713 1515 3019 1583 dignemini,
3051 1517 3231 1570 simul-

114 1604 248 1669 vultis,
275 1607 410 1657 nobis
438 1619 534 1672 per
570 1604 836 1659 hominem
875 1615 1105 1659 vestrum
1146 1609 1399 1660 maturius
1448 1607 1592 1661 indi-
1622 1598 1626 1602 ’
1690 1617 1792 1670 que
1811 1606 1968 1657 etiam
2000 1605 2202 1670 partem
2224 1607 2461 1670 corporis
2488 1607 2610 1666 mei.
2640 1620 2730 1669 per
2759 1621 2913 1672 quam
2953 1606 3101 1658 vobis
3131 1605 3226 1658 bas

115 1694 225 1745 cetia.
247 1693 360 1758 Quia
389 1695 588 1748 litteras
632 1706 832 1749 vestras
873 1695 938 1748 ad
971 1710 1053 1748 me
1093 1696 1252 1748 modo
1295 1697 1590 1750 tardissime
1692 1695 1861 1761 trado,
1895 1696 2143 1762 peculiari
2173 1697 2523 1749 insinuatione
2568 1697 2898 1753 commendo.
2935 1697 3069 1749 utin
3098 1681 3257 1757 illis,.

114 1781 274 1835 venisse
315 1784 565 1849 signitico.
611 1781 744 1848 Quia
795 1784 889 1835 (1,ςί
935 1799 1037 1836 non
1069 1800 1163 1849 pro
1207 1786 1477 1853 dignitate,
1510 1786 1592 1838 vel
1624 1777 1668 1835 Β
1695 1799 1848 1852 quam
1881 1798 1964 1837 me
1991 1784 2217 1850 diligatis
2244 1784 2444 1851 integre
2471 1783 2842 1849 comprobetis.
2880 1781 3025 1845 Quos
3072 1783 3223 1836 vobis

119 1883 188 1932 pro
209 1879 356 1931 atate,
385 1885 488 1922 non
516 1870 766 1924 debemus
819 1870 1019 1925 tardius
1047 1887 1202 1940 quam
1233 1874 1321 1926 alii
1369 1889 1598 1928 commo-
1693 1888 1759 1925 eo
1790 1874 2015 1926 arbitror
2065 1875 2174 1927 fore
2218 1873 2471 1934 cariores,
2493 1876 2609 1940 quia
2657 1887 2825 1925 meam
2853 1871 3001 1925 vobis
3049 1886 3227 1926 secum

112 1957 212 2022 ncri,
235 1958 312 2023 qui
340 1956 563 2012 fortasse
602 1961 692 2027 (ut
714 1960 886 2013 minus
929 1961 1158 2024 prudens
1195 1961 1396 2028 dicam)
1431 1962 1598 2016 mere-
1694 1961 1933 2014 deferunt
1956 1963 2272 2028 portionem.
2298 1961 2500 2025 Quibus
2529 1959 2776 2028 quidquid
2802 1959 3001 2026 dignati
3022 1959 3224 2014 fueritis

114 2043 257 2096 bantur
297 2047 500 2100 ambiri.
533 2046 665 2113 Quia
688 2048 732 2100 si
761 2048 878 2101 aliis
907 2063 1097 2102 nomen
1145 2050 1349 2104 urbium
1385 2038 1598 2116 praestat
1695 2050 1984 2102 dilectiOuis
2008 2049 2331 2115 impendere,
2350 2047 2498 2102 nobis
2525 2062 2617 2099 vos
2635 2048 2874 2100 conferre
2900 2047 3220 2115 cognoscite.

110 2133 361 2198 auctoritas,
393 2134 548 2189 nobis
572 2135 933 2189 auctoritatem
961 2136 1174 2190 demere
1197 2152 1299 2190 non
1334 2138 1490 2191 debet
1519 2154 1600 2190 ur-
1699 2138 1831 2202 Quia
1857 2140 1918 2201 si,
1946 2137 2088 2205 juxta
2122 2146 2359 2191 sanctum
2401 2136 2728 2201 Apostolum,
2758 2136 2922 2187 minus
2950 2135 3222 2188 membrum

115 2219 172 2270 bis
212 2219 472 2276 humilitas.
525 2224 795 2291 Siquidem
845 2224 1011 2278 multo
1057 2226 1276 2290 melius,
1331 2224 1600 2293 multoque
1696 2227 1878 2294 majori
1907 2227 1958 2278 in
1981 2225 2152 2278 dolore
2175 2224 2491 2294 compatitur,
2523 2231 2570 2290 et
2599 2223 2762 2290 majus
2787 2227 2960 2291 procul
2989 2223 3139 2275 dubio
3167 2224 3221 2276 in

112 2308 371 2363 eminentius
395 2322 500 2377 est,
532 2314 887 2370 civitatem’de
912 2315 1207 2382 sacerdote,
1239 2330 1394 2377 quam
1419 2330 1600 2371 saccr-
1695 2316 1900 2366 minoris
1926 2315 2250 2384 prosperitate
2266 2313 2460 2364 [celatur
2486 2310 2538 2379 (Ι
2554 2310 2671 2364 Cor.
2693 2327 2788 2373 xu,
2809 2312 2925 2378 9.6).
2949 2312 3011 2364 Et
3035 2313 3104 2364 ita
3129 2313 3225 2365 de—

109 2397 245 2450 dotcm
268 2399 328 2453 de
353 2402 570 2455 civitate
598 2416 836 2456 noscere.
957 2459 959 2464 ,
1700 2424 1840 2463 mum
1865 2409 2011 2471 iit,ut
2031 2406 2272 2460 omnibus
2288 2418 2656 2473 usquequaque
2678 2405 2928 2455 membris
2954 2405 3002 2455 in
3026 2418 3152 2468 pace
3171 2412 3247 2456 et.-

775 2523 778 2528 -
817 2553 1033 2569 “mm
1699 2499 1872 2569 quiete
1886 2497 2208 2564 compositis,
2224 2505 2400 2562 caput,
2418 2497 2574 2549 totius
2595 2496 2829 2562 corporis
2846 2505 3018 2546 rector
3035 2503 3087 2546 ut
3108 2504 3230 2561 pote

575 2552 790 2607 EPIST'
817 2553 1055 2608 XXXHL
1697 2552 1752 2644 et
1772 2552 2086 2652 dominator,
2113 2552 2356 2642 exsultet.
2387 2552 2453 2639 Vin
2473 2600 2578 2654 quo
2603 2552 2772 2650 capite
2798 2583 2972 2636 omnia
2997 2552 3226 2636 membra

105 2661 273 2742 Domino
296 2673 552 2748 sanctanet
586 2665 862 2748 apostolico
887 2665 1107 2733 mihique
1156 2666 1218 2746 in.
1256 2665 1455 2748 Christo
1495 2668 1600 2748 Do-

1706 2680 1946 2748 iubentur
1973 2679 2225 2744 aspicere,
2258 2677 2464 2730 dicente
2492 2674 2742 2740 propheta
2772 2689 2786 2725 :
2821 2671 3070 2739 Sapientis
3095 2672 3228 2724 oculi

2365 2769 2480 2856 ειυς
2511 2765 2656 2856 ριφοα

154 2817 330 2866 patrono
360 2817 556 2856 oeaato
596 2818 823 2872 episcopo
849 2817 1088 2856 nurtcms
1110 2820 1391 2872 eptswptts.
1700 2817 1925 2837 """r'"
1956 2817 2239 2869 'J"’\f'"_'
2369 2817 2479 2835 '-r
2520 2817 2614 2866 νς
2696 2855 2706 2866 ο
2738 2817 2745 2818 ί
2846 2817 2857 2830 ι
2942 2817 2954 2832 ι
3054 2817 3059 2818 ν
3130 2817 3141 2818 ί
3195 2853 3205 2863 .

1702 2862 1888 2914 denter
1915 2869 2130 2925 exponit
2178 2859 2358 2911 dtcetts
2388 2872 2400 2908 :
2436 2854 2583 2907 Oculi
2609 2870 2704 2905 met
2746 2869 2935 2916 semper
2963 2851 3030 2903 ad
3060 2849 3232 2903 Donn-

151 2929 256 2985 Dutn
279 2933 544 2987 scribendi
571 2932 720 2985 vobis
757 2933 928 2986 omnis
980 2934 1208 3001 pectoris
1259 2933 1364 2988 ιιιθὶ
1397 2933 1603 2986 animus
1702 2949 1970 3015 nummum
1992 2948 2095 3012 ξρεε
2114 2945 2272 2998 ευειιίι
2295 2945 2548 3010 άεΙαᾳιιεο
2578 2939 2723 3007 pedes
2756 2938 3226 3006 meos(I'sal.xxtv,

99 3032 168 3070 νοί
183 3023 344 3074 Siue!!!
368 3022 708 3076 00035300011!
736 3021 1036 3088 frequenter
1066 3021 1602 3089 ίηίιηίΐίινθίίίέυδηάο
1640 3098 1671 3104 _
1707 3036 1813 3104 15).
1844 3035 1910 3088 Et
1937 3036 2120 3087 iterum
2156 3050 2168 3084 :
2196 3032 2276 3084 Ad
2302 3041 2347 3082 te
2374 3030 2527 3082 levavi
2547 3028 2718 3082 oculos
2741 3043 2894 3090 meos,
2915 3029 2999 3093 qui
3041 3028 3232 3078 habitas

96 3111 290 3165 diuturna
331 3112 682 3167 meditatione
735 3120 1062 3177 pertractans
1110 3112 1307 3176 reperit
1353 3110 1599 3164 idoneum

1708 3127 1750 3177 in
1769 3098 1887 3177 caelo
1905 3123 2072 3194 (Psal.
2089 3137 2252 3184 cun,
2269 3120 2342 3186 1).
2367 3120 2641 3187 Erigamtts
2665 3119 2839 3185 itaque
2854 3120 3036 3172 oculos
3059 3117 3230 3170 cordis

98 3201 372 3267 portitorem,
394 3217 490 3270 per
509 3216 666 3269 quem
693 3208 746 3253 et
766 3199 972 3252 silentia
996 3200 1149 3267 longe
1179 3200 1588 3264 disrumperem,

1707 3212 1864 3265 nostri
1893 3212 1957 3264 ad
1985 3210 2246 3264 Christum
2277 3209 2403 3263 etin
2451 3200 2628 3262 mundi
2671 3209 2817 3262 istius
2846 3218 3002 3261 nui-te
3049 3224 3229 3260 manus

94 3289 232 3342 ctsiht'
257 3291 519 3356 spiritales
548 3288 761 3342 delicias
803 3288 1090 3355 postulare,
1142 3287 1252 3341 oris
1293 3291 1455 3341 vestri
1510 3303 1600 3339 cu-

1707 3309 1902 3352 nostras
1930 3300 2174 3366 operibus
2203 3298 2479 3351 fructuosis
2503 3297 2814 3350 extollamus
2840 3297 2904 3348 ad
2930 3296 3229 3364 Dominum,

95 3377 208 3439 Piens
249 3393 363 3432 fore
414 3376 674 3445 respefﬁi-
705 3375 777 3428 De
827 3391 948 3443 qu“.
1005 3375 1191 3440 credo.
1237 3375 1322 3427 είιί
1377 3387 1593 3428 saueius
1700 3395 1754 3440 et
1782 3390 1891 3455 ipse
1929 3395 2085 3451 caput
2114 3395 2348 3439 nostrum
2379 3399 2495 3438 esse
2538 3385 2801 3453 dignetur,
2831 3395 2885 3437 et
2935 3399 3032 3436 nos
3057 3385 3234 3437 adhae-

94 3462 319 3521 Ρθαίπιίέιει
341 3468 592 3522 (Μεθωιέ
624 3467 803 3518 Anima
847 3481 955 3516 mea
987 3465 1114 3517 είεαῑ
1155 3475 1288 3517 terra
1317 3467 1424 3518 δίηθ
1471 3482 1602 3530 aqua
1700 3491 1817 3529 rere
1842 3476 1997 3543 capiti
2025 3483 2229 3537 nostro,
2262 3485 2317 3527 ut
2347 3475 2431 3528 illa
2457 3475 2693 3540 corporis
2722 3473 2799 3524 sui
2834 3473 3066 3526 membra
3111 3488 3230 3526 esse

95 3555 334 3622 tibi(Psal.
375 3573 545 3619 cxut,
578 3556 667 3624 6).
694 3554 782 3608 Illa
828 3556 1074 3608 nimirum
1121 3569 1253 3622 aqua
1302 3553 1598 3607 ariditatem
1704 3580 2018 3627 mereamur,
2068 3575 2123 3619 ut
2150 3565 2215 3617 de
2258 3564 2355 3617 ltoc
2384 3566 2573 3616 saiculo
2602 3563 2950 3628 discedentes,
2987 3572 3229 3627 tanquam

93 3645 283 3708 corporis
305 3645 384 3698 sui
415 3646 752 3712 restinguere
779 3643 952 3695 sobria
984 3642 1240 3696 ebrietate
1264 3642 1589 3705 desiderans,

1708 3656 1842 3708 exitu
1888 3655 2043 3709 lsruel
2089 3656 2156 3708 de
2202 3654 2423 3723 (Egypto
2463 3654 2638 3707 dicere
2681 3654 2998 3718 redemptori
3053 3665 3230 3705 nostro

94 3732 141 3784 de
165 3749 249 3800 qi“
276 3736 535 3788 Dominus
565 3745 745 3788 "08'9"
773 3734 823 3787 in
859 3735 1140 3801 EVaﬂSe‘iO
1163 3748 1390 3787 Clamare
1416 3733 1602 3801 (“803-
1703 3745 1995 3811 possimus:
2028 3743 2250 3797 Adha’sit
2277 3754 2385 3806 post
2406 3755 2452 3796 te
2487 3745 2653 3795 anima
2680 3757 2816 3801 mea;
2844 3759 2919 3793 me
2939 3752 3099 3792 autent
3124 3758 3234 3794 sus-

94 3828 186 3876 tur:
211 3823 264 3878 Si
289 3829 398 3894 quis
428 3828 567 3887 sitit,
589 3827 750 3878 veniat
773 3834 818 3877 et
843 3824 990 3876 bibat.
1040 3823 1276 3876 Ftumina
1301 3826 1432 3876 enim
1459 3840 1601 3888 aqua-
1701 3834 1828 3898 cepit
1877 3835 2078 3886 dextera
2103 3846 2189 3884 tua
2243 3831 2412 3901 (Psal.
2443 3848 2566 3892 tht,
2591 3831 2674 3897 9).
2705 3830 2832 3881 Cum
2873 3843 2931 3881 ea
2962 3830 3143 3882 diebus
3172 3844 3233 3880 ac

91 3912 180 3964 rite
221 3915 276 3966 de
315 3925 488 3968 ventre
543 3917 653 3978 eius
695 3916 860 3980 ﬂuunt
916 3913 1104 3982 (Joan.
1156 3929 1244 3977 vn,
1280 3914 1402 3980 58).
1452 3913 1596 3965 Hauc

1705 3922 1941 3974 noctibus
1983 3922 2141 3972 fuerit
2180 3921 2230 3971 in
2267 3920 2504 3984 corporis
2538 3920 2690 3984 hujus
2720 3931 2930 3970 carcere
2960 3917 3227 3978 meditata,

91 4012 236 4062 aquam
276 4001 630 4055 Samaritana!
664 4001 819 4053 etiam
851 4001 988 4052 idem
1029 3999 1279 4050 Dominus
1320 3999 1594 4059 offerebat,
1691 4011 1838 4062 unde
1869 4024 1970 4061 ηοη
2009 4008 2356 4061 confundatur
2384 4009 2448 4059 ad
2479 4010 2620 4059 vat...
2645 4007 2746 4058 ora
2774 4021 2866 4072 ριιο
2885 4021 2993 4058 me.

91 4087 163 4138 hoc
179 4098 269 4159 est,
287 4089 549 4142 Ecclesiae
579 4102 644 4140 ex
673 4087 913 4154 gentibus
941 4084 1323 4151 congreganda:
1370 4084 1550 4137 dicens
1579 4102 1590 4136 :

90 4175 196 4238 Aqua
211 4191 347 4242 quam
370 4192 464 4245 ego
493 4175 650 4239 dabo,
686 4175 768 4239 ﬁet
797 4175 850 4225 in
876 4189 933 4226 eo
969 4173 1080 4240 fons
1107 4188 1249 4239 aquce
1274 4172 1500 4224 salientis
1546 4172 1599 4222 in
2219 4159 2428 4212 EPIST.
2470 4158 2704 4211 XXXIV.

89 4264 203 4316 vitam
238 4276 474 4320 uernam
507 4267 525 4329 (
550 4262 702 4315 Joan.
737 4279 786 4315 Iv
882 4263 1024 4315 Hanc
1047 4277 1232 4327 aquam
1263 4262 1304 4314 Si
1333 4265 1447 4328 (illis
1474 4262 1599 4313 ﬁde'
1702 4273 1915 4324 Domino
1940 4281 2107 4323 sancto
2133 4280 2175 4322 et
2202 4270 2473 4339 apostolico
2496 4270 2709 4339 mihique
2727 4268 2777 4318 in
2799 4267 3008 4319 Domino
3027 4269 3238 4339 speciali

89 4351 135 4402 lis
156 4368 241 4406 non
280 4364 436 4424 gustu
481 4362 690 4408 tantum
738 4367 944 4405 summo
996 4362 1146 4404 tenus
1193 4365 1284 4403 ore
1329 4351 1596 4410 libaverit,
1769 4343 1908 4418 ειιζιιι
1943 4337 2780 4424 αίῖεξιυτξαρεφιςνὶεγρυζωίετθηάο
2815 4351 3020 4405 Ραετοηο
3046 4337 3231 4391 sedum

85 4443 154 4494 νά
175 4445 286 4499 totis
321 4446 524 4505 animae
568 4443 860 4496 visceribus
900 4455 1152 4512 appetens
1200 4442 1420 4495 conviva
1474 4456 1602 4493 sor-
1631 4432 1680 4489 D
1772 4426 1998 4477 θν⁹⁸⁶⁰Ρ⁰
2027 4409 2259 4461 "unum
2283 4423 2562 4475 “mo?”-

87 4529 258 4601 btterlt,
304 4535 558 4604 protinus
605 4533 655 4584 in
700 4531 904 4584 laudem
971 4529 1174 4584 Domini
1223 4530 1597 4594 omnipotentis
1774 4519 1870 4572 Per
1897 4520 2172 4571 arciatrum
2216 4515 2560 4587 [archiatrnm]
2601 4513 2883 4568 Palladium
2926 4515 3123 4604 litteras
3155 4516 3228 4604 te-

85 4602 317 4691 Uumpitt
359 4633 417 4679 et
469 4624 583 4677 hoc
637 4621 852 4687 incipiet
903 4631 1110 4673 motare
1167 4618 1301 4684 quod
1370 4616 1594 4679 biberit;
1698 4609 2038 4662 cundicordis
2058 4618 2110 4661 et
2135 4606 2470 4660 iucundioris
2497 4606 2690 4670 accepi,
2713 4618 2828 4668 quae
2858 4618 2949 4655 nos
2977 4603 3041 4654 ad
3074 4602 3226 4654 visio-

85 4711 188 4765 ticut
215 4715 555 4768 beatissimus
586 4709 906 4777 evangelista
953 4719 1109 4774 atque
1155 4707 1461 4774 discipulus,
1509 4705 1599 4772 qui
1701 4716 1818 4751 nem
1840 4708 2067 4750 mutuam
2094 4710 2215 4751 voto
2246 4698 2470 4765 pectoris
2496 4694 2799 4747 invitabant.
2836 4693 2938 4746 Sed
2960 4692 3079 4759 quid
3112 4693 3228 4744 faci-

85 4811 210 4865 snper
249 4813 427 4870 putus
479 4799 699 4855 Domini
747 4798 1052 4850 recumbere
1097 4798 1306 4858 meruit,
1342 4794 1590 4862 mysteria
1700 4801 1834 4847 tuus,
1873 4786 2010 4852 quod
2038 4787 2314 4840 desideriis
2349 4783 2634 4836 animorum
2679 4790 2972 4835 nostrorum
3025 4782 3230 4834 diversi

87 4891 200 4952 regni
220 4894 446 4946 celestis
478 4888 710 4950 audivit,
740 4895 792 4939 et
818 4887 869 4938 in
897 4886 1036 4938 illam
1075 4899 1256 4936 vocem
1290 4899 1444 4951 quam
1475 4892 1596 4935 ante
1702 4877 2052 4930 membrorum
2071 4875 2588 4931 resistitint‘trmitas?
2609 4873 2730 4925 dum
2753 4887 2845 4926 vos
2865 4875 3132 4926 nimietate
3150 4890 3235 4924 ro—

89 4977 224 5032 nnllus
247 4981 511 5045 audierat,
546 4978 795 5032 clamavit
822 4994 835 5028 :
866 4974 925 5026 In
946 4973 1193 5040 principio
1218 4983 1322 5024 erat
1355 4973 1598 5033 Verbum,
1712 4966 1867 5026 busti,
1895 4979 1987 5017 nos
2023 4967 2271 5018 tenuitate
2303 4965 2442 5018 exesi
2473 4965 2705 5028 corporis
2741 4963 3051 5030 impedimur
3072 4981 3085 5014 :
3110 4964 3230 5015 dum

87 5076 118 5112 tt
152 5063 344 5120 Verbum
387 5079 502 5122 erat
560 5066 703 5131 apud
730 5063 913 5124 Deum,
959 5071 1004 5116 et
1051 5060 1188 5114 Deus
1229 5071 1336 5112 erat
1384 5059 1600 5113 Verbum
1707 5067 1796 5104 vos
1821 5054 1994 5114 alieni,
2026 5062 2081 5106 et
2104 5064 2324 5120 quatuor
2359 5052 2517 5121 pedes
2538 5050 2673 5103 ferre
2697 5060 2956 5118 nequeunt
2979 5053 3231 5117 pondero-

88 5151 230 5218 (locis.
259 5171 293 5218 ι,
324 5156 410 5225 ί),
472 5156 601 5209 [loc
655 5161 770 5207 erat
813 5153 937 5206 illud
991 5153 1242 5217 Verbum,
1291 5149 1430 5218 quod
1487 5150 1599 5201 sine
1705 5158 1819 5203 sos;
1853 5157 1936 5195 me
1959 5144 2110 5195 etiam
2134 5144 2323 5210 proprii
2346 5153 2395 5194 et
2416 5141 2518 5194 duo
2539 5141 2795 5193 sustinere
2819 5156 2921 5207 prae
2943 5140 3231 5192 defectione

36 5263 40 5300 :.
88 5251 278 5309 tempus
315 5259 345 5297 ι
399 5244 570 5297 Patre
618 5239 870 5307 genitum,
903 5241 955 5292 in
1009 5251 1245 5306 tempore
1294 5246 1499 5290 creatur
1534 5252 1594 5289 ex
1705 5235 1790 5284 vix
1813 5243 2044 5298 possunt.
2068 5232 2179 5297 Quo
2198 5232 2552 5291 ﬁtutintplere
2577 5230 2866 5282 communia
2887 5239 3231 5294 votanequea-

38 5333 40 5394 ς
88 5339 234 5396 matre,
259 5343 308 5384 ut
339 5341 564 5385 creator
611 5327 797 5388 ﬂeret;
829 5337 884 5379 ut
913 5343 1030 5381 esse
1057 5326 1218 5394 possit
1265 5325 1599 5377 humanitatis
1704 5337 1836 5374 mus.
1875 5321 1982 5387 Ego
2011 5322 2148 5372 enim
2177 5322 2345 5389 (testis
2373 5330 2450 5371 est
2477 5317 2750 5386 Dominus)
2783 5316 2914 5383 quod
2951 5318 3002 5367 'si
3032 5317 3228 5368 valuis-

89 5421 276 5480 qaadsm
299 5419 502 5491 portio,
533 5413 835 5469 divinitatis
879 5416 1036 5467 totius
1085 5414 1381 5482 plenitudo;
1413 5422 1464 5464 et
1492 5413 1600 5479 pie-
1704 5427 1831 5471 sem,
1854 5414 1915 5462 ad
1940 5412 2193 5476 synodum
2214 5410 2502 5464 condictam
2523 5410 2661 5460 omni
2687 5407 2922 5458 aviditate
2944 5407 3223 5457 venissem.

38 5507 44 5544 ⁸
91 5507 327 5563 nitudinetn
358 5503 728 5562 humanitatis
774 5502 939 5565 partio
969 5503 1078 5570 ipsa
1133 5502 1477 5554 humanitatis
1507 5515 1595 5550 sua
1705 5501 1804 5554 Sed
1839 5514 1950 5550 mea
1977 5499 2223 5562 disposita
2256 5497 2451 5550 itineris
2479 5499 2739 5550 voluntate
2765 5493 3043 5544 tleCessitas
3071 5494 3226 5544 itnlze-

40 5579 44 5642 Ῠ
91 5602 284 5665 passione
305 5599 640 5658 redimeret:
664 5594 789 5647 dum
809 5594 973 5657 imago
998 5595 1273 5650 invisibilis
1295 5594 1410 5659 Dei,
1434 5595 1599 5647 forma
1703 5589 1931 5643 cillitutis
1960 5587 2203 5640 inhibuit.
2242 5587 2372 5652 Quia
2403 5601 2550 5641 acres
2577 5573 2785 5652 [αίτεηι]
2833 5581 3056 5646 regionis
3094 5580 3229 5632 illius
