3854 6228
214 269 299 325 113

1393 264 1872 321 EPISTOLARUM
1912 264 2037 319 LIB.
2087 264 2152 318 il.

3271 262 3370 317 ιιι

216 376 454 442 cipimus.
481 370 727 427 Dolemus
755 371 928 439 itaque
957 369 1101 427 casui
1128 377 1325 434 vestro,
1356 377 1409 422 et
1430 367 1723 436 planctibus
1749 371 1797 427 Α
1824 370 1937 437 puri
1966 369 2218 422 alimento
2245 368 2556 423 innocentiae
2584 366 2910 436 temperetis.
2941 365 3049 422 Nec
3072 366 3265 439 mirum
3280 378 3366 421 est

215 473 375 517 satus
411 464 667 515 interesse
712 474 808 514 nos
834 458 1122 514 credimus.
1177 457 1281 514 Sed
1322 457 1448 526 quid
1500 456 1728 511 iacimus

217 550 382 621 domini
411 550 532 604 lilii?
569 550 821 619 Equidem
851 546 1109 601 voluntati
1138 546 1330 600 divina:
1358 544 1604 600 resistere
1629 560 1728 599 nec

213 654 455 713 passuum
491 655 592 696 nec
631 639 901 704 debemus,
951 647 1012 693 et
1038 639 1181 691 omni
1212 636 1567 691 sollicitudine
1594 650 1728 704 prat-

208 746 388 795 cavere,
428 745 495 786 ne
530 730 650 783 dum
680 728 851 783 dulcia
884 728 1036 781 nobis
1082 728 1299 796 pignora
1342 728 1505 781 nimio
1543 726 1726 779 dolore

209 824 451 887 dolemus,
479 819 771 889 blasphemi
797 817 1008 886 quidem
1035 826 1091 871 et
1130 815 1374 884 iniuriosi
1397 816 1727 869 inveniamur

210 915 251 967 ia
276 912 500 975 Domino,
540 920 595 964 et
616 914 833 978 gravius
861 908 1065 961 animus
1090 916 1303 961 nostras
1344 915 1527 960 auctor
1556 906 1723 974 ipsius

205 1003 383 1065 nisi-tis,
408 999 618 1054 inventa
644 998 945 1062 occasione,
975 995 1267 1060 coniodiat,
1292 1010 1450 1065 quam
1480 1009 1721 1049 carorum

205 1090 457 1147 ambsione
497 1088 777 1157 percussit.
826 1086 1057 1155 ideoque
1084 1085 1156 1139 -in
1201 1084 1346 1138 omni
1376 1082 1725 1138 amaritudine

201 1183 274 1238 vel
293 1180 466 1238 dolore
509 1180 574 1233 ad
617 1178 782 1232 Deum
813 1172 983 1231 nobis
1027 1184 1112 1230 est
1135 1174 1520 1243 refugiettdum,
1568 1182 1625 1228 et
1656 1173 1723 1227 ad

203 1272 532 1327 iilumomnes
566 1284 720 1324 casus
765 1270 932 1323 nostri
968 1276 1080 1321 toto
1107 1266 1271 1320 corde
1315 1264 1602 1330 referendi,
1634 1264 1723 1334 qui

202 1372 332 1417 sanat
352 1361 673 1426 vulneratos,
692 1360 782 1428 qui
812 1358 1014 1413 relevat
1032 1367 1274 1422 maestos,
1303 1358 1391 1423 qui
1423 1355 1725 1428 consolatur

202 1450 417 1507 amictus.
434 1438 504 1505 Et
532 1449 615 1503 illa
632 1447 806 1504 sancti
824 1446 925 1503 Job
952 1446 1214 1500 sententia
1243 1440 1460 1499 omnino
1478 1442 1721 1507 dicenda,

200 1550 272 1596 est
297 1556 313 1594 :
338 1538 575 1593 Domitius
600 1538 762 1600 dedit,
794 1535 1042 1590 Dominus
1079 1531 1307 1599 abstulit,
1337 1533 1464 1587 sicut
1506 1531 1723 1607 Domina

203 1628 382 1699 placuit,
405 1629 477 1680 ita
504 1628 694 1695 factum
723 1634 831 1689 est;
852 1625 920 1678 sit
953 1613 1135 1695 nomen
1173 1621 1378 1675 Domini
1414 1621 1723 1675 benedictum

1828 460 1930 514 hoc
1957 468 2133 513 tamen
2159 460 2214 513 in
2244 468 2417 535 vestra
2443 459 2635 513 virtute
2666 459 2997 521 miraculum.
3040 470 3096 513 ut
3134 448 3363 530 diligatis

1826 556 2140 603 venerantes
2183 564 2315 614 vos,
2360 548 2450 618 qui
2496 548 2741 603 odientes
2777 562 2956 604 amare
2991 551 3359 604 consuevistis.

1825 636 2096 708 Siquidem
2142 646 2197 694 et
2239 639 2305 693 ad
2332 639 2622 708 augendam
2657 638 2795 701 circa
2816 712 2817 715 η
2838 651 2936 692 nos
2972 640 3243 693 caritatem"
3271 654 3364 692 ve-

1824 741 2011 794 stram,
2031 729 2137 784 duo
2159 730 2354 783 Iumina
2376 738 2557 794 nostra
2585 727 2855 790 detinetis,
2876 727 3217 793 Aurelianum
3243 729 3364 784 dico

1823 827 1981 888 atque
2000 818 2275 873 Leontium
2307 835 2320 869 :
2352 832 2448 887 pro
2467 816 2690 887 quorum
2716 832 2811 884 spe
2838 824 2891 870 et
2912 806 3365 886 consummatione

1823 922 1952 976 rogo
1972 918 2031 962 ut
2057 908 2415 963 indesinenter
2447 908 2636 961 divina
2662 906 3059 968 misericordiae.
3103 895 3239 962 sicui
3263 922 3361 963 vos

1824 1000 2035 1070 conlido
2072 999 2267 1062 lacere,
2313 986 2640 1069 supplicetis,
2682 1004 2885 1073 etcum
2917 997 3021 1075 illis
3049 998 3239 1052 iterum
3268 984 3361 1067 pro

1825 1090 1977 1145 nobis
2003 1104 2213 1158 semper
2246 1089 2438 1155 oretis;
2485 1089 2606 1157 quia
2649 1087 2959 1142 ﬁduciaiiter
2980 1087 3177 1156 credo,
3221 1088 3361 1157 quod

1822 1180 2132 1247 profectioni
2163 1188 2374 1259 vestrae,
2421 1186 2477 1234 et
2518 1179 2727 1257 illorum
2769 1178 3101 1255 insipientia,
3132 1182 3227 1253 pro
3251 1178 3362 1247 ipsa

1825 1272 1997 1326 adhuc
2023 1254 2392 1335 teneritudine,
2436 1285 2467 1326 a
2493 1254 2751 1325 nutritore
2780 1270 3000 1325 Domino
3030 1254 3101 1337 nil
3126 1276 3360 1339 negetur.

1825 1361 2059 1416 Salutem
2090 1362 2265 1429 itaque
2289 1360 2505 1416 uberem
2536 1360 2656 1415 dico
2678 1361 2857 1430 pietati
2882 1344 3365 1437 vestrze,'quantutn

1823 1456 1999 1518 potest
2039 1463 2283 1517 promere
2326 1449 2435 1525 oris
2479 1450 2718 1514 allectus,
2769 1436 2887 1523 tton'
2910 1436 3162 1526 quantum
3190 1447 3365 1504 cordis

1826 1543 1994 1609 poscit
2030 1540 2268 1595 affectus.
2299 1541 2366 1595 Et
2399 1556 2529 1613 rogo
2553 1551 2611 1596 ut
2650 1526 3251 1615 prmiatosdulcissimos
3274 1541 3365 1594 sti.

1824 1632 1995 1684 mulos
2024 1630 2256 1699 pectoris
2290 1631 2391 1703 mei
2416 1640 2601 1685 nostro
2627 1633 2844 1684 nomine
2885 1631 3189 1699 sospitetis;
3239 1646 3365 1684 nos-

203 1719 301 1786 (lob
326 1734 364 1783 t,
394 1717 507 1786 2i).
540 1717 605 1771 Et
632 1716 725 1770 ille
754 1716 854 1769 hoc
884 1713 1095 1783 quando
1123 1712 1352 1777 dicebat,
1378 1711 1560 1765 decem
1586 1710 1721 1763 liiios

1834 1742 1946 1796 qtte,
1994 1726 2410 1794 quotiescunque
2436 1740 2494 1779 se
2521 1725 2884 1793 Opportunitas
2929 1723 3220 1792 porrexerit
3248 1736 3366 1789 por-

202 1824 305 1864 cam
330 1810 467 1864 omni
500 1808 747 1862 facultate
776 1806 1075 1875 perdiderat
1102 1820 1118 1857 :
1141 1803 1249 1857 Nec
1274 1811 1450 1857 tamen
1477 1802 1719 1868 blasphe-

205 1914 329 1955 nare
360 1909 449 1953 aut
490 1899 687 1953 damno
723 1907 816 1952 aut
857 1898 1045 1952 dolore
1088 1897 1394 1964 compulsus
1438 1895 1721 1950 est.Sicut

205 1990 315 2045 dkit
333 1991 598 2059 Scriptura
628 2006 644 2041 :
677 1986 746 2043 ιιι
770 1989 1000 2043 omnibus
1029 2003 1140 2055 quis
1164 1986 1454 2039 accidebant
1493 1987 1560 2049 ei,
1593 1986 1723 2038 nihil
1757 2053 1763 2059 ⁸

204 2083 393 2149 pacavit
438 2080 586 2135 labiis
609 2078 708 2135 Job
738 2079 857 2151 μοι
885 2093 953 2144 ιι,
976 2077 1093 2147 2|).
1137 2077 1286 2143 Quod
1330 2092 1429 2144 ego
1462 2087 1516 2131 et
1544 2077 1720 2145 pietati

203 2181 365 2229 vestrm
404 2172 638 2227 scribere
685 2186 781 2241 pro
823 2179 1000 2225 mutua
1039 2168 1261 2223 caritate
1304 2167 1638 2236 praesumpsi,
1667 2176 1723 2221 ut

205 2260 413 2318 dolorem
454 2248 763 2337 animorum.
794 2268 1120 2323 vestrorum,
1160 2273 1318 2327 quem
1362 2258 1550 2312 litteris
1592 2256 1724 2310 meis

208 2350 417 2421 mitigare
438 2365 544 2405 non
572 2358 835 2420 poteram,
858 2410 861 2413 Α
882 2348 965 2403 vei
989 2347 1181 2402 divinis
1217 2338 1440 2415 eloquiis
1460 2356 1725 2412 utcunque

208 2441 505 2495 audenter.
554 2442 621 2494 Et
662 2453 811 2504 vere,
858 2439 904 2492 si
949 2438 1078 2492 ntibi
1125 2436 1275 2505 quasi
1311 2448 1489 2491 vestro
1514 2436 1725 2501 creditis

213 2531 359 2594 cadi,
381 2546 484 2585 non
510 2530 782 2584 minimum
814 2528 1033 2597 potestis
1074 2541 1268 2595 capere
1296 2526 1362 2581 de
1396 2525 1591 2581 Christi
1624 2522 1726 2579 Do-

210 2620 318 2674 utinl
342 2621 607 2677 voluntate
635 2619 905 2684 solatium,
944 2618 1083 2689 quod
1112 2627 1370 2685 quatenus
1416 2618 1727 2671 immaturus

212 2710 427 2764 manebat
454 2710 718 2777 interitus,
743 2709 901 2763 talem
929 2722 1052 2763 eum
1073 2706 1316 2776 dignatus
1336 2717 1417 2761 est
1436 2719 1723 2769 assumere,

212 2798 412 2865 qualitlrt
435 2814 649 2870 regnum
670 2799 827 2855 docet
847 2812 966 2853 esse
985 2798 1269 2860 cmlorum;
1294 2805 1349 2849 ut
1370 2806 1425 2850 et
1450 2805 1725 2863 patronum

215 2886 448 2943 haberetis
471 2903 537 2943 ex
566 2886 702 2952 lilio,
730 2895 782 2941 et
806 2888 979 2942 minus
999 2887 1248 2941 doleretis
1274 2885 1547 2948 amissum,
1572 2898 1727 2951 quem

214 2990 239 3028 ι
258 2976 464 3034 Doutino
482 2978 740 3034 videbatis
761 2986 1103 3047 assumptum.
1133 2977 1269 3045 Opto
1294 2980 1428 3031 bene
1454 2976 1641 3043 agatis.

711 3108 923 3166 EPIST.
964 3106 1201 3161 XXXIX.

221 3201 407 3254 Dotnino
431 3210 603 3255 sancto
635 3208 683 3253 et
714 3197 992 3266 apostolico
1030 3199 1084 3248 in
1114 3196 1311 3266 Christo
1345 3195 1561 3266 Domino
1589 3193 1730 3248 cultu

271 3271 535 3341 dilectuque
574 3263 848 3341 specialius
878 3265 1429 3341 _eaco_lcttdo-patrono
1478 3263 1732 3317 Victurin

281 3336 586 3409 {Victorino}
603 3336 842 3408 episcopo
869 3337 1105 3391 Ruricius
1131 3336 1411 3402 episcopus.

274 3429 445 3485 Frater
491 3439 547 3485 et
590 3428 984 3497 eompresbyter
1026 3435 1206 3481 noster
1248 3424 1561 3493 Capillutus,
1612 3424 1733 3479 licet

217 3516 369 3584 apices
394 3528 603 3574 vestros
631 3516 789 3571 nobis
818 3531 921 3570 non
941 3515 1190 3569 detulerit
1213 3514 1264 3567 in
1286 3512 1733 3581 cltarta‘reiegeq-

216 3606 315 3671 dus,
354 3618 525 3664 tamen
569 3608 728 3663 totius
770 3605 931 3676 [lorte
981 3602 1168 3674 potius]
1209 3604 1446 3658 exhibuit
1482 3605 1532 3657 in
1573 3604 1733 3659 corde

216 3697 517 3767 conscriptos
535 3712 554 3751 :
576 3695 717 3752 unde
738 3710 833 3751 eos
859 3710 955 3753 nec
980 3696 1063 3751 lar
1086 3693 1315 3760 auferre,
1351 3709 1449 3749 nec
1469 3694 1732 3749 violentus

214 3785 415 3854 eripere,
461 3801 561 3843 nec
586 3786 757 3842 imber
789 3786 986 3853 eluere,
1032 3799 1132 3841 nec
1160 3793 1393 3840 vetustas
1419 3785 1584 3854 possit
1607 3786 1733 3839 abo-

216 3873 307 3928 lere
328 3875 447 3930 dum
476 3876 605 3930 mibi
637 3875 804 3930 lldeiis
852 3874 1133 3931 admodum
1164 3874 1322 3929 vestri
1354 3876 1578 3949 pectoris
1606 3889 1732 3929 con-

214 3975 313 4017 sors
329 3974 379 4018 et
403 3964 764 4019 deditissimtts
784 3962 985 4016 delator
1009 3964 1201 4022 sapius
1246 3954 1490 4022 inculcat,
1528 3970 1582 4013 et
1616 3961 1733 4013 dul-

214 4050 326 4117 cius,
364 4054 588 4121 qualiter
628 4065 713 4104 me
746 4059 803 4103 et
830 4064 987 4119 quam
1015 4049 1220 4105 assidua
1247 4047 1529 4103 dilectione
1556 4049 1625 4103 de
1648 4064 1732 4105 me

214 4142 481 4196 ruminetis.
514 4140 632 4195 Non
656 4141 794 4208 quod
824 4142 877 4193 in
914 4154 999 4195 me
1024 4139 1096 4194 sit
1121 4140 1259 4195 unde
1285 4139 1520 4196 caritatis
1546 4153 1734 4198 vestrae

213 4240 405 4293 pscere
451 4230 664 4298 possitis
711 4229 960 4293 esuriem,
1013 4230 1100 4299 qui
1151 4231 1350 4287 solidos
1378 4243 1433 4288 et
1470 4248 1732 4301 nunquam

214 4318 447 4383 peritum
474 4318 626 4373 cibos
653 4327 708 4373 et
746 4320 984 4387 accipere
1021 4321 1161 4375 soliti
1196 4323 1323 4377 estis
1352 4332 1407 4379 et
1438 4323 1594 4389 dare;
1642 4324 1733 4377 sed

1758 3048 1805 3110 C

1824 1816 2017 1880 litoris,
2041 1813 2427 1870 benedictionis
2451 1822 2641 1871 vestra:
2682 1811 2938 1867 imbribus
2980 1810 3225 1879 irrigetis.
3263 1808 3366 1864 0.a

1824 1920 1920 1975 pro
1947 1919 2051 1960 me.
2412 1888 2419 1893 ’
2659 1975 2663 1977 Α
2714 1926 2721 1931 -
3000 1896 3003 1901 ’

1870 1980 1874 1984 ‘
2416 1990 2628 2045 EPIST.
2667 1989 2785 2061 XL.
2876 1980 2887 2045 Ῑ
3138 2062 3141 2065 _

1944 2082 2183 2137 Ruricius
2205 2082 2466 2150 cpiscOpus
2495 2089 2521 2117 ι
2544 2079 2829 2147 Apollinari
2852 2077 2881 2117 ι’
2902 2094 2993 2132 suo
3015 2078 3262 2157 salutem.

1891 2191 2125 2247 Allectus
2168 2189 2733 2253 sublimitatisvestra:
2762 2190 2812 2255 in
2843 2189 3131 2243 visceribus
3174 2187 3370 2242 nostris

1824 2284 2091 2338 violentus
2141 2290 2357 2337 exactor
2400 2292 2520 2348 est,
2565 2288 2620 2334 et
2663 2280 2830 2333 amori
2860 2287 3036 2333 vestro
3081 2293 3165 2332 me
3197 2277 3369 2346 potius

1824 2389 1979 2441 quam
2010 2371 2194 2441 pudori
2226 2385 2345 2424 meo
2374 2370 2577 2425 servire
2603 2368 2902 2437 compellit;
2942 2368 3065 2419 dum
3108 2382 3211 2420 non
3239 2370 3371 2420 coni-

1824 2461 2062 2526 siderat,
2090 2475 2197 2527 quo
2230 2474 2478 2514 sermone
2501 2499 2518 2524 ,
2557 2472 2657 2527 qua
2688 2457 2907 2526 pagina;
2949 2464 3146 2509 tantum
3179 2455 3368 2508 vestris

1826 2552 2062 2619 imperiis
2098 2551 2468 2618 obsequamur.
2499 2546 2701 2617 Cogitis
2739 2549 2879 2602 enim
2910 2560 3008 2600 uos
3035 2544 3249 2598 auribus
3274 2558 3369 2613 pe-

1826 2642 1960 2695 ritize
1988 2648 2177 2694 vestrm
2206 2639 2382 2692 verbis
2420 2638 2632 2693 rusticis
2677 2637 2923 2705 injuriant
2963 2634 3263 2710 frequenter
3288 2633 3364 2685 in-

1828 2730 1965 2787 ferre
1989 2774 2004 2799 ,
2053 2733 2179 2784 dum
2226 2731 2401 2797 apices
2428 2737 2640 2782 nostros
2678 2727 2871 2794 saepius
2899 2725 3061 2779 vultis
3093 2724 3369 2791 accipere:

1827 2836 1988 2890 pareo
2018 2820 2270 2874 voluntati
2303 2830 2534 2881 veStrae,
2581 2814 3010 2886 pareojussioni.
3053 2812 3188 2867 Maio
3229 2811 3370 2867 enim

1827 2912 1895 2967 de
1924 2912 2124 2978 meipso
2150 2910 2243 2963 tibi
2274 2909 2439 2974 magis
2468 2922 2621 2973 quam
2664 2905 2793 2958 mihi
2832 2903 3069 2957 credere.
3100 2902 3229 2965 Quia
3264 2901 3373 2968 pie-

1833 3002 1971 3062 tatis,
2002 3014 2104 3051 non
2136 2996 2407 3065 potestatis
2434 3004 2533 3059 est,
2566 2992 2704 3061 quod
2730 2992 2948 3060 jttbetis.
2980 2990 3043 3043 Et
3074 2989 3194 3042 ideo
3214 3027 3229 3051 ,
3258 3002 3375 3055 qum

1834 3090 2198 3157 displicuerint
2226 3086 2571 3140 emettdnbitis
2604 3085 2784 3153 procul
2822 3082 2983 3137 dubio
3022 3084 3196 3152 potius
3223 3095 3377 3149 quant

1832 3178 2082 3247 prodetis.
2106 3176 2378 3243 Siquidem
2406 3175 2537 3228 nihil
2565 3184 2643 3229 est
2664 3172 2992 3242 imperiosius
3018 3173 3263 3234 caritate;
3294 3170 3378 3225 cui

1829 3285 1897 3337 qu
1920 3282 2047 3334 sque
2091 3276 2199 3320 toto
2244 3265 2405 3319 corde
2449 3279 2507 3319 se
2549 3263 3053 3324 dederit.‘librnter
3091 3271 3146 3315 et
3172 3261 3375 3314 vincula

1832 3361 1972 3423 illius
2002 3360 2222 3425 impacta
2258 3356 2506 3424 patietur,
2536 3364 2589 3409 et
2615 3369 2773 3408 onera
2806 3354 2948 3407 illata
2978 3352 3223 3420 portabit,
3252 3350 3375 3404 dunt

1831 3448 2175 3518 praecipientis
2222 3448 2497 3514 imperium
2539 3460 2642 3497 non
2692 3444 2882 3496 invitus
2911 3442 3099 3510 excipit
3121 3483 3136 3506 ,
3164 3440 3254 3493 sed
3286 3440 3377 3494 de-

1832 3550 1984 3594 votus
2035 3552 2262 3591 exercet.
2324 3536 2607 3609 Praestabit
2642 3536 2818 3602 itaque
2870 3534 3041 3587 divina
3086 3532 3376 3586 miseriter

1832 3631 1916 3683 dia
1954 3641 2009 3682 ut
2038 3627 2349 3681 tumultibus
2371 3625 2621 3691 temporis
2651 3624 2822 3692 hujus,
2848 3623 2931 3676 vel
2956 3622 3371 3685 necessitatibus,

1832 3729 1922 3774 aut
1964 3719 2140 3773 dilatis
2185 3719 2238 3771 in
2266 3725 2624 3786 perpetuum,
2652 3724 2739 3767 aut
2767 3727 3047 3781 parumper
3087 3712 3372 3780 oppressis,

1830 3811 1985 3865 citius
2011 3809 2209 3862 fructus
2241 3816 2262 3844 ο
2288 3820 2384 3861 nos
2413 3806 2566 3859 faciat
2594 3805 2661 3858 de
2690 3812 2865 3857 nostra
2894 3815 3110 3868 carpere
3148 3815 3377 3869 praesen-

1832 3902 1926 3965 tia,
1949 3909 2003 3953 ut
2022 3898 2437 3968 desideria,.qum
2461 3895 2742 3948 incitantur
2766 3888 3057 3955 affectibus,
3082 3890 3375 3958 aspectibus

1833 3989 2155 4055 ntitigentur.
2172 3985 2325 4039 Finit.

1948 4098 1951 4099 ν
2412 4071 2621 4126 Ei’iST.
2666 4070 2796 4123 XLI.

1836 4166 2049 4219 Domino
2081 4162 2443 4217 devinctissimo
2483 4170 2528 4212 et
2564 4160 2684 4211 mihi
2712 4158 2847 4211 omni
2884 4158 3070 4211 Itottore
3106 4158 3371 4212 venerabili

2248 4232 2391 4300 fratri
2420 4228 2443 4266 ἀ
2472 4229 2679 4282 Leontio
2709 4228 2963 4282 Ruricius.

1911 4323 2114 4377 Gratias
2142 4338 2258 4391 ago,
2276 4321 2411 4389 quod
2425 4332 2473 4374 et
2491 4321 2652 4374 nostri
2668 4334 2843 4373 curam
2858 4334 3061 4388 gerere,
3079 4328 3130 4373 et
3153 4320 3379 4373 novitate

168 4472 173 4479 υ
213 4407 397 4472 quando
418 4408 604 4462 fortior
630 4422 750 4462 esca
777 4408 1020 4475 defuerit,
1047 4411 1357 4465 tenuitatem
1391 4388 1622 4466 nostrain
1646 4428 1739 4481 pro
1769 4388 1818 4447 D
1844 4415 2065 4476 olerum,
2096 4388 2212 4479 qua:
2241 4388 2463 4465 libenter
2493 4411 2685 4464 habere
2712 4425 2809 4464 nos
2836 4409 3023 4474 nostis,
3056 4422 3151 4461 nos
3168 4408 3380 4463 reticere

212 4495 341 4554 lactis
382 4498 575 4571 poculo
619 4499 897 4566 sorbeatis,
928 4510 987 4555 ut
1013 4501 1336 4558 desiderium
1376 4504 1447 4571 pii
1489 4504 1663 4560 cordis
1687 4514 1740 4559 et

270 4697 294 4762 ξ
311 4690 397 4745 iis.
411 4734 424 4756 ,
437 4692 760 4762 Apollonari.

272 4756 299 4795 δ
323 4764 387 4813 lle
413 4756 495 4816 eo'
510 4762 576 4814 ad
603 4760 757 4825 epi~t.
784 4759 871 4812 25.

274 4828 445 4896 {Lego
468 4845 578 4891 vos,
608 4830 690 4881 vel
719 4844 808 4879 nos
836 4829 991 4893 faciat
1013 4828 1074 4881 de
1098 4837 1273 4882 vestra.

271 4890 294 4928 ⁴
317 4886 425 4975 Fuit
456 4898 545 4977 ille
566 4886 1169 4977 :Leontiusﬁrelatensis
1211 4898 1517 4977 episcopus;
1552 4886 1757 4977 quam-~

216 4972 281 5040 vis
304 4967 438 5040 enim
466 4966 537 5017 de
565 4966 911 5040 ipsiusJobitu
944 4968 1165 5040 tacuerit
1205 4968 1443 5040 Superius
1471 4966 1735 5040 Ruricius,

217 5033 259 5082 id
298 5033 454 5084 solum
504 5034 691 5098 probat
733 5033 869 5086 illius
924 5036 1170 5099 epistolas
1217 5035 1500 5089 secundum
1549 5036 1737 5087 seriem

216 5112 507 5169 temporumA
539 5116 641 5152 non
688 5114 806 5153 esse
840 5101 1137 5169 dispositas.
1187 5103 1300 5154 Fuit
1350 5103 1555 5168 quidem
1606 5104 1738 5155 alter

218 5168 439 5222 Leontius
469 5167 850 5233 Foroiuliensis
897 5167 1191 5237 episcopus,
1224 5174 1302 5222 cui
1334 5174 1547 5224 concilia
1576 5172 1735 5224 Galli-

219 5252 329 5306 ratta
364 5237 687 5293 convocandi
714 5238 798 5306 jus
826 5240 1088 5290 conceSsit
1132 5239 1237 5292 Leo
1268 5240 1499 5306 Magnus,
1527 5250 1583 5293 ut
1612 5240 1732 5291 Gai-

221 5303 365 5358 iurum
421 5308 631 5359 animos
675 5305 867 5357 ililario
913 5306 1201 5359 Art'latensi
1260 5303 1491 5362 addictos
1536 5311 1735 5360 facilius

222 5387 457 5427 avocaret.
506 5375 610 5429 Sed
641 5378 684 5426 is
712 5374 955 5426 Leontius
996 5374 1090 5426 fuit
1128 5377 1233 5442 jam
1281 5388 1539 5443 provecta:
1570 5378 1737 5427 astatis

220 5456 338 5495 anno
364 5446 483 5508 M5,
525 5453 578 5495 ut
610 5452 827 5495 testatur
853 5445 962 5510 ipse
992 5443 1114 5495 Leo.
1160 5446 1305 5497 Hunc
1336 5443 1607 5499 Leontium
1648 5459 1737 5493 an-

222 5518 411 5567 tomavit
441 5514 696 5566 Baronius
726 5514 964 5564 eumdem
996 5528 1112 5565 esse
1133 5528 1193 5565 ac
1225 5514 1368 5565 illum
1398 5515 1477 5565 cui
1505 5513 1737 5579 ρνὶδιυιειτ

224 5580 396 5639 Sidonii
423 5596 477 5641 et
519 5581 719 5639 Ruricii
758 5592 878 5641 sunt
911 5582 1151 5648 ditt-clas;
1195 5584 1281 5637 sed
1314 5584 1508 5639 obierat
1558 5582 1735 5648 procul

1842 4502 1972 4557 tanti
1998 4501 2280 4564 habuistis;
2315 4499 2453 4567 quod
2482 4509 2535 4553 et
2560 4498 2922 4552 consuetudini
2951 4497 3209 4564 praestatis
3234 4498 3379 4563 pari-

1784 4680 1789 4681 i
1844 4693 2002 4745 dubio
2032 4688 2404 4755 Furojuliensis
2430 4688 2674 4743 Leontius
2718 4700 2783 4740 eo
2828 4696 3059 4751 tempore
3084 4685 3284 4739 Sidonii
3363 4695 3381 4737 t

1845 4760 2072 4820 Ruricii;
2114 4773 2318 4809 eozevus
2351 4772 2473 4811 vero
2520 4760 2617 4809 lttit
2659 4755 2903 4808 Leontius
2947 4756 3265 4806 Arelatensis
3294 4756 3380 4819 qtti

1846 4830 2076 4881 liavvnio
2106 4832 2376 4879 successit.
2410 4828 2657 4880 Leontius
2705 4824 3071 4888 Foroiuliensis
3114 4826 3246 4874 circa
3288 4840 3382 4874 att-

1847 4914 1967 4950 nuttt
2009 4895 2110 4949 ιω
2145 4894 2299 4957 obiit;
2337 4911 2439 4948 non
2486 4898 2527 4947 is
2571 4894 2725 4959 igitur
2752 4906 2867 4944 esse
2900 4896 3063 4957 potuit
3090 4892 3237 4956 cujus
3267 4893 3378 4941 exi-

1848 4978 1956 5019 tum
2004 4963 2162 5016 tleﬂet
2208 4964 2448 5017 Ruricius
2492 4965 2765 5027 episeopus
2810 4962 2875 5011 ab
2906 4974 3043 5012 anno
3076 4961 3196 5011 ΗΟ.
3233 4961 3379 5010 Errat

1848 5034 2117 5100 triplit'iler
2148 5033 2343 5085 Suvaro
2372 5034 2459 5097 qui
2492 5032 2761 5084 Leontium
2809 5028 3217 5100 [orojttiiensern
3259 5041 3376 5077 euttt

1844 5097 1959 5155 esse
1990 5109 2192 5167 putaret
2216 5101 2299 5152 cui
2340 5102 2585 5153 Sidonius
2610 5139 2623 5159 ,
2669 5101 2790 5150 item
2823 5098 3040 5149 Faustus
3076 5097 3339 5167 scripsere
3364 5135 3378 5156 ,

1841 5166 2033 5237 quique
2065 5170 2375 5234 subscripsit
2400 5170 2633 5235 episto‘:e
2652 5166 2903 5237 Faustiad
2936 5166 3227 5237 Luciferum
3256 5176 3373 5229 prc-

1844 5231 2131 5305 sltyterttttt,
2164 5231 2315 5303 idque
2343 5240 2392 5290 itt
2435 5231 2657 5291 concilio
2689 5231 3121 5305 Lugdune-misi"
3152 5232 3195 5281 Is
3225 5248 3375 5305 qut-ut

1843 5298 2018 5357 laudat
2044 5298 2283 5365 Faustus.
2318 5308 2414 5358 iuit
2446 5298 2787 5364 Arelatensis,
2814 5304 2893 5355 cui
2922 5304 3227 5353 cotntttissus
3259 5298 3375 5349 (λιι.

1842 5378 2027 5427 liarttnt
2079 5378 2373 5427 vicariz’tttte.
2415 5376 2470 5426 2"
2502 5375 2684 5426 Nescio
2713 5372 2834 5437 quid
2873 5372 2969 5421 sibi
3006 5367 3127 5419 Velit
3158 5368 3375 5429 Suram,

1845 5444 1929 5514 ubi
1958 5445 2110 5514 toties
2144 5436 2830 5514 Luciferum.presbyterum
2863 5438 3103 5514 inculcat.
3126 5437 3250 5514 βμιι
3284 5436 3381 5488 luit

1846 5510 2054 5563 Lttcii‘er
2100 5514 2349 5565 adversus
2400 5505 2551 5579 quem
2591 5505 2827 5579 teiastta
2868 5505 3088 5579 \‘lillatll
3126 5505 3377 5579 Faustus;

1844 5581 1935 5636 sed
1968 5581 2225 5651 Lucidus,
2270 5576 2455 5647 injuria
2504 5581 2551 5635 in
2595 5577 2906 5634 Luciferum.
2942 5576 3203 5627 hominem
3234 5576 3377 5642 igitu-
