3854 6228
546 217 643 272 115

1845 218 2089 274 RURICII
2132 218 2427 274 EPiSCOtPl

3696 225 3815 275 118

539 337 618 377 tor
642 340 695 379 et
719 327 905 380 amori.
953 327 1177 396 Ideoque
1224 327 1471 381 redeunte
1502 343 1662 395 puero
1689 338 1883 388 vestro,
1915 330 2077 381 reddo
2107 336 2151 388 Α
2182 342 2408 383 vestram
2468 332 2749 398 plurimum
2797 336 3133 402 sospitamus.
3189 338 3253 390 Et
3300 340 3422 407 quia
3460 340 3528 390 de
3577 352 3810 389 nostra

538 420 863 485 reciprocum
889 420 1245 487 sospitationis
1272 420 1531 481 officium;
1563 428 1617 472 et
1644 428 1699 471 ut
1722 420 1787 471 de
1817 430 2083 486 suscepto,

541 512 648 562 Deo
677 510 922 575 pro;.itio,
952 512 1126 564 ofﬁcio
1153 511 1510 565 indesinenter
1537 511 1776 579 cogitetis
1803 512 2083 565 admoneo.

537 604 665 666 Quia
699 602 834 655 Dens
866 618 968 655 non
999 603 1201 655 initium
1229 602 1352 655 boni
1382 602 1579 668 operis,
1601 602 1694 655 sed
1726 603 1878 654 flnvm
1906 602 2083 670 requi-

537 707 652 746 rere
678 692 1064 756 comprobatur,
1093 692 1310 744 dicens:
1333 690 1431 754 Qui
1457 692 1834 757 perseveraverit
1855 708 2006 758 usque
2030 693 2109 761 in,

533 783 720 847 ﬁnem,
765 783 845 835 hic
886 782 1051 834 saluus
1090 782 1181 833 erit
1218 780 1429 848 (Matth.
1460 796 1514 844 x,
1540 780 1655 846 ἓξ).
1695 780 1997 846 Prmstabit,
2028 791 2086 835 ut

533 870 815 931 credimus,
846 868 1204 923 misericordia
1227 870 1411 936 ipsius,
1436 879 1491 923 ut
1516 870 1602 939 qui
1626 869 1911 937 ptenitendi
1935 869 2081 923 vobis

532 964 763 1014 animum
810 962 1066 1029 inspirare
1117 960 1360 1030 dignatus
1407 968 1529 1022 est,
1577 961 1689 1026 ipse
1736 961 1883 1013 vobis
1928 969 1981 1012 et
2028 960 2079 1011 in

531 1053 734 1116 agendo
760 1051 1002 1105 virtutem
1029 1089 1045 1115 ,
1094 1058 1149 1104 et
1175 1052 1224 1103 in
1254 1040 1706 1104 consummatione
1750 1050 1953 1117 plenam
1983 1048 2079 1100 tri-

532 1140 659 1192 buat
702 1155 800 1208 pro
845 1155 937 1193 sua
984 1142 1323 1194 miseratione
1369 1139 1731 1193 remissionem
1757 1178 1772 1202 ,
1816 1138 1903 1206 qui
1936 1137 2079 1191 solus

533 1234 704 1293 potest
743 1236 797 1281 et
836 1243 1023 1283 sanare
1066 1237 1309 1295 corrupta
1332 1268 1346 1291 ,
1378 1240 1430 1283 et
1458 1242 1706 1297 reparare
1744 1227 1997 1292 Collapsa,
2028 1235 2081 1280 et

530 1315 705 1370 delere
748 1320 1024 1373 commissa
1050 1358 1066 1384 ,
1111 1327 1165 1373 et
1193 1318 1389 1371 abdere
1430 1318 1690 1383 pra-terim
1714 1357 1729 1380 ,
1763 1331 2079 1370 conservare

528 1408 827 1473 prasentia,
852 1416 907 1460 et
930 1408 1129 1461 donare
1154 1416 1393 1459 ventura.
1418 1406 1575 1459 Finit.

1095 1517 1307 1576 EPIST.
1348 1518 1501 1573 XLII.

813 1607 1050 1662 Ruricius
1073 1611 1140 1663 ad
1164 1610 1399 1662 domuum
1422 1606 1789 1667 Constantium.

2182 420 2414 488 dignaris
2459 436 2578 474 esse
2623 423 2790 476 salute
2833 426 3127 491 sollicitus,
3172 428 3325 495 juxta
3370 438 3491 479 vota
3542 428 3812 494 pietatis

2182 519 2372 564 vestra:
2401 524 2486 563 me
2525 511 2703 564 vatere
2740 512 3017 579 significo,
3063 516 3325 583 simulque
3354 498 3657 584 deposco,
3703 518 3811 569 ubi

2182 609 2415 655 sanctum
2449 601 2639 665 pascha
2672 600 2859 656 facturi
2901 604 3016 657 sitis
3040 645 3056 668 ,
3108 620 3191 658 me
3229 596 3666 662 recurrentith
3719 608 3789 660 in

2180 686 2417 742 struatis.
2448 686 2610 741 Finit.
3610 708 3621 718 υ

2748 799 2963 852 EPIST.
3005 800 3159 854 XLV.

2357 885 2553 941 ﬁerit-ii
2586 886 2805 952 episcopi
2832 888 2900 938 ad
2930 891 3269 957 presbyterum
3306 891 3581 948 Albinam.

2248 972 2348 1027 Ubi
2374 973 2443 1027 ad
2470 990 2554 1028 me
2578 977 2872 1028 communis
2916 978 3088 1030 luctus
3119 979 3285 1030 nuntii
3319 995 3542 1035 rumore
3574 998 3809 1051 perve-

2179 1063 2255 1114 nit
2282 1102 2298 1126 ,
2345 1064 2484 1131 quod
2518 1074 2691 1118 tamen
2722 1066 2945 1118 miratus
2973 1080 3091 1119 sum
3117 1106 3132 1129 ,
3163 1068 3302 1134 quod
3331 1084 3435 1122 non
3468 1073 3590 1125 hoc
3626 1080 3813 1140 prius

2179 1163 2241 1202 ex
2270 1152 2636 1218 germanitatis
2664 1162 2850 1205 vestrae
2878 1153 3131 1206 relatione
3154 1156 3397 1223 cognovi,
3418 1160 3539 1225 ipse
3571 1164 3654 1213 ad
3696 1178 3815 1216 vos

2179 1242 2524 1309 requirendos
2552 1243 2800 1296 continuo
2825 1243 3087 1299 venissem
3108 1285 3124 1307 ,
3150 1245 3253 1299 nisi
3295 1261 3378 1301 me
3402 1236 3643 1303 dierum
3692 1252 3815 1303 ho-

2180 1347 2293 1384 rum
2340 1334 2631 1387 reverentia
2680 1333 3018 1387 retardasset.
3062 1334 3171 1387 llas
3200 1338 3506 1404 transmisi,
3561 1342 3812 1407 quibus

2178 1436 2355 1488 spero,
2387 1432 2446 1475 ut
2469 1438 2554 1475 me
2581 1433 2886 1477 excusatum
2918 1424 3112 1478 habere
3139 1426 3451 1493 dignemini,
3486 1439 3553 1483 et
3596 1433 3805 1484 titiam

2181 1523 2408 1565 nostram
2436 1556 2450 1577 ,
2480 1527 2637 1580 quam
2680 1513 2836 1566 audio
2863 1528 2921 1567 se
2961 1515 3305 1569 vehementer
3346 1516 3614 1587 afﬂigere
3641 1561 3660 1584 ,
3728 1523 3809 1572 ad

2179 1604 2346 1654 vicem
2375 1618 2569 1668 meam,
2597 1612 2704 1656 tam
2743 1619 2806 1658 ex
2853 1606 3055 1660 ratione
3079 1622 3231 1669 quam
3260 1623 3323 1662 ex
3352 1620 3537 1664 vestra
3571 1624 3811 1665 aucto—

593 1695 670 1751 De
698 1698 900 1753 deliciis
931 1700 1247 1753 transmissis
1273 1700 1463 1766 gratias
1484 1712 1601 1767 ago,
1628 1708 1680 1751 et
1722 1708 1969 1764 quantum
1997 1698 2075 1750 in.
2106 1667 2149 1725 Β
2178 1692 2331 1745 ritate
2369 1692 2711 1745 consolemini
2738 1731 2754 1754 .
2802 1681 2941 1761 quod
2972 1695 3225 1750 Dominus
3268 1710 3448 1751 noster
3486 1700 3571 1755 de
3608 1716 3810 1756 servo

526 1781 775 1846 dicastla,
822 1793 1021 1838 tantum
1071 1800 1156 1840 me
1201 1796 1537 1852 utrarumque
1578 1787 1749 1837 avium
1780 1787 2074 1851 suscepisse

525 1876 792 1943 significo;
829 1876 1094 1943 almulque
1134 1879 1287 1930 etiam
1332 1892 1427 1946 per
1457 1892 1647 1944 pleros
1676 1878 1836 1943 ipsos,
1866 1879 1955 1946 qui
1981 1893 2074 1931 no.

526 1966 605 2017 his
635 1968 746 2023 hac
772 1964 1074 2022 detulerunt
1098 2007 1113 2030 ,
1145 1976 1324 2036 tergus
1348 1982 1604 2034 aprunum
1637 1983 1721 2021 me
1752 1970 1930 2036 pietati
1959 1970 2072 2022 'tnre

524 2055 698 2109 indico
725 2060 1110 2126 transmisisse;
1150 2068 1203 2110 ut
1229 2059 1350 2110 dum
1376 2071 1471 2111 nos
1500 2058 1727 2111 volatilia
1757 2074 1872 2127 quae
1903 2068 2073 2112 trans-

523 2143 709 2197 misisti
755 2143 1081 2203 deliciamur.
1126 2152 1184 2198 tu
1226 2144 1413 2213 bipede
1458 2144 1526 2200 de
1567 2147 1907 2213 quadrupede
1937 2148 2072 2200 facto

523 2232 749 2284 satiaris.
782 2234 943 2300 Cuius
974 2241 1145 2287 tamen
1177 2235 1315 2288 malo
1336 2248 1513 2299 carne,
1536 2249 1693 2303 quam
1720 2236 1824 2288 vita
1846 2237 2071 2303 capiaris

522 2322 644 2391 quia
671 2322 758 2391 qui
803 2334 1011 2394 semper
1040 2323 1104 2377 de
1150 2324 1490 2379 saecularibus
1530 2328 1758 2392 cogitat,
1801 2336 1853 2380 et
1878 2326 2072 2395 jugiter

522 2418 730 2469 terrena
772 2412 1074 2474 meditatur,
1129 2411 1247 2464 huic
1281 2412 1533 2464 animanti
1581 2412 1847 2480 Scriptura
1893 2414 2067 2467 divina

521 2501 711 2552 merito
760 2511 1115 2567 comparatur.
1166 2502 1298 2565 Quia
1344 2502 1411 2555 de
1472 2492 1712 2557 omnibus
1759 2504 2069 2558 animalibus

519 2592 665 2644 solus
698 2591 852 2645 homo
894 2593 1135 2645 sublimis
1160 2602 1367 2648 creatus
1404 2604 1503 2655 est,
1548 2603 1599 2645 et
1627 2593 1863 2655 eﬂectus,
1891 2604 1946 2647 ut
1962 2611 2067 2657 ,διι-

519 2689 715 2735 ctorem
761 2694 909 2733 suum
959 2696 1167 2747 semper
1210 2684 1347 2735 caelo
1392 2685 1622 2736 intentus
1670 2684 1914 2751 aspiciat,
1963 2700 2065 2737 non

520 2770 781 2827 mundatis
807 2785 965 2837 Opera
1006 2772 1122 2825 solo
1153 2771 1534 2839 incessabiliter
1574 2772 1778 2826 defixus
1803 2783 2065 2828 exerceat.

1081 2882 1289 2937 EPIST.
1333 2883 1513 2938 XLIII.

518 2969 598 3023 Ad
613 2970 848 3022 domuum
866 2973 1180 3024 Ambrosium
1199 2982 1222 3008 ³
1236 2974 1523 3041 episcOpum
1540 2975 1772 3028 Ruricius
1783 2977 2062 3043 episcopus.
2089 3006 2136 3068 c

588 3059 884 3123 Aposmlica
933 3069 1185 3127 precepta
1224 3075 1320 3112 nos
1350 3076 1684 3115 commonent
1727 3077 1779 3116 ut
1817 3080 1848 3117 a
1876 3066 2064 3132 quibus

472 3142 477 3145 ’
518 3147 691 3200 divina
725 3147 1057 3215 percipimus,
1089 3149 1165 3202 eis
1194 3160 1397 3204 terrena
1429 3154 1773 3219 praebeamus,
1803 3156 1939 3221 quod
1969 3170 2064 3208 nus

520 3237 602 3289 vel
634 3236 684 3289 in
717 3237 813 3289 bac
838 3238 1089 3291 duntaxat
1131 3248 1278 3307 parte
1305 3252 1610 3305 servantes,
1642 3256 1738 3308 pro
1767 3242 2083 3311 cmlestibus

518 3326 709 3393 epulis,
739 3334 867 3395 quas
899 3327 1048 3381 nobis
1077 3339 1129 3383 et
1154 3342 1399 3383 sermone
1431 3332 1579 3395 vivo,
1612 3339 1665 3383 et
1710 3340 1912 3397 patrum
1961 3341 2066 3385 tra-

520 3416 748 3470 ctatibus
774 3417 1100 3481 ministratis,
1129 3420 1383 3485 legumina
1416 3423 1611 3503 maripa
1658 3422 2060 3480 transmisimus.

521 3506 621 3559 Per
658 3507 769 3558 haec
816 3508 886 3559 nil
936 3522 1031 3560 nos
1080 3508 1271 3563 habere
1316 3512 1583 3577 proprium
1627 3514 2061 3578 comprobantes;

519 3596 774 3663 siquidem
801 3605 854 3649 et
877 3611 905 3647 a
929 3597 1121 3649 divinis
1148 3598 1299 3651 bonis
1326 3614 1525 3663 sumus,
1555 3615 1669 3664 qua:
1696 3615 1787 3652 vos
1818 3601 2063 3665 tribuitis,

521 3686 817 3753 peregrini,
862 3694 915 3737 et
961 3700 1056 3738 nos
1100 3687 1373 3753 peregrina
1417 3688 1837 3739 transmittimus.
1892 3690 2065 3754 Itaque

518 3778 637 3841 quia
667 3791 763 3827 nos
792 3792 818 3827 a
850 3778 1063 3829 marinis
1094 3778 1395 3830 coelestibus
1434 3778 1693 3838 exsulare,
1726 3790 1777 3829 et
1806 3779 1932 3830 solis
1962 3787 2064 3830 ter-

520 3867 663 3920 renis
690 3867 901 3921 sedibus
931 3868 1180 3921 incubare
1208 3867 1589 3935 cognoscimus,
1619 3884 1647 3921 a
1674 3868 1822 3921 vobis
1857 3870 2065 3936 specia—

520 3952 620 4008 lius
650 3958 988 4023 postulamus,
1018 3965 1075 4010 ut
1104 3958 1213 4011 lizec
1242 3958 1407 4010 aliena
1438 3973 1466 4010 a
1505 3958 1654 4010 nobis
1677 3957 1899 4012 libenter
1926 3960 2063 4012 acci-

522 4061 646 4111 pere
670 4086 686 4108 ,
732 4056 785 4100 et
832 4056 1003 4099 vestra
1035 4048 1185 4099 nobis
1228 4048 1509 4115 dignemini
1540 4048 1836 4113 frequenter
1864 4048 2064 4113 impen-

522 4134 668 4185 dere.
696 4134 826 4186 lllod
855 4137 920 4187 sit
946 4135 1237 4189 affectionis
1260 4176 1277 4200 ,
1319 4138 1418 4188 hoc
1459 4138 1766 4208 ministerii;
1806 4137 1931 4189 illud
1964 4137 2062 4189 do—

522 4223 702 4277 ctrina:
729 4234 1026 4292 praestatur,
1057 4226 1155 4275 lioc
1182 4224 1381 4290 gratim.
1476 4222 1477 4225 “

1076 4334 1280 4389 EPIST.
1331 4334 1509 4387 XLIV.

732 4422 812 4475 Ad
834 4423 1069 4475 domuum
1098 4422 1373 4493 Hispanum
1401 4423 1592 4477 Rurici!
1620 4424 1856 4492 episcopi.

588 4515 699 4580 Ago
722 4515 910 4579 gratias
929 4512 1071 4581 quod
1095 4514 1216 4566 dum
1240 4512 1388 4566 nobis
1409 4514 1542 4566 dona
1569 4516 1797 4579 nomine,
1818 4530 1875 4569 re
1900 4516 2064 4582 spolia

524 4604 871 4653 transmittitis
897 4643 912 4665 ,
954 4603 1202 4668 pietatem
1234 4612 1459 4654 vestram
1491 4618 1610 4669 erga
1645 4620 1727 4657 tne
1768 4606 2061 4657 sincerissi-

523 4706 661 4744 mam
704 4693 1057 4756 comprobatis
1080 4732 1095 4754 ,
1146 4707 1247 4761 qua
1291 4706 1388 4745 nos
1425 4694 1648 4759 amplius
1674 4710 1827 4761 quant
1858 4696 2061 4749 deliciis

521 4780 859 4834 delectamur.
903 4780 1168 4847 Siquidem
1218 4781 1338 4833 inde
1385 4781 1606 4832 esuriem
1650 4785 1882 4848 corporis
1911 4798 2058 4836 com-

521 4886 827 4939 pescemus,
882 4870 1000 4922 hinc
1045 4873 1220 4924 cordis
1264 4890 1277 4923 :
1321 4872 1442 4924 inde
1491 4872 1657 4923 ventri
1700 4874 2053 4926 transitmium

523 4961 835 5028 porrigimus
894 4971 1095 5024 pastum
1140 4979 1151 5011 :
1197 4963 1316 5013 Iiinc
1360 4975 1483 5012 vero
1537 4960 1710 5011 animo
1756 4977 2055 5015 mansurum

525 5050 817 5113 praebemus
862 5048 1125 5100 atiectum.
1158 5050 1381 5101 Proinde
1410 5060 1510 5100 tam
1552 5050 1715 5099 amori
1745 5065 1909 5118 quam
1948 5066 2061 5101 mtt-

524 5139 636 5191 neri
666 5148 840 5191 vestro
879 5138 1072 5204 gratias
1099 5147 1469 5201 repensautes,
1505 5136 1786 5202 reciprocis
1818 5142 2057 5203 pietatem

525 5264 631 5304 tum
658 5295 673 5319 ,
726 5261 1122 5306 transmutatus.
1152 5252 1205 5303 5’
1240 5251 1469 5316 Denique
1506 5248 1793 5319 Arelatensi
1823 5251 2059 5313 concilio,

522 5324 607 5373 cui
657 5318 857 5385 prtefuit
906 5323 1181 5379 Leontius,
1227 5319 1573 5386 subsrripsit;
1624 5318 1849 5371 abfuisse
1888 5331 2063 5371 autem

524 5391 727 5441 videtur
755 5407 781 5442 a
808 5394 1025 5443 concilio
1058 5388 1384 5457 Lugdunensi
1412 5429 1426 5448 ,
1476 5386 1612 5457 quod
1648 5387 1851 5457 unicum
1885 5397 2063 5439 tamen

524 5461 719 5513 imlicnt
746 5464 961 5510 Savarn.
1005 5456 1380 5511 Cum'Leontio
1415 5456 1707 5507 Arelatensi
1758 5470 1858 5505 non
1909 5458 2065 5507 modo

524 5526 780 5598 cliscopis
812 5525 1106 5590 Gallicanis
1146 5527 1235 5581 scd
1270 5522 1425 5579 ctiam
1464 5524 1657 5577 Hilario
1696 5524 1925 5589 pontiﬁci
1959 5524 2063 5577 frc-

2176 1792 2291 1843 suo,
2334 1788 2390 1833 et
2429 1780 2638 1848 quando
2672 1781 2857 1846 voluit,
2890 1791 2941 1835 ct
2964 1784 3105 1849 quod
3134 1787 3317 1848 voluit,
3346 1786 3490 1842 fecit.
3531 1790 3613 1842 Et
3652 1792 3809 1844 ideo

2174 1881 2355 1925 c0otra
2388 1872 2709 1924 voluntatem
2744 1872 2948 1926 Domini
2980 1876 3159 1928 venire
3191 1875 3471 1942 videbitur,
3498 1885 3608 1933 cui
3662 1883 3807 1936 dis-

2173 1966 2333 2032 plicet
2363 1963 2536 2016 divina
2567 1955 3072 2034 praceptioiutique
3099 1966 3271 2019 divina
3296 1983 3311 2029 ;
3350 1970 3474 2037 quia
3502 1972 3802 2024 animam

2172 2060 2405 2104 nostram
2454 2052 2542 2104 ille
2585 2054 2760 2119 solus,
2787 2051 2906 2106 cum
2937 2054 3183 2120 voluerit,
3210 2070 3273 2108 ex
3300 2070 3532 2124 corpore
3574 2070 3801 2127 potest

2171 2142 2419 2205 educere,
2447 2141 2538 2208 qui
2567 2140 2700 2195 fudit
2726 2142 2779 2195 in
2822 2156 3064 2210 corpore.
3108 2144 3172 2199 Et
3203 2144 3399 2199 idcirco
3432 2146 3644 2201 luctus
3676 2152 3804 2205 iste

2172 2234 2401 2296 nimius,
2448 2234 2535 2299 qui
2570 2232 2779 2285 videtur
2820 2244 2937 2286 esse
2979 2235 3207 2301 pietatis.
3248 2235 3411 2304 magis
3437 2250 3502 2289 ex
3541 2238 3797 2294 diaboli

2170 2324 2393 2378 consilio
2433 2338 2587 2391 quam
2620 2338 2684 2375 ex
2731 2323 2922 2389 pietate
2949 2324 3264 2387 descendit;
3307 2335 3362 2378 ut
3406 2341 3535 2380 cum
3600 2329 3799 2382 dolor

2170 2413 2543 2467 consolationis
2564 2413 2842 2480 impatiens
2866 2412 3095 2479 querelis
3120 2415 3225 2466 suis
3262 2413 3417 2468 Deum
3448 2417 3798 2483 impietatis

2168 2500 2469 2567 exprobrat,
2482 2500 2571 2567 qui
2598 2500 3049 2566 praemisitFilium
3070 2516 3163 2568 per
3180 2501 3460 2555 humanam
3474 2506 3719 2559 conditi
3726 2520 3801 2559 o-

2169 2606 2324 2655 nem,
2362 2606 2457 2658 per
2499 2591 2915 2644 incredulitatem
2964 2592 3191 2645 animam
3233 2592 3437 2662 perdat.
3476 2592 3796 2664 Plangaut

2121 2696 2128 2702 ·
2169 2681 2357 2732 mortui
2395 2688 2631 2733 mortuos
2672 2694 2826 2745 suos,
2863 2695 2996 2747 quos
3034 2692 3424 2737 resurrecturus
3462 2699 3606 2739 esse
3657 2702 3797 2738 non

2167 2766 2388 2820 credunt
2411 2810 2426 2833 ,
2464 2769 2552 2835 qui
2600 2770 2825 2820 animam
2861 2782 2976 2820 cum
3015 2783 3172 2822 carne
3191 2772 3459 2822 trstiniant
3488 2773 3796 2839 interire,

2166 2856 2356 2925 quibus
2378 2857 2515 2912 nulla
2540 2857 2606 2913 de
2634 2858 2952 2911 beatitudine
2978 2860 3187 2919 animm,
3222 2859 3361 2911 nulla
3390 2859 3455 2912 de
3487 2866 3795 2928 corporis

2167 2948 2549 3002 restauratione
2597 2947 2781 3001 fiducia
2814 2956 2914 3002 est.
2936 2946 3041 2999 Nos
3076 2962 3224 3012 vero,
3254 2948 3342 3017 qui
3371 2962 3523 3017 spem
3564 2966 3791 3005 resur-

2168 3039 2415 3091 rectionis
2461 3038 2714 3091 habemus
2757 3039 2811 3090 in
2852 3038 3081 3102 Christo,
3112 3038 3442 3105 qui_animas
3487 3050 3789 3100 nostras.

2130 3124 2306 3196 ‘joxta
2349 3128 2772 3195 pollicitationem
2823 3128 2987 3193 ipsius
3027 3102 3267 3189 Domini,
3317 3127 3369 3179 in
3416 3136 3790 3183 sanctunitii

2166 3219 2357 3271 ﬁnibus
2397 3219 2659 3270 credimus
2702 3217 2979 3280 collocari;
3023 3217 3087 3269 ad
3138 3218 3304 3285 ipsum
3345 3231 3439 3269 nos
3479 3220 3679 3273 corde
3724 3236 3794 3275 et

2164 3309 2488 3363 orationibus
2538 3310 2907 3372 conferamus;
2949 3320 3000 3361 et
3041 3308 3386 3362 consolationi
3441 3309 3508 3363 de
3568 3311 3789 3379 ipsius

2166 3399 2511 3466 promissione
2549 3399 2847 3465 capiamus,
2891 3397 3031 3464 quod
3060 3396 3336 3450 credentes
3366 3399 3414 3450 in
3444 3412 3503 3450 se
3543 3412 3787 3455 secum

2162 3488 2346 3542 vivere
2385 3488 2555 3541 iaciat.
2598 3488 2703 3540 Nec
2728 3488 2864 3541 ullus
2889 3486 3023 3554 apud
3050 3501 3170 3541 eum
3200 3486 3299 3539 nisi
3324 3487 3560 3541 infidelis
3592 3505 3787 3545 mor-

2166 3586 2287 3630 tuus
2323 3577 2605 3645 judice-tur.
2639 3577 2704 3628 Et
2738 3576 2806 3628 ita
2838 3576 3074 3643 planctus
3112 3586 3354 3638 nostros,
3394 3577 3535 3628 sicut
3584 3578 3790 3633 Scri-

2165 3682 2313 3733 ptura
2351 3681 2445 3718 nos
2485 3667 2705 3727 edotzet,
2756 3674 3137 3732 temperemus.
3176 3666 3393 3718 dicens:
3422 3662 3635 3719 Luctus
3660 3686 3787 3721 sa-

2084 3776 2087 3779 λ
2166 3755 2343 3819 pientis
2390 3764 2574 3821 septem
2622 3752 2824 3815 diebus,
2870 3753 3013 3818 impii
3051 3768 3165 3805 vero
3221 3768 3388 3804 omnes
3442 3751 3563 3803 dies
3628 3758 3698 3807 οἱ
3728 3774 3789 3809 ce

2163 3860 2270 3898 sua:
2299 3844 2318 3912 (
2347 3844 2502 3896 Eccli.
2532 3858 2662 3908 xxtt,
2695 3844 2759 3895 15
2780 3842 2819 3911 ).
2861 3842 3008 3895 Sicut
3036 3844 3228 3895 scimus
3268 3842 3412 3895 illum
3453 3851 3785 3901 mortuum

2162 3950 2405 4004 corpore,
2429 3936 2601 3989 anima
2630 3947 2756 3987 vero
2794 3948 2888 3999 pro
2919 3932 3213 3987 innocentia
3243 3946 3334 3985 sua
3370 3931 3478 3985 Deo
3504 3934 3737 3992 vivere
3760 3957 3781 3999 ;

2164 4027 2232 4079 ita
2264 4041 2361 4078 nos
2390 4027 2627 4097 viventes
2656 4038 2901 4091 corpore,
2925 4026 3085 4078 corde
3113 4023 3415 4077 moriamur.
3443 4021 3622 4077 Finit.

2721 4154 2929 4206 EPIST.
2970 4154 3151 4206 XLVI.

2478 4242 2669 4295 Ruricii
2700 4244 2915 4311 episcopi
2943 4247 3008 4294 ad
3043 4244 3396 4299 Taurcncium.

2092 4346 2145 4405 Ῑ)
2237 4332 2348 4401 Ago
2372 4333 2565 4399 gratias
2594 4330 2994 4399 promptissime
3024 4330 3076 4382 in
3104 4330 3325 4387 Domino
3345 4330 3659 4397 devotioni,
3706 4352 3779 4395 ει

2166 4424 2534 4477 sincerissima
2578 4436 2697 4489 erga
2731 4435 2813 4473 me
2846 4419 3046 4473 caritati
3084 4418 3306 4491 vestras,
3356 4433 3472 4487 quas
3521 4421 3779 4482 divina:

2166 4512 2413 4566 b‘onitatis
2444 4512 2715 4575 imitatrix,
2747 4510 2797 4563 id
2820 4509 2959 4577 quod
2990 4523 3073 4561 me
3103 4508 3202 4561 sibi
3234 4508 3489 4577 prospicit
3514 4517 3777 4579 suppli-

2162 4602 2405 4664 candum,
2423 4602 2719 4668 priusquam
2750 4610 2984 4666 rogetur,
3006 4606 3060 4650 et
3079 4606 3314 4649 nostrum
3344 4610 3683 4664 przcoccupa
3694 4619 3775 4660 re

2163 4690 2521 4743 benevolentia
2554 4704 2643 4741 sua
2689 4688 2899 4739 festinat
2939 4686 3200 4745 ofﬁcium;
3244 4687 3365 4738 dum
3397 4700 3498 4738 non
3543 4690 3771 4748 solum

2158 4778 2443 4843 custodire,
2468 4792 2647 4830 verum
2671 4776 2826 4830 etiam
2851 4790 3039 4840 augere
3061 4778 3109 4827 in
3134 4776 3287 4828 istum
3309 4775 3405 4828 sibi
3423 4777 3600 4841 gessit
3630 4780 3773 4851 [ἰη-

2161 4867 2329 4937 gessit]
2356 4869 2620 4930 affectum,
2649 4882 2803 4935 quem
2852 4865 3046 4918 idcirco
3080 4866 3345 4919 beneﬁciis
3377 4868 3772 4934 anticipando

2164 4958 2391 5010 lirtificat
2415 4996 2429 5020 ,
2458 4960 2575 5023 quia
2607 4956 2671 5008 ad
2714 4955 2975 5009 modicum
3004 4954 3315 5006 contristare
3345 4955 3633 5009 formidat.
3679 4962 3771 5015 Et

2165 5049 2285 5101 ideo
2313 5046 2511 5097 mavult
2534 5046 2724 5099 ot’ferre
2759 5044 2950 5096 tacenti
2995 5044 3235 5111 gratiam,
3265 5059 3417 5110 quam
3458 5056 3768 5108 [πείκειν-ρ,

2170 5136 2401 5205 poscenti
2424 5152 2437 5188 :
2460 5138 2631 5189 sciens
2662 5135 2841 5203 procul
2869 5134 3048 5195 dubio,
3074 5135 3190 5201 plus
3220 5150 3337 5189 esse
3359 5134 3408 5186 in
3439 5148 3504 5185 eo
3531 5140 3762 5196 meriti

2165 5262 2332 5314 quens
2379 5246 2474 5299 fuit
2518 5248 2808 5299 litterarum
2857 5246 3252 5299 commercium.
3302 5244 3580 5297 [labentur
3622 5247 3763 5306 illae
3852 5288 3854 5297 .

2165 5319 2399 5385 epistola:
2420 5316 2621 5369 Concil.
2652 5317 2686 5385 l7.
2716 5332 2785 5367 tv.
2810 5316 2964 5367 BASN.

2236 5394 2260 5421 ι
2283 5386 2357 5438 De
2404 5400 2467 5437 eo
2496 5384 2742 5438 Sidonius
2789 5386 2824 5435 Ι.
2867 5399 2942 5447 tx,
2968 5396 3051 5446 ep.
3086 5380 3135 5433 6.
3169 5380 3474 5446 Suspicatur
3511 5380 3761 5440 Savaro

2166 5455 2328 5506 fuisse
2376 5454 2518 5506 illum
2564 5453 2920 5507 Senoncnsem
2970 5452 3269 5519 episcopum
3330 5450 3411 5502 cui
3456 5458 3757 5510 successit

2136 5525 2144 5539 "
2169 5524 2441 5588 Agmtius.
2470 5522 2623 5574 BASN.
