3854 6228
311 331 426 386 117

1541 327 2020 384 EPISTOLARUM
2059 328 2188 382 LIB.
2223 327 2286 382 II.

313 438 465 505 ιιυυαι
511 445 802 503 spontaneo
861 434 1174 503 benignitate
1217 435 1476 499 defertur,
1520 450 1673 502 quam
1719 434 1855 502 quod
1887 439 1938 494 Α
1962 437 2199 487 morietur
2219 436 2418 504 recipiet
2445 437 2637 500 omnia,
2665 451 2816 502 neque
2844 438 2994 491 simul
3019 439 3276 493 descendet
3299 457 3410 493 cum
3434 457 3496 495 eo

285 523 574 590 .precibus
601 522 914 590 indulgetur.
934 521 1201 589 Siquidem
1229 521 1415 575 borum
1447 535 1605 575 unum
1635 535 1738 574 non
1767 521 1866 574 nisi

315 613 649 666 necessitate
695 611 848 665 datur
906 609 1323 671 necessitudini;
1377 609 1516 685 aliud
1560 623 1688 662 vero
1729 623 1869 675 stupe

314 701 485 752 etiam
515 700 810 766 precatoris
840 699 1034 752 sedulae
1059 697 1340 751 dimittitur
1378 698 1693 765 improbitati
1720 697 1865 763 (Luc.

318 801 404 849 si,
423 788 499 854 8).
517 788 667 842 Unde
679 788 822 841 salve
839 788 1160 854 reciprocum
1173 785 1449 852 dicens,de
1461 786 1665 854 pietatis
1682 795 1868 840 vestra:

317 876 685 940 promissione
746 889 994 939 securus,
1060 875 1282 940 puellam
1351 884 1579 927 vestram
1651 876 1700 926 in
1759 887 1866 926 rem

315 962 550 1016 directis
592 965 768 1032 pueris
816 965 1039 1025 vestris,
1082 965 1420 1030 consignasse
1459 962 1695 1031 signiﬁco
1729 980 1742 1014 :
1783 964 1868 1017 cui

315 1053 540 1114 conﬁdo
593 1053 733 1123 quod
791 1054 933 1122 juxta
983 1053 1409 1120 pollicitationem
1451 1064 1715 1119 vestram,
1766 1067 1870 1105 non

318 1145 503 1196 solum
536 1144 740 1197 veniam
765 1182 782 1207 ,
826 1143 920 1196 sed
942 1144 1101 1200 etiam
1127 1145 1351 1213 gratiam
1381 1157 1478 1212 pro
1504 1152 1677 1205 nostra
1705 1144 1869 1197 inter-

315 1230 569 1285 cessione
594 1230 854 1284 tribuatis.

877 1358 1089 1415 EPIST.
1127 1360 1331 1414 XLVII.

473 1467 715 1521 Ruricius
751 1469 954 1521 domino
982 1469 1248 1523 uenerabili
1277 1472 1423 1540 fratri
1453 1479 1480 1507 ι
1505 1470 1712 1525 Joanui.

398 1577 428 1616 δ
459 1578 644 1632 Manus
670 1582 964 1635 communis
991 1592 1284 1649 susceptus,
1313 1581 1450 1650 quod
1479 1582 1768 1636 voluntarie
1793 1584 1868 1634 la-

317 1682 455 1721 cere
480 1667 763 1734 debuerat,
793 1670 916 1723 fecit
944 1685 1082 1724 nunc
1108 1673 1418 1724 necessitate
1455 1671 1751 1738 compulsus
1769 1709 1784 1734 ,
1811 1678 1869 1723 ut

317 1755 397 1808 ad
423 1757 815 1808 venerationem
841 1763 980 1808 tuam
1023 1757 1472 1811 commendatitias
1500 1757 1784 1825 ﬂagitaret,
1812 1768 1865 1811 et
1894 1762 1938 1819 Β

318 1856 391 1896 se
429 1845 611 1910 gratiae
643 1852 774 1905 tum,
817 1843 916 1896 etsi
961 1854 1175 1911 propter
1213 1845 1578 1914 negligentiam
1621 1860 1768 1899 suam
1808 1846 1875 1900 de

321 1929 606 1998 prseterito
634 1923 896 1998 ingratus,
929 1945 1022 1998 per
1047 1933 1449 1988 insinuationem
1479 1943 1709 2012 nostram
1740 1948 1878 1988 nunc

321 2027 515 2082 tamen
549 2018 921 2086 gratiﬁcandus
964 2021 1240 2089 ingereret.
1285 2023 1442 2091 Cujus
1482 2024 1715 2085 petitioni
1760 2025 1876 2079 ideo

323 2109 630 2176 promptius
658 2111 927 2176 acquievi,
956 2111 1071 2178 quia
1102 2111 1332 2174 credidi,
1371 2113 1505 2166 sicut
1547 2124 1600 2166 et
1640 2114 1879 2178 conlldo,

321 2209 430 2249 vos
472 2197 716 2265 petitioni
760 2212 890 2252 metu
932 2198 1156 2253 libenter
1194 2213 1443 2254 annuere.
1491 2201 1640 2257 Unde
1682 2202 1877 2254 saluta-

323 2284 479 2338 tione
503 2284 732 2353 depensa
765 2300 921 2353 spero
940 2326 955 2352 ,
985 2294 1041 2340 ut
1069 2289 1235 2356 ipsum
1262 2303 1360 2358 pro
1387 2289 1762 2344 intercessione
1783 2304 1878 2342 no-

324 2382 442 2426 stra
473 2375 711 2442 recipere
749 2377 878 2430 tanti
911 2376 1169 2430 habeatis.
1211 2380 1277 2432 Et
1307 2380 1425 2447 quia
1452 2380 1582 2445 hoc,
1619 2379 1756 2449 quod
1785 2380 1878 2434 de-

327 2460 478 2524 buit,
521 2462 784 2526 reddidit,
825 2479 1007 2517 usuras
1037 2465 1113 2518 illi
1139 2465 1430 2519 solidorum’
1466 2467 1728 2532 ipsorum,
1773 2483 1876 2521 non

326 2557 538 2602 tantum
570 2565 666 2617 pro
711 2553 952 2618 precibus
996 2553 1216 2616 nostris,
1263 2563 1512 2621 quantum
1559 2570 1652 2622 pro
1689 2555 1878 2608 divinis

329 2641 611 2707 pmeptis
648 2639 850 2692 donare
891 2640 1140 2706 digneris.
1170 2640 1316 2704 Quod
1349 2657 1443 2709 pro
1480 2645 1878 2697 conversatione

325 2737 532 2791 vestra,
561 2743 662 2794 qua
685 2741 797 2790 vos,
823 2727 932 2780 Deo
953 2729 1196 2796 propitio,
1224 2743 1318 2797 per
1337 2731 1448 2782 dies
1469 2730 1701 2798 singulos
1721 2731 1898 2786 audio

325 2816 626 2884 prolicere,
680 2817 795 2869 sine
820 2816 1146 2872 dubitatione
1177 2822 1454 2886 praestetis.
1484 2821 1615 2884 Quia
1645 2822 1756 2886 ipse
1786 2837 1879 2874 no-

325 2904 452 2969 ctis,
482 2900 620 2972 quod
650 2903 742 2958 ille
765 2919 982 2972 regnum
1006 2905 1097 2958 Dei
1121 2906 1299 2959 laetitia
1321 2916 1374 2960 et
1398 2907 1740 2975 gratulatione
1760 2923 1879 2977 per-

325 2992 529 3058 cipiet,
571 2999 624 3045 et
665 2993 716 3044 in
762 3001 990 3045 montem
1020 2994 1222 3048 Domini
1261 2994 1575 3062 glorificatus
1601 2997 1874 3059 ascendet,

1966 523 2126 590 gloria
2149 524 2322 574 domus
2347 525 2453 590 eius
2474 521 2588 592 (Ps.
2612 538 2791 587 xum,
2812 525 2923 592 17).
2949 525 3011 578 Et
3033 526 3217 579 iterum
3239 524 3496 579 :Dorntie-

1967 617 2083 661 runt
2107 624 2334 661 somnum
2362 625 2534 668 suum,
2561 621 2605 662 et
2633 610 2757 663 nihil
2780 611 3063 664 invenerunt
3097 608 3266 666 omnes
3298 613 3499 666 diuitia-

1965 713 2077 749 rum
2105 699 2326 751 manibus
2347 700 2450 751 suis
2475 698 2585 766 (Ps.
2612 714 2765 760 sxxv.
2787 699 2864 765 6).
2893 700 2990 765 Qui
3016 701 3058 753 si
3085 700 3296 770 benigni
3323 709 3498 756 essent

1966 789 2152 840 animae
2171 801 2298 851 sum,
2321 788 2393 841 illi
2418 788 2589 854 potius
2615 789 2746 841 bona
2766 801 2856 841 sua
2881 788 3172 849 crederent,
3198 789 3284 855 qui
3305 797 3359 842 et
3385 790 3497 842 ido-

1967 892 2096 932 neus
2124 878 2399 946 lidejussor
2427 887 2506 931 est
2535 891 2850 945 pauperum,
2893 889 2943 930 et
2971 876 3290 944 largissimus
3319 876 3495 937 reddi-

1967 975 2050 1019 tor
2070 979 2363 1020 usurarum.
2389 965 2500 1019 Non
2527 979 2651 1034 ergo
2670 964 2886 1032 cupidus
2908 966 2996 1027 sis,
3028 965 3185 1018 frater
3202 964 3495 1028 carissime,

1968 1069 2107 1107 nunc
2141 1055 2376 1122 recipere
2406 1054 2456 1106 in
2485 1052 2676 1122 duplo;
2715 1053 2854 1120 quod
2901 1053 3148 1106 Dominus
3176 1051 3496 1105 redditurum

1967 1156 2026 1195 se
2056 1141 2147 1196 tibi
2169 1141 2421 1210 promittit
2446 1141 2497 1194 in
2527 1141 2847 1210 centuplum,
2879 1142 3015 1193 unde
3056 1153 3152 1193 nec
3178 1154 3207 1191 a
3244 1141 3377 1191 tinea
3406 1153 3499 1204 po-

1969 1229 2094 1284 teris
2117 1231 2483 1298 pertimescere
2506 1229 2892 1290 exterminium,
2912 1242 3009 1282 nec
3029 1241 3059 1280 a
3081 1227 3195 1280 fure
3217 1226 3499 1280 formidare

1969 1317 2294 1385 dispendium
2323 1316 2530 1386 (Matth.
2556 1330 2667 1382 ιιι,
2694 1315 2806 1385 29).
2841 1316 2970 1382 Quia
2995 1315 3105 1384 ipse
3135 1314 3380 1368 Dominus
3408 1329 3503 1366 uo-

1968 1414 2078 1461 ster
2101 1420 2374 1460 munerum
2402 1417 2611 1458 suorum
2635 1414 2687 1458 et
2708 1403 2920 1473 largitor
2939 1412 2992 1458 et
3012 1413 3198 1456 custos.
3213 1413 3314 1457 est.
3343 1401 3499 1455 Finit.

2500 1511 2711 1567 EPIST.
2751 1511 2975 1565 XLVIII.

2147 1603 2440 1670 Aprunculo
2472 1612 2494 1640 ε
2523 1603 2755 1669 episcopo
2790 1601 3024 1654 Ruricius
3050 1601 3323 1670 cpiscopus;

2036 1712 2222 1781 Exegit
2259 1711 2422 1765 mutui
2459 1713 2652 1766 amoris
2689 1687 2910 1765 affectus
2937 1713 3001 1764 ad
3031 1713 3348 1766 individuam
3375 1713 3498 1766 mihi

1975 1801 2304 1855 sanctitatem
2331 1809 2556 1854 vestram
2587 1800 2695 1852 sola
2724 1814 2788 1852 ex
2814 1814 2968 1853 causa
2993 1800 3192 1853 litteras
3217 1801 3502 1864 destinare,
3597 1828 3606 1834 ι

1975 1889 2178 1942 etiamsi
2215 1902 2319 1943 non
2348 1903 2408 1943 se
2435 1890 2637 1942 occasio
2671 1896 2960 1956 opportuna
2998 1889 3305 1955 porrexerit.
3359 1889 3508 1944 [inde

1975 1993 2069 2044 per
2108 1977 2370 2031 hominem
2416 1977 2505 2031 lilii
2535 1977 2637 2030 tnei
2676 1977 2875 2031 Leontii
2921 1978 3016 2030 has
3056 1977 3119 2029 ad
3162 1978 3506 2046 apostolatum

1975 2074 2206 2118 vestrum
2229 2065 2368 2128 dedi,
2399 2064 2587 2131 quibus
2614 2067 2956 2132 sospitatione
2985 2066 3229 2134 prmlata,
3257 2080 3410 2134 quam
3439 2081 3510 2121 ex

1974 2153 2264 2216 sententia,
2296 2152 2404 2205 Deo
2440 2161 2669 2214 lavente,
2703 2153 2951 2219 valeatis,
2991 2155 3216 2222 inquiro.
3244 2156 3374 2220 Quia
3412 2155 3510 2223 ipsi

1974 2240 2141 2294 nostis
2161 2239 2572 2294 incolumitatem
2591 2249 2818 2294 vestram
2844 2248 3076 2293 nostram
3101 2255 3218 2294 esse
3243 2242 3508 2308 ltetitiam;

1973 2343 2191 2397 sperans
2213 2336 2290 2394 ut,
2321 2328 2571 2382 redeunte
2591 2321 2846 2402 praefato,
2860 2346 2956 2383 nos
2982 2330 3214 2384 reddatis
3232 2331 3296 2384 de
3319 2333 3508 2386 vestris

1974 2418 2195 2483 actibus,
2219 2417 2442 2486 propitia
2466 2417 2761 2483 Divinitate,
2783 2433 3018 2486 securos,
3039 2433 3172 2485 quos
3193 2421 3376 2474 videt's
3392 2435 3509 2476 esse

1975 2507 2040 2562 de
2067 2498 2412 2577 prosperitate
2437 2501 2706 2562 sollicitos.

2533 2617 2739 2673 EPIST.
2780 2618 2960 2674 XLIX.

2213 2705 2443 2760 Ruricius
2471 2696 2730 2775 episcopus
2759 2699 3017 2761 Ceraunia!
3045 2710 3274 2763 salutem.

2046 2793 2120 2848 De
2157 2794 2544 2861 sincerissima,
2589 2811 2687 2864 qua
2726 2811 2823 2849 nos
2863 2812 2955 2864 pro
2992 2798 3308 2867 benignitate
3347 2799 3509 2855 animi

1977 2884 2083 2947 tui,
2113 2897 2214 2938 non
2244 2897 2338 2951 pro
2362 2882 2552 2936 nostris
2581 2884 2781 2936 meritis
2801 2884 3029 2952 dignaris
3055 2886 3293 2939 excolere
3318 2889 3371 2938 in
3398 2885 3498 2941 Do-

1976 2973 2138 3035 mino,
2184 2973 2397 3025 caritate
2433 2971 2699 3026 conlidens
2717 3010 2732 3035 ,
2761 2986 2976 3025 securus
3002 2972 3095 3026 has
3120 2973 3182 3026 ad
3212 2974 3506 3028 veneratio-

326 3082 424 3147 qui
467 3083 704 3148 pecuniae
742 3095 848 3134 suae
890 3096 1100 3135 usuram
1140 3098 1244 3134 non
1272 3061 1324 3135 in
1356 3085 1596 3150 praesenti
1627 3086 1818 3138 saeculo
1844 3100 1872 3137 a
1900 3088 1946 3149 C
1978 3077 2096 3114 nem
2134 3071 2276 3150 Nam
2313 3061 2514 3150 ἀίτοιῖχ
2550 3061 2736 3128 “ibus
2779 3061 2840 3150 in,
2863 3061 3079 3150 ορωῖηο
3102 3075 3165 3115 ac
3193 3062 3299 3116 Deo
3325 3073 3506 3117 ¹¹⁰⁸¹¹¹⁰

327 3170 577 3239 proximo
601 3182 699 3222 suo
717 3172 966 3237 exegerit,
1000 3171 1090 3223 sed
1115 3184 1143 3221 a
1173 3171 1391 3222 Domino
1411 3172 1787 3236 exspeCtaverit
1813 3172 1865 3224 in

331 3257 544 3320 futuro;
585 3271 684 3310 nec
715 3270 807 3324 per
833 3256 1010 3310 dolosa
1041 3257 1290 3311 beneficia
1332 3259 1546 3325 laqueos
1586 3258 1867 3312 laboranti-

329 3345 434 3399 bus
463 3343 630 3414 injicit
660 3343 1014 3398 insolubiliuut
1043 3345 1332 3400 debitorum
1353 3385 1370 3410 ,
1401 3345 1492 3399 sed
1521 3345 1658 3399 illius
1684 3356 1766 3400 est
1795 3347 1870 3401 fe-

281 3463 284 3466 ~
330 3443 549 3487 nerator
575 3442 630 3487 et
656 3433 905 3499 creditor,
933 3435 1020 3503 qui
1049 3436 1210 3489 dicit:
1235 3437 1375 3497 date,
1397 3447 1448 3490 et
1468 3435 1674 3490 dabitur
1699 3437 1866 3503 vobis,

330 3531 390 3574 et
426 3536 528 3588 qua
553 3537 796 3576 mensura
827 3524 996 3576 mensi
1026 3523 1256 3590 fueritis,
1287 3540 1348 3578 ea
1376 3526 1676 3580 remetietur
1700 3527 1867 3581 vobis.

332 3605 569 3662 lniidelis
607 3609 788 3678 utique
831 3622 882 3662 et
926 3610 1135 3679 iniquus
1178 3620 1260 3666 est
1302 3613 1456 3665 etiam
1486 3613 1617 3676 sibi,
1645 3615 1731 3682 qui
1772 3617 1874 3667 hoc

331 3699 476 3764 quod
499 3699 655 3767 elegit
681 3699 1172 3767 concupiscendum,
1205 3715 1309 3753 non
1331 3701 1441 3753 vult
1468 3701 1665 3754 habere
1686 3717 1873 3769 perpe-

332 3795 506 3839 tuum.
537 3786 786 3852 Quamvis
807 3788 944 3840 enim
967 3789 1261 3856 quicunque
1284 3789 1443 3842 multa
1468 3790 1679 3853 condat,
1711 3792 1872 3844 multa

331 3885 648 3944 caigreget,
695 3883 749 3929 et
786 3875 988 3928 inﬁnita
1030 3877 1252 3931 diversis
1291 3878 1750 3932 nundinationibus
1786 3893 1874 3932 ac-

332 3967 542 4032 quirat,
586 3965 858 4018 mendicus
898 3965 964 4018 de
1004 3964 1102 4018 boe
1145 3966 1340 4018 mundo
1380 3965 1645 4030 discedet,
1676 3967 1774 4019 nisi
1803 3966 1869 4021 de

333 4053 493 4104 rebus
518 4053 628 4104 suis
651 4054 939 4118 portionem
961 4066 1107 4103 suam
1133 4053 1197 4102 ad
1223 4063 1473 4103 aeternam
1499 4051 1866 4104 beatitudinem

333 4147 459 4192 ante
497 4139 841 4204 praemiserit,
873 4138 1079 4191 dicente
1121 4138 1337 4190 Domino
1378 4152 1469 4202 per
1517 4138 1818 4206 prophetam
1851 4155 1864 4190 :

339 4226 421 4279 Nc
447 4227 711 4278 timueritis
731 4265 746 4287 ,
777 4242 889 4277 cum
925 4227 1059 4278 diues
1084 4226 1247 4293 factus
1289 4228 1436 4294 fuerit
1470 4225 1616 4278 homo
1635 4268 1648 4290 ,
1685 4236 1730 4279 et
1757 4243 1866 4280 cum

334 4315 666 4382 multiplicata
703 4314 850 4378 fuerit
895 4315 1057 4382 gloria
1091 4316 1264 4368 domus
1297 4316 1422 4384 ejus.
1467 4317 1593 4380 Quia
1623 4331 1720 4368 non
1753 4332 1866 4368 cum

1973 3149 2193 3202 salutem
2221 3149 2434 3200 uberem
2465 3147 2672 3213 dicens,
2704 3148 2998 3214 specialiter
3039 3164 3166 3218 rogo
3192 3157 3249 3202 ut
3289 3165 3353 3204 ea
3389 3166 3506 3219 quat

1973 3249 2066 3303 per
2093 3249 2299 3289 servum
2332 3244 2562 3286 vestrum
2601 3235 2889 3288 Amandum
2933 3236 3094 3290 verbo
3136 3234 3166 3273 ἀ
3196 3239 3419 3305 speravi,
3457 3240 3507 3292 si

1975 3322 2221 3390 possibile
2242 3330 2342 3385 est,
2365 3321 2514 3374 nobis
2532 3320 2644 3374 sine
2663 3323 2911 3377 dilatione
2930 3335 3178 3390 praestare
3195 3326 3498 3393 dignemini.

1972 3411 2103 3476 Quia
2139 3411 2250 3463 haec
2273 3423 2356 3463 res
2384 3417 2437 3463 et
2463 3423 2557 3462 nos
2583 3409 2818 3463 relevare
2838 3420 3028 3477 p0test,
3057 3419 3110 3464 et
3133 3412 3278 3466 vobis
3303 3414 3499 3466 nullum

1975 3507 2146 3568 potest
2174 3498 2360 3552 afferre
2405 3497 2764 3566 dispendium;
2807 3499 2946 3567 quod
2981 3513 3079 3566 ego
3117 3514 3211 3568 pro
3253 3501 3504 3555 beneﬁcio

1972 3588 2199 3642 maximo
2235 3590 2568 3654 computabo.
2613 3587 2804 3641 lterum
2849 3588 2904 3640 in
2948 3603 3052 3655 quo
3083 3588 3374 3656 iusseritis,
3421 3591 3504 3644 vel

1972 3694 2096 3732 usus
2123 3679 2387 3747 exegerit,
2418 3677 2583 3732 vicem
2621 3678 2903 3747 reciprocis
2934 3679 3196 3747 obsequiis
3225 3694 3506 3748 repensare

1971 3767 2300 3822 contendam.

2577 3853 2788 3909 EPIST.
2826 3853 2886 3907 L.

2058 3941 2293 3997 Ruricius
2321 3943 2580 4012 episcOpus
2610 3943 2847 3996 Censurio
2878 3952 2902 3981 ο
2927 3946 3161 4012 episcopo
3184 3945 3413 3998 salutent.

2041 4051 2261 4103 Litteras
2289 4052 2579 4103 sanctitatis
2614 4061 2830 4115 vestras,
2878 4053 2976 4103 etsi
3013 4067 3108 4119 per
3142 4052 3498 4118 occasionem,

1971 4138 2234 4204 accepisse
2263 4151 2350 4189 me
2381 4137 2629 4204 gratulor.
2669 4137 2783 4189 Non
2810 4139 2948 4191 enim
2988 4140 3203 4193 interest
3229 4151 3400 4194 utrum
3433 4158 3498 4196 ex

1971 4226 2279 4280 necessitate
2304 4235 2392 4278 aut
2418 4241 2481 4278 ex
2508 4226 2790 4292 voluntate,
2823 4227 3104 4281 dummodo
3134 4230 3267 4281 inter
3285 4244 3341 4282 se
3370 4232 3501 4284 invi-

1971 4330 2083 4369 cem
2112 4317 2198 4382 qui
2226 4331 2283 4370 se
2303 4314 2522 4384 diligunt
2541 4316 2920 4386 colloquantur,
2946 4325 3000 4370 et
3021 4331 3151 4385 quos
3173 4331 3393 4386 corpore
3423 4321 3500 4372 lo—

400 4481 429 4510 ⁴ι
461 4471 571 4525 Duo
601 4471 745 4524 fuere
774 4477 897 4524 tunc
919 4471 1169 4538 temporis
1194 4471 1244 4524 in
1271 4471 1452 4525 Galliis
1477 4471 1572 4523 viri
1598 4471 1864 4537 cognomi-
1894 4475 1943 4532 Ι)
1966 4479 2131 4523 matre
2159 4472 2389 4524 Arverna
2419 4470 2594 4523 itidem
2625 4477 2801 4522 natum
2829 4469 2960 4521 dixit
2982 4469 3230 4522 Baronius
3251 4438 3338 4523 an:
3368 4471 3496 4535 184,

327 4555 448 4602 nes,
475 4542 620 4609 prior
657 4539 918 4609 professor
948 4541 1042 4592 fttit
1064 4539 1458 4607 grammatices,
1500 4541 1630 4592 alter
1660 4554 1782 4609 vero
1811 4539 1864 4590 in

328 4607 635 4675 episcopum
659 4608 1054 4661 Cabilonethem
1085 4624 1112 4660 a
1154 4609 1386 4661 Patiente
1411 4610 1628 4660 electus.
1662 4607 1754 4659 llic
1783 4616 1864 4659 est

331 4679 394 4731 ad
423 4693 576 4744 quem
609 4675 789 4729 scribit
815 4675 1072 4740 Ruricius,
1105 4691 1360 4743 quemque
1390 4677 1598 4727 fratrem
1629 4675 1856 4744 appella-

334 4750 426 4796 vit.
458 4745 548 4796 llic
575 4745 802 4797 Joannes
826 4748 1126 4796 humanitate
1146 4745 1375 4812 insignis,
1406 4745 1571 4810 inquit
1595 4743 1858 4812 Sidonius,

333 4815 499 4864 lector
524 4814 748 4878 primum
777 4812 942 4864 fuerat
963 4821 1016 4863 et
1041 4828 1098 4864 ea
1124 4811 1322 4865 ratiune
1343 4812 1579 4863 minister
1601 4811 1777 4861 altaris
1796 4811 1862 4860 ah

330 4878 567 4931 infantia.
607 4879 800 4932 Deinde
837 4879 1230 4932 archidiaconus
1269 4883 1450 4940 factus,
1475 4881 1524 4930 in
1556 4892 1617 4930 eo
1647 4893 1862 4929 munere

330 4946 586 5012 plurimm
615 4962 780 4998 armos
807 4947 874 4996 ob
901 4947 1202 4998 industriam
1242 4949 1479 5000 detentus
1514 4956 1622 5007 est;
1651 4945 1854 4998 tandem

325 5013 541 5066 secundi
573 5012 772 5065 ordinis
800 5015 1042 5066 sacerdos
1080 5015 1270 5076 factus,
1303 5030 1417 5066 cum
1457 5014 1684 5080 episcopi
1716 5015 1857 5065 laba-

326 5091 558 5134 scentem
592 5095 643 5131 tn
676 5082 901 5133 Ecclesia
936 5083 1260 5135 Cabiloneusi
1299 5083 1619 5147 disciplinam
1658 5093 1857 5133 restau-

326 5164 448 5203 rare
473 5149 702 5216 vellent,
731 5149 1023 5216 cpiscopus,
1050 5152 1172 5202 nihil
1202 5153 1302 5204 tale
1328 5151 1579 5216 cogitans,
1609 5158 1664 5202 ut
1690 5151 1852 5213 aiunt,

322 5219 526 5273 electus
549 5225 648 5268 est.
673 5215 827 5266 BASN.

392 5285 422 5325 δ
453 5286 574 5338 lianc
609 5299 708 5335 vox
752 5286 818 5333 ita
859 5283 1044 5335 litteris
1074 5286 1117 5336 Μ
1155 5293 1207 5336 ct
1239 5285 1282 5337 A
1311 5287 1549 5351 implexis
1593 5295 1854 5339 contracta

320 5365 412 5406 ear
443 5364 499 5406 nt
543 5353 818 5419 desperem
859 5352 1060 5416 legere,
1105 5353 1434 5406 divinandum
1483 5355 1655 5421 igitur.
1701 5354 1858 5407 Forte

317 5423 545 5477 Amicus.

391 5501 414 5530 ε
443 5489 650 5556 Smpius
695 5485 779 5556 ad
804 5487 1170 5556 eum‘r‘scripsit
1210 5489 1476 5550 Ruricius,
1525 5498 1581 5540 ut
1622 5497 1762 5554 patet
1790 5504 1853 5541 ex

316 5575 362 5627 0;
387 5553 560 5614 istolis
592 5555 682 5617 5i,
715 5553 781 5606 55
820 5563 870 5605 et
909 5553 993 5606 56.
1037 5555 1110 5608 Ad
1153 5571 1266 5610 eum
1311 5559 1570 5624 pertinere
1618 5553 1849 5626 Aprum,

1969 4540 2003 4592 1.
2033 4555 2105 4601 vi,
2135 4538 2258 4590 127.
2298 4540 2376 4590 Αη
2409 4539 2664 4591 intellexit
2701 4538 2953 4590 annalists
2990 4542 3182 4602 Aprum
3211 4553 3327 4592 esse
3355 4554 3500 4592 eunt-

1967 4607 2085 4658 dem
2113 4619 2174 4656 ac
2209 4605 2596 4668 Aprunculum,
2627 4605 2709 4658 vel
2748 4605 2908 4667 ipsius
2954 4604 3206 4657 fratrem?
3250 4606 3498 4660 Neutrum

1966 4688 2147 4726 verum
2176 4681 2276 4726 est.
2302 4674 2626 4738 Aprunculus
2648 4687 2748 4724 nou
2779 4671 2874 4724 fuit
2899 4673 3178 4725 Arvernus.
3211 4674 3496 4739 Lingonum

1967 4743 2017 4792 iu
2051 4739 2504 4806 Burgundionibus
2527 4741 2702 4792 sedem
2733 4741 2924 4800 tenuit,
2953 4741 3044 4793 sed
3076 4742 3385 4794 Arianorum
3415 4747 3496 4795 tu-

1964 4811 2110 4872 giens
2140 4808 2352 4859 insidias
2379 4807 2728 4860 Arvernorum
2769 4808 3044 4875 episcopus
3065 4847 3080 4870 ,
3113 4818 3226 4874 post
3273 4819 3494 4863 mortem

1965 4876 2161 4928 Sidonii
2203 4876 2300 4928 fuit
2338 4876 2556 4928 electus.
2603 4875 2682 4928 Ab
2716 4890 2778 4927 eo
2817 4885 2988 4926 autem
3021 4884 3128 4928 toto
3165 4879 3298 4930 etelo
3323 4879 3496 4932 differt

1964 4946 2102 5009 Aper
2123 4946 2230 4997 sive
2256 4947 2438 5010 Asper,
2463 4946 2546 5009 qui
2570 4958 2894 5010 nequaquam
2922 4943 3013 5011 fuit
3037 4945 3329 5011 episcopus.
3353 4947 3492 4999 Illius

1963 5021 2204 5082 parentes
2240 5012 2719 5082 viderenumeratos
2755 5012 2889 5079 apud
2932 5010 3270 5065 Sidbniuml.
3301 5030 3374 5079 tv,
3405 5029 3490 5082 ep.

1959 5084 2044 5141 2|,
2073 5081 2174 5134 959
2200 5093 2285 5145 0p.
2318 5080 2582 5132 Sirmond.
2612 5081 2766 5133 llus.

2027 5147 2052 5184 ἀ
2084 5146 2239 5215 Forte
2266 5148 2558 5215 signiﬁcavi.

2031 5225 2054 5252 ε
2081 5214 2197 5267 Fuit
2239 5214 2322 5266 ille
2350 5216 2806 5270 Antissidiorensis
2855 5215 3161 5282 episcopus,
3209 5215 3493 5281 appellatur

1958 5297 1985 5334 a
2025 5283 2244 5336 Sidonio
2285 5283 2584 5351 Censorius,
2630 5295 2854 5337 attamen
2902 5287 3207 5351 presbyter,
3248 5285 3332 5347 qui
3379 5285 3489 5345 ejus

1958 5352 2169 5402 nomine
2197 5353 2352 5418 vitam
2383 5352 2437 5406 S.
2471 5353 2716 5406 Germani
2744 5353 3028 5418 inscrip~it,
3058 5355 3132 5403 sic
3162 5351 3316 5401 habet
3345 5365 3358 5400 :
3390 5351 3492 5400 Do—

1957 5421 2090 5488 mino
2132 5415 2425 5488 beatissimo,
2451 5431 2496 5473 et
2535 5423 2654 5472 mihi
2683 5415 2952 5488 apostolico
3000 5421 3184 5488 honore
3226 5419 3491 5488 uenerabili

1955 5487 2194 5605 Censuﬁio
2228 5503 2372 5554 papa:
2398 5485 2721 5544 Constantius
2738 5499 2984 5557 peccator.
3016 5488 3102 5539 Sic
3133 5485 3373 5538 Ruricius
3398 5500 3491 5539 uo-

1956 5567 2080 5605 ster.
2155 5569 2265 5605 ιδῃ.

1956 5567 2080 5606 ster.
2115 5567 2265 5608 [ΜΒΝ.
