3854 6228
445 347 552 404 H9

441 564 596 603 Illllm
627 548 882 618 colloquia
923 548 1023 601 lida
1052 550 1387 616 conjungant.
1419 548 1548 616 Quia
1586 551 1686 603 hoc
1721 550 1875 603 nobis
1902 566 1996 620 ge-

441 640 624 694 nerale
644 638 729 693 vel
754 639 1035 692 maximum
1057 639 1222 693 virtus
1244 638 1335 692 diu
1353 640 1508 707 jnctze
1533 639 1739 705 pictatis
1759 639 1994 706 indulsit,

441 741 500 786 ut
530 730 619 796 qui
656 743 752 783 nos
778 737 994 796 aspectu
1023 729 1220 782 carnali
1252 743 1356 781 non
1399 741 1677 796 possumus
1718 731 1992 796 contueri,

441 821 700 888 spirituali
744 833 1026 873 cernamus
1066 819 1274 891 obtutu.
1321 817 1471 874 Unde
1517 819 1770 874 redeunte
1815 822 1998 890 gerulo

439 912 734 964 litterarum
762 910 858 964 has
875 949 892 974 ,
917 909 1053 962 sicut
1078 908 1405 976 iniunxistis,
1438 908 1659 965 reddere
1686 911 1993 979 procuravi,

437 1012 498 1055 nt
535 1011 589 1055 et
618 999 955 1054 sollicitudini
997 1007 1184 1053 vestra:
1227 1007 1282 1053 et
1320 1007 1514 1052 mutua;
1551 999 1756 1053 caritati
1799 1000 1998 1068 pariter

438 1091 840 1156 responderem.
873 1086 1034 1143 Salve
1072 1087 1246 1155 itaque
1274 1085 1586 1154 apostolatui
1611 1094 1793 1141 vestro
1833 1086 1998 1155 pluri-

343 1230 351 1245 ,
439 1192 584 1230 mum
612 1176 885 1246 dependo,
913 1184 967 1229 et
996 1176 1094 1228 lioc
1130 1173 1269 1240 quod
1307 1174 1545 1243 apicibus
1572 1189 1808 1228 mearum
1852 1174 1998 1228 testi-

439 1267 621 1321 monio
660 1266 903 1321 voluistis
951 1277 1275 1332 agnoscere,
1319 1273 1493 1316 utrum
1537 1262 1760 1319 Sindilla
1806 1277 1997 1332 porcos

439 1370 600 1421 suos,
642 1355 900 1423 prudente
942 1354 1212 1408 Fmdamio
1241 1351 1592 1420 perdidisset;
1630 1353 1878 1407 noveritis
1909 1369 1996 1409 me

440 1448 579 1515 apud
607 1446 847 1499 humines
867 1459 1046 1508 meos,
1073 1445 1163 1498 ubi
1191 1442 1404 1497 fuerunt
1425 1483 1440 1506 ,
1469 1441 1751 1512 diligenter
1779 1444 1994 1513 perqui-

440 1537 594 1592 sisse.
627 1534 731 1591 Sed
760 1537 897 1588 sicut
921 1543 1045 1587 ante
1072 1533 1176 1601 iam
1207 1546 1456 1587 noveram
1485 1533 1651 1602 magis
1683 1541 1736 1588 et
1766 1534 1892 1587 istos
1918 1533 1996 1587 la-

379 1622 386 1630 ’
439 1626 623 1681 berem
667 1625 891 1681 faciente
929 1632 956 1660 ⁸
995 1623 1112 1693 paci
1158 1621 1395 1679 Sindilla:
1437 1636 1717 1691 perpessos
1759 1636 1910 1689 esse,
1940 1633 1995 1678 et

440 1720 612 1787 ipsum
641 1729 833 1783 porcos
855 1729 980 1770 suos
1007 1729 1102 1784 per
1131 1714 1525 1783 perversitatem
1552 1727 1731 1779 suam,
1770 1713 1896 1768 dum
1926 1713 1995 1769 de

1766 346 2016 404 llURlCll
2057 346 2352 406 EPISCOPI

440 475 624 516 corum
669 460 941 515 intervalla
989 459 1386 524 discriminant,
1434 461 1725 514 animorum
1769 476 1830 515 ac
1878 475 1998 516 sen-
2026 467 2075 524 Α

3567 349 3678 404 120

2699 461 2908 519 EPIST.
2947 461 3056 516 ιιι.

2275 552 2512 606 Ruricius
2539 543 2797 623 episcopus
2829 550 3080 613 Prtesidio
3114 551 3222 619 ﬁlio
3248 551 3486 605 salutem.

2170 641 2484 708 Plerumque
2527 639 2807 714 [Plerique]
2853 641 2976 694 dum
3026 632 3114 694 me
3157 631 3295 708 apud
3335 639 3678 694 individuam

2098 728 2230 784 mihi
2271 729 2644 785 sublimitatem
2689 740 2919 784 vestram
2967 745 3071 783 non
3117 729 3240 782 vitae
3290 730 3517 792 merito,
3564 727 3672 782 sed

2096 819 2446 874 amicitiarum
2471 819 2744 887 privilegio
2769 819 2988 874 multum
3011 833 3168 887 posse
3194 816 3488 882 confidunt,
3510 831 3674 872 cont-

2098 910 2434 965 mendatitias
2460 925 2492 965 a
2526 893 2678 965 nobis
2704 911 2894 978 quibus
2929 910 3082 966 vobis
3108 920 3450 973 excusantur,
3480 909 3670 977 inqui-

2096 1007 2221 1053 runt
2247 1015 2262 1051 :
2290 1013 2419 1068 quas
2456 1000 2535 1053 eis
2562 1013 2660 1067 pro
2693 996 2851 1052 officii
2893 999 3062 1053 nostri
3109 998 3425 1053 necessitate
3462 1011 3672 1066 negare

2097 1102 2202 1142 non
2232 1101 2541 1155 possumus;
2573 1101 2678 1141 non
2705 1088 3131 1155 praesumptionis
3164 1087 3414 1149 audacia,
3437 1085 3529 1140 sed
3559 1088 3671 1138 tui-

2096 1178 2300 1231 nisterii
2339 1177 2653 1244 disciplina,
2675 1177 2805 1230 dum
2832 1185 2885 1232 et
2915 1176 3020 1230 illis
3053 1178 3333 1245 praesentis
3358 1177 3479 1229 vita:
3505 1175 3666 1230 sola-

2097 1266 2225 1320 tium
2242 1305 2259 1331 ,
2285 1275 2340 1321 et
2369 1265 2520 1321 vobis
2545 1264 2824 1334 providere
2850 1265 3214 1319 desideramus
3242 1274 3475 1320 aeternae.
3507 1263 3583 1318 Ut
3609 1275 3666 1317 et

2096 1354 2172 1410 illi
2211 1370 2305 1425 per
2330 1355 2640 1424 patientiam
2669 1363 2895 1409 vestram
2926 1365 3266 1409 reserventur
3296 1354 3360 1406 ad
3394 1353 3665 1423 peniten-

2096 1445 2253 1511 tiam;
2291 1454 2346 1500 et
2383 1459 2482 1499 vos
2515 1443 3068 1513 permisericordiam
3107 1443 3428 1512 pervenistis
3467 1443 3530 1494 ad
3566 1457 3662 1496 ve-

2094 1541 2255 1604 niam,
2287 1538 2426 1592 sicut
2450 1537 2576 1592 dicit
2599 1535 2868 1605 Scriptura
2897 1552 2912 1592 :
2946 1534 3076 1599 Quia
3090 1535 3346 1605 judicium
3369 1533 3478 1587 sine
3503 1533 3661 1585 ηιξκ-

2091 1631 2311 1683 ricordia
2333 1630 2425 1682 erit
2454 1613 2540 1697 qui
2559 1643 2662 1681 non
2682 1628 2854 1697 fecerit
2874 1626 3269 1680 misericordiam
3292 1624 3429 1693 (Jac.
3451 1639 3509 1688 tt,
3533 1623 3661 1688 15).

2093 1721 2222 1786 Quia
2252 1720 2387 1774 dixit
2408 1739 2422 1775 :
2447 1719 2715 1785 Dimittite,
2745 1729 2792 1773 et
2811 1719 3084 1771 dimittitur
3104 1717 3240 1770 vobis
3265 1715 3415 1786 (Luc.
3438 1730 3511 1777 vr,
3533 1714 3659 1780 37).

439 1810 658 1863 adversa
689 1815 839 1876 parte
865 1820 985 1860 esse
1015 1820 1074 1860 se
1095 1805 1319 1874 jactitat,
1347 1803 1588 1859 amisisse
1610 1803 1856 1872 cognovi.
1878 1801 1994 1857 (1:24
2021 1803 2068 1863 Β
2096 1808 2282 1863 Procul
2309 1807 2469 1861 dubio
2497 1822 2654 1876 quem
2682 1807 2873 1861 viderit
2908 1805 2992 1859 hic
3018 1806 3191 1861 facere
3219 1805 3356 1873 quad
3387 1803 3663 1872 prmeipit,

440 1909 616 1964 terum
643 1897 914 1966 prmfatum
939 1895 1264 1950 Ftedamium
1295 1893 1367 1946 illi
1405 1892 1460 1945 in
1488 1893 1632 1946 nullo
1656 1891 1990 1959 culpabilem.

439 1988 572 2043 Nam
605 1987 746 2058 quod
779 1986 1023 2055 pertulit,
1055 1984 1182 2037 nulli
1212 1982 1314 2036 nisi
1350 1981 1507 2036 debet
1531 1990 1585 2036 et
1619 1980 1866 2034 omnibus
1891 1981 1993 2034 im-

442 2086 647 2146 putare.
686 2076 741 2130 In
781 2090 885 2144 qua
924 2087 1114 2138 causa,
1151 2081 1402 2142 quantum
1431 2086 1531 2140 ego
1567 2070 1994 2136 contemplationi

438 2167 633 2232 vestri,
665 2173 721 2220 ut
748 2164 988 2218 homines
1015 2164 1177 2218 vestri
1200 2204 1215 2227 ,
1238 2169 1339 2215 ‘aut
1381 2176 1411 2216 a
1438 2161 1674 2215 custodia
1706 2162 1995 2216 liberaren-

439 2266 548 2322 tur,
574 2265 668 2309 aut
690 2267 878 2322 porcos
906 2263 1108 2306 vestros
1131 2252 1448 2320 reciperent,
1471 2251 1842 2320 laboraverim,
1866 2251 1995 2320 ipsis

437 2345 545 2415 iam
575 2342 961 2407 referentibus,
994 2341 1199 2409 plenius
1227 2341 1469 2408 potuistis
1507 2355 1825 2409 agnoscere;
1853 2341 1993 2410 quod

439 2442 720 2503 propterea
746 2445 964 2486 necesse
994 2445 1099 2484 non
1130 2431 1227 2485 fuit
1255 2431 1444 2484 litteris
1473 2431 1723 2485 indicare.
1747 2430 1995 2487 Vestrum

437 2534 522 2579 est
563 2522 831 2596 hominem
861 2535 1043 2575 verum
1074 2521 1215 2589 juste
1256 2521 1324 2574 ab
1363 2520 1518 2588 hujus
1546 2520 1822 2576 calumnia:
1849 2520 1998 2587 obje-

439 2613 617 2666 ctione
645 2611 952 2674 defendere,
975 2624 1077 2680 qua
1100 2624 1274 2663 mcum
1299 2610 1494 2677 injuste
1513 2609 1725 2679 scriptis
1755 2610 1994 2678 agnosci-

440 2703 509 2756 tis
533 2701 814 2757 sustiuere.
968 2723 972 2727 ~
1019 2709 1021 2711 ‘

1054 2786 1263 2841 EPIST.
1303 2786 1387 2841 Ll.

625 2879 865 2935 Ruricius
889 2879 1149 2949 episcopus
1176 2877 1435 2944 Stepuano
1461 2895 1553 2931 suo
1575 2877 1806 2931 salutem.

511 2969 586 3025 Ita
614 2985 698 3023 me
727 2968 1062 3039 paucissimis
1091 2968 1276 3021 diebus
1314 2969 1378 3020 ad
1406 2970 1604 3021 cultum
1648 2982 1798 3020 suum
1829 2968 1996 3036 pietas

442 3071 631 3116 vestrae
659 3060 951 3114 sanctitatis
977 3058 1176 3123 illexit,
1206 3067 1264 3122 ut
1289 3072 1407 3112 cum
1444 3073 1570 3122 vos,
1601 3058 1710 3112 Deo
1737 3059 1994 3126 propitio,

2098 1898 2149 1950 in
2177 1896 2353 1950 futuro
2382 1897 2429 1950 ei
2470 1896 2713 1950 restituet
2745 1895 2883 1963 quod
2915 1896 3178 1962 promisit.
3220 1894 3380 1948 Nobis
3419 1891 3563 1946 enim
3595 1890 3665 1945 il-

2095 1986 2196 2041 lius
2221 1985 2414 2040 veritas
2447 1993 2641 2054 priuato
2665 1992 2778 2048 est,
2807 1985 2852 2037 si
2880 1984 2955 2037 illi
2985 1983 3118 2040 fides
3148 1994 3344 2038 nostra-
3359 1997 3461 2037 non
3489 1981 3664 2036 desit.

2095 2075 2245 2132 Unde
2264 2074 2693 2130 manifestissime
2717 2075 2936 2143 potestis
2962 2074 3240 2128 adverti-re
3265 2073 3667 2129 absolutionem

2095 2166 2407 2220 miserorum
2430 2174 2725 2238 vestrorum
2747 2179 2865 2219 esse
2884 2163 3257 2232 indulgentiam
3283 2172 3626 2231 peccatorum
3642 2177 3666 2226 ;

2095 2265 2146 2310 et
2177 2256 2278 2308 hoc
2307 2255 2500 2309 vestris
2527 2254 2907 2310 conferendum
2936 2253 3201 2321 precibus,
3229 2253 3366 2321 quod
3397 2266 3489 2304 vos
3519 2267 3669 2318 pra-

2094 2346 2245 2399 statis
2270 2345 2490 2409 alienis,
2513 2345 2662 2410 juxta
2690 2345 2855 2413 ipsius
2893 2345 2945 2397 in
2981 2343 3263 2410 Evangelio
3294 2344 3620 2396 sententiam
3646 2359 3664 2395 :

2097 2433 2213 2497 Quo
2218 2433 2418 2503 judicio
2447 2431 2818 2499 iudicaveritis,
2839 2432 3152 2502 judicabitur
3177 2435 3239 2484 de
3267 2431 3400 2484 vobis
3429 2428 3663 2500 (Matth.

2094 2538 2185 2590 vn,
2213 2524 2293 2591 2).
2324 2523 2568 2593 Idemque
2594 2538 2688 2590 pro
2717 2523 2850 2577 Urso
2875 2534 2928 2576 et
2949 2521 3118 2590 Lupo,
3147 2521 3234 2591 qui
3255 2521 3322 2574 ad
3355 2534 3469 2583 me,
3500 2522 3667 2587 quasi

2094 2613 2243 2667 vobis
2287 2614 2629 2681 peculiarius,
2667 2612 2802 2667 sicut
2827 2613 3071 2680 superius
3095 2611 3237 2674 dixi,
3264 2609 3496 2664 caritatis
3530 2609 3670 2676 jure

2093 2705 2426 2767 devinctum,
2469 2718 2564 2773 pro
2593 2704 2874 2757 criminum
2903 2716 3117 2756 suorum
3149 2700 3526 2754 intercessione
3558 2714 3670 2752 ve-

2095 2803 2312 2856 nerunt,
2358 2800 2602 2861 precator
2641 2792 2871 2854 accedo;
2918 2803 2972 2844 ut
3021 2792 3246 2860 primum
3291 2790 3425 2855 Deo,
3457 2789 3670 2844 deinde

2097 2883 2249 2935 nobis
2273 2883 2395 2944 hoc,
2426 2881 2564 2948 quod
2594 2882 2975 2934 commiserunt
2994 2919 3008 2940 ,
3038 2880 3237 2932 donare
3264 2879 3523 2946 digneris;
3554 2892 3671 2930 nec

2097 2985 2192 3023 nos
2214 2970 2282 3023 de
2309 2983 2493 3023 eorum
2515 2969 2856 3022 damnatione
2879 2967 3188 3029 confundas,
3212 2966 3299 3034 qui
3326 2981 3383 3018 se
3405 2966 3512 3033 jam
3540 2974 3666 3017 tum

2094 3061 2365 3114 absolutos
2388 3073 2526 3125 esse,
2550 3059 2761 3126 quando
2783 3058 2846 3112 ad
2875 3058 3221 3111 humilitatem
3247 3070 3418 3110 meam
3437 3055 3669 3110 deducti

441 3152 603 3205 corde
643 3151 946 3216 detineam,
996 3161 1050 3204 et
1095 3151 1263 3204 oculis
1309 3151 1502 3204 mentis
1540 3150 1775 3215 intuear;
1822 3159 1996 3203 tamen
2025 3144 2070 3208 C
2099 3161 2240 3218 sunt,
2267 3152 2621 3206 crediderunt.

445 3254 654 3308 semper
695 3237 884 3293 affectu
931 3238 1211 3307 instigante
1260 3243 1581 3307 perquirani.
1622 3240 1755 3306 Quia
1793 3239 2001 3294 scilicet

449 3332 609 3384 breve
644 3326 852 3381 videtur
893 3341 1049 3382 omne
1089 3326 1229 3396 quod
1266 3328 1420 3383 dulce
1445 3339 1555 3393 est;
1587 3329 1656 3382 ita
1684 3329 1998 3398 inexplebile

443 3429 526 3473 est
562 3432 760 3490 omne,
783 3415 921 3485 quod
961 3431 1125 3471 carne
1160 3415 1376 3489 [carum]
1414 3427 1514 3471 est.
1544 3417 1608 3472 Et
1649 3418 1996 3486 omnipotenti

448 3509 554 3561 Deo
577 3507 953 3583 gratiassuper
980 3515 1086 3560 tam
1118 3507 1410 3560 admirabili
1434 3507 1574 3561 dono
1600 3509 1732 3576 ejus,
1761 3507 1899 3577 quod
1927 3511 1996 3562 ita

443 3595 761 3662 generaliter
800 3597 971 3649 servis
1012 3597 1123 3650 suis
1163 3596 1396 3650 tribuere
1434 3596 1691 3666 ineffabili
1725 3597 2000 3664 dispensa-

444 3695 590 3737 tione
617 3683 860 3749 dignatus
896 3694 1009 3750 est,
1043 3695 1099 3737 ut
1135 3685 1188 3737 hi
1230 3687 1318 3754 qui
1356 3685 1692 3754 disparantur
1737 3701 1996 3756 corpore,

445 3773 635 3826 animis
661 3773 1039 3840 jungerentur;
1071 3787 1240 3841 neque
1269 3785 1412 3828 esset
1439 3775 1631 3844 aliquid
1664 3787 1768 3828 tam
1796 3777 2001 3843 longin-

446 3875 606 3930 quum
637 3860 849 3913 difficile
877 3861 1016 3928 quod
1045 3862 1300 3915 mentium
1325 3862 1592 3915 obtutibus
1617 3863 1861 3915 obviarit.
1894 3863 1998 3916 Sed

444 3967 540 4019 per
567 3951 741 4004 cordis
766 3951 1006 4003 intuitum
1036 3950 1106 4003 ibi
1131 3966 1189 4003 se
1215 3951 1433 4003 invicem
1463 3951 1739 4018 diligentes
1766 3953 2000 4006 caritatis

444 4041 891 4108 contemplatione
934 4040 1334 4107 conspicerent,
1374 4041 1460 4094 ubi
1500 4043 1694 4094 caritas
1721 4042 1836 4110 ipsa
1870 4056 2000 4096 con-

445 4134 602 4185 sistit.
631 4132 746 4196 Quo
768 4133 823 4184 lit
849 4140 908 4184 ut
939 4130 1199 4185 derinctio
1226 4139 1430 4194 vestra,
1468 4147 1584 4201 quae
1620 4133 1672 4186 in
1705 4132 1998 4187 visceribus

447 4223 580 4273 meis
605 4221 713 4287 jugi
745 4219 1131 4280 recordatione,
1162 4219 1285 4272 dum
1311 4211 1544 4288 quotidie
1571 4231 1875 4284 renovatur,
1907 4237 2001 4274 au-

447 4320 618 4375 getur,
648 4314 843 4362 amoris
869 4310 1028 4362 vestri
1059 4308 1189 4361 mihi
1210 4309 1623 4363 vicissitudinem
1644 4313 1996 4379 repromittat,

446 4400 653 4450 animus
694 4410 844 4450 meus
874 4397 1002 4448 mihi
1049 4395 1340 4448 animorum
1383 4405 1680 4450 vestrorum
1723 4397 2000 4465 fidejussor

448 4490 691 4550 assistat,
724 4487 847 4539 dum
879 4495 1078 4539 tantum
1105 4485 1202 4539 sibi
1233 4485 1390 4539 audet
1423 4487 1489 4540 de
1516 4498 1686 4541 vestra
1713 4486 1996 4543 dilectione
2025 4477 2075 4536 Ῑ)

449 4577 798 4644 praesumere,
827 4585 1079 4644 quantum
1124 4575 1270 4629 vobis
1303 4577 1627 4644 concupiscit
1670 4579 1992 4646 impendere.

447 4669 678 4719 Salutem
715 4667 886 4734 itaque
912 4664 1217 4719 beatitudini
1246 4676 1433 4719 vestra:
1462 4667 1736 4733 plurimam
1766 4668 1913 4730 dico,
1943 4677 1996 4720 et

448 4768 605 4819 rogo,
640 4757 965 4807 incessanter
992 4753 1258 4805 communi
1307 4754 1524 4806 Domino
1561 4755 1899 4822 supplicetis,
1944 4764 1999 4807 ut

446 4844 737 4895 secundum
776 4843 985 4896 divitias
1025 4844 1269 4894 bonitatis
1305 4857 1412 4896 suae
1452 4852 1607 4912 atque
1637 4847 1874 4909 virtutis,
1911 4847 1996 4898 cui

447 4933 625 4984 omnia
661 4932 930 4998 possibilia
962 4934 1296 4995 conﬁtemur,
1320 4943 1374 4985 ut
1403 4933 1446 4986 si
1476 4935 1525 4986 in
1558 4935 1655 4988 hoc
1678 4938 1868 4988 szeculo
1899 4950 1994 4988 nos

451 5031 664 5087 propter
696 5021 813 5073 vitae
847 5023 993 5074 istius
1019 5022 1322 5075 turbedines
1349 5037 1408 5075 ac
1441 5024 1714 5091 procellas,
1743 5034 1796 5078 et
1826 5026 1997 5093 regio-

449 5126 571 5162 num
615 5112 886 5162 intervalla
919 5113 1110 5177 saepius
1138 5112 1316 5164 videre
1345 5127 1447 5163 non
1477 5128 1782 5179 possumus,
1821 5114 1903 5167 vel
1932 5113 1997 5166 ad

449 5200 591 5251 illam
639 5200 819 5250 urbem
853 5215 968 5265 qua:
998 5202 1286 5254 aediﬁcatur
1321 5211 1378 5253 ιιι
1413 5202 1597 5254 civitas
1639 5203 1805 5272 (Paul.
1835 5219 1993 5268 cxxt,

449 5285 524 5353 ὃ),
559 5290 712 5340 faciat
743 5289 1060 5353 convenire,
1092 5290 1156 5341 ad
1184 5305 1340 5357 quam
1371 5305 1465 5341 nos
1507 5293 1857 5348 misericordia
1891 5277 1994 5347 Do;

453 5380 576 5431 mini
612 5379 802 5444 poterit
825 5377 1079 5445 perferre,
1106 5394 1198 5431 vos
1227 5380 1428 5433 merita.

528 5566 550 5610 λι
586 5577 598 5623 l
628 5591 750 5627 neu:-
778 5587 1068 5638 corruptus.

529 5643 552 5680 ὃ
583 5648 648 5694 lli:
679 5661 737 5694 e:~
772 5645 1009 5708 superius
1040 5643 1102 5696 ad
1137 5643 1290 5708 epist.
1323 5640 1403 5694 l9.

2683 3262 2892 3320 EPIST.
2933 3265 3060 3319 Llll.

2262 3355 2501 3408 Ruricius
2534 3356 2801 3424 episcopus
2835 3355 3040 3408 Rustico
3060 3353 3086 3392 δ
3114 3354 3220 3422 ﬁlio
3246 3353 3471 3407 salutem.

2169 3466 2337 3519 Extra
2361 3465 2608 3520 affectum
2639 3465 3161 3520 consuetudinarium
3195 3473 3248 3518 et
3274 3464 3550 3529 probatum
3606 3472 3669 3517 et

2103 3555 2482 3608 humanitatem
2525 3555 2679 3608 nobis
2709 3555 2940 3622 dignaris
2967 3553 3292 3621 impendere,
3317 3553 3439 3606 dum
3469 3553 3670 3607 usibus

2098 3647 2204 3699 tuis
2251 3645 2505 3711 detrahis,
2547 3645 2688 3714 quod
2718 3645 2912 3699 nostris
2943 3644 3182 3714 largiaris
3216 3643 3483 3712 expensis.
3517 3643 3669 3708 Quia

2100 3753 2262 3805 puero
2303 3749 2482 3793 vestro
2508 3737 2772 3791 referente
2797 3737 3040 3804 cognovi,
3071 3735 3211 3803 quod
3253 3734 3564 3802 piscatiOuis
3607 3737 3668 3788 in

2099 3827 2303 3878 viscera
2332 3839 2427 3891 pro
2454 3836 2600 3892 parte
2622 3825 2805 3877 Visera
2845 3824 2995 3877 nobis
3017 3824 3255 3890 jusseras
3298 3821 3514 3875 delicias
3555 3824 3671 3875 mi-

2099 3915 2344 3966 nistrare.
2364 3912 2513 3966 Un’de
2533 3912 2850 3965 salutatione
2876 3913 3125 3978 depensa,
3149 3912 3344 3979 gratias
3365 3924 3463 3978 ago
3489 3909 3671 3976 pluri-

2099 4017 2234 4065 mas,
2262 4016 2488 4055 exorans
2518 4001 2748 4054 divinam
2789 4000 3204 4053 misericordiam
3235 4010 3291 4052 ut
3317 4015 3410 4066 pro
3448 3997 3670 4054 honore

2097 4109 2255 4161 quem
2284 4093 2436 4146 nobis
2464 4108 2557 4160 pro
2575 4091 2741 4160 ipsius
2771 4092 2959 4146 timore
2982 4091 3300 4158 dependitis,
3332 4101 3387 4144 et
3413 4105 3627 4157 praesen
3646 4123 3667 4133 ο

2097 4187 2224 4238 tium
2255 4200 2429 4238 rerum
2462 4184 2611 4238 vobis
2640 4184 2880 4239 conferat
2917 4183 3252 4250 felicitatem,
3288 4192 3342 4238 et
3364 4183 3662 4239 beatitudio

2097 4287 2218 4326 nem
2248 4273 2444 4325 tribuat
2472 4272 2782 4325 futurorum.
2812 4274 2970 4326 Finit.

2681 4381 2892 4434 EPIST.
2935 4383 3043 4435 LIV

2320 4471 2555 4524 Ruricius
2584 4472 2872 4539 Aprunculo
2905 4480 2927 4505 α
2954 4471 3184 4539 episcopo
3205 4473 3432 4523 salutem.

2167 4582 2316 4637 Sicut
2343 4581 2543 4635 litteras
2569 4579 2861 4632 sanctitatis
2887 4587 3078 4632 vestra:
3106 4594 3198 4646 per
3228 4579 3394 4639 virum
3424 4591 3664 4632 venera-

2099 4673 2258 4727 bilem
2287 4673 2524 4740 Eloginm
2554 4684 2673 4724 cum
2700 4668 3048 4736 gratulatione
3065 4669 3291 4733 suscepi,
3321 4667 3389 4720 ita
3416 4669 3529 4730 has,
3555 4684 3664 4722 eo-

2098 4763 2217 4816 dem
2263 4761 2537 4824 redeunte,
2588 4760 2812 4813 libenter
2865 4759 3035 4812 emisi.
3085 4758 3287 4823 Quibns
3333 4757 3662 4825 apostolatui

2099 4861 2274 4904 vestro
2295 4851 2526 4904 debitum
2554 4849 2865 4916 deponendo
2892 4846 3161 4920 [dependo]
3184 4849 3540 4916 SOSpitationis
3567 4852 3668 4904 of-

2105 4940 2300 5003 ficium,
2325 4941 2584 5009 simulque
2623 4940 2851 5007 deposco
2895 4951 2950 4994 ut
2976 4955 3070 5008 pro
3098 4940 3245 4993 nobis
3279 4954 3430 4992 orare
3459 4939 3666 5006 digne-

2102 5030 2249 5092 mini,
2283 5040 2336 5083 et
2360 5030 2408 5082 id
2431 5046 2458 5082 a
2485 5033 2748 5084 communi
2779 5030 2998 5084 Domino
3019 5032 3333 5098 peculiarius
3358 5031 3662 5096 postulare.

2102 5127 2159 5169 ut
2188 5116 2294 5184 jam
2324 5119 2530 5172 tandem
2562 5119 2847 5185 aliquando
2876 5122 2926 5170 in
2956 5134 3112 5171 unum
3144 5119 3341 5183 venire,
3376 5128 3426 5171 et
3453 5133 3550 5171 nos
3576 5123 3667 5172 vi-

2102 5205 2229 5258 dere
2277 5221 2597 5270 mereamur;
2631 5216 2687 5258 ut
2722 5207 2944 5270 caritas,
2978 5222 3093 5274 quze
3120 5207 3404 5259 secundum
3432 5212 3664 5258 senten-

2101 5295 2223 5348 tiam
2249 5295 2563 5348 dominicam
2595 5300 2644 5349 in
2678 5297 2975 5363 pectoribus
3014 5306 3206 5350 nostris
3236 5311 3331 5362 per
3351 5293 3663 5350 absentiam

2099 5386 2235 5454 quod
2279 5386 2415 5454 peris
2461 5398 2539 5440 est
2594 5387 2751 5457 [forte
2797 5389 2929 5456 longi
2979 5384 3259 5454 temporis],
3311 5382 3516 5435 refrixit
3561 5399 3674 5452 per

2199 5585 2296 5636 ‘De
2327 5600 2388 5637 eo
2420 5583 2654 5651 superius
2693 5585 2751 5636 ad
2782 5585 2932 5650 epist.
2961 5585 3044 5638 48.
