3854 6228
98 364 170 421 1ΞΙ
1309 327 1788 393 EPISTULABUH
1832 323 1956 380 LIB.
1996 321 2060 375 ll.
2146 304 2149 317 “

96 461 409 532 prmuntiam
451 460 648 513 lterum
692 457 746 512 in
784 452 989 524 sospitis
1026 450 1291 505 cineribus
1318 448 1624 507 suscitetur,
1656 427 1705 480 Α

100 554 277 609 etvivis
302 552 562 617 vocibus,
590 548 759 620 quasi
784 547 930 601 nobis
969 542 1178 597 ﬂatibus
1205 538 1403 596 veteris
1431 535 1630 590 amoris

98 644 376 700 redivivum
401 634 695 712 reparatur
726 635 1020 693 incendium
1053 651 1067 686 :
1098 628 1447 702 qnod‘amore
1473 636 1632 695 atque

104 730 275 789 virtute
311 733 452 802 ignis
497 732 664 794 illius,
709 741 862 796 quem
904 722 1155 778 Dominus
1187 718 1326 774 misit
1352 717 1405 771 in
1438 724 1631 770 terram

102 828 234 893 (Lac.
254 840 348 888 ιιι,
366 823 483 891 49),
511 832 566 877 et
594 821 772 889 spinas
791 814 1120 886 negligentiae
1144 821 1339 867 nostra:
1359 815 1515 877 atque
1541 806 1635 858 de-

101 916 249 977 sidir,
265 914 316 966 vi
348 923 556 967 natura
584 908 815 978 potentis
832 914 1039 969 exurat,
1063 901 1306 958 tenebras
1326 894 1638 953 dormientis

100 1004 254 1061 cordis
273 1002 560 1059 illuminat.

679 1085 892 1142 EPIST.
936 1083 1046 1139 LV.

304 1181 444 1236 Item
470 1179 574 1232 alia
598 1176 795 1231 Ruricii
823 1174 891 1226 ad
919 1175 1083 1244 ipsum
1112 1168 1416 1239 episcopum.

161 1272 456 1329 Assiduitas
480 1280 506 1309 ι
535 1267 887 1335 supplicatum
931 1262 1143 1330 supplet
1186 1260 1239 1311 in
1270 1255 1421 1309 nobis
1461 1250 1642 1319 gratias

103 1361 378 1419 communis
425 1357 684 1422 ofﬁcium,
731 1362 790 1408 ut
834 1352 933 1405 hoc
951 1349 1099 1415 .qnod
1142 1346 1316 1400 facere
1358 1342 1675 1396 debeamus

108 1469 250 1522 super
295 1460 499 1506 mutuae
524 1445 827 1501 dilectionis
865 1441 1134 1503 all‘eCtnm,
1176 1437 1397 1490 facimus
1435 1444 1531 1499 per
1554 1443 1645 1481 ex-

107 1554 253 1598 terna:
280 1539 617 1597 necessitatis
647 1535 923 1603 imperium
948 1548 963 1597 ;
1001 1530 1125 1585 dum
1156 1525 1340 1580 aliena:
1369 1522 1646 1575 tribuimus

105 1633 345 1703 petitioni,
390 1629 535 1700 quod
561 1626 784 1697 promite
807 1624 1001 1678 debere
1031 1633 1139 1673 nos
1163 1613 1529 1685 cognoscimus
1552 1625 1644 1663 ca-
1670 1628 1679 1649 -

109 1723 255 1778 ritati.
289 1721 359 1777 Ut
392 1720 510 1774 ha‘c
529 1719 822 1771 litterarum
846 1706 1179 1765 necessitudo
1204 1712 1345 1760 esset
1369 1717 1433 1756 ex
1462 1700 1649 1755 volun-

108 1826 201 1869 tate
219 1808 635 1867 necessitudinis
645 1802 872 1874 jucunda
895 1794 1026 1855 nova
1050 1798 1351 1854 calamitate
1370 1793 1650 1874 deploran-

111 1906 169 1957 tis
188 1910 416 1956 extorta.
448 1897 646 1967 Tamen
676 1893 796 1961 quia
823 1896 1163 1960 sponta‘neatn
1189 1883 1449 1940 scribendi
1472 1867 1652 1949 negle-

109 1992 262 2058 ginnas
305 1988 563 2057 gratiam,
609 1983 792 2037 saltem
822 1979 1361 2051 prtetermittere‘non
1399 1973 1652 2028 debemus

110 2086 372 2148 ingestam.
414 2076 649 2140 Ideoque
677 2087 771 2141 per
810 2071 1023 2123 fratrem
1070 2075 1125 2121 et
1169 2062 1652 2131 compresbyterum

110 2180 330 2225 nostrum
361 2163 709 2226 Maxentium,
751 2173 906 2229 quem
938 2154 1089 2211 nobis
1128 2152 1292 2207 frater
1318 2149 1346 2188 ιι
1376 2150 1652 2217 episcopus

111 2262 261 2323 iusius
303 2252 724 2329 commendavit,
759 2249 902 2325 dedi,
944 2247 1135 2317 quibus
1179 2241 1521 2310 sospitatione
1557 2238 1653 2291 de-

115 2364 279 2418 pensa,
299 2350 482 2419 ipsum
510 2340 822 2413 apostolatui
847 2349 1042 2403 vestro,
1077 2331 1364 2395 secundum
1392 2330 1529 2397 quod
1564 2343 1657 2396 po-

114 2442 330 2505 stulavit,
359 2437 613 2504 insinuo;
639 2432 763 2503 quia
787 2431 894 2484 illic
923 2440 1079 2482 notos
1099 2434 1150 2479 et
1170 2424 1369 2477 amicos
1390 2420 1583 2474 habere
1598 2430 1657 2471 se

115 2528 249 2596 dicit,
276 2502 368 2597 qui
388 2502 520 2594 eum
548 2502 855 2592 beatitudini
884 2528 1075 2572 vestra:
1103 2502 1305 2583 pus'si'nt
1333 2512 1385 2564 in
1415 2502 1657 2577 praesenti

117 2606 629 2688 plenins‘intimare,
676 2626 897 2688 quorum
945 2606 1244 2661 testimonio
1270 2602 1437 2672 po~sit
1472 2600 1657 2664 credi.
1708 2650 1721 2657 μ

118 2710 241 2778 quod
266 2705 561 2764 assertioni
589 2703 753 2771 ipsius
786 2684 1009 2753 fortasse
1032 2712 1134 2750 non
1161 2696 1411 2749 creditur.

642 2789 903 2845 “EPIST.
949 2786 1078 2840 LVI.
1117 2808 1122 2813 η

668 2882 798 2935 Item
822 2882 887 2933 ad
917 2881 1104 2948 ipsum.
1130 2936 1138 2951 ἱ

176 2979 291 3035 Filii
318 2976 497 3034 nostri
528 2973 771 3029 Omacins
816 2968 1199 3036 et-Eparchius
1229 2965 1293 3019 ad
1337 2978 1423 3017 me
1466 2961 1665 3015 litteras

121 3072 284 3138 plenas
313 3066 575 3133 lacrimis
610 3073 663 3117 et
685 3059 1048 3127 deploratione
1069 3057 1343 3116 miserunt,
1368 3050 1664 3119 specialiter

120 3165 461 3227 deprecantes
487 3162 546 3205 ut
585 3153 721 3218 apud
753 3147 1084 3200 sanctitatem
1126 3151 1355 3196 vestram
1387 3155 1480 3207 pro
1517 3140 1663 3206 igno-

123 3248 290 3301 rantia:
313 3242 491 3311 ipsius
524 3239 613 3292 lilii
644 3236 806 3291 nostri
831 3231 1076 3302 Eparcltii
1118 3232 1434 3282 intercessor
1474 3225 1667 3295 existe—

125 3352 255 3401 retn;
297 3331 639 3387 conﬁdentes
660 3325 797 3395 quod
822 3339 915 3391 pro
942 3316 1122 3375 amore
1158 3330 1339 3373 mutuo
1366 3316 1493 3401 nihil
1517 3313 1667 3368 nobis

124 3410 307 3495 negare
345 3419 645 3476 deberetis.
714 3415 960 3482 Idemque
1007 3387 1381 3478 presbyterum
1428 3413 1665 3458 nostrum

127 3516 465 3571 busebiolum
484 3509 548 3563 ad
571 3508 817 3576 pietatem
838 3514 1064 3557 vestram
1096 3501 1151 3553 in
1179 3500 1275 3551 hac
1303 3511 1459 3549 causa
1480 3482 1667 3548 direxi.

124 3606 213 3659 Per
235 3618 396 3672 quem
435 3600 602 3653 saluto
623 3595 927 3665 plurimum,
955 3601 1008 3646 et
1037 3605 1165 3659 rogo
1195 3596 1251 3643 ut
1272 3586 1510 3656 praefato,
1534 3586 1674 3638 sicut

124 3698 298 3756 deet,
350 3687 685 3745 sufficienter
722 3682 1026 3743 admonito,
1077 3677 1456 3747 indulgentiam
1505 3672 1671 3727 errori

125 3788 255 3840 illius
278 3784 425 3851 dare
446 3773 541 3848 pro
561 3784 738 3831 nostra
769 3785 792 3814 ε
823 3772 1207 3841 supplicatione
1236 3769 1453 3821 minime
1478 3765 1671 3839 iniqua.

125 3877 260 3931 Sicut
300 3874 360 3928 in
404 3869 722 3925 defensione
761 3864 959 3933 peccati
999 3860 1157 3915 stulte
1202 3869 1357 3926 atque
1395 3855 1678 3909 infideliter

127 3962 426 4033 perduranti
439 3960 615 4027 culpa,
636 3957 806 4010 donec
829 3962 1077 4022 agnoscat
1091 3961 1290 4004 reatum
1307 3945 1332 3983 ἀ
1348 3946 1496 4016 (non)
1524 3945 1680 3997 debet

129 4054 368 4115 relaxari,
402 4054 479 4105 ita
514 4047 710 4117 agnitio
747 4042 948 4113 peccati
995 4041 1152 4094 debet
1193 4037 1434 4090 conferre
1471 4034 1677 4084 veniam

130 4144 419 4201 conﬁtenti.
438 4137 754 4194 Remedium
782 4142 866 4187 est
884 4132 1022 4185 enim
1056 4128 1175 4181 mali
1197 4124 1457 4180 confessio
1480 4136 1581 4174 non
1605 4121 1679 4173 si-

132 4234 317 4289 laniata
341 4228 567 4288 delicti;
593 4238 690 4277 nec
719 4219 901 4274 ultioni
929 4217 1149 4286 publicas
1175 4214 1489 4281 relinquitur
1514 4211 1680 4273 locus,

132 4324 210 4377 ubi
232 4336 364 4378 rens
386 4313 719 4374 conscientia
751 4317 1028 4377 torquente
1060 4307 1293 4376 punitur.

701 4401 911 4457 EPIST.
952 4398 1106 4453 LVll.

386 4551 411 4572 ⁴
518 4493 649 4548 Item
674 4492 777 4544 alia
807 4490 999 4542 Ruricii
1030 4491 1092 4538 ad
1124 4488 1302 4555 ipsum.

192 4595 327 4651 Ante
357 4591 511 4646 diem
535 4599 691 4654 quant
715 4584 918 4635 litteras
941 4587 1131 4631 vestra:
1160 4572 1449 4627 sanctitatis
1469 4579 1686 4636 accepe-

132 4684 249 4755 rim,
272 4676 777 4749 compresbyterum
800 4681 997 4731 meum,
1015 4667 1149 4719 sicut
1171 4664 1285 4731 ipso
1314 4660 1573 4713 referente
1596 4674 1688 4724 po-

133 4775 294 4830 teritis
312 4780 637 4841 agnoscere,
668 4762 730 4815 ad
750 4756 1154 4829 germanitatem
1178 4761 1403 4805 vestram
1432 4749 1483 4801 in
1505 4749 1685 4801 eadem

133 4879 227 4931 qua
254 4836 391 4918 milii
426 4853 720 4922 scripsistis
755 4860 911 4901 causa
941 4844 1262 4897 direxeratn.
1302 4840 1371 4893 Et
1411 4839 1531 4906 quia
1564 4836 1690 4889 mihi

134 4967 233 5005 non
259 4950 447 5003 solum
494 4944 609 5009 ipse
658 4937 792 4990 lilius
836 4939 1016 4985 noster
1051 4930 1358 4998 Epnrchius,
1406 4925 1496 4979 sed
1528 4927 1687 4979 etiam

139 5047 446 5096 fraternum
464 5027 709 5084 ﬂebiliter
740 5039 830 5092 per
851 5024 1051 5075 litteras
1078 5017 1455 5087 supplicarunt,
1476 5026 1689 5080 aposto-

139 5128 255 5185 latui
299 5120 477 5180 vestri
512 5123 755 5185 precator
782 5112 1107 5165 accederem.
1148 5106 1246 5172 Qui
1274 5114 1333 5159 et
1359 5104 1691 5157 confessione

140 5220 341 5289 ηιμ,
382 5217 447 5265 et
487 5202 865 5272 deprecatione
906 5200 1105 5260 venite,
1146 5207 1200 5249 et
1225 5191 1692 5258 consanguinitatis

139 5280 694 5363 alectuvcompnlsus.
740 5285 948 5341 indulsi.
977 5286 1108 5351 Quia
1138 5299 1230 5337 vos
1260 5283 1385 5336 mihi
1419 5296 1573 5345 super
1598 5280 1693 5329 huc

143 5414 197 5453 re
214 5395 519 5463 scripturus
547 5394 669 5435 esse
697 5390 800 5430 non
828 5374 1045 5428 credidi.
1077 5374 1178 5428 Sed
1200 5373 1318 5439 quia
1347 5368 1691 5423 humilitatem

207 5540 233 5568 ι
256 5528 424 5584 [forte
447 5514 823 5593 supplicatum
848 5509 927 5562 vel
954 5506 1359 5575 supplicantium.

206 5598 235 5641 υ
266 5599 394 5656 ηε..
409 5589 661 5656 episcopi.

213 5668 233 5697 '
417 5645 838 5726 supplicationem
862 5645 1071 5714 t'niquiu.

3182 266 3333 354 122‘

1731 438 1902 477 tneam
1930 423 2126 491 dignati
2153 421 2302 487 estis,
2333 435 2429 489 pro
2458 434 2518 474 ea
2540 433 2657 487 qua:
2681 418 2815 470 inter
2844 427 2940 467 nos
2967 419 3064 468 est.
3098 408 3270 476 propi-

1733 518 1807 571 tio
1833 518 1964 581 Deo,
2006 517 2249 581 caritate,
2293 514 2593 578 consulere,
2624 521 2679 566 et
2718 509 2869 563 nobis
2912 516 3088 559 utrtttn
3136 501 3275 569 insta

1731 617 1875 662 esset
1900 614 2071 659 vestra
2100 605 2377 667 districtio,
2406 604 2538 656 meis
2566 593 3162 669 potissimum’apicibus
3198 590 3280 645 in-

1734 700 1993 761 dicarem;
2021 696 2154 751 sciat
2180 695 2432 749 Dominus
2459 705 2639 751 noster
2662 686 2801 758 quod
2828 701 2928 754 ego
2955 685 3164 738 factum
3189 695 3282 734 ve-

1733 796 1901 845 strum
1928 796 1983 839 et
2008 785 2193 854 probo,
2219 794 2273 838 et
2294 780 2555 842 collaudo,
2586 789 2639 833 et
2664 778 3003 832 vehementer
3026 771 3277 826 admiror.

1735 876 1866 943 Quia
1899 875 2021 929 dum
2058 875 2145 928 nni
2188 873 2512 940 indisperato
2540 884 2636 937 per
2671 864 3084 921 admonitionem
3123 859 3281 926 gladii

1736 966 1972 1033 spiritale
1992 963 2147 1035 [forte
2166 960 2432 1032 spiritalis]
2455 975 2549 1028 pro
2568 954 2831 1013 reddenda
2851 954 3019 1007 salute
3032 948 3284 1034 intulistis

1736 1027 2211 1136 dolorem-multis
2238 1027 2538 1104 contulistis
2586 1044 2946 1115 languentibus
2981 1027 3281 1095 sanitatem.

1739 1129 1886 1199 Multi
1908 1143 2105 1210 etenim
2136 1139 2453 1217 in‘Ecclesia
2481 1137 2570 1214 qui
2596 1135 2770 1191 curari
2809 1140 3072 1201 nequeunt
3096 1129 3281 1191 verbo,

1739 1243 1993 1287 sanantur
2018 1229 2284 1296 exemplo.
2314 1228 2585 1295 Superest,
2629 1223 2963 1279 severitatem
2992 1218 3285 1271 misericor-

1741 1322 1827 1376 dia
1859 1330 2232 1385 consequatur,
2263 1327 2320 1371 ttt
2362 1315 2628 1383 recipiatis
2668 1313 2883 1366 lenitate
2925 1308 3108 1376 patris,
3130 1318 3285 1372 quem

1741 1410 2071 1479 corripuistis
2091 1407 2405 1461 auctoritate
2424 1402 2707 1471 pontificis.
2723 1400 2787 1453 Et
2803 1400 2949 1467 juxta
2967 1396 3110 1449 illum
3131 1406 3287 1448 evan-

1743 1501 1967 1570 gelicum
1990 1496 2139 1565 (Luc.
2168 1511 2254 1559 xv,
2276 1493 2386 1563 50),
2422 1492 2911 1559 invocantesquem
2940 1497 3035 1537 nos
3064 1497 3158 1550 per
3179 1495 3292 1533 om-

1744 1562 1833 1643 nia
1860 1596 1914 1642 et
1936 1562 2086 1652 seqtti
2114 1592 2168 1639 et
2190 1588 2399 1650 Oportet
2424 1579 2643 1641 imitari,
2666 1576 2755 1645 qni
2780 1575 2888 1628 lilio
2916 1562 3147 1642 paternae
3164 1569 3293 1622 sub-

1698 1694 1699 1699 ‘
1745 1677 1953 1753 stantia:
1991 1673 2291 1737 decoctori,
2320 1678 2376 1725 et
2419 1669 2617 1721 facinus
2663 1664 2936 1717 confitenti
2977 1670 3080 1713 non
3120 1657 3292 1712 solum

1680 1760 1724 1820 Β
1751 1748 1956 1829 veniam
1982 1764 2270 1818 clementer
2298 1757 2577 1826 impertiit,
2609 1768 2788 1807 verum
2824 1752 2981 1805 etiam
3020 1748 3292 1816 pristinam

1750 1858 1970 1928 gratiam
1999 1853 2228 1909 libenter
2253 1849 2497 1912 indulsit;
2519 1855 2571 1899 et
2602 1858 2697 1898 nos
2726 1840 3096 1909 condol'eamus
3126 1836 3292 1901 lapso,

1750 1944 2129 2002 subveniamus
2147 1941 2346 2005 attrito,
2361 1937 2741 2005 amplectamur
2756 1942 3046 1989 reversum,
3057 1925 3297 1979 lmtemnr

1752 2039 2042 2092 inventum.
2081 2031 2229 2098 Quod
2268 2025 2699 2095 et.apostolatum
2738 2028 2971 2074 vestrum
3021 2021 3295 2083 propterea

1754 2127 1941 2181 fecisse
1968 2132 2146 2177 certus
2187 2133 2325 2181 sum,
2370 2124 2428 2169 ut
2451 2112 2719 2183 paululum
2750 2108 3101 2163 infirmantem
3128 2102 3324 2168 ﬁlium,

1752 2212 2103 2272 excluderetis
2132 2225 2160 2263 a
2190 2218 2379 2272 matre,
2407 2214 2467 2259 ut
2507 2202 2763 2271 eumipsi
2788 2208 2909 2270 post-
2928 2196 3191 2252 modicnm
3215 2208 3303 2248 re-

1753 2304 2042 2361 stitueretis
2102 2300 2457 2359 incolumem;
2520 2304 2575 2349 et
2626 2307 2745 2347 eum
2801 2285 3185 2347 contristaretis
3234 2282 3300 2337 ad

1756 2408 1984 2466 tempus,
2010 2392 2077 2448 de
2103 2406 2209 2461 quo
2228 2387 2461 2459 gaudere.
2474 2380 2849 2449 concupiscitis
2874 2378 3225 2431 ln‘aeternum.

2303 2474 2513 2531 EPIST.
2575 2468 2763 2538 LVIII-
2869 2532 2874 2537 θ
3054 2532 3055 2535 γ

1970 2572 2206 2631 Ruricius
2235 2562 2629 2637 episcopusﬁlio
2653 2559 2833 2630 severo
2861 2554 3091 2610 salutem.

1828 2663 2204 2735 Negligentiatn
2228 2668 2462 2721 nostram
2486 2664 2640 2720 atquc
2668 2649 2925 2718 pigritiam
2949 2645 3071 2697 dum
3098 2656 3193 2695 vos
3212 2654 3304 2694 ex-

1760 2730 2259 2824 cusatis,varguitis,
2309 2757 2363 2802 et
2405 2757 2503 2800 nos
2526 2739 2796 2797 beneficiis
2821 2745 2875 2791 et
2899 2733 3088 2789 officiis
3117 2730 3304 2783 vestris

1762 2846 2102 2918 agnoscimus,
2124 2840 2411 2896 debitores.
2444 2834 2548 2892 Sed
2586 2833 2697 2886 scio
2718 2830 2816 2882 hoc
2860 2826 3073 2882 sincero
3106 2834 3304 2882 amore,

1764 2912 1871 3007 quo.
1889 2950 1985 2992 nos
2008 2932 2246 3002 diligitis,
2287 2929 2461 2982 facere
2488 2935 2647 2994 atque
2674 2918 2941 2987 perfecto;
2972 2912 3090 2981 quia
3124 2924 3305 2977 parum

1766 3004 1848 3085 est
1874 3025 2080 3083 caritati
2106 3030 2317 3085 vestrae,
2347 3015 2484 3087 quod
2514 3012 2665 3067 nobis
2695 3006 2955 3068 tribuitis,
2993 3004 3115 3055 dum
3168 3009 3307 3053 totos

1691 3097 1735 3158 (ἶ
1769 3135 1860 3175 vos
1892 3117 2043 3172 nobis
2068 3122 2123 3168 et
2149 3109 2380 3180 quotidie
2401 3100 2703 3170 impendere
2733 3090 3064 3151 desideratis.
3086 3090 3186 3143 Sed
3215 3102 3308 3140 no-

1768 3212 1849 3265 bis
1894 3206 2023 3263 satis
2067 3212 2329 3269 superque
2372 3193 2637 3250 sufﬁceret
2684 3183 3072 3247 benevolentia,
3102 3188 3126 3217 θ
3154 3192 3307 3246 quam

1769 3297 1993 3369 prompti
2036 3266 2195 3345 animi
2236 3266 2289 3342 et
2314 3282 2593 3340 assiduitas
2618 3277 2847 3337 deesset
2874 3268 3131 3337 obsequii.
3167 3266 3313 3321 l‘nde

1768 3356 2077 3444 salutatione
2096 3380 2349 3447 depensa,
2372 3372 2567 3441 gratias
2586 3382 2683 3435 ago
2705 3363 2987 3418 uberrima
3016 3356 3193 3425 pietati
3222 3368 3314 3406 ve-

1770 3469 2065 3541 strce,quud
2097 3444 2218 3534 erga
2241 3479 2325 3518 me
2365 3463 2517 3516 bona:
2547 3454 2813 3510 memoriae
2841 3450 3004 3518 patris
3029 3444 3187 3515 vestri
3208 3456 3314 3496 non

1772 3568 1940 3622 solum
1966 3557 2224 3622 retinetis,
2248 3554 2338 3608 sed
2366 3552 2525 3605 etiam
2556 3544 2757 3601 vicistis
2778 3540 3042 3594 allectum.

2350 3639 2560 3696 EPIST.
2601 3634 2734 3690 LIX.

1928 3741 2164 3797 Ruricius
2190 3739 2447 3807 episcopus
2473 3732 2577 3800 ﬁlio
2600 3725 2902 3784 Sthoracltio
2930 3722 3166 3775 salutem.

1848 3838 1958 3903 Ago
1996 3842 2152 3899 atque
2204 3829 2378 3889 habeo,
2421 3822 2608 3875 uberes
2647 3818 2842 3886 gratias
2891 3811 3069 3880 pietati
3099 3815 3319 3867 vestrm,

1778 3926 1917 3995 quod
1958 3937 2054 3976 nos
2086 3911 2454 3986 negligentiam
2495 3908 2807 3962 famulorum
2848 3910 3143 3953 nostrorum
3187 3895 3322 3945 scire

1778 4015 1996 4073 fecistis,
2025 4009 2149 4060 dum
2193 3999 2583 4057 subvectionem
2631 4001 2935 4057 congruant,
2964 3997 3121 4051 quam
3170 3978 3322 4031 nobis

1779 4099 1997 4153 callidus
2030 4095 2364 4147 subtraxerat
2389 4083 2649 4143 inimicus,
2678 4077 2933 4142 benignus
2959 4066 3321 4122 subministra-

1781 4191 1857 4243 vit
1898 4186 2135 4239 allectus.
2179 4179 2343 4243 Quem
2397 4172 2594 4226 idcirco
2642 4164 2792 4220 nobis
2840 4160 3086 4213 Dominus
3120 4156 3220 4207 hoc
3258 4151 3322 4204 ad

1785 4288 1992 4344 tempus
2034 4267 2277 4338 permisit
2318 4262 2533 4323 inferre,
2575 4244 2631 4311 ut
2666 4263 2718 4308 et
2756 4260 2983 4305 nostram
3024 4242 3325 4313 patientiam

1718 4410 1756 4441 κ
1788 4387 1879 4441 per
1905 4367 2171 4436 iniuriam,
2194 4370 2246 4414 et
2269 4365 2500 4411 vestram
2524 4364 2646 4418 erga
2670 4359 2764 4401 nos
2782 4344 3054 4397 caritatem
3072 4350 3164 4404 per
3187 4347 3329 4386 com-

1705 4422 1759 4481 D
1789 4422 2088 4531 patientiam
2121 4447 2509 4517 comprobaret,
2538 4456 2599 4494 ac
2628 4440 2741 4491 sine
2768 4431 2925 4487 dubio
2950 4424 3207 4481 facultatis
3236 4436 3325 4475 no.

1786 4513 1910 4609 strue
1940 4549 2088 4603 vobis
2117 4546 2315 4607 lucrum
2341 4536 2515 4604 operis
2554 4546 2649 4599 per
2678 4523 2987 4581 benelicium
3034 4513 3328 4572 dilectionis

1788 4648 2018 4701 afferret.

2376 4712 2585 4768 EPIST.
2628 4708 2736 4761 LX.

2070 4809 2301 4863 Ruricius
2330 4805 2588 4872 episcopus
2621 4798 2724 4862 ﬁlio
2756 4792 3053 4843 Vittatneno.

1861 4908 2160 4968 Familiares
2184 4914 2276 4953 nos
2291 4893 2441 4947 vobis
2465 4890 2587 4942 facit
2606 4896 2776 4939 vestra
2798 4884 3047 4947 dignatio,
3068 4879 3187 4929 dum
3208 4873 3308 4924 bne

1794 5001 1931 5073 quod
1961 5014 1989 5051 a
2021 4992 2172 5047 nobis
2203 4987 2423 5039 libenter
2453 4980 2690 5039 offertur,
2718 4990 2743 5027 a
2775 4973 2923 5023 vobis
2951 4976 3219 5037 gratanter
3246 4981 3333 5016 ac—

1796 5056 2005 5158 cipitur.
2030 5077 2301 5147 Siquidem
2347 5070 2472 5125 illud
2506 5079 2695 5120 munus
2724 5059 3045 5127 acceptabile
3085 5056 3329 5121 probatur

1794 5140 2040 5235 et'dulce.
2070 5166 2207 5235 quod
2232 5177 2332 5225 non
2357 5156 2657 5225 magnitudo
2680 5147 3047 5204 insinuaverit,
3079 5140 3167 5193 sed
3194 5150 3335 5187 com-

1799 5261 2056 5321 mendarit
2080 5254 2303 5319 affectio.
2334 5250 2461 5312 Quae
2485 5260 2569 5299 res
2592 5242 2733 5305 fac'it,
2763 5248 2815 5291 ut
2843 5235 2903 5288 ad
2941 5226 3333 5300 persolvcmlmn

1802 5355 1953 5411 vobis
1983 5354 2287 5415 spontanee:
2307 5337 2601 5391 devotionis
2632 5327 2959 5396 obsequium,
2988 5322 3139 5373 etiam
3170 5314 3217 5365 id
3241 5316 3333 5363 liti-

1874 5484 1897 5521 ά
1924 5484 2041 5535 llrcc
2068 5494 2167 5529 vox
2192 5476 2339 5527 abest
2366 5474 2415 5523 in
2446 5484 2543 5521 ms.

1874 5564 1895 5589 ο
1928 5548 2153 5617 Prontpti
2178 5544 2352 5609 animi,
2382 5550 2667 5608 quanquam
2690 5527 2977 5587 assiduitas,
3012 5531 3114 5575 etc.
