3854 6228
99 198 184 267 tio
1197 198 1203 202 ’
1275 261 1283 269 ,
1421 193 1938 252 pROLEcousNA.

3184 194 3282 252 1⁷ιο

96 321 257 375 mlius
300 316 552 373 cattus-ias
581 315 791 371 Sancte
814 308 1080 367 Trinitatis
1110 320 1273 378 prope
1321 308 1622 369 Divionem,
1654 311 1705 365 Α
1729 303 2053 372 praccllens,
2081 300 2230 370 cujus
2251 302 2401 369 jussu
2432 300 2613 356 Victor
2638 315 2777 365 anno
2800 300 2993 357 Christi
3025 300 3125 357 587
3156 317 3279 372 per-

96 411 161 462 de
188 407 485 462 inscribitur
506 405 597 458 hic
625 406 795 458 liber:
824 400 1011 469 Incipit
1036 400 1161 453 liber
1188 396 1339 463 Fidei
1370 396 1633 466 catholica;

98 508 252 553 coitu
277 495 592 563 Wandalos,
624 495 789 548 editus
812 510 843 546 a
868 493 1116 545 Januario
1142 490 1430 553 Zaterense,
1474 486 1631 540 Villa-

101 592 180 640 tisa
205 585 397 639 sCasis
440 583 717 647 Medianis,
744 583 987 651 episcopis
1032 579 1081 633 Ν
1089 580 1323 643 umidiaz;
1360 577 1634 645 Bonefacio

104 674 477 735 Faueianense.
507 682 551 726 et
580 673 851 741 Bonefacio
890 669 1203 733 Gazanense,
1250 669 1494 739 episcopis
1532 665 1635 733 By-

100 765 292 818 sacenis.
325 763 529 817 Verum
570 762 620 814 hi
667 768 788 814 sunt
823 762 1053 827 episcopi
1092 774 1187 827 per
1229 772 1364 825 quos
1406 757 1636 809 directus

102 853 314 909 estliber
346 853 461 914 ille,
485 863 541 904 ut
579 853 629 903 iu
654 851 769 917 ejus
796 850 899 902 line
923 855 1232 911 annotatur;
1264 861 1367 900 non
1393 861 1423 898 a
1451 846 1637 913 quibus

112 942 441 1010 conscriptus.
474 938 567 1015 His
600 924 772 1004 itaque
800 937 984 1005 positis
1025 935 1467 996 eristimaverim,
1501 934 1639 985 hunc

107 1033 273 1086 libr-tn
296 1040 390 1084 aut
419 1030 492 1083 ab
529 1012 643 1096 ipso
684 1028 916 1096 Eugenio
962 1026 1360 1096 Carthagiueusi
1391 1025 1635 1093 primate,

106 1132 180 1175 aut
201 1106 309 1187 eius
333 1119 495 1188 jussu
522 1119 589 1171 ab
615 1118 822 1172 erudito
865 1116 1039 1184 aliquo
1077 1116 1236 1169 fuisse
1260 1114 1582 1169 elabOratuut
1617 1127 1634 1166 :

106 1227 157 1266 ac
174 1209 395 1280 denique
415 1209 489 1264 ab
515 1209 758 1263 omnibus
777 1206 927 1275 regni
954 1206 1216 1275 episcopis
1238 1207 1559 1272 recognitum
1586 1217 1639 1256 et

109 1298 357 1368 [collatum
387 1316 403 1350 ς
438 1298 533 1352 sed
578 1306 751 1351 tamen
779 1310 809 1349 a
855 1310 1171 1364 quocunque
1229 1296 1436 1348 tandem
1484 1293 1642 1348 fuerit

106 1389 415 1457 mtuet-ipsus
436 1387 507 1440 ad
536 1386 758 1441 Victoris
787 1385 1072 1439 Historiam
1099 1385 1383 1452 pertinere.

694 1515 915 1570 CAPUT
951 1514 1038 1568 IV.

176 1606 381 1676 Tempus
408 1606 711 1674 conscripta:
743 1602 981 1657 Historia
1016 1619 1179 1657 annus
1211 1602 1397 1657 Christi
1427 1601 1552 1657 487.

168 1717 384 1781 Tempus
413 1728 523 1783 quo
566 1713 678 1766 haec
715 1712 940 1766 Historia
980 1713 1277 1782 conscripta
1322 1721 1404 1768 est
1444 1712 1640 1766 indica-

115 1806 173 1859 rit
192 1813 366 1859 auctor
395 1805 517 1870 ipso
548 1803 725 1871 operis
760 1803 931 1867 initio,
962 1803 1322 1872 sexagesimum
1362 1818 1548 1855 annum
1574 1817 1638 1855 ex

118 1911 202 1964 quo
240 1894 463 1947 Vandali
510 1892 565 1946 in
613 1892 844 1947 Africam
895 1908 959 1947 ex
1008 1893 1253 1961 Hispania
1300 1893 1630 1961 trajecerant.

120 1984 257 2038 Porro
280 1984 363 2037 hic
393 1984 651 2036 transitus
676 1998 795 2035 cum
834 1997 863 2035 a
898 1982 1156 2049 Prospero
1184 1983 1234 2034 in
1262 1980 1522 2034 Chronico
1551 1995 1642 2033 no-

119 2085 230 2129 tetur
256 2073 434 2127 Hierio
464 2082 517 2127 et
546 2073 817 2125 Ardabure
845 2071 1167 2135 consulibus,
1220 2071 1318 2123 hoc
1355 2079 1435 2124 est
1454 2110 1468 2135 ,
1500 2083 1639 2122 anno

119 2179 218 2218 sua
264 2164 579 2217 Christiana:
631 2162 768 2227 4‘27,
822 2162 888 2214 ad
943 2161 1081 2214 hunc
1136 2175 1414 2213 numerum
1466 2160 1641 2213 addito

121 2253 469 2323 sexagenario,
512 2252 745 2322 prodibit
782 2252 937 2307 huius
981 2251 1155 2320 aperis
1183 2249 1436 2304 elaborati
1475 2264 1643 2319 annus

121 2344 223 2398 487.

713 2392 934 2485 CAPUT
975 2430 1036 2483 v.

123 2524 202 2580 Csi
242 2531 570 2594 nuncupatus
609 2524 691 2575 hic
736 2522 898 2594 liber;
926 2520 1087 2594 {Etas
1129 2520 1379 2573 Diadochi
1425 2522 1645 2591 episcopi

504 2590 741 2644 Photices
768 2592 821 2644 in
857 2589 1012 2659 Epiro
1054 2590 1235 2645 Veteri.

175 2722 261 2778 Cui
299 2723 437 2777 liber
482 2721 571 2775 hic
626 2728 954 2787 nuncupatus
1004 2719 1157 2773 fuerit
1216 2717 1480 2784 conjicere
1524 2716 1644 2769 licet

127 2828 179 2868 es
203 2814 415 2868 Victoris
443 2811 773 2882 prmlatioue.
802 2810 927 2863 Nam
949 2809 994 2863 is
1023 2810 1319 2876 quicunque
1346 2816 1461 2871 est,
1490 2806 1645 2858 histo-

127 2908 232 2959 riast
256 2914 415 2960 texere
453 2904 751 2971 cogitabat,
790 2903 1201 2957 cuiAlricattam
1227 2902 1642 2968 persecutionem

1732 395 2017 467 secutionis
2042 391 2303 449 Africana:
2332 392 2614 445 Historiam
2644 393 2876 460 scripsit.

2320 481 2539 535 CAPUT
2592 481 2677 535 γι.

2130 571 2309 642 Operis
2337 573 2390 623 in
2418 572 2450 625 5
2470 571 2625 624 libros
2656 572 2888 638 partitio;
3208 616 3211 618 .

1802 661 1949 726 Quod
1990 660 2295 726 Spectatad
2334 644 2643 713 divisionem
2684 658 2838 726 hujus
2883 658 3153 723 Historiae,
3199 657 3314 711 ίιι..

1734 761 1933 807 certum
1972 762 2055 805 est
2088 767 2155 804 an
2196 766 2311 804 eam
2340 750 2518 804 Vicwr
2557 750 2610 803 in
2651 749 2825 816 plures
2871 748 3034 802 libros
3063 750 3281 815 partitus

1735 844 1821 898 sit.
1869 842 1977 895 lmo
2004 856 2121 895 cum
2153 839 2293 893 nulla
2322 849 2609 907 appareant
2643 838 2797 905 hujus
2826 837 3098 891 divisionis
3124 839 3282 891 vesti-

1734 934 1849 1001 gia,
1893 931 2033 984 nulla
2075 930 2126 983 in
2169 931 2285 997 ipso
2322 924 2733 995 textuplurium
2777 928 3029 980 librorum
3060 927 3281 989 mentio,

1737 1022 1895 1075 nulla:
1926 1010 2283 1083 transitiones,
2328 1019 2487 1071 nulla:
2512 1027 2659 1072 extra
2690 1016 2848 1070 tctius
2876 1016 3053 1084 aperis
3082 1015 3281 1084 princi-

1738 1115 1879 1179 pium
1902 1121 1954 1165 et
1977 1113 2129 1165 linem
2149 1109 2232 1162 vel
2254 1109 2608 1178 prologorum,
2632 1108 2713 1162 vel
2732 1107 3058 1175 epilogorum
3078 1105 3280 1169 formas,

1736 1200 2068 1255 verisimilius
2111 1208 2192 1252 est
2234 1213 2348 1253 eam
2395 1196 2675 1250 Historiam
2720 1210 2783 1249 ex
2831 1191 3276 1267 menteauctoris

1738 1294 1819 1365 (ut
1856 1294 1966 1346 fere
1989 1291 2303 1344 vetustiores
2346 1290 2460 1341 alia:
2489 1288 2681 1356 solent)
2724 1294 3053 1340 unoteuore
3091 1286 3279 1337 decur-

1738 1383 1910 1435 risse:
1954 1380 2238 1432 divisiones
2269 1392 2425 1445 porro
2455 1376 2620 1430 factas
2647 1389 2767 1428 esse
2805 1388 2833 1426 a
2875 1372 3282 1435 recentioribus,

1738 1485 1877 1524 nunc
1906 1471 1955 1522 in
1984 1470 2254 1537 pauciores
2284 1474 2478 1533 partes,
2510 1479 2646 1518 nunc
2674 1466 2726 1516 in
2755 1463 2951 1530 plures,
2997 1475 3091 1529 pro
3130 1462 3286 1529 genio

1738 1561 1991 1629 cujusque
2019 1566 2175 1625 atque
2204 1555 2440 1631 arbitrio.
2489 1553 2667 1621 itaque
2698 1566 2816 1605 cum
2850 1550 3077 1617 vulgata:
3104 1547 3286 1602 editio-

1670 1648 1716 1707 B
1744 1667 1838 1706 nes
1867 1652 2131 1717 pleneque
2159 1660 2266 1700 tres
2301 1641 2795 1708 librusfexhibea'nt,
2833 1654 2921 1694 sex
2958 1639 3174 1693 omnino
3201 1653 3287 1693 re-

1743 1740 1974 1809 perimus
2004 1739 2056 1791 in
2092 1734 2275 1791 codice
2303 1749 2401 1787 ms.
2431 1732 2673 1787 cartusia:
2701 1732 2970 1784 Purtarum
3000 1748 3013 1783 :
3055 1730 3146 1783 sed
3190 1731 3288 1782 hac

1741 1830 1946 1884 ratione
1966 1828 2262 1889 distinctos,
2282 1834 2339 1880 ut
2360 1825 2498 1878 idem
2520 1824 2588 1879 sit
2611 1823 2888 1891 utrobique
2911 1822 3041 1875 liber
3062 1821 3284 1890 primus;

1740 1927 1796 1972 at
1822 1920 1956 1973 liber
1983 1917 2244 1971 secundus
2270 1916 2510 1983 vulgatus
2551 1915 2601 1966 in
2642 1914 2806 1976 duos,
2854 1916 3037 1967 tertius
3081 1913 3134 1968 in
3178 1922 3288 1966 trcs
3359 1963 3361 1965 ,

1741 2007 2123 2063 subdividatur.
2160 2006 2239 2059 Ad
2268 2006 2421 2059 linem
2449 2004 2566 2058 libri
2595 2018 2655 2063 tv,
2673 2012 2789 2071 post
2817 2003 2905 2055 illa
2934 2002 3087 2058 verba
3111 2019 3125 2054 :
3150 2000 3290 2054 'Dota

1741 2098 1831 2150 sub
1860 2098 1941 2150 die
1965 2103 2115 2149 sexto.
2136 2095 2366 2166 calendas
2388 2093 2622 2158 Martias,
2654 2092 2968 2161 Carthagini,
2996 2102 3291 2160 sequuntur

1744 2185 1857 2240 hinc
1879 2200 1982 2239 non
2012 2183 2260 2263 auctoris,
2284 2182 2375 2237 sed
2399 2182 2707 2236 recentioris
2730 2182 2924 2234 librarii
2948 2192 3247 2235 assumenta
3274 2198 3287 2233 :

1748 2277 1872 2329 [hec
1896 2284 1969 2329 est
1998 2276 2105 2337 lex,
2148 2276 2239 2326 hoc
2266 2282 2565 2342 praceptum
2594 2272 2895 2341 iniquissimi
2922 2272 3052 2338 regis
3093 2282 3139 2322 et
3180 2268 3289 2323 Deo

1745 2369 1947 2421 odibilis
1970 2366 2235 2429 Honorici,
2266 2365 2356 2431 ﬁlii
2376 2363 2634 2428 Geiserici,
2659 2378 2807 2425 quant
2828 2362 3065 2413 adversm
3092 2362 3288 2426 piorum

1745 2467 1937 2527 gentem
1964 2456 2115 2508 veluti
2142 2454 2293 2506 draco
2328 2455 2438 2505 bino
2474 2468 2559 2505 ore
2585 2450 2794 2504 sibilans
2828 2450 2999 2503 edidit.
3046 2450 3149 2503 Sed
3172 2452 3288 2520 jam

1746 2557 1937 2613 tempus
1969 2532 2044 2598 est
2083 2552 2137 2596 ut
2172 2545 2224 2596 in
2251 2540 2444 2612 quarto
2468 2540 2559 2594 hoc
2594 2540 2761 2593 libello
2789 2540 2941 2607 ﬁnem
2981 2540 3286 2592 narrationis
3330 2552 3333 2559 ‘

1746 2636 1910 2703 facere
1944 2634 2246 2686 debeamus:
2280 2632 2402 2698 quia
2431 2630 2692 2698 indignum
2730 2637 2775 2680 et
2812 2627 3047 2688 indecens
3088 2637 3190 2695 est,
3236 2634 3290 2680 ut

1744 2724 1834 2778 sub
1882 2724 2146 2791 tyrannica
2190 2719 2521 2773 collocutione
2562 2734 2722 2771 sermo
2768 2718 2965 2769 divinus
3006 2716 3284 2787 subjaceat.

1747 2816 1989 2867 Auditum
2028 2829 2144 2881 ergo
2184 2812 2395 2878 petimus
2425 2810 2487 2860 ab
2516 2808 2828 2861 auditoribus
2860 2806 3288 2860 libenter'accom-

1747 2904 1961 2963 modari,
1993 2917 2105 2953 cum
2134 2900 2433 2966 principium
2460 2897 2577 2960 libri
2599 2899 2760 2964 quinti
2788 2898 2837 2949 in
2865 2913 3037 2949 eorum
3068 2899 3291 2951 senuerit

129 2994 357 3060 illigant:
389 3002 661 3058 tantaeque
698 3000 816 3043 erat
838 2990 921 3042 vel
968 2988 1315 3052 auctoritatis,
1355 2988 1434 3039 vel
1479 2986 1643 3053 digui-
1673 2990 1718 3050 C
1747 2994 1950 3043 auribus
1969 3007 1987 3042 :
2011 2990 2453 3059 quoniamwmagna
2484 2999 2529 3039 et
2564 2986 2799 3039 miranda
2823 2997 3102 3055 martyrum
3125 2997 3291 3040 certa-

128 3085 241 3145 tstis,
280 3094 334 3136 ut
381 3082 504 3151 ejus
540 3080 762 3148 jubentis
803 3078 1040 3147 imperio,
1080 3076 1367 3129 obedientite
1410 3077 1645 3127 cervicem

126 3172 372 3226 abstinere
397 3187 458 3225 se
490 3170 828 3239 proﬁteretur
858 3168 1136 3234 episcopus
1169 3166 1343 3219 Victor
1368 3182 1380 3216 :
1408 3165 1496 3232 qui
1527 3179 1644 3231 cum

128 3258 557 3326 Constantinopoli
615 3258 907 3319 scriberet,
962 3254 1048 3308 vix
1103 3253 1235 3307 alius
1283 3253 1510 3307 occurrit
1562 3254 1645 3305 cui

132 3360 299 3403 tantum
325 3352 542 3404 delerre
572 3348 786 3401 honoris
830 3346 913 3401 vel
956 3346 1212 3414 potuerit,
1245 3345 1328 3398 vel
1377 3344 1645 3406 debuerit,

130 3440 182 3491 ab
200 3440 376 3493 Acacio
405 3439 499 3507 qui
529 3446 637 3490 tum
668 3438 718 3489 in
752 3437 883 3489 vivis
904 3446 1048 3503 erat,
1079 3434 1370 3501 patriarcha
1398 3433 1652 3487 ConSIan-

131 3528 471 3596 tiuopolitano.
512 3527 656 3581 Illam
695 3526 834 3580 enim
877 3524 1054 3579 sedem
1097 3526 1195 3577 iste
1234 3522 1459 3576 obtinuit
1498 3522 1650 3573 annis

130 3618 504 3684 scptemttecim,
560 3630 623 3668 ex
666 3629 805 3667 anno
832 3613 1029 3666 Christi
1078 3613 1177 3664 471
1227 3611 1279 3663 in
1308 3610 1431 3673 488,
1464 3624 1651 3663 secun-

130 3706 228 3757 dum
250 3717 490 3760 auctores
521 3704 912 3772 protnatissimos
939 3702 1179 3754 Historiae
1207 3701 1521 3769 Byzantium.
1547 3699 1649 3751 Ad-

136 3794 198 3846 dit
220 3793 409 3863 Victor',
438 3796 581 3847 sicut
610 3793 918 3845 Timotheus
947 3800 1001 3843 et
1028 3790 1196 3842 Lucas
1232 3789 1374 3841 Pauli
1405 3787 1647 3855 apostmi,

136 3883 268 3937 sicet
292 3886 450 3937 istum
490 3883 626 3937 beati
668 3881 895 3947 episcopi
929 3879 1177 3931 Diadochi
1216 3878 1377 3931 fuisse
1418 3877 1651 3938 discipuo

133 3969 237 4025 lum.
267 3971 422 4025 Omne
461 3971 664 4039 inquit,
703 3970 881 4019 datum
921 3968 1160 4035 Optimum
1194 3973 1237 4017 ct
1277 3980 1420 4016 omne
1464 3964 1649 4015 donum

136 4060 371 4125 perfectum
412 4061 606 4111 caelitus
652 4057 931 4125 accepisti:
967 4055 1193 4107 eruditus
1236 4070 1267 4105 a
1312 4064 1448 4105 tanto
1486 4056 1651 4121 ponti-

1745 3083 1880 3133 mina
1914 3096 2004 3131 nos
2042 3072 2341 3144 conﬁdimus
2371 3083 2686 3139 narraturos,
2726 3083 2995 3142 prastante
3032 3076 3140 3140 ipso
3163 3072 3290 3128 least

1744 3169 1944 3228 Christo
1987 3167 2223 3230 Domino,
2259 3167 2343 3231 qui
2381 3163 2566 3216 laureis
2600 3164 2811 3228 miriﬁce
2847 3174 3289 3221 sanctos.coronat

1746 3275 1883 3312 suos.
1919 3257 2140 3327 Eaplicit
2176 3255 2298 3307 liber
2322 3263 2548 3323 quartus.
2582 3250 2777 3320 Incipit.
2798 3252 2927 3304 liber
2945 3253 3161 3318 quintus.
3208 3252 3288 3306 Ad

1749 3351 1904 3403 linem
1933 3363 2059 3402 vero
2090 3346 2205 3400 libri
2232 3346 2568 3414 quinti,.post
2597 3343 2683 3395 illa
2715 3344 2905 3396 verba:
2940 3341 3006 3394 Et
3034 3341 3289 3396 Maximus

1746 3438 2041 3502 monachus,
2074 3446 2119 3486 et
2150 3434 2409 3504 Septimus
2437 3431 2727 3499 monac/tus,
2758 3431 2871 3484 Iure
2901 3431 3285 3499 subjiciuntur:

1749 3527 1853 3582 Sed
1884 3528 1993 3578 licet
2020 3525 2198 3577 horum
2224 3522 2700 3591 gloriosissimorum
2730 3531 3033 3588 martyrum,
3071 3521 3123 3573 in
3161 3536 3290 3589 pra-

1730 3617 1874 3670 ‘senti
1911 3631 2012 3667 non
2042 3613 2342 3680 quiverimus
2369 3611 2640 3683 explanare
2666 3610 2966 3662 admiranda
2994 3612 3288 3677 certamina,

1748 3714 1951 3775 propter
1972 3702 2187 3754 aliorum
2211 3700 2437 3754 videlicet
2462 3700 3291 3753 innumerabiliummultitudinem

1748 3807 2054 3860 martyrum;
2096 3793 2147 3844 in
2181 3792 2282 3858 ﬁne
2308 3800 2470 3843 tamen
2499 3789 2651 3859 hujus
2680 3790 2842 3858 aperis
2880 3790 3037 3841 nostri
3080 3784 3290 3856 promit:-

1748 3885 1919 3943 timus,
1940 3880 2154 3932 Domino
2178 3880 2465 3947 adjucante,
2483 3862 2573 3930 nos
2593 3894 2649 3929 ea
2672 3886 2981 3927 narraturos.
3005 3874 3154 3928 Nunc
3168 3892 3291 3947 ergo

1749 3966 2103 4039 hujus‘libelli
2144 3954 2304 4036 quinti
2350 3967 2652 4019 narrationis
2693 3976 2876 4017 nostra
2917 3967 2997 4017 hic
3040 3968 3153 4033 ﬁnis
3197 3970 3283 4023 sit.

1750 4060 1969 4126 Ezplicit
2015 4057 2137 4111 liber
2173 4057 2392 4125 quintus.
2430 4053 2628 4132 Incipit
2669 4054 2790 4115 liber
2824 4066 3012 4108 sextus.
3062 4053 3166 4125 [Ex
3199 4056 3290 4108 illo

136 4151 438 4219 ﬁte,th
466 4149 633 4201 laudis
658 4162 833 4212 genere
856 4145 1178 4214 prwdicando
1203 4146 1343 4196 bealo
1368 4142 1649 4206 Βὲαάοειιο,
1670 4174 1693 4190 -ν
1739 4154 1852 4221 jam
1894 4159 2112 4217 tempore
2150 4148 2401 4201 crudelius
2433 4139 2737 4205 Arianorum
2778 4146 3017 4215 episcapi,
3055 4154 3156 4199 etc.
3206 4146 3287 4200 Ad

135 4242 252 4298 cuius
279 4249 329 4291 ut
363 4248 503 4291 astra
532 4238 751 4289 lucentia
795 4247 985 4289 exstant
1016 4237 1385 4303 quamplurima
1418 4235 1648 4287 catholici

1752 4241 1906 4294 linem
1937 4239 2159 4306 denique
2184 4238 2308 4310 libri
2331 4224 2629 4303 sexti.‘pOSt
2650 4236 2735 4289 illa
2758 4238 2934 4296 verba,
2957 4238 3109 4289 simili
3134 4247 3294 4289 morte

135 4328 351 4395 dogmatis
378 4328 686 4380 monimenta
712 4326 981 4378 dictorum.
1015 4326 1077 4377 Et
1102 4334 1177 4377 sat
1205 4333 1278 4377 est
1306 4326 1392 4376 tibi
1419 4334 1470 4377 ut
1498 4327 1643 4391 tequi-

1753 4331 1929 4395 periit,
1973 4330 2042 4381 ita
2070 4328 2333 4381 concludit
2372 4320 2657 4380 librarius:
2693 4325 2914 4392 Explicit
2947 4326 3290 4380 libertsextus.

136 4430 255 4479 pares
280 4420 561 4468 doctrinam
607 4415 855 4477 doctoris;
881 4415 997 4478 quia
1034 4416 1153 4465 satis
1194 4424 1264 4466 est
1306 4416 1550 4482 discipulo
1592 4424 1647 4465 ut

136 4504 187 4555 sit
210 4508 445 4572 quomodo
494 4507 728 4573 magister
766 4507 894 4573 ejus.
929 4504 1048 4556 Fuit
1082 4504 1170 4557 hic
1215 4505 1505 4559 Diadoclttt’s
1533 4505 1648 4571 epi-

138 4609 298 4664 scopus
324 4599 574 4651 Photices
598 4599 650 4650 in
680 4598 835 4664 Epiro
862 4596 1067 4656 Veteri,
1093 4606 1150 4648 ut
1190 4603 1409 4649 testatur
1437 4597 1649 4649 Photius

140 4684 181 4735 lu
211 4685 533 4754 Hyriobiblo,
563 4684 742 4738 codice
782 4684 919 4744 ‘201,
956 4683 1044 4750 qui
1088 4693 1141 4736 et
1184 4700 1367 4737 rursus
1413 4685 1647 4750 ejusdem

142 4774 343 4826 meminit
382 4773 503 4828 cod.
534 4772 661 4827 251.
704 4772 996 4825 Asceticum
1048 4773 1160 4839 ejus
1209 4774 1392 4832 librum
1441 4788 1649 4828 centum

141 4860 363 4927 «pilum,
389 4876 422 4913 a
453 4862 737 4914 Francisco
772 4860 1029 4914 Turriano
1058 4862 1240 4915 Latine
1270 4863 1525 4919 redditum
1560 4865 1650 4915 ha-

143 4947 211 5000 bet
234 4948 540 5007 Bibliotheca
571 4946 781 5001 Patrum
808 4966 820 5000 :
850 4965 953 5018 quo
981 4965 1045 5003 ex
1077 4966 1236 5017 opere
1264 4964 1413 5018 caput
1443 4952 1649 5019 aliquod

142 5036 245 5088 citat
282 5036 537 5090 Maximus
584 5037 905 5099 monachus,
950 5037 1037 5105 qui
1084 5038 1319 5091 Heraclio
1365 5040 1652 5107 imperante

146 5124 317 5194 ﬂoruit,
346 5125 555 5180 Patrem
600 5123 914 5193 Diadochum
955 5139 1109 5178 causa
1148 5127 1362 5180 honoris
1401 5142 1519 5179 eum
1561 5142 1653 5195 ap-

148 5215 334 5277 pellans.
366 5218 494 5269 Cum
544 5222 722 5266 autem
754 5213 999 5267 hactenus
1028 5217 1248 5269 obscura
1280 5216 1435 5271 fuerit
1467 5219 1651 5270 Diado-

147 5299 216 5353 chi
236 5311 373 5364 atas,
398 5318 465 5357 ex
492 5303 597 5359 hoc
640 5309 781 5377 certe
807 5301 1029 5355 Victoris
1059 5302 1175 5356 loco
1205 5304 1476 5369 habemus,
1513 5308 1646 5357 circa

148 5392 341 5447 medium
367 5395 535 5461 quinti
568 5400 688 5461 post
712 5390 969 5446 Christum
994 5394 1169 5448 saeculi
1198 5394 1341 5450 illum
1360 5396 1647 5459 claruisse;

146 5488 268 5536 uteo
287 5483 531 5539 nimirum
562 5481 814 5548 magistro
838 5497 959 5539 usns
991 5483 1146 5541 fuerit
1184 5486 1263 5541 vir
1288 5486 1375 5542 ille
1400 5487 1650 5555 dignitate

1748 4419 1937 4484 Incipit
1964 4418 2136 4470 Passio
2164 4417 2466 4470 Sanctorum
2493 4416 2725 4482 superius
2758 4409 3020 4481 promissa,
3046 4416 3132 4481 qui
3156 4418 3293 4484 apud

1748 4509 2099 4578 Carthaginem
2126 4508 2258 4574 passi
2283 4504 2438 4575 sunt]
2472 4488 2843 4557 Pra’dfcalufus
2865 4504 3161 4573 triumphos,
3186 4516 3292 4559 etc.

1750 4602 1809 4654 lli
1853 4609 1975 4652 sunt
2014 4615 2077 4650 ex
2120 4597 2301 4650 codice
2327 4598 2600 4650 Portarum
2631 4579 2877 4663 ἐπίλογοις
2926 4611 3031 4648 non
3062 4599 3293 4650 auctoris

1750 4690 1935 4756 ipsius,
1964 4687 2054 4740 sed
2082 4687 2502 4751 antiquarii,.seu
2533 4684 2705 4737 medio
2728 4698 2841 4737 azvo
2866 4684 3290 4752 interpolatoris;

1734 4788 1880 4845 'quos
1908 4778 2080 4843 operis
2123 4776 2369 4842 partibus“
2404 4790 2433 4828 a
2473 4790 2531 4829 se
2571 4775 2869 4827 constitutis
2909 4777 3057 4843 quasi
3102 4778 3293 4832 limites

1735 4868 1941 4935 posuit.
1977 4863 2099 4917 Mihi
2130 4865 2353 4937 partium
2384 4853 2807 4929 proportionem,
2828 4872 2881 4915 et
2908 4864 3115 4917 lectoris
3142 4880 3290 4921 com-

1735 4956 1961 5009 modum
1993 4953 2278 5019 spectanti,
2321 4953 2492 5005 media
2522 4949 2633 5005 fere
2658 4941 2739 5004 via
2782 4952 3026 5025 incedere
3057 4954 3290 5020 placuit,

1751 5060 1968 5110 eamque
1997 5032 2275 5095 Historiam
2305 5042 2534 5111 quinque
2561 5030 2622 5094 in
2644 5042 2803 5095 libros
2834 5043 3040 5109 partiri;
3070 5059 3289 5109 quorum

1752 5133 1903 5203 primi
1943 5140 2302 5198 argumentum
2344 5132 2481 5183 erit:
2516 5129 2752 5182 Geiserici
2786 5114 3129 5183 Vandalorum‘
3163 5133 3291 5194 regis

1753 5224 1988 5291 Africana
2017 5206 2569 5285 persecutio;-'secuttdi
2587 5232 2599 5268 :
2617 5220 2772 5271 Initia
2801 5221 3152 5285 persecutionis
3178 5221 3227 5271 Η
3237 5242 3285 5271 u-

1755 5312 1906 5365 nerici
1933 5309 2277 5361 Vandalorum
2305 5315 2465 5377 regis;
2497 5309 2667 5362 tertii:
2696 5300 2945 5375 Professio
2974 5298 3092 5373 ﬁdei
3118 5310 3293 5364 catho-

1755 5401 1966 5451 licorum
2005 5400 2346 5466 episcoporum
2392 5392 2650 5451 Hunerico
2691 5401 2793 5465 regi
2820 5397 3035 5459 ‘oblata;
3080 5403 3251 5465 quarti
3283 5416 3295 5450 :

1762 5487 1997 5540 Hunerici
2038 5488 2165 5552 regis
2207 5489 2395 5541 sterilia
2438 5488 2490 5541 in
2529 5488 2780 5555 episcopos
2816 5487 3139 5556 orthodozos,
3181 5504 3292 5544 cum
