3854 6228
443 231 534 288 131

1722 224 1977 280 .VICTOR
2016 225 2331 282 VITENSIS.

3513 238 3632 291 132

443 350 617 400 horum
643 347 903 419 catalogo;
942 345 1134 425 quinti:
1164 328 1447 399 Crudelitas
1483 343 1615 413 regis
1643 341 1890 396 Huneriri
1927 341 1980 393 in
2008 346 2053 401 Α
2083 342 2195 410 ipse
2237 340 2292 396 in
2336 334 2722 413 Byzaeenorum
2751 344 3113 415 episcoporum
3140 348 3278 422 serie
3305 350 3372 406 de
3395 365 3455 406 se
3481 356 3630 408 scri-

443 444 646 491 r’rrteros
681 437 971 491 catholicos.
1021 422 1379 502 Subjicientur
1412 448 1509 503 per
1536 433 1748 487 modum
1782 445 1978 501 appen-

442 526 597 603 dicis,
639 535 751 578 acta
778 526 809 577 7
836 525 1209 579 monachorum
1242 531 1530 591 martyrum
1558 522 1838 590 Caspeusis
1868 530 1973 574 ter-

442 615 625 676 ritorii,
642 628 863 681 quorum
884 621 1150 666 auctorem
1170 625 1380 679 quoque
1393 610 1655 665 Victorem
1674 610 1973 677 episcopum

440 704 561 756 facit
584 703 746 755 codex
774 701 1069 765 Portarum,
1085 707 1140 753 et
1164 700 1348 753 beatus
1363 698 1671 764 Rhenanus,
1698 705 1975 751 accuratus

438 791 685 858 scriptor,
714 790 802 859 qui
837 789 888 842 in
920 789 1073 856 hujus
1101 790 1278 856 operis
1307 788 1557 849 editione,
1585 787 1652 841 ad
1690 787 1845 840 linem
1881 784 1974 839 lto-

439 897 555 935 rum
584 892 840 944 actorum,
883 868 1123 935 Historia:
1149 878 1371 933 Victoris
1410 876 1643 944 episcOpi
1682 876 1838 929 linem
1877 874 1973 927 ad-

439 960 657 1024 notavit.
700 969 838 1023 Sane
868 970 981 1021 lucc
1011 979 1128 1021 acta
1154 982 1273 1020 cunt
1304 966 1355 1020 iu
1385 968 1627 1019 omnibus
1654 980 1772 1033 quae
1795 963 1975 1019 videre

439 1059 591 1114 nobis
630 1058 777 1112 licuit
806 1055 1028 1111 Victoris
1054 1055 1471 1124 exemplaribus,
1514 1064 1624 1108 tum
1653 1055 1822 1119 ensis,
1865 1063 1971 1107 tum

438 1146 839 1212 manuscriptis,
884 1144 1163 1199 Historiam
1206 1143 1585 1211 persecutionis
1607 1141 1866 1195 Africanas
1906 1141 1974 1194 ab

439 1252 505 1291 eo
529 1237 875 1303 conscriptam
905 1234 1191 1300 excipiant,
1221 1234 1411 1287 frustra
1441 1234 1577 1287 alius
1604 1234 1857 1301 quaeritur
1882 1247 1974 1286 eo-

346 1370 351 1376 .
439 1339 555 1378 rum
583 1335 783 1395 auctor,
817 1326 903 1392 qui
939 1339 1057 1377 cum
1100 1322 1284 1377 borum
1322 1334 1608 1393 martyrum
1649 1324 1703 1377 in
1743 1322 1997 1377 historiast

439 1430 597 1469 cursu
624 1416 804 1481 paucis
830 1414 1005 1468 verbis
1028 1412 1139 1482 jam
1167 1414 1514 1479 meminisset,
1548 1412 1715 1480 potuit
1740 1414 1806 1467 ad
1832 1412 1973 1480 ipso-

440 1520 553 1559 rum
589 1519 674 1559 res
708 1513 879 1572 gestas
907 1504 1069 1557 iusius
1108 1503 1431 1557 enarrandas
1456 1504 1687 1558 animum
1718 1502 1969 1570 adjicere,

441 1594 728 1661 prmsertim
760 1592 896 1660 quod
933 1593 985 1645 in
1014 1607 1199 1647 eorum
1234 1593 1508 1648 tormentis
1547 1602 1602 1647 et
1637 1592 1844 1672 tyranni
1872 1606 1973 1645 sa:-

2077 431 2269 498 pserit;
2302 430 2479 485 Victor
2511 432 2738 501 Vitensis,
2768 450 2869 488 non
2906 438 3163 492 occurrit:
3190 449 3335 495 certo
3363 442 3626 497 nimiunn

2076 512 2168 575 Dei
2196 521 2417 576 consilio
2452 534 2780 591 reservatus,
2830 525 2970 582 haud
3006 542 3159 583 secus
3199 543 3262 585 ac
3294 530 3628 602 Virgilianos

2076 608 2188 673 ille,
2214 611 2417 664 cruenti
2446 610 2608 677 praelii

2138 696 2393 758 Accipiens
2412 698 2619 749 sonitum
2640 700 2741 749 saxi
2754 700 2827 750 'de
2849 701 3039 751 vertice
3060 710 3239 764 pastor,
3594 756 3597 757 ν

2071 794 2131 838 ιιι
2176 784 2302 837 dira:
2342 785 2481 839 illius
2524 789 2905 854 persecutionis
2954 777 3230 855 historiam
3271 804 3615 864 posterorum

2073 874 2340 929 memoriae
2368 876 2777 935 commendaret.
2940 950 2945 956 .

2666 966 2886 1023 CAPUT
2928 970 3057 1025 VIII.

2143 1109 2161 1124 ,
2486 1046 2702 1125 Scripsit
2729 1054 3191 1127 ConstantinOpoli.

2140 1138 2286 1194 lianc
2313 1155 2470 1211 porro
2496 1145 2728 1213 scripsit,
2753 1154 2808 1199 ut
2826 1161 2968 1212 reor,
2992 1149 3465 1224 Constantinopoli.
3490 1154 3621 1210 Non

2070 1232 2211 1285 enim
2238 1233 2326 1314 diu
2364 1233 2418 1287 in
2452 1234 2625 1289 Africa
2656 1238 2819 1291 latere
2848 1238 3134 1306 potuisset,
3173 1258 3234 1296 ac
3266 1256 3340 1297 tot
3364 1248 3624 1314 quesita-

2069 1334 2185 1375 rum
2209 1320 2386 1390 fugere
2403 1323 2606 1389 oculos,
2635 1324 2725 1392 qui
2752 1326 2983 1381 latebras
3004 1343 3194 1386 omnes
3219 1334 3617 1398 scrutabantur,

2070 1418 2125 1462 ttt
2144 1411 2544 1478 catholicorum,
2564 1426 2626 1467 ac
2648 1414 2939 1481 praesertim
2963 1416 3323 1486 episcoporum
3344 1422 3618 1477 neminem

2070 1499 2137 1551 ab
2176 1500 2369 1553 Ariana
2415 1503 2611 1556 savitia
2663 1504 2949 1559 immunem
2986 1507 3363 1574 relinquerent.
3410 1511 3622 1577 Opinor

2069 1602 2193 1655 ergo
2210 1588 2363 1642 illum
2391 1597 2592 1644 mutato
2618 1591 2822 1655 habitu,
2849 1593 3349 1661 Constantinopolim
3378 1597 3619 1654 evasisse

440 1683 581 1746 vitia,
601 1694 652 1736 et
675 1692 961 1751 martyrum
983 1683 1226 1779 ingentep
1245 1682 1426 1745 animi,
1449 1692 1504 1737 et
1521 1682 1692 1736 divina
1712 1696 1833 1751 erga
1853 1680 1970 1735 illos
1997 1674 2046 1734 Β
2071 1673 2121 1729 in
2150 1677 2398 1731 comitatu
2427 1678 2608 1751 Urauii
2637 1681 2790 1750 legati
2817 1681 3043 1737 Zenonis
3073 1684 3424 1750 imperatoris,
3447 1703 3615 1755 quem

440 1772 764 1845 providentia
790 1773 946 1829 solito
970 1774 1163 1828 clarius
1186 1772 1477 1827 e'nituisset.
1547 1841 1550 1846 ‘

1021 1861 1242 1916 CAPUT
1281 1859 1387 1914 VH.

789 1949 962 2004 Victor
989 1950 1083 2021 fuit
1104 1950 1367 2018 episcopus
1394 1948 1623 2009 Vitensis.

510 2040 588 2095 De
610 2039 835 2095 Victoris
861 2041 1166 2108 episcopatu
1209 2039 1492 2091 multorum
1519 2036 1771 2092 hactenus
1799 2036 1975 2106 Opinio

442 2128 570 2197 luit,
620 2127 917 2182 Uticensem
966 2127 1125 2180 fuisse
1170 2126 1223 2181 in
1267 2127 1534 2195 provincia
1580 2127 1970 2193 proconsulari;

443 2218 577 2287 quod
618 2231 715 2273 nos
755 2218 807 2270 in
844 2216 1115 2271 Ferrando
1144 2227 1326 2270 nostro
1370 2215 1508 2269 haud
1555 2214 1797 2269 inanibus
1822 2229 1976 2281 argu-

442 2308 632 2361 mentis
660 2307 1088 2375 improbavimus.
1137 2306 1259 2360 Scio
1296 2305 1523 2359 Victoris
1565 2302 1827 2357 Uticensis
1864 2303 1977 2371 epi-

442 2396 585 2467 scopi
613 2396 929 2450 mentionem
959 2409 1078 2449 esse
1119 2394 1172 2448 in
1215 2394 1496 2448 collatione
1521 2393 1685 2460 prima
1710 2392 1977 2461 Carthagi-

444 2487 634 2551 niensi,
654 2500 872 2539 numero
897 2484 1015 2550 128,
1049 2484 1110 2537 P.
1128 2481 1190 2536 C.
1209 2483 1447 2546 Varanis,
1470 2496 1607 2535 anno
1626 2482 1832 2535 Christo
1851 2482 1974 2535 411.

448 2575 552 2631 Sed
598 2575 682 2629 hic
718 2573 847 2628 nihil
886 2574 1109 2641 pertinet
1149 2571 1216 2625 ad
1256 2572 1501 2626 Hunerici
1546 2570 1683 2639 regis
1719 2577 1974 2640 tempora.

446 2662 695 2719 Scribens
723 2673 894 2716 autem
927 2662 1101 2715 Victor
1124 2663 1401 2729 episcOpus
1426 2661 1707 2714 Historiam
1736 2673 1978 2741 persecu-

446 2753 603 2807 tionis
629 2752 903 2817 Ai‘ricanze,
933 2765 1071 2804 anno
1096 2751 1422 2819 sexagesimo
1450 2746 1518 2803 ex
1544 2764 1647 2817 quo
1672 2749 1724 2802 in
1748 2742 1975 2802 Airicafn

445 2841 662 2896 Vandali
688 2841 754 2895 de
786 2841 1028 2908 llispania
1061 2842 1395 2907 trajecerant,
1423 2838 1523 2891 hoc
1552 2846 1659 2901 est,
1692 2852 1829 2891 anno
1854 2850 1975 2892 terte

445 2931 751 2985 Christianas
781 2930 904 2993 487,
950 2931 999 2983 in
1037 2929 1229 2983 Notitia
1271 2926 1551 2997 provincia:
1592 2926 1976 2995 proconsularis

2072 1763 2207 1819 libro
2232 1780 2265 1820 v
2290 1774 2476 1827 testem
2507 1772 2726 1835 profert,
2752 1772 3082 1826 crudelitatis
3103 1770 3412 1844 Carthagine
3441 1776 3495 1830 in
3518 1793 3619 1829 or-

2073 1854 2333 1909 litodoxos
2350 1867 2620 1925 spectante
2640 1859 2733 1915 illo
2754 1863 3023 1916 exercitat.
3053 1862 3159 1918 Sed
3182 1867 3268 1934 qui
3281 1866 3392 1926 hoc,
3417 1866 3616 1933 inquit,

2072 1942 2354 2008 fabulosum
2380 1954 2539 2015 putat.
2563 1945 2807 2003 Uraaium
2826 1948 3042 2004 Zenonis
3072 1952 3614 2023 legatumtinterroget,

2072 2036 2218 2103 cujus
2254 2033 2306 2085 in
2342 2035 2607 2103 praesentia
2643 2037 2889 2108 praecipue
2923 2049 3063 2111 gesta
3100 2046 3249 2107 sunt;
3288 2044 3377 2095 illa
3419 2043 3619 2097 scilicet

2071 2134 2246 2184 causa,
2275 2124 2393 2188 quia
2416 2125 2613 2181 ueniens
2640 2120 3013 2195 Carthaginem,
3050 2144 3156 2182 sese
3194 2145 3283 2199 pro
3324 2132 3619 2199 defensioue

2074 2204 2412 2262 Ecclesiarunt
2438 2211 2797 2264 catholicarum
2822 2214 3011 2266 venisse
3029 2215 3277 2284 jactabut.
3327 2214 3396 2270 Et
3436 2228 3488 2271 ut
3523 2219 3618 2271 illi

2074 2297 2349 2349 ostenderet
2391 2309 2631 2366 tyrannus
2670 2314 2723 2352 se
2766 2286 3016 2354 neminem
3056 2304 3358 2371 formidare,
3404 2306 3457 2359 in
3501 2307 3618 2359 illis

2074 2388 2250 2456 plateis
2279 2387 2353 2439 vel
2382 2388 2499 2441 eicis
2528 2390 2697 2457 plures
2722 2398 2931 2446 tortores
2974 2401 3022 2445 et
3066 2395 3373 2449 crudeliores
3398 2399 3615 2462 statuit,

2016 2508 2027 2515 κ-
2073 2477 2127 2529 in
2154 2478 2331 2546 quibus
2361 2477 2538 2548 legatis
2568 2482 2717 2559 moris
2746 2490 2817 2533 est
2856 2483 3167 2537 ascendendo
3195 2486 3262 2537 ad
3288 2486 3524 2554 paludum
3559 2502 3617 2541 et

2076 2568 2417 2621 descendendo
2443 2570 2651 2622 transire
2673 2585 2692 2623 :
2732 2570 2798 2622 ad
2828 2572 3148 2640 approbn'um
3177 2574 3399 2628 uidelicet
3435 2578 3615 2646 reipu-

2076 2656 2216 2709 chaa
2251 2658 2431 2721 ipsius,
2476 2670 2520 2711 et
2549 2662 2704 2712 nostri
2724 2662 2835 2726 jam
2861 2662 3134 2727 deﬁcientis
3161 2665 3392 2733 temporis
3416 2666 3615 2735 ferent.

2077 2743 2143 2796 Et
2183 2745 2334 2811 paulo
2371 2748 2635 2813 superius,
2667 2762 2787 2801 cum
2829 2764 3010 2824 eorum
3042 2752 3369 2807 meminisset
3394 2754 3477 2820 qui
3511 2755 3619 2808 litt-

2074 2836 2188 2903 guis
2214 2837 2463 2891 radicitus
2490 2838 2757 2903 abscissis,
2784 2841 3028 2906 expedite
3055 2842 3395 2897 nihilominus
3428 2844 3617 2913 loque-

2076 2925 2286 2993 bantur,
2325 2929 2500 2983 subdit
2529 2946 2543 2983 :
2585 2930 2688 2984 Sed
2723 2931 2768 2984 si
2794 2933 2903 3000 quis
2929 2934 3211 2987 incredulus
3237 2951 3345 2987 esse
3371 2937 3579 2988 coluerit
3598 2976 3617 2999 ,

446 3022 684 3075 meminit
726 3021 1011 3074 Florentini
1041 3020 1297 3074 Uticensis
1322 3018 1589 3087 episcopi,
1640 3018 1806 3071 tribus
1845 3031 1971 3086 qua-
1999 3004 2045 3066 C
2076 3026 2247 3085 pergat
2276 3034 2410 3070 nunc
2436 3017 2956 3089 ConstantinOpolim;
2986 3032 3030 3075 et
3052 3024 3118 3076 ibi
3140 3027 3349 3091 reperiet
3376 3042 3525 3078 unum
3548 3028 3620 3078 de

447 3123 628 3166 tuorve
650 3120 772 3163 ante
798 3110 949 3163 annis
979 3110 1043 3163 ab
1075 3108 1331 3164 Hunerico
1361 3123 1485 3178 rege
1513 3110 1567 3163 iu
1594 3108 1861 3163 Corsicam
1892 3122 1975 3160 re-

449 3204 640 3270 legati:
690 3201 773 3255 ubi
800 3212 932 3255 .tum
982 3180 1319 3254 detinebatur.
1354 3216 1471 3253 cum
1520 3199 1637 3252 aliis
1681 3198 1744 3251 ad
1792 3213 1884 3252 sex
1925 3210 1977 3251 et

446 3290 778 3359 quadraginta
812 3291 1105 3343 extorribus
1136 3288 1415 3356 episcopis,
1447 3286 1658 3354 quando
1698 3286 1974 3339 Historiam

446 3382 580 3433 hanc
604 3396 749 3433 suam
775 3380 1037 3432 scribebat
1060 3379 1269 3432 Victor:
1297 3392 1451 3443 quem
1474 3377 1518 3430 si
1538 3376 1654 3443 quis
1674 3373 1980 3429 Florentino

453 3468 677 3522 Uticensi
704 3467 809 3534 jam
837 3478 943 3518 tum
974 3467 1195 3518 fortasse
1217 3472 1421 3517 mortuo
1444 3462 1713 3516 suifectum
1736 3462 1975 3530 objiciat;

452 3572 535 3610 me
563 3556 648 3608 ille
678 3570 853 3621 parem
889 3554 1119 3623 prudens
1146 3556 1430 3607 aestimator
1453 3554 1713 3607 videbitur
1740 3562 1844 3606 tam
1881 3552 1979 3606 ini-

448 3660 668 3705 quorum
698 3653 1007 3713 temporum,
1035 3658 1127 3710 per
1145 3658 1261 3711 quas
1285 3644 1535 3710 dispersis
1563 3657 1978 3711 quaquaversum

450 3736 796 3789 Ecclesiarutn
825 3736 1054 3787 omnium
1093 3734 1453 3787 Africanarqu
1485 3735 1738 3799 ovilibus;
1788 3748 1850 3788 ac
1889 3748 1979 3787 eo-

448 3840 562 3878 rum
608 3825 689 3877 vel
736 3825 963 3876 enecatis
1009 3823 1336 3892 pastoribus,
1380 3823 1461 3876 vel
1508 3824 1686 3891 procul
1736 3838 1763 3875 a
1809 3824 1975 3891 patria

446 3914 757 3977 amendatis,
787 3914 869 3966 vix
899 3914 973 3967 eis
1000 3913 1236 3981 spiritum
1268 3911 1481 3973 ducere,
1514 3911 1702 3965 nedum
1733 3912 1975 3980 gregibus

446 4005 555 4058 suis
584 4002 870 4069 invigilare,
902 4010 989 4054 aut
1020 4002 1277 4069 episcopis
1307 4010 1477 4054 morte
1515 4000 1731 4053 sublatis
1768 4014 1976 4053 succes-

446 4105 593 4145 sores
632 4091 875 4143 ordinare
918 4089 1175 4155 integrum
1217 4088 1388 4143 fuerit.
1443 4088 1611 4151 Quam
1655 4100 1855 4139 certum
1894 4096 1976 4139 est

446 4190 616 4232 autem
661 4191 922 4241 nunquam
971 4176 1271 4227 Uticensem
1320 4175 1481 4227 fuisse
1512 4176 1771 4231 Victorem
1816 4175 1973 4229 hunc.

448 4274 552 4315 tam
598 4271 677 4315 est
726 4262 1069 4313 indubitatum
1116 4259 1379 4312 Vilensem
1425 4260 1584 4313 fuisse
1630 4262 1972 4326 episcopum:

388 4390 391 4391 ν
447 4366 563 4419 qua:
604 4349 881 4416 provinciae
910 4348 1197 4415 Byzaccnte
1235 4348 1420 4400 civitas
1461 4363 1577 4399 cum
1624 4348 1796 4413 ignota
1837 4361 1974 4399 esset
2005 4336 2055 4391 Ι)

449 4441 824 4495 recentioribus
851 4438 1093 4502 librariis,
1118 4439 1190 4491 illi
1216 4440 1457 4491 mendum
1485 4439 1534 4490 in
1557 4437 1784 4504 antiquis
1807 4452 1977 4489 exem-

448 4528 677 4597 plaribus
707 4530 984 4597 suspicati,
1025 4543 1086 4580 ac
1112 4543 1296 4581 vocum
1335 4528 1503 4583 delusi
1534 4528 1822 4590 afﬁnitate,
1867 4526 1977 4580 Uti-

446 4635 653 4673 censem
688 4634 780 4687 pro
807 4618 1002 4671 Vitensi
1032 4629 1399 4684 reposuerunt.
1444 4618 1500 4671 ln
1530 4619 1709 4671 codice
1734 4617 1974 4671 cartosia:

448 4710 718 4765 Portarum
751 4724 847 4762 ms.
879 4711 1026 4763 bona:
1063 4720 1227 4774 uotae,
1276 4711 1391 4777 ipso
1430 4710 1603 4777 Operis
1644 4710 1790 4761 initio
1836 4708 1970 4774 legi:

448 4800 632 4865 Incipit
680 4798 913 4868 protagns
959 4800 1009 4849 in
1053 4798 1282 4851 Historia
1327 4800 1678 4865 persecutionis
1720 4799 1974 4867 Africanos

450 4889 579 4939 edita
620 4904 650 4937 o
690 4895 859 4938 sancto
888 4886 1083 4938 Victore
1124 4887 1300 4952 patria:
1340 4886 1550 4939 Vitcnsis
1594 4888 1824 4955 episcopo
1848 4902 1866 4939 :
1913 4900 1974 4939 ac

451 4976 773 5041 postmodum
805 4976 959 5026 incidi
990 4976 1040 5025 iu
1072 4973 1224 5039 hujus
1254 4974 1493 5027 Historia:
1519 4976 1804 5028 edirionem
1830 4973 1974 5026 Pari-

448 5066 671 5117 siensem
702 5066 820 5115 anni
853 5062 1005 5127 1541,
1038 5062 1172 5129 typis
1196 5062 1395 5116 Galecti
1427 5064 1723 5126 Pratensis,
1751 5079 1779 5116 a
1810 5064 1968 5115 Beato

450 5153 699 5203 ltheuano
726 5161 954 5203 curatam
976 5189 990 5213 ,
1029 5150 1080 5202 in
1117 5164 1218 5217 qua
1250 5159 1365 5214 post
1393 5151 1770 5217 jtrmlationem,
1804 5152 1974 5214 Quon-

450 5240 563 5290 s’ont
591 5250 789 5300 veteres,
820 5247 944 5300 etc.,
982 5237 1218 5301 sequitur
1252 5237 1560 5302 inscriptio:
1594 5240 1823 5291 Historia
1860 5254 1973 5307 per-

446 5329 707 5381 secutionis
734 5328 981 5393 Africana:
1010 5328 1293 5391 provinciis,
1326 5330 1619 5393 temporibus
1648 5327 1885 5382 Ceiserici
1920 5336 1969 5379 et

453 5412 685 5467 Ilunerici
724 5432 893 5482 regum
922 5414 1289 5476 Vondalorum,
1338 5427 1537 5468 auctore
1574 5428 1739 5469 sancto
1766 5418 1966 5470 Victore

452 5506 671 5563 epi-c0po
730 5503 931 5553 Vitensi.
984 5500 1042 5552 Ut
1081 5502 1184 5565 jam
1228 5502 1439 5554 minime
1482 5504 1695 5558 dubium
1734 5507 1801 5560 sit
1844 5508 1967 5575 quin

2075 3108 2197 3170 illis,
2237 3109 2582 3161 subdiaconem
2615 3108 2952 3179 Reporatum,
2997 3129 3247 3166 sermones
3286 3114 3464 3180 politos
3502 3114 3617 3167 sine

2075 3199 2178 3250 ulla
2201 3196 2477 3263 o/Tettsione
2500 3199 2775 3271 loquentem
2800 3215 2815 3252 :
2845 3194 3075 3268 ob'quam
3095 3218 3295 3254 causam
3316 3202 3617 3256 venerabilis

2075 3286 2283 3336 nimium
2310 3286 2361 3335 in
2383 3287 2569 3352 palatio
2590 3285 2805 3339 Zenonis
2825 3288 3380 3355 imperatoris/iubetur,
3412 3300 3458 3343 et
3480 3306 3617 3359 prte-

2076 3376 2219 3437 ct‘pue
2265 3377 2437 3441 regina
2482 3375 2607 3426 mira
2656 3390 2769 3427 eum
2810 3379 3083 3437 reverentia
3125 3388 3404 3433 veneratur.
3452 3379 3613 3445 Ecce,

2077 3459 2297 3512 lectores
2339 3474 2461 3513 suos
2506 3462 2722 3525 invitat,
2774 3463 2853 3516 vel
2906 3476 3216 3532 przrscntes,
3267 3476 3321 3520 ut
3362 3466 3616 3522 Uraniotu

2079 3549 2304 3617 legatum
2330 3551 2782 3620 Constantinopoli
2828 3554 2879 3605 itt
2909 3556 3024 3607 auia
3056 3556 3390 3623 imperatoris
3418 3570 3612 3609 consu-

2079 3638 2214 3701 lant;
2246 3639 2324 3691 vel
2351 3639 2615 3705 absentes,
2646 3648 2705 3692 ut
2730 3641 3241 3710 Constantinopolim
3268 3651 3504 3712 pergant,
3535 3642 3617 3698 ibi

2078 3730 2457 3796 persecutionis
2484 3728 2746 3783 Alricaute
2786 3731 2975 3785 seriem
3022 3732 3319 3801 cognituri:
3363 3735 3477 3797 vix,
3520 3745 3618 3787 aut

2079 3819 2217 3871 nulla
2248 3821 2452 3872 ratione
2483 3819 2732 3882 facturus,
2762 3822 2803 3872 si
2835 3835 2938 3873 non
2966 3820 3081 3885 ipse
3109 3831 3215 3873 tutu
3243 3822 3433 3875 ibidem
3463 3837 3619 3875 tuan-

2074 3909 2277 3963 sioncm
2309 3909 2542 3963 haberet.
2592 3909 2721 3963 Cttm
2760 3909 2915 3979 igitur
2943 3911 3007 3964 ad
3036 3912 3230 3965 calcem
3261 3912 3465 3965 Notitia:
3501 3913 3619 3979 epi-

2074 4016 2350 4067 scoporum
2370 4000 2730 4055 Africanorum
2754 4003 2821 4055 ita
2843 4004 3064 4072 colligit:
3081 4004 3277 4056 Corsica
3297 4004 3501 4074 relegati
3517 4004 3611 4067 56,

2076 4089 2175 4141 Hic
2202 4090 2408 4155 relegati
2435 4106 2638 4143 numero
2666 4091 2786 4155 502,
2817 4093 3074 4160 posterior
3104 4108 3355 4149 numerus
3381 4093 3617 4149 de‘Con-

2074 4176 2461 4243 stantinOpolitn
2491 4180 2741 4245 ablegatis
2766 4182 3102 4247 accipiendos
3130 4193 3236 4239 est.

2661 4266 2882 4319 CAPUT
2923 4268 3010 4321 ιχ.

2378 4349 2498 4403 Fuit
2524 4352 2706 4416 primus
2732 4355 2999 4422 provinciae
3021 4356 3309 4425 Byzacente.

2151 4440 2297 4492 Hunc
2318 4440 2484 4509 ipsum
2510 4443 2768 4498 Victorem
2799 4446 3056 4500 \‘itensent
3084 4445 3386 4515 episcopum
3429 4451 3614 4505 censui

2081 4529 2355 4595 primatem
2390 4534 2718 4596 postmodum
2746 4533 2904 4587 fuisse
2946 4536 3224 4600 provinciae
3254 4550 3360 4590 sua:
3386 4536 3637 4605 Byzacew

2080 4635 2187 4683 me,
2222 4622 2367 4686 cujus
2394 4630 2472 4675 est
2510 4624 2703 4676 mentio
2732 4626 2783 4677 in
2816 4626 2929 4677 Vita
2958 4625 3013 4679 S.
3049 4624 3338 4691 Fulgentii,
3377 4629 3527 4681 abeo
3553 4630 3610 4682 in

2078 4710 2379 4776 episcopum
2409 4710 2730 4777 Ruspeusem
2773 4714 3002 4766 ordinari
3036 4714 3189 4780 jussi.
3220 4714 3325 4768 Nec
3356 4717 3500 4768 vanis
3529 4716 3613 4768 in-

2079 4796 2249 4849 diciis.
2272 4797 2400 4849 Nam
2425 4799 2442 4865 (
2463 4807 2514 4849 ut
2538 4800 2602 4852 ad
2628 4799 2947 4852 Fert-andum
2971 4801 3205 4868 pluribus
3232 4801 3610 4871 explicuimus)

2079 4886 2128 4936 in
2170 4884 2371 4945 Africa,
2412 4896 2561 4938 extra
2617 4874 2934 4953 provinciam
2986 4894 3406 4955 proconsularem
3455 4892 3609 4957 cujus

2076 4982 2234 5037 caput
2276 4972 2566 5039 Carthago,
2598 4990 2739 5042 vagae
2778 4986 2927 5029 erant
2974 4993 3033 5029 ac
3083 4979 3383 5032 desultorios
3425 4980 3607 5046 prima:

2076 5059 2264 5123 sedes,
2295 5068 2349 5113 et
2387 5060 2645 5113 seniorem
2693 5062 2942 5131 cujusque
2982 5067 3262 5132 provincia:
3302 5066 3606 5129 episcopum

2077 5148 2470 5215 sequebantur:
2502 5151 2787 5214 seniorem,
2828 5154 3072 5221 inquam,
3131 5171 3231 5209 non
3282 5163 3467 5215 tetate.
3510 5156 3607 5208 sed

2077 5238 2403 5303 promotione
2432 5240 2540 5292 sive
2565 5241 2922 5308 Ordinatioue;
2953 5246 3040 5311 qui
3088 5244 3281 5297 idcirco
3322 5243 3462 5295 senis
3512 5257 3607 5309 ap-

2073 5329 2355 5395 pellatione
2391 5330 2645 5397 designari
2679 5333 2909 5395 solebat;
2940 5334 3073 5399 adeo
3100 5342 3158 5386 ut
3198 5333 3492 5400 promiscue
3518 5343 3606 5383 aut

2073 5434 2237 5469 senex
2258 5458 2272 5482 ,
2305 5427 2392 5470 aut
2418 5433 2523 5472 sine
2555 5419 2837 5484 provincia:
2866 5423 3059 5487 primas
3079 5460 3092 5483 ,
3130 5430 3217 5473 aut
3258 5420 3440 5486 printae
3465 5417 3607 5469 sedis

2078 5505 2353 5573 cpiscopus
2394 5516 2796 5575 nuncuparetur.
2836 5505 2950 5562 iam
2978 5510 3053 5562 sic
3086 5504 3604 5561 ratiocinor.:Notitia
