3854 6228
40 238 117 312 \‘33
1370 238 1853 296 PROLEGOMENA
1865 277 1878 293 .

66 353 260 422 Dymaeus
279 353 386 401 tres
417 347 686 404 omnino
720 349 957 402 Victores
992 345 1585 416 episeoposreprwsen-
1609 349 1687 408 A'

63 433 410 500 htzlt’erensem
448 441 640 494 tertio
669 441 884 494 decimo
911 440 1044 502 loco,
1077 439 1331 492 Vitensem
1354 449 1502 492 sexto
1530 449 1584 494 et

61 526 440 600 quidragesimo,
500 530 698 596 primo
742 538 796 582 et
834 528 1118 582 Centesimo
1166 525 1577 580 Gauvaritanum.

57 619 202 676 Christi
227 631 365 670 anno
387 617 508 671 481
525 657 542 681 ,
566 635 681 686 quo
710 617 975 671 scribebat
997 616 1175 670 Victor
1205 616 1431 670 Vitensis
1450 656 1464 678 ,
1494 616 1585 668 de-

56 723 131 764 um
151 707 251 774 jam
282 705 495 760 sublati
534 717 695 760 erant
724 722 790 759 ex
813 705 1072 774 episcopis
1097 705 1410 773 Byzacenis,
1443 703 1583 772 iique

49 801 116 868 {ut
141 795 550 864 verositnilius)
582 795 823 848 seniores
851 805 1009 862 atque
1035 792 1348 846 inﬁrmiores
1377 809 1392 844 :
1421 793 1510 862 qui
1538 792 1584 845 si

45 887 162 956 primi
191 884 384 938 decem
433 883 699 947 fuerunt,
744 896 877 949 quos
904 890 1144 935 recenset
1183 880 1400 944 Notitia';
1431 894 1492 932 ex
1522 893 1585 932 eo

42 973 188 1026 Victor
205 971 482 1026 Narensis
507 973 565 1024 in
591 972 790 1037 reliqua
813 968 1176 1037 episcOporum
1206 969 1343 1022 serie
1375 968 1584 1021 tertium

37 1063 208 1129 locum,
254 1060 516 1115 Vitensis
566 1060 888 1129 trigesimum
920 1067 1158 1124 sextum,
1207 1055 1587 1111 Gauvaritanus

35 1158 235 1224 primum
288 1165 347 1209 et
397 1153 814 1220 nonagesimum
844 1151 1087 1204 obtinuit.
1114 1149 1228 1202 .Iarn
1257 1162 1415 1209 vero,
1462 1146 1587 1200 satis

31 1251 236 1308 oinstat,
266 1239 525 1294 Victoris
555 1238 793 1306 primatis
817 1237 1067 1307 Byzaceni
1097 1235 1341 1288 mandato
1362 1233 1588 1300 Fulgen-

27 1335 129 1386 tium
154 1331 562 1398 Bupensibus
585 1329 880 1382 ordinatum
909 1326 1208 1394 episcopum
1236 1339 1374 1376 anno
1395 1322 1586 1376 Christi

25 1423 127 1483 507.
172 1420 462 1475 vicesimo
505 1433 650 1471 anno
686 1425 804 1485 post
822 1416 942 1468 487.
979 1414 1076 1470 Per
1103 1413 1199 1464 hos
1227 1412 1380 1479 igitur
1407 1411 1588 1479 viginti

21 1523 170 1564 minus
205 1510 384 1576 longe
416 1516 509 1561 est
549 1504 863 1574 probabilius
889 1502 1080 1555 obiisse
1108 1517 1169 1554 ex
1197 1501 1454 1568 episcopis
1484 1499 1587 1567 By-

19 1599 217 1652 ttcenis
251 1600 518 1664 quinque
537 1603 592 1648 et
615 1592 825 1661 triginta
852 1591 935 1657 qui
961 1590 1158 1643 VictOri
1184 1588 1402 1651 Vitensi,
1432 1601 1585 1650 quam

3112 250 3212 304 158

2279 351 2501 406 CAPUT
2545 353 2624 409 XI.

1684 437 1926 492 Hunen'ci
1964 442 2311 515 persecutionis
2338 451 2560 508 tempus,
2591 447 2796 515 ejusque
2822 448 3094 502 edictorum
3117 452 3210 504 ad-

1750 522 1914 587 versus
1941 507 2242 587 catholicos;
2287 513 2414 562 inter
2440 507 2550 578 qua:
2579 507 2802 567 ominosa
2836 516 2958 570 solis
3002 519 3212 587 defectio

1748 577 1913 627 media
1934 577 2225 629 intercessit.
2247 614 2260 652 '-

1753 702 2067 758 Hunericum
2118 715 2384 759 cruentam
2418 707 2633 763 bestiam
2684 712 2837 780 docet
2889 728 2985 772 nos
3036 715 3210 770 Victor

1683 787 1817 842 libro
1847 805 1883 842 ιι
1907 792 2138 846 εωνῆεεθ
2171 809 2270 861 qua
2293 793 2346 846 in
2372 796 2700 862 Manichacus,
2724 814 2823 863 qua
2846 802 2895 852 in
2921 800 3039 855 suos
3062 805 3208 855 Aria.

1685 888 1783 928 nos
1810 892 1899 943 per
1936 878 2150 946 quinque
2189 896 2344 932 annos
2373 884 2447 934 vel
2468 884 2679 952 amplius
2709 900 2725 937 :
2755 887 2872 939 inde
2899 903 3050 955 porro
3081 905 3211 952 con:

1686 979 1895 1047 versum
1937 969 2050 1035 ejus
2095 968 2326 1024 furorem
2355 974 2405 1025 in
2435 975 2774 1029 orthodoxos.
2817 977 2954 1038 Idem
3004 979 3135 1033 libro
3179 995 3211 1033 ν

1686 1055 1859 1107 multis
1902 1055 2156 1111 describit
2181 1059 2368 1112 famem
2398 1074 2459 1114 ac
2489 1061 2624 1114 luem
2653 1078 2767 1131 qua:
2804 1064 3028 1118 Africam
3051 1066 3214 1134 depo-

1687 1141 1873 1206 pulatae
1900 1152 2036 1206 sunt,
2070 1144 2254 1197 saltem
2282 1147 2347 1198 ab
2371 1155 2553 1200 nasute
2581 1151 2703 1201 anni
2734 1152 2900 1203 octavi
2943 1151 3209 1216 IIunerici,

1686 1228 1881 1284 ChriSIi
1910 1231 2031 1302 484.
2065 1234 2174 1297 Qua
2205 1235 2453 1290 saeviente
2480 1237 2648 1302 clade,
2678 1242 2900 1292 cessavit
2926 1244 3214 1306 persecutio

1684 1320 2068 1374 catholicorum
2112 1324 2179 1376 ab
2228 1324 2462 1390 Arianis,
2515 1342 2645 1394 quos
2693 1328 2888 1381 fecerat
2928 1331 3214 1383 communis

1685 1411 1956 1463 calamitas
1977 1411 2041 1464 de
2062 1428 2155 1464 sua
2184 1414 2413 1480 ipsorum
2436 1415 2604 1470 salute
2630 1417 2911 1480 sollicitos;
2936 1431 3054 1471 tunc
3075 1419 3213 1472 enim

1687 1513 1781 1552 rex
1810 1501 1920 1567 ipse
1950 1500 2240 1554 Hunericus
2268 1502 2365 1571 (-ut
2395 1507 2465 1555 ait
2493 1505 2726 1572 Victor),
2760 1511 2861 1560 suis
2880 1509 3143 1573 provinciis
3170 1516 3216 1562 et

1688 1588 1913 1638 domibus
1942 1588 2410 1656 singulos/revocari
2428 1592 2604 1658 jussit.
2633 1595 2760 1645 Cum
2810 1594 2966 1661 igitur
2996 1597 3220 1649 IIuneri-

16 1689 131 1742 duos
163 1697 398 1740 tantum
435 1684 528 1752 qui
558 1682 776 1738 Narensi
815 1691 904 1733 aut
946 1679 1162 1734 omnino
1192 1677 1469 1745 nonaginta
1499 1675 1586 1743 qui
1619 1666 1663 1724 Β
1689 1689 1780 1729 cus
1823 1691 2007 1730 octavo
2036 1679 2182 1744 regni
2218 1680 2297 1730 sui
2340 1693 2476 1731 anno
2505 1680 2567 1732 ad
2600 1672 2751 1733 linem
2780 1693 3024 1749 vergente
3047 1683 3216 1737 inter-

17 1775 207 1828 I'ictori
240 1774 632 1828 Gauvaritano
655 1770 912 1824 decedere
949 1769 1259 1837 potuissent.
1290 1767 1400 1833 Qua
1427 1767 1589 1819 ratio-

13 1865 286 1933 tinatione
318 1861 867 1929 conjicio,_eumdem
904 1873 1020 1912 esse
1041 1858 1300 1911 Victorem
1328 1857 1588 1910 Vitensem

9 1955 334 2022 episcopum
381 1965 418 2003 a
467 1965 580 2018 quo
610 1948 986 2017 persecutionis
1030 1945 1287 1999 Africanae
1330 1946 1589 2010 descripta

7 2051 76 2095 est.
115 2040 384 2095 Historia
408 2079 428 2105 ,
475 2039 568 2108 qui
609 2045 665 2092 et
707 2035 888 2105 viginti
930 2042 1046 2104 post
1080 2034 1233 2088 annis
1264 2033 1362 2087 fuit
1398 2033 1590 2102 primas

5 2127 360 2200 ﬂyueenus.
834 2151 842 2158 -

664 2212 884 2268 CAPUT
920 2211 986 2266 Χ.

5 2345 417 2416 Chronological
445 2343 692 2397 Geiseriei
716 2352 762 2395 et
788 2332 1025 2394 Hu‘nerici
1049 2356 1311 2412 regnorum
1338 2338 1589 2408 periodus.

61 2478 432 2544 Carthagine
466 2475 678 2543 potitur
697 2472 1020 2537 Ceisericus,
1052 2471 1348 2525 Theodosio
1375 2469 1512 2523 XVII
1539 2477 1594 2522 et

4 2563 166 2618 Festo
219 2577 383 2618 coss.
417 2578 485 2615 ex
521 2561 780 2627 Prospero
804 2569 856 2613 et
883 2560 1180 2613 Marcellino
1210 2559 1260 2611 in
1289 2558 1556 2612 Chronicis
1576 2596 1590 2618 ,

9 2653 104 2706 hoc
139 2662 275 2716 est,
308 2666 467 2704 anno
497 2649 839 2704 Christi'lﬁl).
871 2650 1008 2703 Idem
1040 2648 1201 2702 refert
1243 2648 1432 2701 ldatius
1458 2661 1594 2699 anno

7 2739 242 2794 i'hc‘xdii
277 2738 680 2800 Valentiniani,
712 2753 804 2790 seu
827 2737 1108 2791 Theodosii
1137 2738 1367 2792 iunioris
1386 2752 1595 2789 monar-

21 2825 160 2882 ἀίω
190 2829 278 2882 18.
309 2827 434 2881 Nec
459 2827 674 2880 aberrat
703 2825 1045 2892 fragmentum
1073 2828 1428 2892 Augustalium
1456 2825 1592 2891 quod

40 2917 192 2970 edidit
237 2918 525 2971 Henricus
563 2915 803 2968 Canisius
848 2926 966 2983 post
1009 2917 1302 2969 Cbronicon
1352 2917 1588 2980 Tironis,

1692 1764 1828 1822 ierit.
1864 1766 1942 1819 vel
1968 1767 2091 1820 hinc
2118 1767 2240 1819 licet
2267 1768 2534 1835 colligere,
2569 1767 2679 1835 ejus
2709 1771 2760 1820 in
2791 1770 3073 1824 catholicos
3101 1786 3217 1838 ρει-ο

1689 1855 2010 1908 secutionem
2042 1855 2176 1908 haud
2203 1856 2421 1908 multum
2447 1871 2602 1924 supra
2647 1857 2776 1909 duos
2817 1872 2982 1911 annos
3027 1858 3219 1912 solidos

1694 1946 1952 2007 tenuisse;
1985 1958 2174 2010 nempe
2203 1953 2310 1996 toto
2337 1959 2474 1997 anno
2496 1945 2638 2012 regni
2665 1948 2909 2011 septimo,
2929 1961 3045 2000 cum
3075 1961 3220 2015 parte

1688 2030 1810 2082 anni
1852 2030 2007 2094 sexti,
2037 2039 2089 2083 et
2114 2039 2259 2097 parte
2285 2030 2476 2083 octavi.
2503 2032 2651 2085 Nunc
2680 2033 2940 2086 reddenda
2968 2043 3089 2086 sunt
3111 2036 3220 2089 suis

1690 2121 2008 2186 temporibus
2047 2123 2149 2174 duo
2190 2120 2304 2188 ejus
2341 2121 2543 2183 edicta,
2594 2137 2814 2190 quorum
2855 2126 2996 2189 prius
3023 2125 3118 2178 fuit
3153 2125 3220 2179 de

1689 2211 1934 2264 omnibus
1958 2209 2148 2263 Africae
2177 2211 2434 2278 episcOpis
2467 2209 2833 2278 Carthaginem
2878 2213 3219 2265 convocandis

1691 2298 1755 2350 ad
1775 2299 2022 2352 ‘calendas
2044 2298 2354 2351 Februarias
2374 2298 2496 2351 anni
2517 2299 2548 2351 8
2575 2299 2816 2351 lIunerici
2845 2301 3000 2366 regis,
3026 2299 3218 2352 Christi

1693 2385 1818 2440 484.
1850 2386 2114 2440 Posterius
2135 2387 2207 2441 ‘de
2242 2387 2545 2441 claudendis
2583 2388 2852 2452 ecclesiis,
2899 2389 3073 2441 datum
3118 2389 3217 2443 Fe-

1691 2475 1905 2527 bruario
1929 2476 2050 2528 anni
2079 2476 2310 2541 ejusdem
2342 2477 2468 2530 484.
2498 2476 2647 2529 Prius
2675 2477 2880 2544 quidem
2909 2491 3044 2529 anno
3072 2477 3217 2546 regni

1692 2561 1936 2616 llunerici
1981 2564 2012 2616 8
2033 2604 2046 2626 ,
2093 2564 2284 2618 Christi
2325 2565 2451 2630 485,
2478 2564 2562 2618 die
2589 2566 2920 2619 Ascensionis
2947 2566 3217 2619 dominicas

1695 2653 2074 2720 promulgatum
2108 2661 2189 2706 est
2204 2692 2228 2715 ,.
2261 2668 2328 2705 ex
2371 2654 2506 2707 libro
2551 2654 2799 2706 secundo.
2834 2655 2908 2706 Ex
2938 2655 3020 2708 die
3045 2665 3216 2707 autem

1694 2744 2122 2812 pronmlgationis
2150 2745 2469 2799 emendanda
2492 2755 2570 2798 est
2588 2745 2699 2798 dies
2716 2734 2887 2797 edicto
2902 2745 3216 2812 subscripta,

1695 2847 1783 2886 sm
1813 2834 2060 2887 calendas
2099 2833 2308 2895 Junias,
2340 2833 2436 2887 hoc
2465 2842 2573 2896 est,
2604 2833 2720 2885 Maii
2753 2833 2946 2885 mensis
2969 2831 3055 2884 20.
3089 2833 3219 2885 Nam

1694 2935 1758 2973 eo
1785 2935 1923 2972 anno
1950 2921 2133 2973 incidit
2159 2919 2355 2972 Pascha
2385 2921 2434 2971 in
2459 2920 2524 2972 40
2549 2921 2775 2987 Aprilis.
2800 2922 3047 2974 Ascensio
3071 2922 3123 2974 in
3152 2921 3215 2975 19

40 3009 175 3056 mne
208 3005 248 3054 V
275 3004 446 3057 Lect.
467 3002 719 3070 antique,
744 3016 860 3070 pag.
888 3003 1006 3064 161,
1033 3012 1335 3068 occupatam
1358 3017 1386 3053 a
1414 3001 1592 3055 Geise—
1617 2985 1659 3042 (ἶ
1692 3010 1828 3060 Maii.
1860 3008 2128 3072 Quomodo
2165 3021 2290 3071 ergo
2336 3006 2542 3074 publice
2587 2985 2641 3060 in
2680 3008 2902 3060 ecclesia
2926 3008 3110 3062 lectum
3137 3019 3216 3062 est

36 3091 142 3144 sieo
167 3091 565 3159 Carthaginem
611 3100 824 3152 notans,
859 3091 911 3141 P.
941 3087 1000 3142 C.
1037 3091 1312 3143 Theodosii
1355 3091 1493 3144 XVII
1539 3103 1593 3145 et

37 3175 170 3233 Festi
216 3195 232 3231 :
284 3195 424 3234 cum
474 3178 590 3232 haec
641 3178 863 3231 formula
912 3179 1211 3231 enuntiandi
1261 3182 1589 3245 consulatus,

36 3273 277 3328 similem
320 3288 554 3326 sensum
602 3271 790 3324 habeat
835 3285 950 3324 cum
994 3271 1081 3323 illa
1127 3270 1331 3339 vulgata
1369 3288 1468 3340 qua
1511 3274 1592 3325 usi

38 3367 155 3414 Iunt
177 3356 435 3425 Prosper
462 3368 521 3412 et
549 3359 903 3420 Marcellinus,
929 3360 1001 3410 uti
1029 3358 1349 3413 ostendimus
1379 3363 1426 3411 in
1450 3361 1594 3413 Notis

38 3447 226 3502 Histris
279 3447 356 3498 ad
418 3448 578 3498 vitam
611 3448 666 3500 S.
712 3445 998 3513 Fulgentii,
1045 3458 1258 3502 auctore
1308 3448 1591 3502 Ferrando.

35 3531 180 3598 θυοδ
215 3549 365 3603 ergo
395 3533 538 3600 apud
571 3533 827 3587 Victorem
859 3535 1066 3601 legitur,
1089 3535 1225 3590 Iib.‘t
1255 3536 1320 3589 de
1346 3537 1594 3591 Persecu-

36 3619 173 3674 που
193 3623 503 3682 Africana,
550 3631 755 3687 captam
797 3636 826 3673 a
870 3619 1132 3675 Geiserico
1158 3622 1403 3687 Romam,
1450 3625 1593 3690 regni

38 3705 148 3774 lin
184 3723 342 3762 anno
376 3709 482 3769 15,
511 3708 576 3761 de
603 3708 755 3760 annis
795 3709 1066 3774 completis
1094 3710 1447 3776 accipiendum
1489 3720 1589 3765 est.

39 3789 257 3850 limam
289 3799 453 3851 enim
481 3797 751 3863 occupavit
777 3795 1074 3850 Geisericus
1101 3798 1459 3850 Valentiniano
1487 3799 1595 3852 VIII

38 3889 92 3950 μ
129 3884 441 3938 Anthemio
470 3897 642 3947 coss.,
687 3885 788 3935 hoc
826 3894 936 3945 est,
977 3899 1112 3935 anno
1142 3884 1333 3935 Christi
1361 3884 1490 3945 455,
1528 3898 1591 3935 ex

38 3961 333 4038 Ρωψσυ,
365 3971 678 4024 Marcellino
702 3978 753 4020 et
778 3969 892 4020 aliis
917 3969 1325 4035 chronographis
1348 3984 1363 4020 :
1386 3980 1438 4022 et
1477 3970 1592 4037 qni-

40 4037 336 4114 {inmittam
372 4057 545 4110 multo
570 4064 686 4124 post
713 4057 986 4109 Maximum
1032 4059 1196 4123 pridie
1222 4060 1334 4112 idus
1358 4059 1536 4112 Junias
1563 4077 1591 4114 a

44 4145 152 4200 lia
175 4141 456 4199 occisum.
484 4143 580 4216 ῌὶο
605 4152 719 4197 erat
742 4159 910 4198 annus
939 4147 1080 4212 regni
1108 4146 1356 4200 Geiserici
1384 4150 1594 4216 quintus
1625 4208 1628 4211 _

47 4231 280 4290 decimus
307 4231 578 4310 exactus\
615 4241 669 4286 et
710 4235 890 4310 labens
934 4235 1164 4289 decimus
1207 4246 1404 4290 sextus.
1449 4238 1591 4290 Diem

46 4325 192 4382 illa
219 4334 410 4393 capta
433 4309 761 4392 Carthaginis
789 4327 1084 4390 exprimunt
1113 4327 1265 4379 iidem
1286 4369 1299 4390 ,
1348 4327 1589 4394 Prosper,
1623 4309 1672 4366 Ῑ)

49 4397 266 4478 “tius,
289 4422 352 4467 et
380 4423 566 4465 auctor
586 4413 863 4480 fragmenti
891 4416 1207 4481 Augustani,
1237 4430 1325 4467 xiv
1350 4416 1595 4470 calendas

53 4485 395 4567 halantis;
426 4515 482 4557 ut
507 4503 679 4555 mendi
710 4501 938 4565 suspicio
958 4502 1022 4553 sit
1049 4503 1183 4568 apud
1215 4503 1591 4567 Marcellinum,

58 4569 136 4666 δ
175 4598 384 4666 legitur
407 4613 440 4651 x
468 4593 742 4650 calendas.
769 4591 844 4644 Es
874 4605 932 4644 ea
962 4593 1048 4646 die
1075 4593 1252 4646 Victor
1284 4595 1505 4648 Vitensis
1529 4593 1593 4646 ad

61 4667 198 4766 μ
242 4686 380 4739 libri
425 4701 442 4740 ι
490 4689 738 4737 numerat
781 4681 924 4746 regni
963 4681 1213 4735 Geiserici
1254 4697 1417 4735 annos
1449 4685 1514 4735 57
1543 4693 1597 4736 et

280 4782 422 4838 tres;
444 4771 638 4840 quibus
669 4770 723 4821 in
751 4768 1042 4840 fragmento
1070 4772 1370 4840 Augustam)
1397 4772 1593 4825 suam].

280 4782 422 4838 tres;
444 4773 638 4840 quibus
669 4773 723 4821 in
751 4773 1042 4840 fragmento
1070 4773 1370 4840 Augustam)
1397 4773 1593 4825 suam].

65 4773 270 4946 ri:
305 4874 421 4915 sex.
442 4860 500 4915 Si
529 4874 561 4912 ιι
589 4859 659 4912 19
688 4855 932 4908 Octobris
958 4858 1079 4909 anni
1109 4860 1211 4912 459
1238 4873 1483 4911 numeres
1505 4874 1596 4910 sn-

85 4947 244 5016 -,87
265 4962 473 5004 tes
493 4957 608 5002 tres
634 4944 976 5002 tricenarius,
1004 4952 1057 4995 et
1077 4944 1186 4999 dies
1213 4959 1327 5011 sex,
1351 4949 1594 5014 conjicics

129 5034 287 5092 ὶισίό
312 5036 512 5092 obitum
540 5035 601 5089 in
631 5041 842 5086 annum
874 5024 996 5090 477,
1024 5030 1160 5084 diem
1192 5035 1386 5086 mensis
1404 5034 1594 5086 Janua-

130 5125 203 5184 13.
227 5127 358 5186 Hinc
399 5139 573 5199 porro
604 5119 760 5177 adde
793 5129 913 5170 cum
953 5117 1159 5173 Victore
1186 5121 1380 5175 Vitensi
1401 5162 1416 5184 ,
1449 5123 1591 5190 regni

277 5232 456 5276 annos
484 5217 541 5282 7,
577 5217 818 5267 menses
856 5200 921 5255 ιο
949 5205 1279 5271 tricenariae,
1309 5218 1358 5262 et
1387 5211 1595 5276 insuper

28 5275 84 5362 δι
109 5305 395 5383 hymetia:
433 5275 796 5374 Αυξωιδιιο
824 5288 936 5342 dies
967 5292 1059 5356 i8;
1089 5295 1289 5347 videbis
1331 5297 1476 5349 illum
1506 5275 1592 5349 rin-

12 5389 186 5462 bene
208 5419 357 5461 anno
373 5395 549 5468 regni
568 5389 671 5444 sui
701 5389 905 5438 octavo
929 5394 1057 5446 pene
1084 5389 1342 5452 completo
1395 5384 1590 5440 Christi

4 5495 104 5574 ω,
125 5499 208 5560 ιω
232 5497 268 5556 6
284 5481 674 5554 necessitatis.

1693 3096 1918 3148 edictum
1949 3093 2013 3146 i9
2032 3132 2047 3156 ,
2079 3094 2122 3146 si
2149 3102 2346 3146 tantum
2372 3093 2623 3160 postridie
2643 3132 2658 3157 ,
2684 3109 2871 3161 nempe
2898 3096 2980 3147 die
3009 3096 3124 3147 Maii
3149 3096 3222 3148 20
3300 3110 3303 3111 '

1691 3183 1863 3234 datum
1891 3181 2288 3248 confectumque
2307 3179 2422 3232 est?
2445 3180 2689 3232 Putamus
2719 3181 2876 3247 igitur
2899 3167 3072 3233 datum
3104 3181 3214 3248 ipsa

1691 3271 1776 3325 die
1802 3269 2153 3335 Ascensiunis,
2183 3284 2266 3321 xiv
2286 3269 2528 3321 calendas
2553 3268 2754 3334 Junias,
2785 3269 2865 3320 vel
2889 3277 3029 3321 certe
3058 3269 3214 3323 biduo

1692 3343 1851 3421 ante,
1890 3358 1988 3410 hoc
2028 3364 2110 3411 est
2152 3371 2245 3410 xvr
2273 3356 2550 3418 calendas;
2600 3365 2656 3408 ut
2702 3372 2951 3409 numerus
2989 3373 3078 3410 xm
3118 3373 3224 3426 pro-

1693 3462 1778 3499 xtv
1809 3446 1890 3498 vel
1926 3460 2010 3497 ινι
2052 3445 2348 3510 irrepserit,
2383 3443 2518 3496 facili
2561 3453 2697 3496 notae
2729 3459 2759 3495 v
2798 3443 2849 3496 in
2892 3459 2924 3495 ιι
2959 3453 3220 3496 transmu-

1695 3535 1910 3588 tatione.
1937 3534 2015 3586 Ah
2038 3547 2102 3586 eo
2127 3547 2250 3586 vero
2281 3541 2514 3600 tempore
2541 3532 2603 3585 ad
2630 3534 2872 3585 calendas
2905 3533 3222 3585 Februarias.
3275 3533 3291 3555 ‘

1693 3626 1812 3676 anni
1851 3625 1955 3677 484
1981 3623 2239 3675 fluxerunt
2278 3636 2463 3675 novem
2498 3620 2606 3675 fere
2634 3620 2789 3674 solidi
2817 3637 3040 3674 menses.
3071 3622 3223 3676 Unde

1657 3712 1660 3714 ⁷
1693 3727 1790 3764 vox
1823 3726 1992 3762 novem
2028 3726 2091 3762 ex
2120 3710 2350 3763 editione
2368 3709 2690 3773 Coloniensi,
2716 3720 2768 3763 et
2796 3725 2857 3763 ex
2884 3710 3063 3763 codice
3090 3711 3220 3762 Por-

1694 3805 1859 3849 tarum
1905 3813 1936 3848 a
1975 3797 2123 3849 nobis
2153 3797 2286 3848 haud
2317 3797 2495 3849 timide
2539 3798 2780 3850 restituta
2825 3807 2906 3850 est
2947 3798 2999 3850 in
3043 3798 3216 3850 locum

1693 3884 1848 3935 edicti
1880 3884 2215 3948 posterioris,
2259 3882 2507 3934 hactenus
2535 3885 2586 3934 in
2627 3886 2846 3949 vulgatis
2881 3893 3214 3950 corruptum,

1694 3968 1780 4035 qui
1807 3967 1879 4019 sic
1904 3981 1960 4019 se
1983 3968 2137 4019 habet
2166 3987 2177 4015 :
2212 3966 2540 4019 Postmodum
2568 3972 2820 4020 universos
2845 3979 3036 4022 constat
3059 3973 3222 4038 fuisse

1694 4055 2010 4107 commonitos
2029 4091 2043 4115 ,
2091 4056 2252 4118 spatio
2294 4056 2524 4118 temporis
2547 4066 2827 4124 pi'tcrogato
2857 4060 3094 4111 mensium
3119 4076 3215 4111 no-

1692 4160 1796 4196 vem
1826 4159 2055 4210 novasque
2075 4144 2402 4194 contentionis
2441 4143 2510 4210 (si
2540 4145 2660 4212 quid
2681 4144 2745 4195 ad
2769 4161 2935 4197 eorum
2956 4153 3211 4215 proposita

1695 4242 1854 4299 posset
1885 4233 2095 4301 aptari),
2129 4244 2182 4283 ut
2208 4234 2275 4284 ad
2312 4231 2543 4284 calendas
2573 4231 2874 4288 Februarias
2912 4238 3030 4288 anui
3058 4241 3213 4289 octavi

1696 4324 1831 4391 regni
1851 4325 2003 4374 nostri
2023 4365 2038 4386 ,
2075 4325 2182 4374 sine
2217 4333 2349 4374 metu
2377 4325 2542 4388 aliqua
2570 4329 2898 4377 convenirent.
2926 4326 3103 4378 Datum
3133 4338 3214 4380 est

1694 4421 1865 4462 autem
1918 4411 2141 4461 edictum
2196 4410 2295 4461 hoc
2342 4412 2600 4475 posterius
2653 4412 2790 4478 quod
2854 4411 3216 4480 libroquarto

1694 4496 2007 4561 ccutinetur,
2040 4511 2086 4547 VI
2121 4496 2365 4549 calendas
2391 4497 2620 4559 Martias,
2652 4496 2884 4563 adeoque
2911 4499 3021 4564 ipso
3052 4501 3214 4552 inter-

1694 4583 1851 4635 calari
1891 4582 1974 4635 die
2012 4584 2134 4635 anni
2172 4585 2275 4638 484
2322 4582 2644 4645 bissextilis;
2689 4585 2838 4650 cujus
2888 4586 2988 4638 diei
3036 4587 3213 4640 infelix

1695 4685 1810 4726 esse
1838 4686 1990 4724 omen
2030 4673 2283 4740 majorum
2319 4675 2496 4742 opinio
2535 4674 2658 4736 fuit,
2709 4677 2789 4726 vel
2822 4683 2955 4727 teste
2987 4674 3213 4729 Valenti-

1695 4760 1876 4822 niano,
1921 4759 2006 4825 qui
2046 4773 2185 4811 anno
2222 4761 2324 4813 564
2367 4761 2603 4827 proximo
2633 4769 2748 4826 post
2785 4761 3101 4816 liissextilem
3128 4766 3212 4816 die

1693 4851 1826 4918 apud
1872 4849 2093 4904 Nicmam
2145 4850 2426 4916 imperator
2455 4851 2665 4904 levatus
2694 4861 2801 4916 est,
2832 4867 2948 4905 cum
2978 4854 3213 4907 bissexti-

1695 4940 1793 4991 Iem
1848 4939 2014 5004 ipsum
2057 4940 2203 5004 quasi
2241 4941 2532 4994 ominosum
2562 4940 2909 5008 declinassct,
2943 4953 2997 4994 ut
3034 4944 3213 4995 scribit

1693 5028 1995 5082 Ammianus
2023 5027 2154 5078 libro
2182 5041 2332 5081 xxvi.

1761 5116 1862 5170 Sed
1892 5127 1941 5169 et
1971 5132 2060 5183 per
2096 5133 2157 5170 ea
2189 5129 2420 5184 tempora
2465 5117 2755 5171 ominosum
2786 5122 2909 5172 solis
2932 5120 3208 5185 deliquium
3271 5153 3278 5159 ο

1695 5213 1951 5258 memorat
1996 5201 2276 5270 Gregorius
2317 5205 2638 5258 Turonensis
2669 5206 2759 5260 lib.
2793 5222 2826 5257 ιι
2865 5206 2994 5257 ιιιει.
3023 5206 3210 5260 Fratlr.

1692 5308 1808 5358 cap.
1840 5292 1871 5344 5
1905 5307 1916 5340 :
1945 5289 2101 5356 Tunc,
2131 5293 2312 5358 inquit,
2339 5302 2385 5344 et
2411 5294 2487 5344 sol
2517 5302 2635 5345 teter
2664 5294 2914 5356 apparuit,
2946 5292 3012 5343 ita
3042 5301 3098 5345 ιιι
3129 5293 3211 5347 vix

1693 5384 1758 5433 ab
1796 5396 1858 5433 eo
1909 5395 2028 5447 pars
2071 5383 2148 5432 vel
2181 5383 2328 5434 tertia
2374 5383 2621 5435 eluceret.
2655 5383 2824 5449 Credo
2869 5395 3090 5449 uanique
3119 5398 3212 5448 pro

1697 5468 1850 5522 tantis
1888 5468 2171 5523 sceleribus
2213 5482 2264 5522 et
2312 5469 2562 5524 cﬂ‘usione
2606 5469 2867 5536 sanguinis
2898 5469 3209 5525 inuocwtis.
