3854 6228
571 170 679 231 1⁸35
1542 228 1548 234 ,
1876 165 2115 223 VICTOR

2218 166 2483 226 [TENSlS.
3685 183 3759 241 ωδ
3810 165 3811 251 ς

569 285 722 355 Quod
748 285 1070 341 novilunium
1114 280 1412 348 eclipiicum
1445 277 1582 332 inter
1609 275 1882 333 barbarica
1911 277 2017 333 duo
2041 277 2127 332 illa
2156 280 2209 338 Α
2236 277 2324 333 diu
2353 278 2671 349 Carthagine
2700 281 3024 339 restitisset?
3052 283 3228 343 l‘lacet
3255 301 3383 358 ergo
3413 289 3570 346 lectio
3593 291 3760 351 cadit-ii

569 380 742 433 edicta
770 374 1275 437 mediumluit,eum
1296 369 1643 424 eveneritdie
1667 368 1865 423 mensis
1890 368 2131 423 Januarii
2228 368 2535 435 Portarum,
2578 380 2633 426 et
2680 372 2928 443 editionis
2979 375 3317 433 Coloniensis
3372 390 3619 449 vetuste,
3666 402 3759 454 qua

572 468 668 534 N,
699 478 751 523 et
777 463 1185 536 potuitspectari
1218 456 1557 529 Carthagine,
1584 459 1728 512 horis
1749 457 2122 513 antemeridia-

566 563 672 624 nis,
702 570 757 614 ut
784 558 973 613 tabulae
1000 552 1370 610 astronomicae
1397 566 1495 606 nos
1517 551 1732 606 docent.

1149 666 1373 721 CAPUT
1410 664 1525 719 XII.
1591 720 1595 729 ,

524 802 527 805 λ
565 761 679 814 Duo
704 761 855 831 legati
890 757 1116 831 Zenonis,
1123 756 1449 831 imperatoris
1480 753 1927 831 ad.Hunericum,
1961 752 2118 831 Regi-

632 848 725 883 nus
751 822 896 882 "anno
936 829 1070 889 485,
1114 822 1353 879 Hunerici
1404 826 1475 889 7;
1526 822 1747 877 Uranius
1797 839 1936 877 anno
1990 822 2120 890 484,

631 901 854 969 ejusdem
881 899 1011 967 regis
1037 905 1229 949 octavo.

634 1012 708 1065 De
736 1010 932 1068 Uranio
958 1009 1099 1062 nulla
1126 1016 1208 1062 est
1231 1006 1527 1061 dubitatio:
1560 1004 1648 1059 hic
1670 1004 1814 1060 enim
1841 1004 1926 1075 (ut
1958 1005 2121 1059 refert

562 1102 742 1156 Victor
781 1101 916 1155 libro
969 1101 1031 1162 ν)
1072 1114 1191 1153 cum
1250 1099 1315 1152 ad
1355 1096 1715 1152 defensionem
1764 1097 2117 1152 Ecclesiarum

560 1191 938 1245 catholicarum
967 1203 1027 1244 se
1052 1191 1263 1243 venisse
1289 1188 1570 1256 iactasset,
1621 1186 1919 1241 Hunericus
1938 1226 1952 1251 ,
1984 1196 2042 1241 ut
2069 1187 2119 1241 ei

562 1283 810 1337 illuderet
836 1282 1303 1348 contumaciusque
1341 1278 1649 1346 insultaret,
1701 1279 1754 1332 in
1800 1278 1902 1331 illis
1943 1278 2118 1347 plateis

562 1361 641 1426 vel.
658 1372 777 1425 vicis
797 1372 967 1441 plures
991 1379 1197 1423 tortores
1219 1380 1264 1422 el
1290 1368 1596 1422 crudeliores
1616 1368 1827 1431 statuit,
1858 1367 1912 1420 in
1940 1366 2118 1435 quibus

565 1462 747 1532 legatis
765 1463 919 1515 moris
932 1469 1005 1514 est
1026 1459 1339 1514 ascendendo
1358 1460 1427 1512 ad
1446 1459 1689 1529 palatium
1712 1467 1757 1512 el
1778 1458 2119 1511 descendendo

560 1553 789 1609 transire.
832 1553 899 1605 At
933 1551 998 1605 de
1041 1550 1241 1619 Regina
1282 1549 1419 1603 haud
1468 1550 1536 1603 ita
1584 1550 1925 1604 consentiunt
1965 1549 2116 1602 codi-

2224 460 2367 517 hunc
2416 462 2574 516 habet
2621 464 2929 533 episcoiinm
2976 466 3488 539 Carthaginensem,
3538 474 3759 544 episcopo

2227 554 2528 622 lleogratias
2554 556 2792 621 proxime
2818 558 3065 614 defuncto
3093 559 3457 631 subrogatum.
3480 552 3627 631 Quod
3656 582 3759 623 vero

2222 660 2344 698 mox
2389 645 2535 699 addit
2560 646 2740 701 Victor
2774 666 2786 700 :
2827 648 2975 711 Unde
3014 652 3205 718 factum
3244 662 3317 708 est
3358 663 3413 706 ut
3444 664 3557 723 post
3598 658 3756 710 obitum

2221 736 2441 806 episcopi
2473 734 2820 807 Carthaginis.
2845 749 2973 803 etc.,
3005 741 3072 797 de
3101 742 3266 811 ipsius
3289 744 3510 798 Thoma:
3528 746 3675 800 'ohitu
3697 747 3758 800 in-

2221 824 2877 893 telligendumsputamus;
2909 830 3020 884 sive
3062 830 3149 885 ille
3192 830 3245 884 in
3292 833 3488 886 catomi
3525 834 3757 904 supplicio

2221 915 2450 970 animam
2481 918 2779 982 exhalarit,
2818 920 2930 973 sive
2970 919 3017 973 ei
3057 919 3212 974 fuerit
3258 922 3639 990 aliquantulum
3683 941 3756 978 su-

2220 1018 2445 1077 perstes.
2492 1009 2623 1073 Hinc
2661 1009 2798 1065 licet
2826 1012 3151 1081 diSIinguere
3189 1015 3328 1082 apud
3364 1016 3625 1071 Victorem
3659 1022 3755 1084 epi-

2217 1111 2409 1165 BCOpos
2435 1098 2897 1169 Carthaginienses
2926 1102 3139 1156 omnino
3166 1114 3414 1171 quatuor.
3446 1106 3647 1160 l‘rinius
3682 1108 3757 1160 luit

2217 1190 2613 1257 Quodvuldeus,
2648 1191 2920 1259 Neapolim
2968 1193 3231 1262 relegatus
3275 1207 3417 1250 anno
3448 1198 3571 1260 A39,
3601 1199 3753 1251 statim

2219 1289 2338 1348 post
2377 1292 2584 1349 captam
2615 1297 2644 1335 a
2686 1283 2955 1338 Geiserico
2996 1283 3395 1353 Carthaginem.
3442 1286 3534 1340 Illo
3572 1299 3755 1341 mortuo

2217 1370 2272 1424 in
2302 1372 2509 1437 exsilio,
2549 1387 2689 1426 anno
2721 1375 2797 1443 (ut
2834 1372 3065 1443 videtur)
3107 1374 3241 1435 452.
3274 1376 3361 1430 die
3401 1375 3473 1429 26
3513 1376 3753 1439 Octobris,

2216 1462 2323 1530 egit
2364 1447 2763 1517 Valentinianus
2807 1464 2933 1532 imp.
2972 1463 3110 1532 apud
3151 1464 3513 1530 Geisericum,
3554 1476 3609 1519 ιιι
3658 1480 3756 1535 post

2215 1564 2337 1605 eum
2379 1551 2714 1605 ordinaretur
2752 1551 3199 1621 Carthaginiensis
3237 1553 3519 1622 episcopus
3562 1555 3756 1608 nomine

560 1658 667 1699 ces.
708 1642 944 1696 Rhenani
985 1640 1148 1696 editio
1201 1640 1514 1695 Parisiensis
1558 1642 1681 1692 anni
1722 1637 1888 1704 1541,
1916 1646 1973 1691 et
2007 1637 2116 1694 fere
2146 1635 2191 1692 B
2218 1640 2538 1709 Deogratias.
2566 1643 2615 1695 ls
2641 1642 2877 1710 captivos
2896 1648 2931 1697 ‘a
2962 1644 3233 1699 Geiserico
3256 1659 3322 1699 ex
3360 1646 3511 1699 Italia
3557 1646 3607 1701 in
3637 1646 3757 1701 Alii.

559 1734 882 1787 recentiores
927 1731 1044 1784 alia:
1086 1730 1164 1785 sic
1214 1731 1410 1784 habent
1445 1747 1457 1782 :
1492 1729 1631 1781 Nam
1678 1730 1759 1782 die
1799 1728 2114 1782 Ascensimzis

562 1826 798 1887 Domini,
846 1826 1037 1895 legatus
1088 1822 1304 1878 Zenonis
1355 1822 1700 1890 imperatoris,
1751 1820 1929 1889 regina
1981 1834 2117 1888 prta-

560 1927 692 1970 sente
747 1914 1010 1984 legendum
1072 1908 1141 1965 in
1176 1912 1340 1964 media
1395 1910 1600 1964 ecclesia
1653 1908 1884 1979 episc0po
1937 1908 2112 1978 Euge-

561 2009 645 2061 nio
686 2005 855 2075 dirigit
899 2013 1231 2074 prarcepium,
1266 2012 1370 2057 etc.
1402 2002 1505 2057 Sed
1552 2016 1650 2070 age
1680 2018 1694 2053 :
1725 2000 1991 2070 quomodo
2031 1999 2116 2054 sui

562 2095 794 2149 muneris
825 2094 1022 2163 putavit
1060 2106 1179 2146 esse
1216 2089 1554 2160 imperatoris
1581 2092 1825 2159 legatus,
1854 2099 1913 2143 ut
1939 2089 2115 2143 Hune-

563 2184 658 2239 riei
690 2184 894 2252 tyranni
926 2183 1025 2235 hoc
1049 2181 1281 2235 edictum
1313 2174 1827 2250 Eugenioepiscopo
1859 2182 1911 2233 in
1942 2180 2112 2234 media

562 2274 780 2329 ecclesia
834 2272 1109 2342 legendum
1158 2271 1443 2339 dirigeret,
1486 2270 1626 2336 quod
1675 2271 1743 2323 ad
1790 2270 1988 2325 domini
2035 2268 2115 2324 sui

562 2382 673 2420 rem
732 2364 858 2418 nihil
916 2362 1143 2428 faceret,
1191 2361 1429 2430 quinimo
1480 2360 1594 2429 ejus
1649 2360 1839 2413 studiis
1885 2359 2115 2414 maxime

563 2452 969 2509 adversaretur?
994 2451 1133 2518 Ergo
1168 2451 1306 2503 hunc
1335 2449 1509 2502 locum
1535 2447 1614 2502 sic
1640 2448 1805 2503 refert
1832 2448 1992 2503 editio
2017 2448 2117 2502 Co-

562 2544 819 2597 loniensis
852 2540 976 2593 anni
1012 2537 1188 2593 1535:
1225 2537 1359 2590 Nam
1402 2539 1507 2589 die.
1530 2537 1849 2591 Ascensionis
1881 2537 2116 2604 Domini,

564 2638 730 2705 legato
754 2633 969 2686 Zenonis
991 2630 1306 2701 imperatoris
1330 2622 1442 2699 rege
1467 2646 1566 2682 non
1590 2638 1830 2699 praesente
1850 2629 2117 2697 legendum

566 2727 731 2778 media
752 2722 959 2779 ecclesia
984 2723 1213 2791 episcopo
1231 2720 1455 2787 Eugenio
1477 2719 1657 2773 direxit
1673 2727 1991 2789 praeceptum.
2010 2728 2115 2775 etc.

569 2815 727 2868 Nutat
753 2826 961 2881 quoque
999 2812 1114 2865 haec
1163 2810 1341 2875 lectio,
1396 2824 1514 2879 qua:
1560 2808 1790 2862 edit-tum
1844 2816 1899 2861 et
1945 2809 2118 2877 legato

470 2896 471 2899 “
567 2905 797 2957 Zenonis
841 2913 893 2957 et
933 2903 1185 2970 episcopo
1230 2892 1769 2970 Eugenio-directum
1820 2899 2114 2968 signiﬁcat,

2213 1746 2329 1786 cam
2360 1732 2633 1797 abductos,
2677 1744 2896 1802 paterno
2938 1738 3249 1805 complexus
3294 1736 3510 1804 aﬂ'ectu,
3565 1739 3753 1793 tandem

2214 1824 2365 1875 senio
2388 1832 2444 1883 et
2486 1822 2756 1899 lat-oribus
2791 1824 3091 1891 conlectus,
3134 1826 3268 1881 obiit
3296 1828 3348 1880 in
3380 1827 3648 1894 obsequiis
3683 1843 3755 1881 ca-

2215 1912 2475 1981 ptivorum
2530 1906 2916 1981 Romanorum,
2948 1915 3018 1967 22
3059 1916 3258 1982 Martii,
3290 1932 3431 1971 anno
3474 1918 3608 1981 456.
3653 1933 3754 1972 cum

2214 2004 2367 2057 annis
2413 2002 2582 2057 tribus
2632 2004 2945 2072 praefuisset.
2989 2007 3111 2060 Mox
3156 2016 3278 2075 post
3324 2024 3446 2063 eum
3495 2008 3755 2064 ordinatus

2217 2090 2474 2157 Thomas,
2507 2093 2622 2161 ipso
2667 2094 2749 2147 sui
2780 2095 3115 2163 episcopatus
3159 2097 3404 2160 exordio,
3454 2099 3748 2151 Arianorum

2218 2186 2449 2251 nequitia
2495 2186 2775 2239 tormentis
2819 2197 3067 2240 euocatus
3094 2196 3194 2241 est.
3231 2188 3432 2243 Exinde
3473 2204 3566 2256 per
3606 2204 3756 2243 annos

2215 2273 2284 2325 24
2306 2272 2566 2342 Carthago
2591 2273 2705 2327 sine
2725 2273 2973 2341 episcOpo
2998 2275 3093 2327 fuit
3110 2313 3124 2338 ,
3151 2274 3322 2328 donec
3350 2274 3561 2329 Zenone
3584 2285 3638 2330 et
3658 2276 3757 2329 Pls-

2215 2364 2351 2417 cidia
2378 2363 2578 2435 Olybrii
2609 2362 2785 2419 relicta
2814 2367 3065 2434 Augustis
3096 2366 3453 2432 poscentibus,
3484 2380 3665 2433 passus
3691 2376 3758 2418 est

2201 2446 2511 2510 'Huiiericus
2535 2456 2826 2525 Eugenium
2850 2455 3166 2524 Carthagine
3187 2456 3422 2510 ordinari
3448 2458 3755 2526 episcOpum.

2217 2562 2358 2601 anno
2384 2550 2467 2618 (ut
2491 2546 2717 2617 videtur)
2737 2549 2871 2610 480;
2900 2549 2987 2615 qui
3012 2547 3147 2601 haud
3172 2546 3336 2599 multo
3366 2556 3502 2614 post,
3530 2546 3757 2601 llnnerici

2218 2636 2603 2706 persecutionis
2643 2636 2848 2706 pondus
2882 2637 3163 2701 sustinuit,
3207 2636 3409 2705 fuitque
3455 2636 3531 2689 illi
3558 2635 3648 2689 diu
3688 2650 3758 2689 iu-

2220 2738 2444 2797 perstas.
2924 2787 2926 2790 ,

2800 2798 3021 2853 CAPUT
3062 2798 3199 2852 XIV.

2219 2886 2439 2943 Thomas
2464 2903 2614 2942 senes:
2638 2888 2951 2954 venerabilis,
2982 2899 3180 2943 catomo
3219 2904 3309 2941 seu
3347 2886 3557 2941 catomis
3595 2899 3758 2937 cessus.

566 2995 812 3055 abst-ure,
842 3008 907 3045 ne
942 2993 1109 3045 dicam
1151 2993 1342 3059 inepte.
1382 2990 1470 3045 Sic
1506 3005 1631 3058 ergo
1664 2991 1801 3044 hunc
1839 2991 2009 3044 locum
2040 2991 2112 3043 ιιί-
2144 2978 2190 3041 Ο
2289 2998 2493 3067 Vulgali
2540 2999 2863 3053 recentiores
2908 2998 3003 3052 ιη),
3032 3014 3047 3052 ι
3080 3015 3095 3051 ς
3136 2998 3487 3051 venerabilem
3522 2988 3690 3049 “nam
3718 2996 3759 3044 in

569 3083 677 3137 tide
709 3083 977 3137 reddimus
1016 3096 1081 3133 ex
1122 3080 1304 3135 codice
1344 3080 1588 3133 cartusite
1634 3079 1946 3134 Portarnm:
1981 3078 2118 3132 Nam

569 3174 652 3226 die
687 3172 1004 3226 Ascensionis
1051 3170 1286 3237 Domini,
1332 3168 1495 3239 legato
1536 3171 1755 3224 Zenonis
1804 3171 2118 3245 imperatoris

572 3264 765 3336 Regina
790 3273 1054 3332 prtesente,
1087 3263 1371 3333 legendum.
1398 3270 1504 3314 etc.
1535 3262 1615 3314 An
1655 3261 1739 3314 hic
1767 3261 1878 3327 ipse
1916 3261 1984 3313 sit
2013 3260 2118 3312 Re-

571 3356 724 3424 ginus
750 3367 929 3405 comes
960 3351 1033 3403 ad
1054 3366 1209 3417 quem
1248 3359 1331 3404 est
1363 3350 1613 3403 Ferrandi
1642 3348 1846 3401 diaconi
1892 3348 2026 3401 liber
2052 3348 2120 3400 de

572 3452 773 3513 septem
797 3424 1013 3509 ltegulis
1042 3438 1374 3503 innocentiae,
1416 3442 1469 3492 in
1510 3440 1683 3491 medio
1711 3440 1969 3517 relinquo,
2000 3444 2118 3493 cum

573 3538 624 3591 id
647 3551 816 3604 neque
842 3549 1033 3603 negare
1054 3535 1224 3588 ausim
1243 3573 1258 3596 ,
1287 3547 1457 3601 neque
1484 3527 1765 3586 affirmare.

1148 3642 1370 3711 canor
1409 3644 1543 3697 xui.

571 3734 983 3805 Carthaginenses
1000 3734 1224 3805 episcopi
1243 3750 1273 3784 a
1302 3725 1497 3805 Victore
1525 3733 1806 3805 memorati,
1841 3732 2120 3798 Quodvult-

809 3811 952 3867 iteus,
987 3803 1295 3873 Deogralias,
1324 3801 1560 3864 Thomas,
1592 3801 1861 3870 Eugenius.
1989 3820 1991 3823 ‘

614 3896 715 3950 -Ex
747 3896 845 3949 hoc
875 3909 1094 3948 numero
1120 3894 1373 3948 Thomam
1405 3894 1629 3947 exclusit
1659 3894 1934 3958 Baronius,
1968 3908 2120 3948 secu-

570 3997 655 4041 tus
682 3989 1005 4039 recentiores
1035 3986 1259 4041 Victoris
1289 3984 1569 4049 editiones,
1599 4000 1717 4053 qua:
1754 3986 1845 4038 lib.
1870 4002 1885 4038 l
1916 3986 1993 4039 sic
2028 3987 2120 4038 ha-

569 4077 695 4129 bent
721 4076 982 4143 pleraeque
1009 4092 1020 4125 :
1058 4074 1332 4127 Ordinatur
1355 4074 1611 4140 quondam
1648 4077 1911 4125 memorati
1946 4089 2116 4126 sacer-

570 4164 704 4215 dotis
742 4165 954 4228 (nempe
991 4160 1221 4227 episcopi
1268 4160 1604 4228 Deogratias)
1646 4162 1846 4212 nomine
1874 4161 2113 4226 Thomas,

571 4251 691 4302 dum
718 4250 867 4301 variis
909 4249 969 4299 ab
999 4250 1068 4301 eis
1093 4248 1291 4299 insidiis
1338 4249 1521 4313 swpius
1555 4233 1864 4311 Caretaretur,
1902 4250 2117 4317 quodam

2220 3088 2418 3156 publica
2460 3088 2589 3156 facie
2632 3073 2841 3140 catomis
2888 3088 3192 3140 ceciderunt.
3241 3087 3419 3141 Codex
3445 3071 3758 3141 ‘IPo‘rtarnm.

2218 3185 2452 3229 catomo:
2484 3176 2644 3229 editio
2665 3176 2849 3229 Colon.
2881 3176 3038 3240 1555,
3074 3176 3329 3227 cathomos
3370 3165 3641 3228 mendase.
3670 3174 3760 3226 Ca-

2221 3274 2364 3318 tomo
2403 3276 2456 3317 et
2483 3266 2704 3318 catomis
2739 3264 3115 3319 adverbialiter
3158 3265 3429 3333 usurpari,
3471 3264 3610 3317 ultro
3646 3275 3759 3316 con-

2218 3355 2467 3409 cesserim
2500 3355 2795 3423 Rosweydo
2823 3347 2873 3407 in
2901 3355 3329 3423 Martyrologium
3351 3355 3567 3417 Adonis,
3600 3352 3757 3406 talit-

2219 3444 2325 3509 nii,
2353 3457 2405 3499 et
2435 3445 2684 3499 Lacerdae
2726 3447 2777 3498 in
2812 3445 3141 3499 Adversariis
3171 3447 3349 3499 sacris.
3387 3446 3453 3500 At
3494 3460 3612 3497 cum
3657 3445 3759 3510 lego

2218 3534 2272 3588 in
2310 3536 2439 3587 actis
2477 3535 2687 3604 Babylte
2732 3537 3005 3604 martyris,
3037 3531 3418 3589 Qt'lanuarii:
3450 3534 3627 3588 tratus
3657 3550 3759 3586 vero
3810 3558 3811 3563 η

2222 3622 2567 3676 Numerianus
2600 3625 2754 3692 jussit
2786 3632 2885 3676 tris
2927 3626 3145 3691 infantes
3184 3626 3335 3678 levari
3374 3626 3426 3677 in
3461 3637 3655 3678 calamo
3678 3640 3695 3677 :
3718 3632 3758 3674 et
3810 3646 3811 3649 η

2220 3712 2380 3779 priori
2409 3714 2521 3763 dari
2558 3710 2820 3763 duodecim
2859 3713 3058 3781 plagas,
3100 3714 3320 3765 secundo
3357 3720 3525 3765 autem
3566 3728 3757 3771 nouem,

2220 3802 2363 3853 tertio
2397 3816 2512 3853 vero
2540 3811 2763 3870 septem;
2795 3801 3029 3868 intelligo
3054 3811 3314 3854 catomum
3353 3815 3417 3854 eo
3456 3800 3573 3855 loco
3602 3801 3759 3853 nomi-
3810 3828 3811 3835 ι

2220 3891 2411 3945 naliter
2438 3892 2637 3958 accipi;
2670 3906 2765 3944 nec
2802 3891 2866 3944 de
2896 3890 3011 3958 ipso
3041 3890 3282 3959 supplicii
3322 3905 3536 3957 genere,
3566 3890 3660 3944 sed
3700 3888 3759 3940 de
3810 3886 3811 3895 “

2219 3968 2364 4043 loco,
2384 3983 2463 4035 vel
2499 3985 2670 4050 potius
2690 3982 2758 4035 de
2787 3984 3024 4037 machina
3056 3980 3547 4037 sive'inStrumento
3573 3981 3759 4049 suppli-

2217 4070 2311 4131 cii;
2342 4078 2491 4135 puta,
2524 4073 2791 4135 columna,
2832 4071 3088 4138 patibulo,
3128 4087 3221 4126 seu
3265 4072 3435 4139 trabe,
3469 4071 3678 4140 liguove
3703 4070 3758 4121 ad
3810 4086 3811 4101 ι

2218 4157 2357 4224 quod
2385 4160 2695 4212 verberandi
2727 4163 2896 4214 attolli
2924 4146 3003 4215 vel
3034 4162 3285 4231 suspendi
3316 4164 3549 4216 solerent
3574 4160 3645 4214 ad
3673 4174 3761 4212 ει·

2218 4248 2454 4315 cipienda
2483 4250 2715 4303 humeris
2745 4251 2983 4305 verbera.
3012 4253 3270 4305 Catomari
3288 4254 3433 4319 jnssa
3460 4261 3541 4305 est
3576 4253 3636 4305 S.
3670 4252 3760 4303 Eu-
3810 4270 3811 4311 ι

572 4355 788 4411 tempore
822 4340 1147 4393 uenerabilem
1192 4356 1359 4393 senem
1397 4342 1449 4392 in
1494 4339 1698 4407 publica
1741 4341 1872 4405 facie
1912 4316 2122 4394 catomis
2148 4316 2196 4374 ο
2223 4339 2342 4393 lalia
2378 4339 2753 4401 Emeritensis;
2782 4348 2835 4393 et
2864 4341 2916 4392 in
2953 4341 3156 4392 theatro
3180 4316 3500 4392 catoinidiari
3525 4339 3761 4392 decocto-

571 4434 869 4486 reciderunt.
906 4432 970 4485 At
1010 4432 1059 4483 in
1098 4429 1281 4506 codice
1325 4430 1595 4483 Portarum
1636 4428 1740 4498 (cui
1786 4429 2121 4484 consentiens

569 4533 649 4577 est
671 4522 841 4590 quoad
875 4521 973 4574 hoc
996 4522 1155 4575 editio
1177 4520 1508 4574 Coloniensis
1529 4520 1654 4573 anni
1687 4522 1849 4585 1555)
1878 4520 1955 4581 sic
1983 4520 2114 4587 legi:

573 4614 849 4666 Ordinatur
868 4612 1069 4678 quidam
1096 4612 1146 4663 in
1172 4611 1506 4663 sacerdtitium
1526 4611 1727 4664 nomine
1750 4610 1990 4663 Thomas.
2019 4610 2119 4673 Qui

570 4704 690 4755 dum
719 4704 894 4765 variis,
938 4709 1039 4755 etc;
1070 4702 1229 4756 Vides
1264 4702 1350 4755 hic
1387 4699 1591 4756 censeri
1631 4702 2117 4770 Carthaginiensem

570 4799 871 4863 episcopum
903 4798 1191 4861 Thomam,
1236 4811 1332 4849 nec
1372 4792 1658 4850 immerito.
1702 4790 2111 4860 Amabo‘enim,

546 4888 611 4936 ,εἰ
645 4884 946 4952 Deogratias
970 4886 1272 4951 episcopum
1294 4885 1553 4937 ordinavit
1575 4885 1825 4947 Thomas,
1852 4887 1963 4954 ipse
1985 4900 2111 4953 ergo

568 4974 845 5039 episcopus
872 4972 983 5024 luit.
1019 4972 1072 5026 Si
1107 4960 1219 5026 fuit”
1239 4974 1538 5041 episcopus,
1567 4969 1842 5040 quomodo~
1868 4990 1969 5027 non
2000 4973 2115 5041 ejus

572 5064 749 5114 sedem
795 5061 1077 5128 appellavit
1112 5062 1314 5125 Victor,
1346 5070 1403 5137 ut
1448 5062 1499 5113 in
1527 5062 1647 5114 aliis
1684 5064 1851 5115 solet?
1880 5065 1955 5116 Ad
1978 5063 2109 5127 haec,

569 5152 613 5202 si
642 5149 867 5201 Thomas
897 5164 1015 5201 cum
1040 5149 1154 5201 aliis
1183 5150 1386 5202 duobus
1412 5152 1671 5216 episc0pis
1700 5154 1986 5206 secundum
2012 5168 2109 5205 an-

570 5239 740 5306 tiquos
781 5239 1351 5306 canones‘episcopum
1402 5238 1703 5305 Deogratias
1747 5242 2107 5304 consecravit,

570 5328 830 5395 quomodo
873 5329 1105 5382 solitario
1151 5328 1266 5399 ejus
1309 5328 1579 5381 ordinator
1617 5329 1915 5384 diceretur?
1955 5331 2111 5384 Deni-

571 5432 688 5484 que,
725 5418 965 5471 Ordinato
994 5427 1115 5471 ante
1155 5418 1441 5470 triennium
1486 5419 1733 5486 episcopo
1780 5421 2107 5491 Deogratias,

567 5506 830 5567 quomodo
856 5518 998 5559 extra
1026 5510 1285 5576 propriam
1315 5506 1491 5561 sedem
1526 5518 1706 5562 contra
1736 5524 1964 5568 canones
1994 5521 2109 5565 tan-

2222 4439 2310 4479 res
2351 4425 2524 4478 Samii
2567 4426 2827 4479 Adrianus
2875 4442 2937 4481 ex
2976 4427 3116 4481 Elia
3158 4426 3453 4493 Spartiano.
3492 4424 3761 4478 Catomare

2220 4529 2365 4582 ergo,
2399 4529 2490 4567 seu
2538 4517 2875 4568 caloniidiare
2902 4525 3011 4585 est,
3044 4516 3173 4568 κατὰ
3213 4521 3310 4567 τῶν
3354 4498 3498 4581 ὧμων
3538 4515 3761 4571 τύπτειν.

2221 4604 2286 4655 ad
2321 4602 2561 4669 scapulas
2594 4605 2892 4657 verberare.
2924 4603 3035 4656 Hoc
3062 4618 3125 4656 ex
3169 4612 3345 4672 etymo
3387 4600 3759 4657 indubitatum.

2221 4693 2313 4745 sed
2342 4692 2407 4745 de
2446 4693 2599 4745 modo
2628 4708 2688 4746 ac
2719 4695 2783 4747 de
2828 4709 2883 4747 re
2915 4694 3023 4759 ipsa
3056 4695 3355 4763 ambiguum
3392 4702 3491 4746 est.
3524 4691 3655 4745 Nam
3697 4691 3762 4743 ci-

2222 4783 2314 4835 tati
2347 4783 2671 4850 Rosweydus
2702 4792 2753 4835 et
2779 4782 3008 4835 Lacerda
3038 4795 3243 4837 catomo
3272 4799 3363 4837 seu
3393 4782 3615 4836 catomis
3639 4778 3761 4835 caedi

2222 4872 2303 4924 vel
2333 4870 2578 4937 sustiendi
2607 4879 2789 4938 putant
2817 4887 2954 4937 esse,
2986 4875 3155 4939 capite
3183 4874 3426 4925 deorsum
3454 4871 3521 4925 de
3547 4871 3762 4935 alicuius

2223 4962 2454 5015 humeris
2478 4974 2793 5028 suspensum
2824 4962 3112 5017 verberari.
3140 4962 3483 5017 Consentiunt
3514 4959 3761 5014 Baronius

2221 5052 2272 5106 in
2316 5050 2451 5104 notis
2480 5051 2543 5103 ad
2576 5052 2864 5104 Romanum
2904 5051 3357 5124 Marterlogium,
3390 5054 3456 5106 l5
3493 5050 3673 5111 Junii,
3705 5048 3759 5100 Β.

2220 5152 2274 5196 et
2302 5149 2417 5208 post
2438 5156 2556 5195 eum
2587 5142 2868 5196 Bollandus
2891 5147 3002 5200 sive
3046 5146 3392 5207 Enschenius,
3423 5144 3488 5196 12
3527 5140 3684 5195 Febr.
3714 5138 3760 5190 iii

2219 5236 2357 5287 netis
2379 5233 2576 5306 adacta
2593 5233 2647 5286 S.
2672 5234 2885 5289 Eulalia;
2912 5251 2963 5288 v.
2991 5252 3063 5289 in.
3095 5235 3518 5294 Barcinonensis,
3544 5230 3642 5296 C.;
3668 5236 3761 5283 niSl

2218 5328 2355 5394 quod
2386 5328 2437 5379 in
2486 5340 2549 5379 eo
2594 5340 2765 5392 pretia:
2808 5341 3000 5395 genere
3047 5338 3244 5380 rectum
3287 5325 3523 5391 corporis
3568 5328 3758 5374 statum

2218 5426 2535 5486 agnoscunt;
2568 5417 2699 5469 adeo
2725 5427 2781 5470 ut
2807 5418 3029 5471 catomis
3056 5418 3281 5485 aliquem
3308 5414 3512 5469 caedere
3542 5412 3643 5464 hoc
3671 5409 3756 5467 sit,

2220 5510 2355 5577 quod
2401 5505 2745 5579 ludimagistri
2787 5512 2990 5579 solent,
3019 5511 3083 5565 ad
3123 5509 3342 5577 alicujus
3394 5506 3640 5559 humeros
3671 5509 3755 5569 pet
