3854 6228
129 271 202 325 ,ετ
1403 238 1651 325 primat

1749 238 1920 312 IENA.
3174 241 3271 299 tas

136 380 297 437 brachia
332 372 573 445 appensis
609 368 809 438 pueris,
860 367 909 418 in
955 378 1134 418 eorum
1180 369 1326 413 nates
1375 358 1616 423 inﬂigere
1642 356 1692 413 Α
1719 352 1825 445 tius
1848 366 2003 420 quam
2034 365 2260 445 unquam
2293 361 2445 445 ante)
2474 353 2614 421 quod
2650 354 2846 408 vellent
2871 354 3262 425 eloquerentur.

132 468 319 526 verbera.
349 439 540 518 liititur
569 462 682 517 bac
707 454 963 510 sententia
992 452 1198 505 duobus
1224 445 1623 517 llartyrologioo
1725 439 1835 510 Ego
1862 456 2002 503 vero,
2033 440 2231 507 inquit,
2288 441 2524 508 putabam
2548 442 2662 508 fieri
2696 459 2797 496 non
2824 460 2968 513 posse
3006 455 3058 497 ut
3088 447 3269 501 tibicen
3302 498 3305 502 ,

132 573 211 613 mm
243 553 380 621 locis,
410 560 597 619 nempe
628 548 690 601 15
715 544 843 611 junii
868 552 922 594 et
956 541 1021 593 l8
1060 537 1390 597 Novembris,
1421 534 1507 587 ubi
1534 530 1625 600 qui
1725 547 1896 621 carens
1920 531 2051 583 tibiis
2090 534 2213 621 ortis
2254 548 2358 584 sua:
2389 533 2631 599 specimen
2663 534 2828 586 ullum
2854 536 3030 601 daret;
3058 537 3273 608 itemque

136 611 296 703 calamo
315 611 388 696 vel
417 611 637 695 calamis
676 636 799 691 caesi
837 648 931 688 seu
958 630 1199 699 suspensi
1241 632 1625 692 memorantur,
1722 620 2025 673 citharoedus
2083 620 2347 672 destitutus
2409 620 2604 671 cithara
2663 622 2904 674 musicam
2955 632 3116 677 artem
3160 642 3273 678 eam

138 734 250 785 Vitas
282 740 331 784 et
354 730 567 792 Barula,
597 724 743 794 pueri
782 730 925 777 sunt.
966 717 1227 788 Numquid
1269 725 1325 770 et
1368 716 1419 768 in
1450 712 1628 783 pueris
1723 719 1989 764 πει-σενα.
2021 711 2082 763 At
2112 726 2293 762 novum
2310 710 2406 763 hoc
2429 713 2766 775 spectaculum
2795 709 2927 783 cogit
2968 730 3047 767 me
3076 727 3276 769 senten-

136 819 382 874 csnsebitur
406 816 636 869 Thomas
663 810 752 865 ille
780 810 1060 879 episcOpus
1092 805 1201 875 jam
1245 803 1395 859 senio
1431 800 1626 871 gravis,
1726 803 1847 855 tiam
1875 802 2016 854 illam
2043 812 2268 865 mutare,
2297 812 2404 869 etc.
2435 800 2552 872 Ipse
2581 818 2672 871 ego
2701 818 2787 856 vos
2806 805 2939 858 viras
2965 805 3098 871 vidi,
3125 816 3173 859 et
3197 809 3275 860 lo-

132 920 176 961 et
204 905 374 960 Eulalia
414 899 757 965 Emeritensis
782 906 1010 967 martyr,
1055 895 1176 965 quia
1215 891 1459 947 catomati
1477 929 1494 954 ,
1537 902 1630 943 seu
1727 903 1927 960 quentes
1948 890 2145 955 audivi;
2163 899 2211 942 et
2231 906 2398 943 vocem
2414 893 2537 945 adeo
2550 893 2870 946 articulalam
2888 910 2993 948 esse
3011 912 3154 963 posse
3176 899 3277 951 nti-

131 1007 301 1051 catomo
324 992 440 1048 cassi
484 990 760 1059 leguntur?
788 986 1089 1051 Gravioris,
1126 984 1363 1055 inquies,
1405 977 1630 1048 ignomi-
1728 989 1868 1034 ratus
1891 995 2022 1033 sunt.
2052 976 2450 1033 Instrumentum
2487 983 2620 1034 vocis
2645 982 2975 1050 inquirebam,
3003 994 3049 1037 et
3072 988 3281 1040 auribus

132 1087 213 1139 nim
237 1084 321 1137 hoc
345 1082 464 1144 luit,
498 1092 655 1132 senes
684 1074 951 1131 interdum
970 1114 987 1138 .
1016 1084 1105 1127 aut
1132 1073 1185 1126 in
1214 1069 1468 1140 dignitate
1498 1080 1631 1122 cono
1729 1083 1830 1122 ιιοιι
1849 1070 2076 1133 πρόελε,
2103 1068 2262 1121 oculis
2290 1069 2557 1137 iudicandi
2581 1087 2765 1125 munus
2791 1075 2988 1138 remisi;
3016 1086 3166 1145 atque
3194 1094 3280 1131 ore

139 1177 306 1227 stitutus
346 1172 514 1232 viros,
557 1178 649 1220 aut
696 1166 855 1220 etiam
900 1164 1120 1220 feminas
1160 1174 1441 1232 puerorum
1487 1170 1634 1212 more
1731 1176 1937 1228 opma,
1968 1159 2194 1228 linguam
2229 1170 2383 1213 totam
2410 1162 2655 1215 radicitus
2682 1163 2877 1217 vulsum
2904 1168 3027 1220 vidi.
3053 1169 3279 1224 Eosdem

140 1261 373 1316 verberari.
402 1257 534 1324 Quid
562 1269 721 1322 porro
748 1244 1013 1309 Adrianus
1048 1250 1375 1327 imperatori
1411 1259 1534 1303 tunc
1573 1246 1639 1301 il-
1733 1262 1765 1300 a
1782 1264 1840 1302 se
1865 1248 2009 1303 visos
2032 1249 2263 1319 Byzantii
2288 1290 2303 1315 ,
2334 1260 2491 1319 atque
2511 1251 2718 1307 auditos
2746 1262 2970 1310 testatur
2997 1257 3283 1328 ProcOpius

138 1352 220 1404 lum
257 1348 486 1403 sanxisse
532 1345 762 1411 dixeris,
806 1352 865 1398 ut
899 1344 1263 1404 decoctoribus
1300 1341 1369 1395 de
1413 1339 1635 1393 aliorum
1734 1336 1949 1391 lib.rde
1970 1338 2113 1393 Bello
2131 1336 2435 1394 Vandalico.
2459 1340 2795 1398 Marcellinus
2809 1360 3016 1415 quoque
3038 1347 3090 1401 in
3114 1346 3284 1402 clm)-

140 1439 330 1498 lismeris
357 1453 446 1506 per
487 1449 679 1489 manus
721 1434 944 1503 pedesve
983 1432 1275 1501 suspensis,
1314 1430 1368 1483 in
1409 1430 1637 1491 theatro,
1736 1430 1856 1484 nico
1884 1470 1899 1496 ,
1930 1431 2258 1485 Theodorico
2302 1440 2360 1485 et
2390 1432 2648 1488 Venantio
2690 1450 2832 1490 coss.
2868 1437 2993 1509 (hoc
3037 1448 3119 1493 est
3145 1456 3286 1494 anno
3325 1439 3329 1442 ’

140 1532 178 1581 in
215 1529 421 1581 omium
471 1525 641 1578 oculis
681 1523 899 1576 verbera
940 1521 1008 1575 ad
1053 1531 1203 1574 nates
1246 1513 1638 1586 inﬂigerenturl
1736 1533 1858 1572 aera:
1881 1518 2193 1573 Christianas
2219 1518 2344 1589 484)
2374 1538 2389 1574 :
2420 1521 2667 1590 Denique,
2698 1525 2803 1591 ait,
2829 1541 2893 1578 ex
2918 1526 3013 1580 hoc
3055 1530 3279 1596 ﬁdelium

136 1618 237 1670 llazc
259 1630 346 1683 ego
369 1613 553 1667 adduci
585 1626 688 1665 non
717 1623 927 1679 possum
960 1618 1017 1661 ut
1053 1608 1267 1661 credam
1284 1644 1299 1669 ,
1328 1610 1526 1672 absque
1553 1616 1641 1677 s0-
1737 1609 2055 1662 contttbernio
2079 1608 2366 1678 aliquantos
2409 1626 2499 1677 ego
2538 1612 2938 1683 religiosissimos
2961 1617 3093 1671 viros
3111 1656 3128 1683 ,
3156 1636 3288 1687 prte-

140 1705 222 1756 lido
253 1716 305 1758 et
345 1701 619 1755 manifesto
658 1698 982 1766 antiquitatis
1033 1696 1365 1761 testimonio,
1416 1710 1535 1748 cum
1572 1694 1639 1749 ad
1668 1693 1716 1755 Β
1742 1696 1858 1753 cisia
1878 1695 2091 1766 linguis,
2128 1696 2359 1750 manibus
2384 1700 2656 1765 truncatis,
2688 1702 2826 1769 apud
2845 1701 3145 1771 Byzantium
3169 1710 3290 1761 iniec

140 1811 311 1848 manum
338 1794 403 1846 sit
436 1793 621 1845 harum
646 1804 835 1845 vocum
862 1802 1017 1857 quem
1054 1802 1213 1857 supra
1254 1786 1406 1856 posui
1443 1786 1633 1854 planis-
1740 1805 1833 1857 gra
1850 1803 1967 1841 voce
1991 1788 2846 1858 conspeciloquentesJustinianus
2870 1794 2983 1862 ipse
3005 1796 3289 1867 imperator

140 1889 271 1939 simus
295 1898 491 1948 sensus,
520 1891 630 1935 tum
658 1895 725 1934 ex
758 1889 953 1951 etymo,
992 1871 1101 1933 tum
1137 1893 1202 1933 ex
1246 1878 1476 1931 omnium
1513 1890 1645 1945 gen-
1742 1882 1796 1937 in
1834 1882 2210 1936 constitutione
2250 1882 2318 1937 de
2344 1884 2517 1938 ollicio
2547 1884 2778 1952 praefecti
2818 1889 3063 1954 praetorio
3101 1890 3291 1944 Africa:

140 1979 242 2029 tium
269 1990 384 2041 usu;
423 1982 482 2029 ut
524 1970 771 2027 nimirum
817 1971 920 2024 hoc
961 1971 1033 2024 sit
1078 1969 1301 2024 catomis
1343 1968 1503 2033 caedi,
1548 1981 1642 2021 seu
1742 1970 2073 2037 (lib.tCod.,
2093 1970 2175 2024 tit.
2196 1969 2321 2039 27):
2346 1970 2591 2038 Vidimus,
2619 1974 3289 2045 inquit,venerabilesviros,

141 2064 382 2125 catomari,
410 2071 501 2117 aut
530 2060 892 2123 catomidiari,
932 2058 1071 2128 quod
1115 2057 1351 2111 humeris
1390 2071 1483 2111 seu
1526 2069 1645 2109 sca-
1740 2059 1830 2128 qui
1855 2058 2084 2111 abscissis
2114 2058 2359 2119 radicitus
2379 2059 2565 2130 linguis
2596 2077 2768 2129 ρωποι
2802 2079 2919 2117 suas
2943 2065 3293 2120 miserabiliter

140 2156 251 2221 palis
270 2153 471 2207 verbera
496 2152 767 2219 excipere.
795 2147 895 2215 Qui
924 2160 1085 2216 porro
1109 2147 1186 2199 sic
1206 2145 1442 2199 caedendi
1470 2154 1641 2209 erant,
1742 2146 2092 2216 loquebantur.
2116 2147 2173 2203 S.
2197 2147 2485 2216 Gregorius
2505 2149 2724 2219 Magnus
2745 2152 2836 2206 lib.
2857 2168 2911 2207 ιιι
2932 2154 3290 2223 Dialogorum,

142 2258 236 2295 cum
272 2242 491 2310 alligati,
538 2239 699 2295 levati
747 2248 837 2292 aut
880 2236 1123 2307 suspensi
1172 2237 1333 2291 luisse
1377 2236 1643 2304 leguntur,
1742 2250 1861 2305 cap.
1891 2236 1979 2303 32,
2011 2238 2131 2291 illos
2159 2251 2223 2291 ex
2246 2237 2417 2292 Africa
2446 2238 2714 2315 profugos,
2737 2241 2807 2295 ad
2834 2241 3295 2313 Constantinopoli-

142 2345 247 2384 ωηο
272 2332 349 2386 hic
378 2329 600 2398 alicujus
630 2329 876 2382 humeros
900 2328 1101 2396 cogites
1127 2328 1194 2379 ad
1217 2340 1350 2395 quos
1380 2325 1456 2378 illi
1483 2324 1649 2378 mani-
1750 2333 1921 2378 tanam
1938 2325 2108 2379 urbem
2130 2326 2336 2381 venisse
2357 2328 2563 2393 asserit,
2592 2336 2647 2383 et
2662 2326 2729 2382 de
2749 2330 3006 2384 miraculo
3026 2332 3297 2400 accepisse

144 2419 219 2471 bus
242 2430 321 2473 aut
344 2419 559 2488 pedibus
602 2414 1028 2486 appenderentur
1056 2414 1219 2485 (quod
1248 2415 1556 2483 quibusdam
1594 2414 1649 2467 in
1747 2418 1815 2471 ab
1841 2416 2061 2473 oculatls
2089 2418 2218 2485 ipsis
2247 2417 2468 2472 testibus
2496 2431 2615 2471 cum
2646 2418 2697 2471 in
2735 2432 2852 2472 eam
2881 2418 3164 2473 Orientalis
3190 2420 3295 2475 im-

146 2507 249 2560 locis
284 2508 343 2561 ad
388 2521 668 2577 puerorum
714 2505 1111 2574 castigationem
1163 2502 1278 2557 ﬁeri
1320 2502 1509 2573 solet);
1554 2502 1649 2558 sed
1749 2507 1881 2576 perii
1920 2507 2252 2575 metropolim
2292 2508 2484 2578 missus
2530 2516 2674 2561 esset
2705 2506 3114 2575 apocrisiarius,
3157 2511 3297 2576 quod

143 2598 399 2650 columnam
425 2595 618 2665 cogita,
646 2603 702 2648 ut
729 2594 780 2648 in
807 2593 1007 2649 Christi
1035 2591 1424 2662 ﬂagellatione:
1450 2600 1541 2646 aut
1567 2607 1653 2661 pa-
1748 2598 1814 2651 ad
1841 2612 2033 2651 annum
2060 2595 2165 2650 583
2192 2595 2354 2650 refert
2378 2596 2633 2649 Baronius
2654 2610 2874 2650 numero
2894 2595 2981 2649 l2.
2999 2596 3176 2650 Victor
3194 2598 3299 2651 Tu-

147 2684 327 2737 libulmn
358 2698 449 2738 seu
489 2684 691 2739 trabem
732 2683 988 2752 ligneam,
1030 2691 1091 2737 ιιι
1134 2683 1192 2736 in
1230 2682 1512 2736 Αιιιοηὶηω
1539 2682 1652 2735 Vif-
1753 2693 2006 2746 nunensis
2041 2689 2096 2744 in
2134 2689 2427 2753 Chronico,
2458 2688 2676 2743 Zenone
2697 2688 2830 2756 Aug.
2859 2691 3077 2743 consule
3105 2688 3300 2755 (alieno

147 2772 255 2839 ginis
294 2774 557 2843 martyrio,
605 2785 761 2840 quam
797 2770 966 2841 (apud
1024 2768 1469 2841 Metapbrastem)
1498 2771 1669 2839 jussit.

1778 2782 1877 2845 icet
1896 2780 2032 2850 loco)
2060 2796 2074 2831 :
2110 2778 2246 2844 Quos
2266 2780 2593 2846 confessores,
2632 2779 2821 2844 inquit,
2849 2779 2986 2846 quod
3010 2777 3194 2847 linguis
3213 2780 3300 2830 ab-

150 2861 298 2916 Fam
319 2863 547 2933 stupendi
573 2872 622 2916 ιι
648 2862 918 2915 verberari.
948 2860 1169 2930 Cumque
1195 2877 1222 2914 ϐ
1249 2861 1389 2931 ιὶφιο
1417 2870 1541 2916 ϐίαι
1570 2863 1659 2915 ἀι·
1754 2870 1921 2924 scissis
1945 2872 2161 2938 perfecte
2200 2867 2266 2918 ad
2295 2867 2443 2934 finem
2472 2881 2625 2932 usque
2644 2865 2798 2916 locuti
2840 2874 2983 2927 sunt,
3014 2865 3130 2918 urbs
3162 2869 3303 2934 regia

146 2955 301 3018 paulo,
324 2964 422 3007 etc.
450 2953 699 3006 Miramur
719 2958 894 3004 autem
918 2950 1112 3019 pllerOS
1139 2950 1426 3017 castigandi
1452 2965 1653 3004 morem
1687 3009 1728 3024 η
1756 2958 2018 3012 attestatur
2039 2998 2054 3024 ,
2084 2957 2168 3009 ubi
2201 2970 2371 3007 eorum
2415 2969 2626 3021 corpora
2644 2955 2835 3020 jacent.
2868 2954 2999 3005 Tum
3034 2953 3099 3006 ad
3143 2954 3301 3009 linem

152 3052 257 3101 pene
290 3048 738 3100 momentaneum,
772 3039 1056 3104 paucisque
1102 3038 1154 3090 in
1194 3037 1322 3090 locis
1369 3052 1464 3090 usu
1503 3052 1652 3091 rece-

1783 3009 2193 3111 irh—ronicixanno
2220 3042 2289 3095 40
2316 3009 2516 3108 Imperii
2540 3009 2820 3095 Jusliniani
2843 3056 2858 3095 :
2888 3040 3184 3095 Theodorus
3212 3042 3305 3097 Ce-

150 3137 294 3193 ptum,
318 3144 347 3180 a
374 3127 498 3181 viris
523 3126 745 3182 eruditis
775 3125 826 3178 in
854 3126 1000 3178 orbis
1038 3124 1259 3177 Romani
1297 3125 1539 3192 praetoria
1577 3126 1655 3177 in-

1779 3137 2097 3189 rarsusitanus
2140 3132 2398 3200 episcOpus
2424 3172 2438 3195 ,
2477 3135 2711 3200 defensor
2745 3137 2895 3184 trium
2931 3132 3301 3201 capitulorum,

148 3218 271 3282 άιιείς
292 3220 368 3272 Ubi
393 3231 670 3287 martyrem.
700 3226 1040 3285 tyrannorum
1068 3224 1123 3268 ει
1147 3212 1451 3267 carniﬁcum
1480 3214 1656 3269 ἷυΓοτϐ
1754 3227 1930 3280 exsilio
1942 3226 2006 3277 ad
2018 3226 2187 3277 urbem
2199 3222 2405 3291 regiam,
2422 3236 2479 3273 eo
2498 3237 2664 3273 mense
2684 3232 2729 3273 et
2749 3223 2829 3273 die
2850 3237 2950 3290 quo
2978 3220 3302 3277 Justinianus

153 3308 302 3361 tandiu
344 3321 549 3377 tamque
588 3308 836 3365 atrociter
879 3305 1040 3375 virgis
1083 3321 1145 3359 ac
1196 3305 1371 3373 038738
1412 3305 1655 3359 COﬂCide'
1755 3317 2002 3377 moritur;
2031 3323 2075 3367 et
2092 3318 2246 3383 juxta
2267 3311 2572 3378 confessores
2598 3302 2774 3367 quibus
2798 3309 3074 3379 Ugnericus
3098 3311 3305 3364 Vanda-

150 3400 340 3469 lnntur,
385 3417 437 3456 ut
484 3414 855 3469 nonnunquam
900 3401 1060 3467 (licet
1098 3400 1350 3453 adversus
1396 3397 1658 3449 Romanas

1781 3421 1920 3459 arum
1949 3419 2039 3457 rex
2076 3405 2275 3471 linguas
2317 3400 2899 3469 absciderat,sepelitur.
2921 3401 3071 3466 Quod
3096 3417 3222 3471 ergo
3248 3403 3303 3457 in

153 3491 289 3559 ³⁸3⁸⁵)
311 3493 530 3546 animam
559 3504 679 3545 cum
709 3491 964 3560 δεηευίηε
995 3489 1047 3542 in
1070 3503 1134 3543 ϐο
1157 3497 1415 3542 “inuenio
1444 3486 1658 3555 Promn‘
1756 3495 1969 3549 Menaeis
2002 3502 2053 3547 et
2081 3493 2132 3546 in
2173 3491 2466 3560 Menologio
2495 3490 2548 3543 hi
2580 3492 2824 3560 leguntur
2848 3530 2864 3555 ,
2892 3507 2985 3559 per
3009 3506 3194 3546 omnes
3226 3493 3309 3547 di-

151 3579 325 3635 screrit.
1761 3586 1919 3640 tionis
1962 3566 2213 3637 Romanae
2251 3596 2370 3636 oras
2416 3581 2577 3635 fuisse
2620 3580 2878 3649 dispersi,
2909 3580 2993 3635 vel
3024 3581 3204 3650 accipe
3240 3581 3309 3636 de

703 3670 923 3727 CAPUT
960 3669 1070 3723 XV.
1761 3678 2003 3740 transitu,
2025 3690 2145 3728 cum
2174 3685 2353 3727 essent
2382 3674 2433 3727 in
2462 3672 2651 3727 itinere
2679 3688 2771 3725 seu
2790 3673 3051 3732 terrestri.
3069 3687 3163 3727 seu
3192 3688 3307 3725 ma-

154 3784 216 3837 De
238 3788 583 3857 confessoribus
618 3786 797 3857 quibus
845 3783 1091 3857 Hunerici
1134 3786 1277 3857 jussu
1320 3799 1436 3857 cum
1476 3783 1663 3857 linguis

1789 3767 1939 3819 itimo
1965 3764 2267 3833 priusquam
2300 3761 2807 3829 Constantinopolim
2838 3762 3194 3828 pervenirent;
3224 3762 3308 3815 vel

208 3849 425 3910 radtc'dus
447 3849 641 3911 excisw'
649 3855 878 3925 fuissent,
899 3853 1124 3921 expedite
1145 3852 1467 3903 nihilominus
1494 3849 1662 3916 loque-
1760 3854 1987 3909 fortasse
2009 3852 2076 3907 de
2091 3865 2273 3906 eorum
2297 3850 2561 3904 nonnullis
2586 3850 2675 3917 qui
2705 3849 3014 3902 miraculum
3035 3864 3185 3902 suum
3209 3852 3311 3903 cir-

208 3928 392 3978 δαηικν-
1762 3942 2118 3994 cumtulerint.
2158 3938 2287 3990 Nam
2329 3951 2396 3990 ex
2432 3937 2496 3989 iis
2540 3936 2819 4004 plerosque
2858 3937 3311 4004 Constantinopoli
3344 3935 3351 3940 ’

211 4034 372 4088 Victor
400 4036 533 4088 libro
573 4047 624 4085 tv
651 4047 666 4085 :
696 4030 810 4083 Rex
848 4027 1157 4091 Hunericns,
1193 4026 1391 4094 inquit,
1419 4023 1662 4077 Comitem
1761 4029 1968 4098 degisse
1991 4067 2007 4092 ,
2038 4029 2304 4094 vitamque
2339 4025 2532 4079 ibidem
2582 4026 2854 4094 exegisse,
2883 4040 2988 4079 non
3011 4026 3190 4079 sinunt
3209 4026 3312 4081 du—

152 4123 383 4186 quadam
409 4136 522 4173 cum
542 4116 809 4171 iracundia
834 4116 1084 4183 dirigens,
1116 4115 1349 4183 pracepit
1388 4122 1442 4164 ut
1479 4113 1533 4165 in
1562 4128 1665 4164 me-
1762 4120 1931 4175 bitare
1956 4126 2199 4171 auctores
2225 4114 2391 4168 citati.
3262 4185 3266 4189 Ι

152 4209 221 4259 dio
253 4211 376 4277 (ora,
407 4216 706 4277 congregata
740 4204 864 4257 illuc
892 4204 1026 4256 omni
1068 4205 1341 4271 provincia,
1373 4203 1567 4271 linguas
1594 4202 1663 4255 eis
1835 4207 1913 4261 Ex
1970 4206 2052 4259 his
2097 4204 2369 4273 sexaginta
2421 4200 2812 4256 confessoribus
2854 4200 3020 4255 fuisse
3066 4201 3312 4270 Vigilium

150 4309 189 4395 tt
232 4314 397 4351 manus
445 4299 658 4395 dextras.
691 4294 933 4395 radicitus
983 4293 1303 4393 abscidisset.
1354 4292 1663 4395 Quodocum
1691 4296 2091 4395 D'l‘apsensem
2136 4309 2229 4348 seu
2271 4292 2614 4392 Tapsitanurn
2660 4291 2963 4392 episcopum
3012 4294 3315 4359 conjectura

152 4384 317 4449 {actum
342 4387 535 4456 fuisset,
559 4384 763 4452 Spiritu
783 4392 954 4436 sancto
977 4392 1263 4453 ρτωειαιιιε,
1286 4384 1357 4434 ita
1376 4382 1528 4434 locuti
1552 4393 1668 4434 sunt
1692 4381 1739 4395 "
1769 4396 1881 4448 est,
1907 4385 2046 4455 quod
2075 4395 2128 4437 et
2173 4394 2494 4439 memoretur
2522 4382 2707 4434 ultimo
2732 4383 2850 4434 loco
2879 4381 3018 4434 inter
3040 4382 3317 4449 episcopos

152 4487 189 4525 ct
214 4476 492 4544 loquuntur,
520 4475 766 4539 quomodo
793 4482 939 4526 dntea
967 4475 1314 4541 loquebantur.
1346 4472 1450 4527 Sed
1476 4474 1519 4525 si
1558 4475 1669 4541 quis
1773 4478 2056 4550 provincia:
2094 4476 2408 4544 B‘yzacenm,
2433 4473 2518 4539 qui
2548 4471 2917 4537 Carthaginem
2952 4472 3018 4523 ab
3060 4470 3317 4524 llunerico

152 4566 413 4620 incredulus
448 4580 552 4619 esse
583 4564 824 4627 voluerit.
871 4578 1043 4632 pergat
1088 4580 1219 4615 nunc
1247 4562 1669 4633 Constantinopo—
1773 4568 1972 4621 evocati
1995 4560 3318 4628 convenerunt;etscripSeritConstantinopoli,ut

154 4654 246 4719 lim,
268 4666 314 4709 et
350 4658 416 4709 ibi
443 4656 653 4723 reperiet
689 4667 843 4704 unum
869 4652 931 4704 de
966 4653 1088 4717 illis,
1118 4652 1475 4703 subdiaconem
1507 4653 1673 4717 Repa-

1793 4658 1976 4713 tnobis
2014 4655 2291 4723 probatum
2321 4663 2432 4718 est;
2468 4661 2643 4720 totque
2661 4660 2718 4706 et
2744 4650 2876 4702 tales
2906 4650 3065 4703 libros
3087 4650 3315 4718 scripse-

153 4753 319 4805 ratsm,
344 4759 594 4796 sermones
617 4743 797 4809 politos
814 4742 922 4793 sine
945 4743 1049 4793 ulla
1070 4743 1341 4805 οίῙεηεὲοηε
1365 4742 1671 4807 ιοιῑυεηιεηιὶ
1776 4750 1866 4817 rit,
1888 4762 1981 4803 seu
1998 4744 2292 4809 dictaverit,
2315 4749 2506 4812 quotet
2521 4740 2700 4809 quales
2720 4753 2874 4793 nemo
2890 4738 3052 4807 (quod
3065 4740 3313 4806 sciamus)

153 4832 203 4882 ob
226 4847 373 4899 quam
400 4847 604 4884 causam
623 4830 917 4884 venerabilis
944 4833 1153 4884 nimium
1178 4833 1229 4883 in
1248 4832 1438 4901 palatio
1460 4831 1675 4885 Zenonis
1777 4853 1841 4891 ex
1870 4834 2011 4889 omni
2039 4833 2152 4901 ejus
2180 4832 2502 4900 collegarum
2532 4843 2773 4883 numero.
2823 4828 2973 4882 Unde
3010 4830 3203 4897 oppido
3228 4847 3321 4884 vc-

154 4922 445 4990 impaatoris
473 4923 706 4985 habetur,
728 4930 772 4974 et
796 4924 1043 4991 pracipue
1071 4924 1245 4995 regina
1266 4923 1392 4974 mira
1418 4939 1530 4975 eum
1552 4939 1679 4976 reve-
1779 4925 1994 4980 risimile
2017 4932 2097 4976 est
2125 4921 2288 4974 fuisse
2315 4921 2460 4974 illum
2486 4924 2539 4974 ἐκ
2556 4927 2653 4973 τῶν
2678 4920 2993 4989 λογιωτάτων
3021 4921 3102 4987 (ιιι
3128 4919 3324 4972 habent

154 5012 295 5065 ratio
316 5022 599 5065 veneratur.
628 5011 735 5064 Hos
754 5010 1084 5065 conlessores
1107 5013 1263 5066 luisse
1290 5026 1510 5065 numero
1532 5029 1679 5067 sexa-
1779 5012 1995 5080 Menam)
2024 5010 2112 5077 qui
2141 5010 2203 5062 ad
2231 5010 2283 5063 id
2306 5009 2552 5085 supplicii
2574 5014 2698 5060 sunt
2722 5007 2941 5073 delecti,
2966 5020 3023 5060 ut
3044 5008 3234 5075 linguis
3260 5023 3323 5059 ac

155 5099 277 5165 ginta
307 5100 482 5154 Graeci
515 5096 751 5152 relerunt
771 5099 823 5152 in
851 5113 946 5153 suo
972 5100 1264 5168 Menologio
1288 5111 1341 5154 et
1367 5100 1420 5153 in
1446 5101 1675 5154 Menaeis.
1781 5102 1979 5157 dextris
1999 5100 2368 5162 multarentur,
2402 5112 2468 5151 ne
2490 5096 2655 5149 verbo
2675 5095 2938 5162 scriplove
2965 5096 3206 5149 lia-resin:
3229 5111 3325 5161 op-

156 5199 252 5251 bon
273 5198 432 5252 fuisse
470 5204 646 5249 autem
676 5208 860 5248 omnes
892 5196 1168 5263 episcOpos
1195 5197 1424 5250 ostendit
1453 5195 1631 5247 Victor
1655 5234 1673 5260 ,
1783 5201 2089 5262 pugnarent.
2122 5188 2315 5243 Verum
2344 5189 2476 5251 hmo,
2507 5196 2563 5240 ut
2586 5186 2713 5250 dixi,
2744 5187 3040 5252 conjectura
3070 5194 3171 5245 est,
3202 5201 3323 5238 cum

158 5286 453 5354 lleparatum
495 5283 877 5338 subdiaconum
918 5284 968 5335 in
998 5298 1182 5337 eorum
1218 5284 1354 5337 serie
1392 5296 1675 5350 reponens.
1786 5288 1835 5336 in
1865 5294 2008 5336 tanto
2042 5284 2354 5348 scriptorum
2378 5279 2588 5331 silentio
2625 5280 2710 5345 qui
2760 5279 2969 5329 nomina
3002 5277 3324 5341 singulorum

159 5371 333 5429 ﬂauas
374 5374 594 5429 Canus
624 5371 677 5424 in
711 5370 1074 5438 Theophrasto
1099 5412 1113 5435 ,
1148 5374 1299 5427 tertia
1331 5380 1448 5440 post
1475 5374 1677 5439 suppli-
1786 5390 1886 5426 non
1932 5380 2342 5437 expresserunt,
2396 5381 2554 5434 supra
2608 5368 2961 5429 conjecturam
3012 5362 3139 5415 mlnt
3198 5368 3325 5417 mini

159 5463 279 5515 cium
294 5463 385 5516 die
414 5462 462 5516 id
488 5460 596 5514 illis
621 5458 861 5513 beneﬁcii
888 5458 1133 5512 divinitus
1160 5460 1408 5513 collatum
1438 5461 1543 5512 ait.
1575 5474 1677 5511 non
1785 5461 2047 5515 all‘nlaeat.

162 5560 208 5604 ut
233 5551 429 5621 linguas
454 5551 772 5615 reciperent,
797 5548 885 5599 sed
906 5558 961 5598 ut
987 5556 1179 5616 absque
1207 5550 1411 5617 linguis,
1438 5551 1681 5611 articula-
1856 5552 1928 5603 Ex
1957 5551 2035 5603 his
2064 5549 2331 5616 sext'ginta
2357 5546 2743 5602 confessor-ibus
2767 5553 2898 5591 unus
2915 5538 3010 5592 fuit
3037 5540 3115 5609 (ut
3136 5544 3327 5596 habent

494 5647 760 5704 l’srnon.
808 5642 1014 5699 Ll'lll.
2905 5625 2941 5683 5
