3854 6228
527 202 628 259 939

1817 196 2057 270 VICTOR
2099 197 2414 254 VITENSIS.

3621 194 3817 280 mj

529 338 643 376 cunt
677 319 967 389 lllcntlogio
1007 319 1184 374 Menea
1204 363 1219 387 ,
1248 326 1300 373 et
1346 317 1626 386 Gregorius
1664 314 1880 386 Magnus
1909 317 2068 369 citato
2097 323 2144 375 Α
2173 314 2370 367 ritanite
2405 313 2616 366 civitatis
2654 313 2912 381 episcopus
2946 313 3147 383 scripsit
3194 314 3455 367 adversum
3503 312 3718 364 Arianae

546 414 667 478 nco)
701 403 789 478 qui
822 409 1095 477 prolapsus
1127 408 1175 462 in
1198 408 1369 464 carnis
1397 408 1668 478 ﬂagitium,
1695 406 1926 462 divinam
1954 419 1983 457 a
2013 419 2071 459 se

529 494 744 564 gratiam
769 483 978 565 repulit,
995 507 1048 551 ut
1072 512 1174 551 non
1197 507 1371 566 posset
1392 497 1581 552 exinde
1599 496 1880 564 quidquam
1904 494 2068 562 loqui.

529 590 605 642 De
643 590 843 642 duobus
883 583 1106 657 idipsum
1150 599 1329 642 narrat
1365 583 1687 655 Proc0pius,
1715 586 1849 638 haud
1875 586 2072 652 absque

508 675 722 735 .errnris
757 687 846 730 aut
881 661 1141 731 mendacii
1188 678 1504 743 suspicione.
1545 675 1806 729 Caeterum
1835 674 1920 728 vel
1951 674 2072 727 hinc

531 764 789 820 :rsumare
818 767 938 819 licet
978 781 1133 833 quam
1165 767 1324 818 ardua
1351 766 1423 817 sit
1438 766 1604 818 virtus
1625 763 1875 828 castitas;
1903 770 1958 816 et
1982 762 2070 815 illa

530 854 796 924 Cypriani,
823 856 935 907 sive
956 855 1200 922 Origenis
1227 853 1384 907 verba
1409 853 1663 921 replicare
1691 852 1825 906 libita
1855 851 1922 905 de
1947 849 2068 905 Sitt-

531 943 802 1010 gntaritate
824 943 1161 1007 clericorum,
1180 941 1316 995 haud
1341 942 1492 1010 longe
1521 940 1591 995 ab
1613 940 1759 996 initio
1782 957 1796 992 ι
1823 940 1961 993 Mors
1985 955 2072 1009 per

533 1036 768 1100 fmt'uam
795 1035 957 1087 adhuc
986 1051 1138 1104 usque
1159 1045 1438 1102 grauatur.
1472 1032 1688 1087 Mentior
1705 1073 1722 1101 ,
1752 1034 1797 1086 si
1817 1048 1915 1086 non
1939 1033 2076 1086 vide-

534 1137 640 1174 mus
671 1124 1090 1176 cxindcinteritus
1108 1123 1458 1190 plurimorum.
1482 1124 1671 1187 Quanti
1700 1134 1742 1178 et
1764 1124 1935 1193 quales
1961 1125 2070 1192 epi-

535 1211 694 1276 scopi,
724 1219 766 1262 et
793 1209 960 1263 clerici
979 1211 1132 1263 simul
1149 1220 1196 1264 et
1222 1212 1358 1269 laici.
1385 1219 1494 1280 post
1521 1213 1893 1281 confessionum
1917 1202 2074 1266 victo;

535 1301 817 1364 riarumque
867 1298 1058 1350 calcata
1085 1299 1353 1352 certamina
1377 1339 1392 1364 ,
1425 1309 1533 1364 post
1575 1300 1824 1368 magnalia
1860 1292 1904 1352 Et
1932 1300 2074 1367 signa

538 1389 611 1439 vel
638 1388 885 1439 mirabilia
924 1403 1269 1456 usqurquaque
1305 1396 1613 1453 monstrata,
1651 1397 1924 1440 noscuntur
1961 1402 2073 1439 cum

539 1476 615 1530 llis
662 1477 888 1529 omnibus
932 1477 1283 1545 naufragassc,
1329 1492 1443 1529 cum
1469 1475 1643 1529 volunt
1675 1476 1727 1528 in
1763 1477 1878 1528 navi
1906 1476 2075 1545 fragili

540 1568 776 1635 navigare
789 1569 807 1618 .'
839 1568 1064 1629 Quantos
1106 1568 1268 1620 leones
1298 1566 1489 1620 domuit
1520 1582 1623 1618 una
1647 1555 1898 1618 muliebris
1927 1565 2076 1631 inﬁr-

2170 403 2352 457 librum
2377 417 2532 455 unum
2564 411 2610 454 et
2649 405 2851 472 longum
2868 442 2884 466 ,
2911 418 3056 471 quem
3079 400 3345 455 Genserico
3365 401 3470 471 regi
3505 399 3714 452 Vanda-

2168 491 2336 543 lorum
2381 507 2468 559 per
2511 508 2626 545 suos
2657 493 2963 545 audiendum
3009 491 3207 556 obtulit,
3230 493 3358 544 sicut
3386 507 3448 543 ea:
3475 489 3716 557 promis

2170 581 2283 633 libri
2312 581 2467 650 ipsius
2508 578 2679 634 didici.
2728 581 2942 647 Scripsit
2987 591 3033 634 et
3078 582 3139 634 de
3184 582 3470 647 paenitentia
3515 581 3718 648 publica

2170 671 2374 736 librum,
2413 672 2465 723 in
2505 687 2603 739 quo
2627 680 2674 724 et
2712 674 2934 740 regulam
2961 673 3154 727 vivendi
3192 672 3534 741 penitentibus
3574 672 3718 732 iuxta

2171 761 2549 831 Scripturarum
2594 763 2940 815 auctoritatem
2986 764 3160 816 statuit
3206 776 3225 815 :
3268 769 3315 814 et
3358 763 3425 813 ad
3469 759 3718 813 Basilian-

2169 854 2429 917 quemdam
2450 866 2599 918 super
2620 861 2824 904 mortem
2849 851 2942 918 filii
2954 852 3340 905 consolatoriam
3358 849 3612 914 libellum,
3633 864 3717 915 spe

2170 942 2542 994 resurrectionis
2561 940 2780 1010 perfecta
2812 942 3137 995 instructione
3165 941 3432 994 munitum.
3464 939 3718 994 Homilies

2171 1030 2319 1084 etiam
2337 1032 2611 1100 composuit
2628 1031 2829 1097 multas,
2858 1047 3026 1101 quaso
3046 1031 3282 1100 fratribus
3299 1031 3479 1084 salutis
3501 1029 3720 1098 propria

2169 1121 2482 1185 sollicitis,iu
2502 1120 2641 1174 libris
2660 1121 2876 1189 digestas
2895 1122 3080 1174 servari
3108 1122 3332 1191 cognovi.
3363 1122 3485 1181 Hinc
3507 1120 3719 1174 Genua.

2173 1210 2306 1264 dius.
2335 1209 2482 1277 Quod
2498 1224 2623 1284 vero
2637 1211 2819 1263 Petrus
2834 1210 3104 1278 Equilinus
3122 1209 3187 1262 ad
3205 1226 3274 1263 xu
3294 1211 3541 1264 calendas
3561 1209 3720 1262 Maias

2172 1299 2498 1366 ejusobitum
2515 1299 2806 1364 adnotavit,
2830 1299 3002 1352 hausit
3029 1298 3252 1354 fortasse
3274 1313 3341 1353 ex
3365 1300 3554 1354 tabulis
3567 1298 3721 1353 Cala~

2173 1391 2375 1458 ritanis,
2393 1406 2507 1460 quae
2523 1405 2586 1443 ea
2612 1391 2720 1457 ipsa
2742 1390 2827 1443 die
2842 1389 3107 1442 Victorem
3123 1389 3404 1457 quemdam
3425 1397 3724 1443 memorant

2163 1478 2248 1533 ibi
2274 1479 2587 1548 depositum.
2636 1479 2711 1532 Ex
2737 1478 2838 1533 boc
2869 1477 3013 1532 fonte
3034 1478 3241 1533 turbido
3267 1477 3453 1546 (Petri,
3480 1479 3719 1547 inquam.

2175 1569 2399 1637 Equilini
2431 1567 2752 1637 testimonio)
2784 1568 3055 1634 multiplex
3085 1565 3137 1620 in
3177 1568 3504 1621 recentiores
3537 1579 3725 1620 mana-

541 1660 684 1711 mitas
713 1656 961 1723 delicata;
998 1673 1110 1728 qute
1137 1673 1252 1711 cum
1271 1658 1333 1712 sit
1353 1657 1464 1711 vilis
1496 1667 1541 1711 et
1569 1658 1775 1722 misera,
1793 1657 1854 1709 de
1880 1656 2074 1726 magnis
2102 1657 2150 1716 B
2177 1657 2250 1710 vit
2274 1657 2595 1711 allucinatio.
2632 1657 2834 1710 Etenim
2866 1656 3182 1709 Maurolicus
3209 1654 3375 1715 abbas
3403 1655 3614 1710 Siculus
3644 1668 3725 1708 ea-

541 1748 681 1816 eﬂicit
703 1747 961 1817 prccr'am!

1110 1833 1330 1888 CAPUT
1370 1834 1504 1887 XVI.

647 1923 818 1976 Victor
842 1923 1095 1991 episcOpus
1123 1920 1338 1975 Vitensis
1367 1939 1433 1975 an
1457 1933 1662 1975 sanctus
1698 1922 1992 1974 vindicatus.

614 2013 795 2065 Restat
823 2011 1044 2078 quzestio
1075 2011 1210 2064 haud
1259 2011 1391 2064 levis
1420 2012 1701 2078 momenti,
1749 2011 1818 2066 de
1863 2011 2087 2066 Victoris

545 2104 708 2156 nostri
733 2094 1002 2170 apetheosi
1025 2119 1037 2166 ;
1069 2103 1135 2155 de
1161 2117 1259 2167 qua
1290 2101 1389 2156 hoc
1417 2110 1615 2154 tantum
1647 2103 1764 2158 dico
1791 2141 1809 2167 ,
1831 2102 1974 2156 nullo
2003 2118 2087 2157 me

545 2201 627 2244 sat
662 2191 810 2244 firmo
849 2191 1172 2258 antiquitatis
1201 2190 1500 2244 testimonio
1529 2191 1715 2245 fulcire
1741 2193 1881 2245 illam
1912 2205 2086 2266 posse.

545 2282 667 2335 Scio
690 2282 740 2334 in
770 2281 993 2348 antiquis
1021 2280 1220 2354 aliquot
1248 2280 1516 2334 codicibus
1547 2279 1704 2334 tribui
1734 2294 1864 2346 opus
1888 2280 2091 2346 deper-

543 2371 811 2424 secutione
849 2359 1094 2423 Africana
1138 2378 1320 2430 sancto
1350 2368 1542 2421 Victori
1578 2370 1858 2436 episcopo;
1884 2368 1974 2421 sed
2007 2368 2088 2430 hic

545 2462 727 2515 titulus
751 2478 776 2511 a
799 2461 1025 2513 librariis
1038 2467 1138 2524 est,
1169 2473 1326 2524 penes
1354 2472 1483 2526 quos
1510 2457 1650 2510 nulla
1670 2465 1752 2512 est
1781 2456 2085 2524 auctoritas,

546 2561 844 2603 sanctorum
885 2549 1072 2601 canoni
1111 2561 1423 2615 quemquam
1453 2545 1790 2606 inscribeudi.
1827 2547 1938 2600 Mea
1975 2547 2091 2614 qui-

546 2639 666 2691 dem
713 2640 1009 2703 conjectura
1051 2645 1164 2697 est,
1194 2635 1336 2688 illum
1366 2635 1525 2687 vitam
1554 2643 1732 2688 sancte
1776 2635 2012 2703 exegisse
2037 2635 2088 2688 in

549 2728 809 2788 Sardinia,
834 2741 951 2778 cum
974 2732 1114 2779 esset
1135 2724 1329 2792 primas
1358 2725 1691 2792 Byzacenus;
1716 2730 1874 2791 atque
1897 2723 2088 2776 ibidem

549 2818 807 2884 sepultum
829 2831 947 2869 esse
967 2816 1102 2870 inter
1123 2824 1200 2867 tot
1221 2814 1348 2868 alios
1381 2814 1590 2876 heroes,
1615 2802 1693 2866 vel
1723 2813 1980 2877 advenas,
2007 2814 2090 2867 vel

550 2908 836 2974 indigenas,
888 2906 952 2956 de
982 2903 1169 2970 quibus
1206 2907 1366 2954 multa
1398 2902 1610 2968 collegit
1650 2901 1880 2955 Jacobus
1911 2902 2092 2954 Pintus

2183 1745 2303 1798 dem
2332 1745 2417 1798 die
2446 1745 2638 1811 Aprilis
2663 1744 2910 1812 vigesima
2931 1743 3008 1798 sic
3029 1744 3186 1799 habet
3210 1744 3262 1797 in
3289 1759 3387 1797 suo
3415 1741 3725 1811 martyrolo

2182 1837 2268 1905 gio
2297 1853 2310 1890 :
2333 1834 2462 1890 Item
2493 1837 2703 1890 Victoris
2728 1834 3130 1906 Carthaginensis
3157 1837 3397 1905 episcOpi,
3421 1837 3514 1889 viri
3535 1837 3726 1889 doctis-

2181 1926 2315 1987 simi,
2344 1936 2561 1995 tempore
2583 1925 2832 1978 Anastasii
2858 1925 3198 1993 imperatoris.
3215 1925 3400 1979 Petrus
3429 1923 3728 1978 Galesiuius

2183 2013 2446 2069 Victorem
2475 2015 2611 2069 bunc
2642 2031 2704 2068 ex
2736 2013 3129 2082 Cartbaginensi
3163 2014 3460 2069 Uticensem
3492 2014 3594 2068 sibi
3628 2015 3728 2066 lia-

2183 2104 2254 2156 xit
2277 2119 2294 2166 ;
2319 2104 2393 2156 sic
2416 2103 2554 2156 enim
2589 2104 2652 2155 ait
2674 2103 2740 2155 ad
2759 2102 3004 2156 eamdem
3022 2103 3160 2156 diem
3190 2103 3385 2169 Aprilis
3409 2102 3478 2156 20
3505 2119 3520 2155 :
3573 2103 3728 2156 Utica

2184 2192 2236 2242 in
2267 2191 2456 2257 Africa,
2490 2191 2548 2244 S.
2592 2191 2805 2250 Victoris
2835 2191 3052 2258 episcopi
3079 2202 3126 2244 et
3154 2193 3474 2261 confessoris.
3509 2192 3729 2245 Dubita-

2187 2279 2260 2329 vit
2287 2278 2552 2346 Philippus
2584 2277 2856 2332 Ferrarius
2884 2293 3037 2346 quam
3064 2293 3123 2332 se
3163 2279 3214 2332 in
3243 2289 3443 2346 partem
3467 2288 3729 2340 verteret;

2189 2375 2465 2434 utrumque
2490 2367 2625 2420 enim
2657 2366 2794 2420 hunc
2813 2375 3077 2421 auctorem
3108 2353 3278 2421 citans
3299 2369 3350 2420 in
3379 2367 3622 2435 catalogo
3646 2381 3728 2434 ge-

2188 2455 2352 2508 nerali
2390 2464 2688 2510 sanctorum
2720 2457 2804 2525 qui
2845 2471 2948 2510 non
2972 2463 3093 2510 sunt
3135 2456 3187 2509 in
3230 2457 3604 2526 Martyrologio
3630 2455 3730 2509 lto-

2189 2559 2363 2610 mano,
2395 2545 2655 2599 Victorem
2692 2560 2864 2613 neque
2889 2545 3356 2613 Carthaginiensem
3377 2538 3495 2597 dum
3527 2544 3732 2598 Mauro-

2190 2632 2324 2699 lico,
2367 2647 2532 2700 neque
2557 2647 2676 2685 cum
2715 2633 2980 2687 Galesinio
3009 2632 3330 2698 Uticensem,
3364 2633 3458 2688 sed
3483 2634 3534 2687 in
3556 2632 3731 2688 Africa

2188 2721 2491 2790 episcopum
2517 2721 2681 2786 dixit;
2709 2722 2915 2788 utrique
2938 2735 3161 2776 concors
3180 2761 3196 2786 ,
3218 2731 3270 2776 et
3301 2723 3538 2791 neutrius
3561 2723 3731 2777 errori

2189 2812 2544 2865 subscribens.
2568 2809 2632 2862 In
2654 2811 2826 2880 Africa
2853 2811 3043 2880 (inquit
3074 2811 3160 2886 die
3185 2812 3254 2864 20
3273 2811 3492 2879 Aprilis)
3514 2813 3576 2866 S.
3618 2811 3722 2863 Via

2191 2900 2313 2952 toris
2358 2899 2596 2969 episcopi.
2626 2898 2695 2952 At
2740 2899 2998 2954 Baronius
3041 2898 3175 2953 hanc
3206 2900 3436 2969 Scyllam
3465 2900 3734 2955 declinare

547 2995 602 3045 in
629 3009 788 3058 opere
815 2994 877 3046 de
899 2992 1106 3045 Christo
1137 2992 1406 3056 cruciﬁxo,
1432 2991 1523 3043 lib.
1553 3006 1633 3054 ιιι,
1665 2993 1744 3043 tit.
1768 2991 1800 3042 4
1819 3029 1833 3052 ,
1855 2990 1972 3043 loco
2004 2990 2086 3042 ‘12.
2117 2977 2158 3036 C
2192 2991 2357 3054 nisus,
2378 2988 2517 3042 haud
2543 2989 2670 3042 satis
2696 2989 2879 3042 vitavit
2901 2981 3251 3060 Charybdim;
3279 2989 3342 3044 ad
3371 2989 3511 3066 diem
3539 2990 3734 3044 mensis

554 3081 746 3134 Verum
788 3096 878 3146 per
917 3080 1060 3132 initia
1106 3081 1274 3131 octavi
1322 3089 1437 3146 post
1476 3079 1739 3132 Chrismtn
1783 3079 1996 3139 saeculi,
2042 3087 2096 3132 et

553 3187 691 3222 anno
730 3169 927 3222 Christi
969 3169 1068 3221 7‘20
1106 3169 1184 3236 (ut
1233 3169 1495 3221 existimat
1537 3169 1759 3235 Plutus),
1800 3168 2092 3221 Sardiniam

552 3259 941 3312 devastantibus
969 3259 1296 3319 Sarraceuis,
1327 3258 1397 3308 ita
1429 3258 1617 3309 turbati
1640 3266 1761 3308 sunt
1789 3267 1862 3308 tot
1888 3267 2094 3308 sancto-

553 3365 664 3402 rum
691 3349 905 3410 tumuli,
936 3357 993 3399 ut
1019 3346 1260 3398 maxima:
1288 3346 1494 3397 illorum
1546 3344 1706 3407 partis
1739 3345 1875 3395 nulla
1900 3355 2096 3397 restent

551 3448 692 3490 certa
725 3438 937 3502 vestigia
961 3473 977 3496 ,
1010 3434 1243 3499 adeoque
1293 3447 1392 3484 nec
1429 3431 1656 3484 Victoris
1687 3432 1955 3496 Vitensis;
2003 3451 2097 3489 nec

554 3528 654 3578 ulla
705 3538 824 3576 sunt
878 3523 1036 3590 (quod
1084 3520 1268 3586 sciam)
1312 3531 1543 3574 veterum
1590 3522 1978 3590 Martyrologia,
2011 3535 2099 3578 aut

557 3616 906 3666 Ecclesiarum
947 3613 1172 3676 antiqua:
1213 3612 1401 3663 tabulae
1427 3626 1542 3678 quae
1570 3610 1636 3665 de
1682 3612 1771 3664 illo
1798 3623 2095 3667 sanctorum

553 3703 698 3756 lastis
725 3706 951 3768 ascripto
989 3700 1140 3752 (idem
1172 3700 1380 3754 iaciant.
1415 3701 1599 3754 Petrus
1627 3702 1906 3768 episc0pus
1937 3704 2096 3768 Equi-

555 3793 689 3843 Iiutts
723 3792 770 3842 in
803 3790 1038 3857 catalogo
1061 3801 1358 3843 sanctorum
1391 3789 1480 3842 lib.
1511 3806 1592 3853 tv,
1617 3805 1733 3855 cap.
1767 3793 1860 3853 70,
1897 3790 2092 3857 Vielor,

553 3884 753 3948 inquit,
811 3880 1272 3949 Cartlutginensium
1334 3880 1590 3946 episc0pus
1653 3881 1825 3948 floruit
1883 3889 2097 3950 tempore

553 3970 804 4020 Anastasii
853 3968 1163 4035 imperatoris
1211 3983 1230 4020 :
1280 3967 1364 4034 qui
1411 3967 1684 4033 pra’clarus
1730 3968 1997 4020 virtutibus
2049 3977 2096 4020 et

552 4059 774 4110 doctrina
796 4059 908 4123 fuit.
934 4058 1180 4108 Adversus
1195 4057 1408 4107 Arianos
1430 4058 1705 4122 composuit
1720 4056 1900 4107 librum
1919 4072 2091 4106 unum.

551 4146 626 4198 De
661 4146 942 4210 panitentia
988 4147 1167 4195 librum
1206 4159 1395 4205 unum,
1443 4144 1494 4192 in
1521 4158 1620 4208 quo
1660 4144 1851 4195 vivendi
1875 4145 2095 4210 regulam

546 4235 1066 4300 'ptenitentibusjuxta
1093 4228 1467 4296 Scripturarum
1488 4232 1835 4280 auctoritatem
1854 4231 2091 4281 instituit.

2194 3078 2410 3146 Augusti
2450 3075 2557 3131 23:
2597 3076 2757 3131 Utica
2784 3077 2835 3130 in
2867 3078 3039 3145 Africa
3062 3115 3079 3142 ,
3107 3079 3306 3144 inquit,
3363 3079 3492 3131 beati
3519 3077 3732 3130 Victoris

2193 3169 2441 3234 episcOpi;
2469 3184 2497 3221 a
2534 3183 2638 3234 quo
2667 3178 2719 3221 et
2753 3168 3100 3235 conscriptam
3132 3168 3410 3223 HistOriam
3437 3168 3735 3221 Vandalicm

2195 3258 2245 3309 in
2301 3257 2474 3308 Africa
2526 3256 2908 3323 persecutionis
2959 3255 3186 3324 afﬁrmat
3221 3257 3273 3310 in
3323 3257 3489 3318 notis;
3527 3254 3593 3308 de
3629 3269 3732 3323 quo

2197 3354 2366 3397 tamen
2401 3345 2611 3398 Victore
2641 3347 2831 3399 mirum
2867 3354 2950 3399 est
2991 3345 3089 3400 nec
3127 3345 3343 3399 verb‘um
3384 3345 3498 3399 fieri
3528 3344 3730 3413 uspiam

2195 3436 2329 3503 apud
2363 3436 2551 3488 Bedam
2578 3479 2592 3502 ,
2625 3435 2920 3488 Usuardum
2946 3475 2962 3499 ,
2989 3436 3225 3490 Adonem
3252 3475 3268 3498 ,
3299 3435 3569 3490 Rabanum
3594 3435 3732 3488 Mau-

2197 3539 2334 3588 rum,
2379 3525 2612 3591 aliosque
2643 3525 2899 3592 antiquos.
2948 3524 3171 3578 Tantum
3214 3524 3267 3578 in
3309 3525 3550 3580 Usuardo
3595 3525 3732 3578 edite

2195 3609 2425 3664 Coloniae
2450 3611 2512 3663 ad
2536 3611 2899 3675 annuml52l,
2918 3625 2982 3664 ea
3010 3611 3095 3667 die
3118 3612 3332 3682 Augusti
3361 3613 3458 3678 2'5,
3483 3615 3561 3667 sic
3583 3613 3729 3682 lego:

2196 3699 2489 3751 Cenomanis
2528 3699 2733 3752 Victoris
2749 3701 2964 3769 episcopi
2985 3709 3030 3752 et
3057 3703 3393 3770 confessoris;
3412 3717 3534 3758 cum
3555 3710 3730 3758 tamen
3816 3705 3817 3714 ‘

2198 3788 2419 3840 Victoris
2467 3802 2559 3841 seu
2588 3787 2804 3841 Victorii
2832 3787 3240 3844 Cenomanensis
3266 3790 3606 3845 meminerint
3635 3791 3731 3844 alia

2195 3880 2560 3949 Martyrologia
2601 3881 2663 3931 ad
2711 3878 2956 3933 calendas
2995 3879 3426 3949 Septembrian
3454 3880 3556 3936 hoc
3580 3882 3731 3949 igitur

2197 3972 2352 4024 totius
2380 3971 2702 4037 antiquitatis
2747 3970 2963 4024 silentio
2984 3961 3002 4036 ,’
3031 3983 3196 4025 sacra:
3215 3969 3428 4024 Rituum
3451 3983 3734 4038 congrega-

2196 4058 2322 4109 tioni
2377 4057 2776 4123 expendendum
2818 4058 3191 4125 relinquimus,
3240 4074 3364 4112 num
3413 4059 3591 4114 Victor
3644 4072 3732 4112 seu

2197 4143 2452 4206 Vitensis,
2482 4145 2596 4197 sive
2637 4145 2894 4199 Uticensis
2919 4149 3194 4215 episcopus
3212 4187 3228 4212 ,
3263 4158 3446 4202 auctor
3469 4148 3646 4216 operis
3674 4147 3736 4200 de

2199 4230 2564 4282 Persecutione
2583 4230 2825 4284 Africana
2839 4233 2935 4285 sub
2956 4233 3220 4289 Geiserico
3239 4246 3291 4290 et
3315 4236 3578 4291 llunerico
3595 4236 3732 4289 Van-

555 4323 634 4373 Ad
664 4321 909 4373 Basiliam
952 4320 1212 4385 quemdam
1260 4333 1408 4384 super
1455 4327 1662 4370 mortem
1705 4317 2094 4369 consolatoriam
2121 4300 2172 4356 Ῑ)
2199 4317 2432 4369 dalorum
2457 4318 2684 4385 regibus,
2710 4317 2810 4372 rite
2823 4320 3138 4388 vindicatus,
3169 4330 3223 4377 et
3248 4323 3299 4378 in
3326 4331 3630 4377 sanctorum
3650 4336 3733 4376 ca-

556 4413 737 4464 librum
761 4425 912 4461 unum
937 4449 949 4469 ,
979 4424 1064 4473 spe
1090 4407 1466 4458 resurrectionis
1493 4406 1784 4474 perfectum,
1809 4416 1852 4457 et
1881 4407 2095 4458 instruc-

554 4503 686 4552 tione
731 4499 991 4549 munitum.
1022 4495 1274 4546 Ilomilias
1304 4495 1452 4546 etiam
1473 4510 1582 4556 qua?
1605 4512 1633 4546 η
1656 4495 1890 4562 fratribus
1919 4495 2094 4547 salutis

551 4592 768 4659 propria:
796 4588 1044 4650 sollicitis,
1075 4588 1125 4638 in
1152 4587 1288 4638 libris
1313 4571 1515 4653 digesta:
1538 4596 1816 4637 servantur.
1841 4587 1940 4648 Qui
1960 4595 2003 4637 et
2022 4601 2090 4638 xu

554 4672 786 4728 calendas
804 4676 930 4727 Maii
955 4675 1114 4726 carnis
1139 4675 1533 4725 debitumsolvit.
1561 4675 1751 4726 lielulit
1779 4675 1874 4725 ista
1907 4675 2091 4726 Petrus

555 4785 613 4820 ex
645 4767 932 4831 Gennadin,
984 4781 1099 4831 cap.
1154 4767 1219 4817 77
1249 4804 1263 4827 ,
1322 4766 1414 4816 scd
1466 4779 1644 4830 parum
1694 4765 1927 4825 sincere;
1973 4779 2089 4815 nam

558 4858 817 4909 Victorem
876 4871 967 4922 pro
1017 4855 1355 4908 Cartennensi
1404 4855 1722 4907 Mauritania
1759 4855 2090 4908 Cresariensis

554 4947 800 5010 episcopo
832 4942 1037 5010 scripsit
1068 4938 1583 5008 Carthaginensent;
1614 4953 1664 4995 et
1695 4944 1934 4997 ﬂoruisse
1965 4944 2096 4996 divit

549 5041 790 5098 tempore
843 5033 1099 5083 Anastasii
1145 5031 1510 5098 imperatoris,
1557 5047 1674 5084 cum
1717 5034 1780 5084 ad
1821 5034 2094 5101 superiora

557 5123 810 5177 Geiserici
829 5122 1173 5175 Vandalorum
1204 5124 1340 5180 regis
1361 5132 1590 5189 tempora
1607 5134 1744 5177 esset
1768 5125 2089 5179 referendus.

552 5203 877 5267 Gennadium
909 5209 1073 5279 ipsum
1102 5210 1220 5263 audi
1255 5227 1267 5260 :
1300 5209 1482 5274 Victor,
1517 5215 1615 5276 ait,
1659 5212 1916 5268 Cartcnncc
1943 5215 2092 5268 Μαυ-

2199 4422 2387 4460 nonem
2417 4408 2608 4460 relatus
2635 4409 2838 4463 censeri
2867 4410 3048 4476 possit.

2751 4558 2970 4613 CAPUT
3007 4559 3165 4614 XVII.

2205 4686 2466 4739 Variantcs
2488 4686 2679 4753 aliquot
2693 4687 2922 4740 lectiOnes
2942 4703 3003 4740 ea:
3024 4689 3192 4741 codice
3213 4705 3308 4741 ms.
3326 4690 3594 4744 cartltusiaz
3612 4690 3731 4744 Por-

2268 4766 2462 4826 tarum,
2491 4755 2556 4826 ad
2590 4754 2805 4826 Victoris
2835 4756 3047 4811 Vitensis
3072 4761 3288 4826 episcopi
3315 4774 3440 4824 opus
3467 4761 3529 4812 de
3561 4759 3730 4813 Perse-

2268 4823 2460 4875 ratione
2488 4823 2744 4891 Africana.

2262 4954 2277 5009 (
2295 4953 2423 5001 Hanc
2441 4955 2696 5015 variantum
2711 4955 2965 5003 lectionum
2982 4955 3350 5015 descriptionem
3367 4958 3586 5006 consulto
3601 4961 3731 5004 omit-

2197 5015 2340 5076 timus
2379 5019 2542 5071 utpote
2588 5012 2756 5076 lecturi
2795 5017 2988 5063 minime
3031 5012 3414 5076 desiderabilem,
3453 5019 3527 5064 cui
3552 5026 3729 5064 textum

2195 5072 2514 5120 Ruinartiante
2557 5073 2775 5122 editionis
2817 5077 3246 5126 emendatissimum
3269 5078 3316 5124 iu
3345 5072 3430 5125 hac
3453 5081 3612 5126 nostra
3637 5076 3732 5123 edi-

2198 5137 2326 5182 tioue
2350 5132 2696 5182 exhibebimus.
2733 5135 2864 5182 Eutr.
2887 5135 2902 5196 )

1950 5397 3051 5421 ψ
