3854 6228
141 315 216 372 Iit
1245 355 1248 357 .
1415 304 1663 359 PROLEG

1749 303 1924 357 lENA.
3170 301 3271 357 142

147 427 3273 463 ..___..—__h__—————--——-——————-———-—-——-——q-——-———

1045 535 1641 623 PREFATIO
1713 530 2280 621 SIRMONDI

978 701 1058 761 In
1105 698 1427 760 historiam
1489 694 1839 758 Vandalica
1883 695 2349 783 persecutionis.

187 949 220 1003 l.
266 947 392 1002 Inter
418 948 717 1002 innumeras
759 944 869 1000 fere
915 943 1164 998 barbaras
1214 946 1458 998 nationes
1507 954 1624 1009 qua
1650 942 1699 999 Α
1730 947 1813 991 est
1838 953 1938 1006 pro
1958 939 2050 993 Dei
2094 954 2253 994 causa
2276 943 2572 1011 decertare,
2603 953 2692 998 aut
2723 960 2819 1014 pro
2844 961 2980 1004 vera
3015 949 3136 1010 ﬁdei
3175 952 3269 1009 de-

133 1039 304 1092 labente
324 1037 512 1091 saeculo
539 1043 726 1106 quarto
749 1043 840 1089 aut
865 1035 1052 1105 quinto
1078 1036 1313 1100 ineunte,
1346 1035 1398 1087 in
1433 1033 1626 1086 Roma-
1729 1025 1972 1083 fensione
2005 1041 2321 1098 pugnantem
2346 1031 2556 1093 fortiter
2577 1037 2891 1092 occumbere
2921 1054 2938 1104 ;
2967 1054 3065 1096 nec
3089 1041 3269 1106 feren-

134 1141 232 1180 num
263 1126 454 1192 orbem,
486 1139 549 1179 ac
579 1125 908 1191 potissimum
935 1126 986 1178 in
1015 1124 1226 1193 imperii
1272 1121 1625 1178 Occidentalis
1725 1114 1848 1168 dum
1887 1126 1968 1171 est
2007 1127 2064 1172 ut
2089 1119 2278 1173 minori
2312 1120 2430 1175 loco
2473 1123 2611 1192 apud
2646 1123 2993 1193 Christianos,
3041 1130 3132 1197 qui
3170 1147 3270 1200 pro

135 1215 384 1282 provincias
408 1213 746 1279 inundarunt,
781 1214 920 1267 nulla
959 1229 1089 1269 sane
1116 1213 1472 1268 Vandalorum
1499 1227 1628 1281 gen-
1725 1205 1917 1261 Christi
1961 1207 2063 1263 ﬁde
2121 1211 2496 1279 propttgnanda
2547 1213 2886 1270 decertarunt
2931 1218 3268 1284 habeantur.

135 1315 216 1358 tem
241 1304 420 1358 satvan
443 1313 495 1357 et
522 1303 906 1358 inhumanitate
927 1303 1208 1374 superavit.
1247 1302 1301 1358 ld
1340 1302 1628 1371 praedicant
1726 1310 1881 1362 quam
1919 1297 2006 1366 qui
2036 1312 2131 1367 pro
2160 1309 2367 1355 terreno
2393 1316 2575 1370 regno,
2617 1313 2710 1358 aut
2769 1306 3130 1376 adipiscendo,
3178 1318 3272 1362 aut

133 1407 274 1452 vetera
307 1412 522 1466 quaque
575 1398 790 1452 istorum
841 1407 1132 1464 temporum
1183 1411 1300 1466 qua
1348 1403 1630 1465 supersunt
1726 1387 1942 1450 tuendo,
1980 1402 2132 1442 curas
2170 1404 2293 1444 suas
2322 1405 2504 1446 omnes
2531 1395 2817 1461 posuerint.

135 1499 447 1551 monumenta,
486 1497 667 1558 atque,
697 1499 756 1542 ut
796 1489 861 1543 de
905 1490 1064 1544 rebus
1091 1489 1422 1558 potissimum
1466 1485 1628 1540 eccle-

1795 1475 1855 1530 ΙΙ.
1881 1477 2039 1531 Nobis
2061 1479 2234 1547 itaque
2262 1480 2314 1533 in
2338 1481 2439 1537 hoc
2463 1483 2714 1551 opusculo
2744 1487 3064 1554 propositum
3095 1489 3266 1543 estde

134 1577 320 1633 δίηειίείε
341 1578 542 1648 loquar,
589 1578 730 1633 Fas“
759 1579 916 1643 καί,
940 1580 1029 1647 φη
1065 1577 1184 1632 cum
1215 1579 1298 1631 vix
1342 1591 1501 1630 unum
1536 1584 1628 1630 ειη
1724 1564 1991 1633 praeclaris
2016 1567 2120 1620 illis
2135 1567 2260 1620 viris
2284 1569 2616 1636 potissimum
2634 1587 2791 1643 agere
2817 1575 2908 1644 qtti
2934 1577 2987 1631 in
3004 1577 3269 1633 Vandaloc

133 1669 312 1722 alterum
341 1678 617 1738 martyrem
647 1670 747 1725 sub
789 1669 906 1723 aliis
935 1667 1178 1723 Barbaris
1219 1681 1429 1735 passum
1481 1681 1626 1718 com-

1745 1669 1860 1718 tum,
1875 1657 2044 1723 gentis
2061 1656 2372 1710 Arianorum
2385 1660 2650 1715 erroribus
2670 1662 3063 1730 addictissimre,
3089 1681 3267 1735 perse-

136 1768 399 1821 ntentorent,
431 1757 730 1825 complures
755 1758 930 1819 simul,
962 1768 1016 1819 et
1061 1757 1270 1824 quidem
1300 1756 1621 1823 frequenter,

1740 1743 2023 1797 :utionibus
2048 1744 2320 1814 exagitati,
2349 1747 2617 1802 autefl‘uso
2636 1753 2888 1819 sanguine
2916 1756 3148 1824 martyrii
3171 1772 3262 1811 co-

137 1844 212 1896 ευι)
236 1843 565 1899 γεηάειοτυιη
607 1828 942 1914 gravissimi;
974 1843 1425 1914 ρθτεεουηοηίδιιε
1467 1856 1642 1912 οοειι-.
1722 1847 1904 1886 ronam
1934 1833 2108 1903 adepti
2135 1843 2279 1903 sunt,
2305 1847 2395 1891 aut
2417 1838 2600 1893 saltem
2620 1840 2784 1910 gloria
2799 1844 3146 1902 confessionis
3168 1863 3266 1917 pru

136 1939 278 1995 bnisse
299 1942 792 2009 passim‘testantur.
838 1942 893 1995 ln
937 1941 1187 1996 Vandalis
1212 1940 1406 2010 quippe
1450 1919 1648 1992 nativa-

1741 1923 1911 1974 ,uenda
1942 1922 2140 1977 Christi
2180 1923 2386 1978 Domini
2423 1925 2693 1993 divinitate
2721 1931 3039 1986 claruerunt.
3072 1936 3263 1990 Verum

141 2026 302 2093 feritas,
325 2028 582 2085 haereseos
611 2030 829 2099 perﬁdia
855 2031 1124 2098 gentilium
1164 2027 1622 2097 superstitionibus

1741 2025 1837 2063 :um
1867 2011 2034 2065 civilis
2064 2020 2116 2066 et
2144 2013 2498 2068 ecclesiastica
2535 2016 2754 2072 historia
2780 2019 2852 2073 ita
2897 2034 3016 2076 sese
3043 2022 3263 2079 invicem

133 2119 355 2183 permista,
402 2121 716 2175 insatiabilis
764 2120 1024 2187 rapacitas
1049 2159 1065 2184 ,
1109 2119 1314 2186 aliaque
1364 2115 1619 2185 ejusmodi
1721 2099 1984 2190 ἓάὶυνεηιν
2013 2111 2072 2154 ιιι
2095 2101 2182 2154 νῖέ
2202 2103 2268 2156 (Ιθ
2308 2119 2408 2159 υη²
2437 2105 2629 2174 θλίψιῖά
2653 2109 2769 2163 Sine
2788 2110 3005 2168 alteri!!!
3030 2114 3265 2190 subsidio

135 2208 232 2259 sitia
258 2208 317 2261 ita
343 2209 742 2273 concurrebant,
775 2217 833 2263 ut
873 2207 1013 2261 nulla
1038 2207 1174 2276 apud
1221 2221 1312 2260 eos
1355 2212 1494 2259 esset
1532 2211 1621 2256 aut
1720 2188 1820 2242 diei
1849 2189 2032 2257 Ροεείίι
2065 2190 2218 2244 ηοωε
2244 2191 2468 2248 δυδίηάθ
2491 2198 2777 2252 “mm”
2800 2188 3263 2260 “lcumbndei'm‘

132 2308 258 2348 serus
277 2297 588 2362 infirmioris,
620 2307 710 2352 aut
746 2295 1104 2351 imbecillioris
1146 2297 1316 2348 aetatis
1345 2292 1622 2353 commise-
1653 2283 1654 2287 “

1737 2278 1854 2343 aerii
1892 2278 2335 2337 vicissitudinibus
2361 2297 2422 2337 ac
2446 2284 2513 2339 de
2545 2287 2646 2342 illis
2671 2289 2992 2359 principibus
3020 2296 3107 2363 qui
3138 2305 3259 2352 tunc

133 2385 262 2449 mia,
305 2387 435 2440 nulla
486 2401 610 2457 erga
638 2402 726 2440 res
778 2394 870 2441 ,ιη
908 2399 1160 2454 personas
1211 2397 1389 2437 sacras
1417 2382 1619 2448 religio.
1722 2370 1972 2436 temporis
2000 2371 2342 2440 imperarunt,
2372 2373 2459 2430 vel
2481 2375 2711 2432 breviter
2738 2393 2932 2447 agere:
2959 2390 3066 2437 tum
3083 2393 3142 2439 ut
3161 2401 3261 2441 una

130 2472 290 2527 Verum
323 2474 622 2529 barbaricus
667 2476 765 2528 iste
800 2474 965 2539 furor,
997 2475 1084 2543 qui
1128 2474 1321 2527 multos
1366 2482 1625 2540 martyres

1737 2472 1942 2526 iureque
1961 2474 2048 2514 res
2078 2475 2176 2514 suo
2202 2461 2322 2516 loco
2362 2477 2426 2518 ac
2467 2473 2704 2535 tempore
2747 2469 2968 2538 dicatur,
3002 2483 3108 2527 tum
3138 2480 3259 2547 quia

127 2565 238 2618 cuan
259 2565 434 2630 intulit,
463 2566 601 2619 idem
633 2566 746 2632 ipse
777 2564 827 2617 in
856 2579 1011 2619 causa
1052 2574 1132 2617 est
1154 2579 1247 2617 cur
1275 2563 1403 2616 nihil
1436 2562 1624 2616 feredc
1721 2549 1901 2601 ("Wes
1927 2548 2184 2616 θὲιιθηιοάί
2207 2551 2612 2620 νῖείδθίῑυάίηθεν
2652 2573 2771 2625 qua!
2802 2560 3150 2619 va“ditiorum
3189 2568 3262 2621 ir-

127 2650 278 2728 iisdetn
300 2653 608 2722 martyribus
649 2663 854 2705 certum
903 2652 1228 2716 habeamus;
1270 2651 1460 2718 quippe
1503 2665 1621 2704 cum

1737 2638 2050 2703 -uptionibus
2075 2641 2405 2696 occasionem
2433 2648 2726 2712 praebuere,
2765 2650 2935 2705 locum
2967 2654 3126 2708 etiam
3167 2657 3259 2712 de-

123 2725 260 2805 tem;
285 2741 477 2812 ﬂamma
507 2751 665 2809 atque
687 2740 882 2808 rapinis
909 2741 1082 2794 omnia
1112 2748 1395 2804 vastarent,
1426 2739 1621 2792 nullam
1721 2725 1892 2780 derint
1917 2728 2208 2786 excitandis
2234 2733 2350 2784 istis
2389 2737 2839 2800 persecutionibus
2861 2779 2876 2804 ,
2913 2757 3040 2811 quas
3063 2745 3258 2800 descri—

121 2829 182 2882 de
205 2832 334 2886 rebus
367 2833 474 2887 suis
512 2831 797 2897 scribendi,
830 2833 935 2886 imo
972 2847 1039 2886 ne
1085 2831 1374 2900 respirandi
1413 2831 1620 2899 quidem

1735 2816 1917 2870 sentias
1944 2826 1998 2872 et
2022 2832 2116 2886 pro
2132 2818 2346 2875 ‘modulo
2362 2822 2692 2880 illustrandas
2706 2830 3056 2898 aggredimur.
3095 2835 3257 2889 Com-

123 2919 378 2977 facultateut
405 2921 772 2991 relinquebant
792 2922 857 2976 iis
884 2921 974 2992 qui
1005 2936 1071 2976 ex
1123 2923 1226 2974 illis
1253 2920 1497 2988 procellis
1540 2935 1622 2974 re-
1721 2904 1966 2972 plectitur
2012 2914 2186 2962 autem
2240 2908 2354 2963 hinc
2408 2911 2629 2966 ¹¹ῖ³ί⁰τί³
2675 2924 2839 2969 “llum
2883 2919 3010 2973 illud
3052 2931 3258 2993 tempus

123 3007 228 3074 liqui
247 3018 403 3063 erant.
434 3009 536 3064 Sed
567 3011 670 3064 etsi
691 3011 778 3078 qui
799 3009 932 3063 forte
959 3008 1129 3077 aliqua
1166 3011 1217 3063 in
1247 3009 1446 3063 litteras
1475 3016 1619 3062 retu-
1720 2993 1858 3060 quod
1880 3008 1910 3047 ει
1933 2994 2102 3062 prima
2118 2995 2469 3051 Vandalorum
2499 3000 2550 3052 in
2579 3001 2774 3056 Gallias
2804 3007 3148 3074 impressione
3178 3014 3257 3068 et-

121 3089 267 3163 teriut,
290 3099 392 3151 inec
409 3097 586 3150 omnia
613 3097 665 3149 in
693 3097 807 3150 istis
837 3098 1164 3162 tumultibus,
1194 3107 1245 3150 et
1275 3097 1481 3150 urbium
1503 3112 1617 3164 pro-

1735 3082 1886 3146 iuxit,
1919 3099 2083 3152 usque
2124 3086 2189 3138 ad
2215 3088 2535 3143 exstinctum
2558 3101 2740 3146 eorum
2783 3094 2836 3148 in
2873 3097 3047 3152 Africa
3092 3101 3257 3169 impe-

119 3184 468 3254 τίηοεπηιηηιιθ
506 3184 868 3254 frequentibus
911 3185 1134 3238 excidiis
1195 3187 1479 3253 petieram.
1519 3186 1636 3251 Qui,
1718 3173 1872 3237 rium,
1903 3173 2061 3226 idest
2097 3189 2263 3226 annos
2291 3175 2498 3231 circiter
2539 3192 2746 3235 centum
2779 3184 2957 3253 viginti
3003 3197 3060 3243 et
3094 3201 3251 3255 octo;

117 3284 226 3324 vero
248 3281 410 3341 postea
434 3274 501 3328 de
531 3273 690 3328 rebus
725 3273 840 3326 istis
874 3275 1281 3327 commentarios
1320 3274 1614 3338 ediderunt,

1733 3260 1974 3328 tiquidem
2004 3278 2140 3315 anno
2164 3262 2264 3317 406
2288 3261 2499 3318 Vandali
2529 3283 2596 3320 ex
2629 3275 2791 3336 patria
2820 3289 2911 3326 sua
2938 3277 3105 3342 eﬂ'usi,
3139 3293 3255 3348 post

115 3363 295 3429 negotia
334 3362 506 3417 civilia
555 3369 807 3426 tractare,
855 3371 944 3415 aut
970 3363 1328 3430 expeditiones
1367 3364 1619 3416 militares

1730 3354 1888 3405 varias
1916 3353 2148 3407 fortunas
2183 3369 2346 3422 usque
2373 3357 2437 3408 ad
2467 3371 2660 3411 annum
2688 3361 2877 3415 Christi
2897 3365 2998 3418 554
3024 3368 3252 3424 Africam

115 3449 469 3515 commendare,
533 3464 692 3519 quam
726 3451 792 3504 de
843 3452 1124 3520 Martyrum
1170 3452 1447 3522 triumphis
1498 3454 1616 3506 data
1718 3445 2011 3508 obtinuere,
2042 3461 2145 3513 quo
2176 3447 2382 3499 tandem
2419 3463 2554 3502 anno
2579 3451 2675 3503 sub
2701 3450 2994 3506 Justiniano
3022 3455 3254 3525 Augusto

119 3552 255 3605 opera
278 3539 532 3596 disserere
561 3543 881 3604 maluerunt,
910 3543 987 3596 uti
1022 3542 1088 3595 de
1109 3542 1364 3612 Ριιορορίο
1401 3543 1618 3612 aliisque
1656 3606 1687 3612 _
1721 3533 1970 3588 Belisario
1999 3537 2130 3588 duce
2173 3537 2303 3603 pulsi
2335 3546 2474 3589 sunt.
2510 3539 2647 3592 Duas
2677 3543 2937 3596 autem-in
2970 3556 3141 3612 partes
3176 3559 3254 3602 to-

115 3627 350 3681 ttonnullis
373 3629 670 3682 auctoribus
700 3637 860 3696 patet,
892 3643 1112 3696 quorum
1141 3606 1297 3697 opera
1321 3630 1386 3683 ad
1413 3646 1508 3684 nos
1535 3606 1617 3683 us-
1644 3606 1688 3666 (ἶ
1722 3632 1828 3675 tum
1857 3624 1992 3676 hunc
2022 3625 2252 3678 libellum
2282 3627 2577 3680 tribuimus.
2608 3628 2757 3682 Prior
2787 3606 3006 3685 Victoris
3028 3634 3256 3693 Vitensis

113 3729 200 3776 que
224 3725 584 3783 ρεηεηει-υηι,
605 3717 776 3772 unum
798 3717 1049 3772 habemus
1085 3718 1183 3771 hoc
1211 3721 1278 3773 de
1313 3730 1620 3788 argumento
1721 3729 1849 3780 opus
1878 3716 2140 3782 egregium
2168 3731 2285 3768 cum
2324 3719 2484 3770 variis
2509 3720 2776 3773 codicibus
2812 3733 3051 3779 accurate
3096 3710 3269 3782 colla-ﬁ

111 3803 313 3859 Victoris
349 3807 575 3861 Vitensis
601 3822 818 3861 aureum
841 3809 994 3876 plane
1019 3809 1324 3877 Opusculum
1353 3810 1418 3863 de
1445 3824 1620 3876 perse.
1722 3817 1828 3857 tum
1854 3849 1867 3867 ,
1919 3808 2123 3870 aliaque
2177 3809 2424 3861 nonnulla
2477 3821 2809 3864 monumenta
2857 3816 3251 3882 complectitur,

110 3894 695 3957 cutioneAiricana.sub
715 3896 999 3955 Genserico
1025 3907 1075 3950 et
1102 3898 1355 3949 llunerico
1373 3898 1615 3950 excitata:
1719 3909 1835 3961 quae
1889 3896 2322 3963 subsequentibus
2369 3899 2508 3950 notis
2547 3908 2599 3952 et
2642 3899 3092 3960 observationibus
3130 3907 3251 3960 illu-

110 3996 378 4050 qnanquam
404 3993 456 4039 et
484 3986 597 4053 ipse
624 4000 786 4052 pauca
817 4000 881 4038 ex
927 3985 1126 4045 multis,
1157 3999 1325 4051 neque
1369 3984 1482 4050 ipse
1513 3984 1617 4035 dis-
1717 3989 1886 4031 strare
1910 3983 2081 4033 conati
2104 3997 2304 4035 sumus.
2331 3986 2506 4037 Altera
2552 3999 2677 4037 vero
2706 4002 2826 4052 pars
2869 3991 3135 4045 historiam
3172 3998 3252 4048 td-

111 4071 515 4139 simuht,refer{’
549 4083 729 4139 υιροιθ
756 4074 844 4140 qui
875 4074 1224 4125 narrationem
1252 4087 1397 4125 suam
1423 4073 1487 4125 ad
1531 4088 1616 4126 δο-
1719 4078 1821 4118 tam
1878 4069 2030 4134 hujus
2080 4071 2458 4135 persecutionis
2502 4071 2568 4123 ita
2621 4076 2953 4129 continenter
2998 4081 3249 4147 scriptam

111 4162 194 4212 tam
215 4163 438 4218 Africam
477 4172 732 4227 coarctat,
764 4165 1001 4231 quamvis
1028 4164 1090 4214 ad
1121 4163 1272 4232 longe
1294 4164 1468 4232 plures
1498 4179 1618 4232 pro-
1716 4157 1952 4219 exhibet,
1983 4167 2038 4210 ut
2077 4159 2332 4210 interdum
2366 4161 2609 4213 nonnulla
2643 4161 3024 4219 ittterserantur
3069 4179 3248 4226 vetera

111 4250 301 4312 \incias.
328 4261 382 4305 et
428 4251 678 4304 tredecim
720 4251 935 4304 omnino
961 4260 1245 4318 computat,
1299 4254 1617 4319 persecutio-
1717 4247 2043 4312 scripta,scd
2095 4263 2212 4315 qua:
2251 4246 2476 4300 historia:
2520 4247 2661 4301 ﬁlum
2679 4251 2920 4321 ~priuime
2965 4255 3247 4314 interrum-

109 4354 207 4392 nem
241 4340 506 4395 Genserici
533 4341 830 4406 pervasisse
860 4341 1100 4395 fateatur.
1128 4342 1224 4395 Vix
1264 4352 1435 4396 tamen
1463 4341 1616 4409 quid-
1718 4345 1861 4400 Ριιυιο

107 4441 237 4493 qmm
262 4427 402 4481 διευς]
421 4443 485 4481 ει
506 4428 569 4481 iis
589 4429 768 4493 rebus,
789 4439 979 4496 praue:
998 4444 1057 4483 ea
1073 4445 1187 4496 qua:
1203 4431 1382 4483 abislo
1403 4442 1617 4484 auclore
1788 4422 1869 4474 ili.
1907 4414 2132 4474 Primum
2163 4423 2336 4491 itaque
2365 4427 2414 4477 in
2460 4428 2619 4491 priori
2659 4438 2806 4496 parte
2847 4430 3016 4482 locum
3048 4434 3249 4490 obtinet

109 4516 407 4580 referuntur,
437 4519 634 4571 rescire
663 4519 813 4570 nobis
853 4519 990 4572 licet.
1021 4518 1213 4572 Verum
1253 4528 1307 4574 et
1352 4521 1403 4573 id
1446 4521 1614 4586 ipsum

1724 4510 1941 4562 Victoris
1972 4511 2194 4564 Vitensis
2221 4514 2448 4581 episcopi
2472 4515 2535 4568 de
2558 4515 2926 4572 Persecutione
2967 4520 3246 4581 Vandalica

108 4608 264 4673 operi;
291 4609 409 4676 ejus
445 4609 669 4676 pretium
697 4617 871 4676 auget,
908 4604 1242 4676 nostramque
1272 4613 1500 4663 excitare
1539 4611 1616 4662 di-
1716 4601 2042 4667 Opusculum,
2071 4618 2173 4667 quo
2204 4604 2398 4656 nullum
2431 4605 2536 4657 fere
2573 4607 2825 4658 iilustrius
2867 4609 2914 4659 in
2964 4617 3069 4662 tota
3108 4614 3244 4664 anti-

107 4694 353 4762 ligemiam
397 4697 553 4751 debet
578 4697 642 4749 ad
674 4711 847 4750 sacras
875 4696 990 4749 illas
1024 4697 1301 4750 sanctioris
1341 4699 1616 4766 antiquita-
1717 4693 1910 4756 quitnte
1941 4702 2350 4754 monumentum,
2391 4695 2627 4748 utiliusve
2679 4706 2768 4747 aut
2795 4696 3077 4763 efficacius,
3133 4710 3242 4754 tum

105 4785 158 4835 lis
179 4787 420 4854 reliquias
447 4785 786 4854 colligendas,
820 4800 934 4852 quat
970 4800 1074 4853 quo
1104 4789 1360 4850 rariores,
1406 4802 1468 4840 eo
1498 4802 1614 4854 pre-
1716 4781 1777 4831 ad
1806 4779 2225 4831 inﬁarnmamlum
2264 4784 2311 4834 in
2364 4784 2589 4835 ﬁdelium
2640 4786 2932 4849 pectoribus
2967 4795 3020 4839 et
3057 4790 3246 4845 animis

105 4873 315 4929 tiosiores
355 4876 566 4928 censeri
604 4874 818 4928 debent.
849 4875 1151 4943 Quanquam
1185 4876 1350 4943 pudor
1386 4887 1467 4929 est
1496 4891 1614 4941 pro—
1639 4935 1684 4943 _
1715 4869 2026 4921 Christiana:
2055 4870 2319 4938 religionis
2348 4875 2572 4926 studium
2614 4887 2674 4924 ac
2721 4872 3007 4937 icrvorem,
3042 4886 3146 4929 tum
3177 4881 3245 4934 ad

103 4963 226 5016 ianos
249 4971 497 5016 auctores
526 4963 658 5014 adeo
683 4963 932 5016 sollicitos
956 4979 1017 5017 ac
1031 4965 1306 5031 diligentes
1331 4968 1384 5018 in
1415 4966 1611 5020 bellicis
1638 4935 1693 4995 D
1717 4946 2068 5013 cuitﬁrtiianda
2107 4974 2270 5013 sacra:
2300 4963 2548 5015 doctrinae
2577 4962 2816 5031 dogmata
2837 5006 2851 5027 ,
2888 4975 2993 5019 tum
3022 4969 3246 5035 denique

103 5051 248 5112 rebus,
268 5051 640 5117 praeclarisque
670 5052 881 5104 heroum
910 5067 1119 5105 suorum
1141 5053 1457 5107 facinoribus
1471 5071 1613 5108 cum-
1715 5049 1778 5100 ad
1812 5049 2152 5100 revincendos
2183 5047 2478 5115 haereticos,
2507 5061 2609 5104 tam
2639 5061 2843 5106 veteres
2890 5069 3041 5122 quam
3065 5071 3244 5110 recen-

103 5139 434 5194 memorandis
457 5138 650 5201 fuisse;
671 5150 877 5192 nostros
904 5157 1028 5194 vero
1051 5143 1179 5197 adeo
1206 5144 1432 5196 incurios
1451 5158 1612 5196 ncne.
1722 5141 1898 5189 tiorts.
1926 5136 2054 5188 liinc
2075 5145 2155 5189 est
2179 5138 2316 5204 quod
2336 5140 2419 5190 ubi
2450 5140 2668 5205 primum
2697 5140 2866 5194 lucem
2893 5145 3115 5212 aspexit,
3146 5158 3245 5210 op-

101 5230 707 5299 gl'gcntesinsauctorum
726 5231 984 5296 praeclaris
1013 5246 1105 5299 pro
1129 5233 1229 5286 ﬁde
1244 5235 1614 5287 certaminibus
1720 5236 1995 5293 parturiunt
2029 5226 2283 5292 imprimis
2307 5229 2469 5280 visum
2502 5239 2583 5282 est
2606 5230 2669 5282 ad
2700 5232 3048 5284 retundendas
3087 5248 3243 5284 nova-

103 5321 361 5382 posterilali
394 5317 738 5373 mandandis:
778 5319 963 5385 quibus
1004 5331 1178 5374 [amen
1202 5324 1327 5375 nihil
1351 5322 1613 5375 efﬁcacius
1719 5324 1887 5367 torum
1914 5314 2226 5380 calumnias,
2251 5317 2338 5384 qui
2377 5317 2645 5371 catholica:
2682 5320 2926 5373 Ecclesia:
2956 5319 3244 5374 doctrinam

101 5420 163 5464 est
187 5409 244 5462 ad
267 5407 672 5464 accendendum
698 5405 749 5478 ip
773 5407 920 5459 nobis
938 5408 1100 5462 divini
1123 5411 1316 5464 amoris
1332 5409 1610 5464 fervorem.
1721 5403 1966 5455 novitatis
1998 5405 2209 5459 nomine
2240 5405 2668 5460 criminabantur.
2695 5397 2768 5460 'ln
2799 5408 2896 5459 hoc
2921 5408 3058 5460 enim
3087 5422 3244 5477 opera

105 5495 154 5548 Et
175 5502 373 5567 quidem
403 5499 448 5552 si
478 5497 638 5550 dulce
675 5502 730 5547 et
776 5495 1021 5550 decorum
1050 5507 1129 5551 est
1156 5514 1249 5566 pro
1293 5498 1474 5565 patria:
1527 5510 1616 5549 aut
1720 5492 1993 5544 laudantur
2017 5492 2274 5547 incruenti
2299 5495 2538 5548 sacriﬁcii
2562 5497 2731 5550 divina
2761 5499 3002 5563 mySIeria
3033 5506 3085 5550 et
3108 5501 3265 5563 sacri.

103 5575 368 5655 tripulilic'e
413 5601 576 5642 causa
622 5584 776 5649 mori,
818 5585 964 5653 longe
993 5587 1171 5654 majori
1201 5587 1352 5641 laude
1405 5587 1612 5652 dignum
1648 5644 1653 5652 _
1722 5585 1888 5647 ritus;
1921 5582 2002 5636 hic
2034 5583 2266 5637 intenire
2295 5585 2410 5639 licet
2434 5588 2664 5653 Corporis
2688 5596 2738 5639 et
2765 5586 3027 5654 sanguinis
3051 5584 3245 5642 Christi
