3854 6228
559 300 656 358 H3

1856 295 2094 352 VICTOR
2130 294 2454 351 ‘VITFNSIS.

3660 297 3742 353 ist

557 419 962 474 sacramentum,
993 408 1312 478 ptenitcntiac
1357 421 1553 462 munus
1581 416 1637 462 ct
1662 406 2107 461 reconciliationis
2137 408 2182 464 Α
2210 405 2377 471 Quam
2403 405 2613 473 quidem
2641 405 2738 459 viii
2769 406 2960 459 cruditi
2981 406 3320 472 sententiam,
3347 421 3450 461 non
3471 409 3628 461 modo
3646 427 3742 463 ani-

557 501 931 570 indulgcntiam
966 499 1296 554 sacerdotum
1325 498 1621 556 ministerio
1659 511 1994 560 concessam,
2037 494 2104 547 ad

556 605 689 659 quos
711 599 922 658 peccata
949 590 1153 643 solvere
1173 604 1238 642 ex
1265 588 1459 641 Christi
1493 586 1824 641 institutione
1842 583 2101 654 pertinet:

558 681 644 734 h'c
681 678 1006 746 baptismatis
1048 678 1220 732 unitas
1261 676 1497 730 maxime
1538 673 1963 737 commendatur,
2022 672 2108 726 hic

558 770 714 824 fontis
740 768 1064 836 baptismalis
1094 781 1258 821 sacrm
1289 765 1692 820 benedictioues
1730 764 1974 831 laudatae,
2019 778 2106 817 so-

557 859 762 913 lenmes
785 858 916 912 ritus
937 856 989 909 in
1020 857 1388 910 defunctorum
1418 855 1650 909 fidelium
1679 852 1949 921 exsequiis
2002 850 2108 905 usi.

557 951 649 1004 tati
687 958 1060 1005 memorantur.
1117 946 1356 1001 Basilica:
1403 946 1459 999 in
1504 953 1809 999 sanctorum
1850 943 2106 996 honorem

553 1043 667 1095 Deo
696 1048 1036 1098 consecratae,
1062 1035 1365 1090 sanctnr‘um
1394 1035 1448 1088 in
1483 1035 1633 1090 cmlis
1661 1031 1997 1102 regnantium
2025 1031 2108 1084 in.

555 1129 786 1194 vacatio,
810 1127 1061 1180 Romana:
1093 1125 1344 1179 Ecclesiae
1389 1123 1667 1193 primatus,
1717 1121 1947 1190 virgines
1998 1119 2109 1175 Deo

558 1233 746 1284 sacrae,
775 1216 982 1283 aliaque
1007 1214 1264 1282 ejusmodi
1307 1213 1444 1267 bene
1486 1212 1649 1266 multa
1693 1212 1891 1281 passim
1920 1223 2110 1264 occur-

563 1319 720 1374 runt;
745 1323 864 1377 qua:
891 1322 956 1360 eo
980 1307 1211 1360 certiora
1238 1316 1360 1359 sunt
1391 1301 1693 1358 traditionis
1715 1305 1945 1371 antiquae
1971 1300 2112 1355 indl-

564 1401 664 1462 cia,
691 1396 829 1464 quod
860 1397 927 1451 ab
958 1398 1056 1449 isto
1083 1405 1296 1473 auctore
1322 1393 1464 1448 nulla
1492 1393 1611 1448 data
1631 1407 1811 1461 opera,
1842 1402 1896 1446 et
1913 1391 2114 1458 absque

566 1491 668 1542 ulla
696 1486 1041 1541 all'ectatiouis
1073 1484 1249 1554 specie
1289 1477 1491 1554 prolaia
1534 1483 1753 1538 fuerint.
1803 1480 1987 1536 Visum
2031 1487 2115 1535 est

567 1583 722 1633 etiam
743 1578 885 1649 idem
911 1591 1044 1646 opus
1067 1577 1238 1645 magni
1267 1573 1520 1638 momenti
1557 1574 1624 1629 ad
1669 1571 2111 1641 compescendum

568 1682 854 1737 eorumque
876 1668 1238 1721 hmreticorum
1263 1665 1524 1730 furorem;
1556 1665 1830 1732 proposito
1865 1663 2114 1728 exemplo

2207 495 2505 562 plectimur,
2536 496 2631 549 sed
2661 495 2794 551 adeo
2821 497 2980 550 certis
3018 505 3072 550 et
3100 497 3402 573 indubitatis
3433 501 3743 566 argumentis

2206 584 2527 654 prapugnari
2554 599 2712 654 posse
2737 599 3039 652 censemus,
3070 596 3127 640 ιιι
3157 587 3419 641 neminem
3448 588 3499 640 ei
3532 604 3744 655 unquam

2207 674 2259 727 in
2289 684 2554 740 posterum
2583 673 3104 742 esserefragaturum
3133 676 3472 730 arbitremur.
3519 677 3572 729 Id
3618 681 3744 731 enim

2207 763 2371 831 exigit
2391 776 2423 815 a
2452 764 2604 817 nobis
2629 767 2871 819 omnium
2897 765 3140 818 codicum
3171 780 3299 818 mss.
3334 767 3601 820 unanimis
3629 783 3745 820 con-

2206 866 2414 920 sensus,
2443 867 2668 922 quorum
2704 856 2770 908 ne
2798 869 2935 908 unus
2963 855 3194 924 quidem,
3244 871 3308 910 ex
3336 856 3406 913 iis
3451 857 3640 912 saltem
3669 860 3745 926 qui

2209 941 2468 998 hactenus
2490 943 2588 997 visi
2610 954 2756 1007 sunt,
2795 943 3062 999 Victorem
3114 945 3413 1001 Uticensem
3444 947 3601 1001 istius
3636 963 3748 1018 ονε-

2207 1033 2283 1086 ris
2301 1041 2570 1087 auctorem
2594 1034 2824 1102 praefert.
2854 1034 2964 1090 Nos
2984 1044 3209 1105 quatuor
3223 1040 3439 1092 omnino
3469 1038 3750 1092 invenimus

2208 1120 2479 1191 inquibus
2508 1122 2622 1178 haec
2650 1123 2877 1178 Historia
2910 1124 3137 1180 habetur
3171 1127 3402 1195 integra;
3445 1144 3510 1183 ex
3549 1130 3613 1182 iis
3655 1139 3748 1183 tres

2211 1211 2441 1266 Victoris
2464 1217 2644 1283 patria:
2698 1213 2915 1268 Vitensis
2959 1215 3193 1284 episcopi
3230 1230 3423 1270 nomen
3473 1217 3667 1271 diserte
3705 1228 3751 1271 et

2210 1317 2317 1356 non
2364 1301 2531 1357 semel
2584 1313 2988 1373 repraesentant,
3043 1304 3100 1358 in
3145 1313 3334 1373 quarto
3359 1313 3538 1360 autem
3585 1305 3750 1360 Victor

2209 1395 2491 1463 episcopus
2517 1393 2832 1463 simpliciter
2851 1393 3067 1462 dicitur,
3093 1394 3237 1449 nulla
3256 1394 3398 1449 sedis
3440 1396 3604 1463 ipsius
3633 1395 3750 1448 facta

2211 1485 2498 1540 mentione.
2529 1484 2624 1539 His
2643 1486 2908 1540 consentit
2932 1484 3102 1540 codex
3143 1499 3243 1538 ms.
3268 1478 3557 1539 earthusia:
3584 1485 3750 1539 Porta.

2209 1591 2350 1642 rum,
2381 1576 2626 1644 antiquus
2652 1585 2710 1630 et
2727 1577 2946 1643 optimae
2977 1585 3137 1640 notae,
3169 1575 3279 1644 qui,
3311 1585 3541 1631 testante
3557 1577 3751 1631 Chime-

2211 1665 2307 1729 tio,
2341 1664 2478 1719 hunc
2507 1664 2715 1719 titulum
2756 1666 3003 1733 prafert:
3031 1665 3283 1735 Prologus
3309 1666 3362 1720 in
3387 1665 3616 1720 Historia
3656 1683 3752 1733 μσς

571 1759 944 1823 Vandalorum,
977 1772 1043 1820 ne
1072 1758 1213 1826 ipsos
1243 1756 1401 1811 rebus
1431 1756 1599 1810 sacris
1629 1753 1889 1808 violandis
1920 1752 2113 1806 imitari
2144 1738 2189 1797 Β
2216 1755 2483 1809 secuticnis
2523 1754 2799 1824 Africane.
2847 1757 2982 1808 edita
3029 1771 3060 1809 rt
3110 1764 3285 1808 sancto
3343 1756 3553 1811 Victore
3594 1759 3753 1827 patria

566 1851 890 1904 viderentur.
925 1849 1082 1902 Certe
1109 1861 1172 1900 ea
1201 1846 1297 1900 fuit
1321 1858 1474 1898 mens
1499 1844 1636 1898 beati
1667 1843 1932 1904 Bhenani,
1969 1841 2120 1910 cujus

572 1954 734 2007 opera
759 1939 930 2006 primo
953 1937 1004 1989 in
1035 1939 1203 1989 lucem
1250 1933 1814 2002 prodiit:A[rieanam,
1854 1933 2020 2000 inquit
2067 1932 2120 1986 in

563 2029 932 2083 admonitione
984 2025 1202 2093 prmia,
1249 2021 1459 2075 Victoris
1503 2020 1786 2075 Historiam
1820 2021 1895 2074 rei
1925 2022 1979 2073 in
2023 2019 2120 2073 hoc

570 2120 834 2191 perlegisse
851 2117 1097 2189 proderit,
1143 2114 1280 2185 quod
1319 2116 1402 2167 vix
1429 2114 1575 2166 aliud
1595 2113 1877 2186 ascriptum
1918 2113 1984 2166 ad
2031 2113 2121 2166 de-

571 2211 856 2264 terrendum
876 2226 907 2262 a
933 2207 1190 2277 religionis
1209 2206 1352 2258 sectis
1385 2205 1450 2258 sit
1474 2204 1743 2274 efﬁcacius,
1772 2203 1904 2270 quod
1930 2203 2000 2256 ibi
2027 2203 2120 2257 sub

575 2301 748 2354 oculos
792 2308 1031 2370 ponatur,
1083 2313 1233 2365 quam
1274 2296 1386 2350 dira
1424 2304 1573 2361 atque
1608 2296 1822 2364 infanda
1841 2293 2121 2349 Christiani

572 2395 624 2446 in
655 2391 966 2446 Christianos
993 2389 1396 2460 perpetrauerint,
1447 2389 1567 2440 dum
1591 2388 1801 2440 Barbari
1828 2403 1920 2440 suo
1940 2389 1992 2439 in
2019 2387 2123 2440 Ro-

573 2499 746 2536 manos
761 2483 880 2535 odio
906 2497 1094 2534 morem
1124 2489 1366 2550 gerentes,
1389 2479 1649 2548 refigionis
1673 2487 1912 2545 pra'textu
1933 2477 1984 2529 in
2005 2477 2122 2530 ili'os

573 2558 800 2626 ambiunt.
851 2571 984 2624 illnc
1016 2579 1125 2623 tam
1164 2569 1463 2636 frequentes
1504 2567 1757 2636 deinceps
1813 2567 1960 2622 fuere
2007 2566 2122 2636 ejus

575 2663 850 2724 editiones,
900 2668 1007 2712 tum
1035 2661 1087 2714 in
1126 2657 1431 2723 Germania,
1463 2667 1572 2710 tum
1606 2658 1659 2710 in
1685 2655 1875 2722 Gallia,
1917 2657 1967 2710 in
2005 2656 2125 2726 qui-

576 2753 674 2803 lius
723 2749 1006 2818 provinciis
1058 2747 1422 2801 haereticorum
1465 2745 1610 2800 furor
1646 2747 1875 2800 maxime
1917 2756 2124 2815 grassa-

579 2843 745 2894 batur.

649 2927 735 2982 IV.
767 2929 928 2982 Porro
957 2927 1112 2995 hujus
1139 2927 1382 2982 Historiae
1419 2935 1691 2980 auctorem
1725 2925 1884 2980 fuisse
1927 2925 2128 2994 episco-

582 3036 700 3086 pum
723 3018 999 3086 quemdam
1023 3016 1349 3080 Africanum,
1389 3017 1600 3070 nomine
1630 3015 1919 3078 Victorem,
1951 3018 2124 3069 nuILus

584 3123 808 3174 unquam
855 3109 907 3162 in
938 3109 1150 3162 dubium
1187 3108 1482 3173 revocavit;
1513 3118 1566 3161 at
1603 3109 1670 3162 de
1717 3109 1834 3177 ejus
1868 3108 1994 3163 sede
2021 3123 2124 3162 non

581 3217 678 3250 ιιιιει
713 3200 808 3252 fuit
836 3199 1068 3252 omnium
1103 3201 1382 3254 sententia.
1431 3201 1572 3253 Libri
1615 3200 1809 3269 quippe
1856 3201 2004 3263 editi,
2037 3202 2125 3254 alii

584 3288 843 3342 Victorem
875 3289 1193 3353 Uticensem,
1223 3291 1311 3343 alii
1341 3289 1607 3344 Viteusem
1644 3292 1957 3358 preferunt;
1995 3305 2128 3358 pras-

530 3375 537 3380 ’
583 3379 804 3432 valuisse
831 3387 1002 3431 t-men
1028 3379 1319 3442 videbatur,
1349 3380 1508 3431 etiam
1537 3380 1672 3447 apud
1701 3379 1842 3431 viros
1870 3380 2126 3443 eruditos,

587 3481 766 3519 comm
795 3468 972 3532 opinio
999 3467 1088 3533 qui
1121 3467 1418 3520 Uticensem
1448 3467 1802 3533 appellahint.
1829 3481 1948 3520 cum
1981 3469 2128 3521 Utica

586 3557 769 3610 civitas
789 3556 1035 3608 omnibus
1062 3555 1382 3609 notioresset
1407 3569 1561 3621 quam
1585 3535 1835 3620 Vitensis,
1859 3570 2014 3622 quam
2039 3570 2131 3609 ne-

588 3663 674 3700 mo
727 3647 839 3701 fere
886 3661 1122 3700 noverat.
1182 3644 1372 3699 Verum
1417 3657 1598 3714 postea
1650 3661 1806 3713 quam
1843 3661 1907 3699 ex
1944 3649 2127 3699 notitia

587 3737 830 3791 Africana
853 3743 1178 3802 compertum
1206 3734 1302 3788 fuit
1327 3735 1584 3787 Victorem
1616 3734 1920 3804 episcopum
1950 3735 2132 3788 Viten-

587 3842 698 3881 sem
724 3825 1024 3883 Vandalicas
1076 3823 1458 3892 persecutionis
1498 3823 1820 3892 temporibus
1851 3825 1902 3877 in
1952 3825 2129 3879 Africa

589 3916 848 3979 floruisse,
887 3930 987 3983 qua
1033 3923 1342 3982 tempestate
1384 3913 1645 3967 Uticensis
1671 3915 1952 3984 episcopus
1976 3957 1991 3981 ,
2024 3931 2128 3970 non

588 4007 789 4072 Victor,
817 4005 908 4060 sed
936 4004 1270 4058 Florentinus
1309 4003 1609 4071 dicebatur,
1643 4013 1699 4055 ut
1726 4019 1788 4058 ex
1817 4006 1999 4059 eadem
2035 4021 2130 4059 no-

590 4096 699 4150 titia
737 4105 897 4164 patet,
930 4105 1053 4148 tunc
1095 4109 1249 4150 nemo
1293 4110 1396 4148 non
1426 4109 1676 4149 assensus
1714 4103 1796 4149 est
1844 4095 2128 4163 Victorem,

591 4188 822 4254 praeclari
856 4189 1008 4256 hujus
1031 4198 1297 4243 auctorem
1333 4190 1530 4256 operis,
1577 4188 1842 4242 Vitensem
1884 4204 2002 4243 esse
2037 4204 2130 4255 ap-

593 4278 910 4343 pellandum.
933 4278 1117 4344 Neque
1134 4278 1330 4331 dixeris
1348 4277 1654 4330 Florentino
1681 4277 1909 4330 Uticensi
1941 4279 1992 4330 in
2040 4293 2132 4331 ex-

2202 1845 2449 1912 ,l'iteusis
2473 1846 2730 1913 episcopo.
2762 1847 3016 1901 Eundem
3043 1857 3313 1902 auctorem
3343 1849 3631 1919 episcopum
3680 1847 3755 1900 Vi-

2220 1945 2429 1997 tensetn,
2460 1951 2561 1987 non
2593 1933 2876 1988 Uticensem
2903 1936 3088 1989 diserte
3106 1938 3358 2006 appellari
3379 1941 3434 1992 in
3460 1939 3643 1993 codice
3666 1954 3753 1992 ius.

2217 2027 2554 2083 bibliotheca:
2601 2029 2869 2084 Vaticana;
2919 2038 3101 2085 monet
3155 2031 3329 2086 Lucas
3371 2031 3670 2086 Holstenius
3712 2031 3756 2084 in

2219 2117 2596 2173 animadversis
2613 2117 2680 2172 ad
2706 2118 3134 2189 Martyrologium
3162 2118 3460 2173 Romanum
3497 2118 3564 2173 ad
3585 2119 3716 2174 diem
3732 2134 3756 2172 ι

2217 2209 2466 2264 calendas
2493 2209 2849 2279 Septembris.
2876 2209 3112 2278 Denique
3135 2209 3321 2264 beatus
3351 2208 3660 2270 Rhenanus,
3681 2207 3757 2273 qui

2220 2300 2421 2368 primus
2447 2313 2590 2353 anno
2612 2299 2750 2353 1555
2791 2300 2928 2354 hanc
2963 2298 3239 2352 historiam
3297 2298 3436 2368 typis
3477 2297 3756 2361 mandavit,

2220 2390 2362 2458 quod
2407 2405 2472 2445 ex
2493 2405 2598 2444 uno
2623 2392 2809 2445 saltem
2842 2405 2941 2444 ms.
2971 2390 3153 2444 codice
3178 2390 3370 2444 factum
3410 2389 3576 2442 fuisse
3607 2388 3758 2440 faten-

2221 2479 2347 2532 dum
2375 2489 2479 2544 est,
2511 2478 2709 2534 Victori
2739 2493 2856 2533 eam
2902 2479 3100 2533 Vitensi
3133 2478 3354 2542 tribuit;
3391 2477 3530 2546 quod
3563 2492 3687 2530 sane
3720 2478 3759 2528 ei

2223 2585 2328 2622 non
2356 2571 2665 2635 accidisset,
2693 2573 2736 2624 si
2761 2571 2904 2625 illius
2928 2573 3094 2626 codex
3122 2571 3385 2627 Uticensis
3409 2570 3693 2624 notissimae
3718 2569 3761 2621 in

2224 2659 2399 2712 Africa
2425 2659 2574 2714 urbis
2614 2661 2765 2714 titulo
2813 2659 2996 2714 luisset
3035 2659 3336 2729 insignitus.
3389 2659 3542 2713 Unde
3584 2658 3760 2711 inferre

2225 2747 2364 2804 licet.
2392 2748 2604 2802 codices
2646 2763 2714 2802 ex
2765 2749 2931 2813 Italia,
2964 2745 3245 2802 Germania
3279 2757 3334 2802 et
3372 2746 3542 2802 Gallia
3576 2748 3626 2800 in
3674 2747 3759 2798 hoc

2227 2852 2386 2890 unum
2413 2838 2740 2905 consentire,
2769 2849 2825 2892 ut
2861 2837 3040 2892 Victor
3089 2840 3190 2893 iste
3217 2837 3464 2902 Vitensis,
3513 2852 3618 2890 non
3664 2834 3761 2889 Uti-

2225 2925 2401 2980 censis
2423 2925 2650 2980 dicatur.

2297 3019 2359 3071 V.
2400 3019 2605 3072 Primus
2641 3019 2874 3072 omnium
2894 3017 2980 3086 qui
3009 3017 3274 3072 sincerum
3320 3015 3478 3086 hujus
3505 3016 3679 3086 operis
3708 3015 3762 3067 ιτ-

2229 3109 2393 3162 tulum
2411 3108 2664 3176 corrupit,
2691 3107 2899 3161 videtur
2928 3107 3091 3160 fuisse
3123 3105 3452 3161 Reinhardus
3482 3106 3760 3162 Lorichius.

2226 3197 2322 3252 llic
2351 3198 2543 3266 quippe
2581 3212 2721 3250 anno
2769 3198 2904 3252 1557
2933 3195 3169 3250 Coloniae
3205 3197 3446 3251 eamdem
3497 3196 3763 3249 liistoriam

2225 3289 2323 3342 sub
2369 3288 2582 3341 Victoris
2625 3289 2803 3354 patr-ite
2855 3287 3102 3342 Uticensis
3149 3289 3362 3341 nomine
3415 3285 3711 3356 evolgavit,
3739 3299 3764 3333 a

2227 3381 2471 3432 tinearum
2503 3379 2719 3447 injuria,
2749 3377 2931 3446 quibus
2959 3360 3134 3430 arrodi
3171 3378 3449 3437 ridebatur,
3481 3387 3536 3429 ut
3566 3375 3678 3444 ipse
3701 3373 3765 3426 lo-

2226 3469 2420 3536 quitur,
2449 3468 2785 3521 vindicatam.
2837 3467 2904 3520 Et
2930 3468 3170 3536 quamvis
3205 3482 3345 3521 anno
3379 3465 3507 3520 1541
3539 3462 3764 3519 Rhenani

2226 3558 2388 3611 editio
2414 3557 2628 3610 Parisiis
2646 3557 2784 3624 apud
2807 3554 3081 3611 Galeotum
3110 3557 3438 3623 Pratensem,
3466 3557 3656 3612 iterum
3679 3553 3766 3608 sub

2228 3644 2457 3700 Victoris
2487 3645 2718 3699 Vitensis
2753 3647 2966 3700 nomine
3005 3660 3187 3700 recusa
3229 3646 3421 3710 fuerit;
3450 3661 3572 3701 cum
3606 3657 3764 3700 tamen

2228 3734 2466 3801 ejusdem
2507 3735 2606 3787 hoc
2641 3734 2758 3802 ipso
2802 3749 2941 3788 anno
2975 3735 3141 3789 altera
3185 3735 3414 3804 Lorichii
3451 3737 3638 3803 editio,
3681 3733 3767 3789 sub

2231 3822 2458 3877 Victoris
2489 3823 2750 3878 Uticensis
2776 3823 3010 3889 nomine,
3045 3825 3240 3891 pariter
3266 3825 3400 3878 facta
3431 3826 3618 3881 fuisset
3637 3824 3767 3879 Basi-

2230 3914 2326 3968 lete
2366 3913 2503 3984 apud
2531 3914 2973 3978 Westhemerum,
3021 3914 3356 3983 placeretque
3397 3917 3604 3969 cunctis
3644 3913 3767 3969 bella

2229 3986 2340 4071 illa,
2369 4015 2427 4059 ut
2449 4004 2576 4073 ipsis
2605 4003 2901 4068 videbatur,
2931 4001 3226 4067 restitutio;
3256 4003 3380 4056 inde
3401 4001 3594 4056 factum
3623 4012 3701 4057 est
3721 4012 3768 4053 ut

2228 4095 2609 4164 subsequentes
2629 4095 2887 4148 editiones
2915 4108 3119 4157 omnes,
3147 4094 3257 4148 sive
3302 4093 3354 4146 in
3379 4093 3568 4158 Gallia,
3598 4094 3702 4147 sive
3723 4091 3767 4142 in

2231 4185 2533 4246 Germmia,
2558 4194 2649 4236 aut
2673 4185 2726 4236 in
2754 4185 2871 4238 aliis
2915 4185 3236 4252 regionibus,
3267 4183 3493 4237 Victoris
3523 4183 3768 4239 Uticensis

2232 4265 2423 4326 nomen
2457 4271 2801 4337 prmtulerint.
2844 4272 2928 4325 An
2957 4286 3082 4324 vero
3118 4272 3170 4325 id
3213 4273 3428 4340 pr0prio
3464 4282 3653 4340 marte,
3690 4279 3767 4323 aut

593 4365 712 4417 silio
736 4365 870 4430 apud
896 4364 1162 4417 Corsicam
1191 4365 1439 4418 defuncto
1484 4363 1745 4417 Victorem
1792 4364 1927 4418 forte
1972 4365 2133 4419 fuisse
2158 4377 2299 4456 Dex
2339 4361 2539 4415 codicis
2579 4361 2800 4427 alicujus
2843 4362 2966 4412 vitio
3009 4361 3060 4412 id
3115 4361 3438 4432 commiserit
3484 4361 3767 4419 Lorichius,

593 4453 959 4511 substitutum,
991 4452 1079 4514 qui
1129 4451 1265 4505 hanc
1306 4453 1577 4505 historiam
1627 4452 1983 4519 descripserit.
2019 4454 2136 4507 Ista:

596 4541 735 4593 enim
766 4554 924 4593 nterm
965 4548 1088 4592 sunt
1113 4540 1430 4608 conjectum
1460 4557 1576 4610 qua:
1604 4541 1841 4594 codicum
1888 4555 2014 4594 mss.
2046 4557 2136 4595 au-

596 4631 826 4684 ctoritati
874 4632 1154 4696 pra-valere
1199 4647 1522 4699 nequaquam
1581 4642 1818 4699 possunt,
1849 4634 2136 4701 praesertim

598 4737 714 4775 cum
745 4720 1006 4787 cpisciipis
1040 4731 1161 4774 tunc
1186 4721 1445 4775 defunctis
1475 4722 1645 4775 nullos
1683 4723 1814 4776 alios
1848 4723 1897 4776 in
1938 4723 2018 4776 his
2055 4732 2139 4775 tu-

597 4812 845 4866 multibus
891 4812 1049 4865 fuisse
1073 4811 1382 4866 substitutos
1407 4826 1651 4868 conSiare
1679 4813 1940 4868 videatur.
1973 4813 2138 4868 Porro

597 4904 684 4973 qui
720 4904 976 4956 Victorem
1019 4903 1314 4957 Uticensem
1338 4919 1433 4972 pro
1461 4903 1665 4958 Vitensi
1697 4905 2040 4970 intruserunt,
2085 4906 2134 4958 id

595 4995 974 5048 commiserunt
1025 5009 1088 5047 ex
1117 4997 1447 5063 ignoratione
1499 4997 1639 5049 sedis
1677 4995 1932 5063 Vitensis,
1989 4997 2137 5063 cujus

598 5086 714 5138 loco
744 5083 1038 5138 Uticensem
1069 5084 1168 5139 sibi
1210 5095 1386 5137 notam
1431 5085 1836 5150 sttbstituerunt,
1891 5088 2134 5139 mendum

599 5177 650 5227 in
685 5175 912 5243 antiquis
959 5175 1344 5242 exemplaribus
1396 5175 1675 5243 irrepsisse
1725 5180 2008 5245 suspicati;
2042 5179 2134 5231 sed

599 5266 782 5318 Cadent
815 5281 996 5318 vocum
1020 5265 1268 5318 afﬁnitate
1297 5282 1394 5332 qua
1449 5265 1580 5319 alios
1617 5266 1827 5320 delusos
1853 5268 2011 5323 fuisse
2031 5269 2141 5321 exi-

599 5357 897 5419 stimabant,
947 5371 1064 5409 scse
1113 5356 1206 5424 ipsi
1265 5356 1589 5408 deluscrunt.
1645 5357 1830 5412 Merito
1885 5361 2058 5425 itaque
2111 5373 2138 5411 a

605 5444 751 5495 Petro
783 5446 1057 5500 Fraucisco
1083 5445 1341 5498 (lliifilctio
1380 5445 1434 5498 S.
1468 5445 1516 5498 J.
1568 5447 1893 5516 presbytero,
1938 5449 2137 5502 Victori

606 5531 801 5586 Vitensi
832 5539 1094 5604 episcopo,
1125 5546 1370 5602 tanquam
1400 5547 1496 5585 suo
1525 5547 1650 5586 vero
1687 5549 1746 5588 ac
1777 5537 2008 5604 legitimo
2044 5552 2137 5588 au-

603 5621 757 5676 ctOri.
805 5623 1019 5674 Historia
1063 5623 1319 5677 Africana:
1351 5623 1729 5690 persecutionis
1759 5633 1994 5679 rcsttuta
2033 5635 2132 5680 est.

2238 4452 2366 4504 mihi
2398 4466 2526 4505 sane
2553 4452 2809 4504 incertum
2837 4459 2948 4503 est:
2973 4450 3213 4517 quamvis
3251 4450 3522 4518 probabile
3548 4452 3770 4505 videatur

2238 4542 2472 4595 codicem
2515 4542 2678 4609 ipsius
2725 4540 2929 4595 exteris
2969 4539 3191 4593 similem
3235 4541 3416 4604 fuisse,
3471 4540 3629 4608 idque
3665 4539 3772 4593 inde

2239 4632 2484 4698 conjicio,
2511 4631 2649 4699 quod
2692 4632 2831 4684 hunc
2875 4638 3143 4683 auctorem
3181 4629 3425 4682 Victorem
3466 4631 3646 4696 patric
3671 4627 3770 4681 Uti-

2237 4727 2394 4776 censis
2432 4723 2720 4788 episcopum
2754 4721 3001 4789 appellet,
3032 4729 3087 4774 ut
3125 4719 3304 4775 ceteri
3343 4728 3581 4774 nostrum
3619 4720 3772 4772 Victo-

2241 4828 2352 4866 rem
2400 4813 2577 4878 ραινίω
2623 4810 2854 4865 Vitensis.
2889 4811 2952 4864 Et
2972 4809 3183 4880 quidem
3227 4811 3404 4878 patric
3428 4825 3532 4864 vox
3571 4807 3771 4866 dioecesi

2242 4904 2396 4956 alicui
2422 4905 2635 4971 integra:
2671 4901 2856 4956 melius
2885 4916 3039 4970 quam
3071 4902 3184 4956 urbi
3221 4901 3581 4970 nobilissimas,
3617 4899 3772 4972 qualis

2242 5005 2354 5047 erat
2386 4994 2553 5056 Utica,
2575 5003 2873 5061 competere
2904 4994 3125 5048 videtur.
3153 4993 3416 5048 Victorem
3442 4994 3582 5048 enim
3609 4993 3772 5062 patriis

2249 5083 2468 5135 Vitensis
2495 5082 2798 5149 episcopum
2825 5083 3020 5137 dictum
3076 5083 3236 5138 fuisse
3271 5085 3420 5140 facile
3448 5084 3769 5139 crediderim.

2243 5175 2380 5242 quod
2424 5189 2540 5227 cum
2581 5175 2630 5224 in
2679 5174 2816 5227 illius
2845 5175 3058 5229 dioecesi
3092 5175 3230 5228 nulla
3269 5187 3411 5229 esset
3450 5173 3597 5236 urbs,
3631 5172 3773 5225 totius

2242 5266 2460 5331 alicujus
2503 5278 2673 5330 parvm
2707 5265 2932 5332 regionis
2962 5267 3240 5334 episcopus
3278 5265 3569 5320 dicebatur.
3607 5264 3692 5318 Sic
3730 5260 3771 5311 iit

2242 5354 2545 5408 Martnariz-a
2577 5354 2668 5407 toti
2693 5358 2972 5420 provinciae
2995 5372 3127 5410 unus
3157 5361 3433 5426 cpiscopus
3461 5366 3700 5425 praeerat,
3730 5355 3771 5403 in

2241 5461 2338 5514 qua
2369 5460 2485 5498 cum
2535 5461 2637 5497 non
2667 5457 2805 5498 eSsct
2844 5447 3025 5501 tivitas
3063 5449 3342 5501 admodum
3387 5449 3634 5508 celebris.
3671 5461 3772 5513 qum

2240 5543 2548 5588 exterarum
2572 5544 2726 5600 caput
2743 5549 2859 5589 esse
2881 5550 3192 5603 mereretur,
3217 5538 3496 5605 episcOpus
3522 5550 3660 5590 nunc
3680 5536 3769 5590 hit‘.

2241 5642 2378 5681 nunc
2410 5626 2512 5680 illic
2554 5625 2732 5679 sedem
2774 5625 2991 5694 habens,
3027 5632 3184 5682 totius
3231 5629 3460 5694 regi-uiis
3511 5629 3770 5694 episcopus
