3854 6228
154 316 235 372 με
1430 295 1943 353 mommsens.
2024 290 2025 293 ‘

3192 294 3297 349 “6’

153 427 481 496 appellabatur.
510 421 619 477 Sed
644 434 776 488 opus
796 433 892 471 non
916 426 994 471 est
1013 414 1169 483 hujus
1196 414 1273 468 rei
1297 414 1531 479 exempla
1555 428 1650 465 ει·
1677 415 1724 469 Α
1754 411 1926 477 perire
1968 409 2111 464 licet.
2164 408 2388 473 Primus,
2429 408 2524 477 qui
2552 408 2771 462 Victoris
2818 406 2969 461 istius
2995 418 3201 496 nomen
3236 404 3316 457 in.

148 528 213 569 tra
237 515 401 568 Alica
429 513 621 565 limites
663 507 909 572 mutuari,
930 520 1049 559 cum
1088 506 1138 557 in
1170 504 1392 558 concilio
1430 502 1645 555 Latera-

151 606 269 660 nensi
296 603 385 672 sub
406 610 587 657 sancto
632 601 873 663 Martino,
915 596 1125 650 actione
1163 596 1220 657 2,
1268 596 1403 648 inter
1425 602 1647 646 exteros

152 695 182 746 P
206 702 297 746 tres
327 693 613 761 Byzacenos
646 686 1016 755 subscripserit
1044 685 1309 738 Candidus
1349 683 1509 751 gratia
1554 682 1645 736 Dei

152 782 383 850 episcopus
404 784 580 845 patriae
612 777 869 830 Dicensis.
898 773 1005 827 Nec
1032 773 1220 826 mirum
1249 772 1411 825 videri
1443 772 1647 838 episco-

152 884 227 937 pos
247 869 346 923 sine
368 867 574 921 civitate
604 864 786 925 fuisse,
816 877 935 917 cum
960 872 1161 916 certum
1191 863 1260 915 sit
1288 862 1339 914 in
1362 859 1534 913 Africa
1555 872 1646 912 eo-

151 976 244 1014 rum
261 959 528 1035 complures
558 957 612 1011 in
632 956 773 1010 villis
796 964 851 1010 et
890 954 1064 1008 fundis
1090 964 1146 1009 et
1174 968 1269 1022 per
1296 968 1451 1021 agros
1488 950 1641 1004 insti-

150 1060 262 1103 tutos
293 1050 459 1111 fuisse,
483 1056 541 1100 ut
566 1045 667 1099 sibi
713 1044 936 1099 invicem
977 1042 1366 1112 exprobravere
1404 1040 1645 1096 Aurelius

148 1140 408 1206 catholicus,
436 1145 490 1191 et
528 1135 824 1190 Primianus
868 1134 1160 1199 Donatista,
1205 1133 1642 1194 Carthaginenses

147 1228 357 1295 episcopi,
390 1226 439 1281 in
459 1225 754 1281 Collatione
771 1222 1019 1293 Carthag.
1050 1238 1166 1292 cap.
1202 1222 1295 1277 181
1326 1231 1379 1276 et
1401 1222 1523 1286 [82,
1553 1234 1644 1274 co-

144 1323 249 1388 gunt.
279 1322 321 1374 l.

206 1409 271 1461 Vl.
299 1408 478 1463 Verum
507 1408 737 1462 Vitensis
776 1406 918 1460 sedis
954 1403 1327 1461 obscuritatem
1364 1404 1419 1457 in
1461 1412 1641 1457 nostro

149 1499 318 1552 Victore
341 1498 589 1565 primatus
626 1497 880 1564 dignitate
902 1504 1301 1564 compensatam
1322 1493 1484 1547 fuisse
1505 1506 1638 1545 con-

146 1589 279 1640 tendit
297 1587 595 1653 Chiiﬂetius,
621 1588 710 1655 qui
736 1601 855 1655 cap.
876 1586 912 1640 9
929 1584 1167 1654 opusculi
1197 1584 1249 1638 in
1280 1583 1520 1637 eumdem
1547 1596 1642 1635 au-

142 1687 304 1729 ctorettt
329 1692 437 1730 eum
477 1676 645 1742 ipsum
684 1689 802 1729 esse
836 1680 1018 1728 censet
1048 1672 1311 1727 Victorem
1356 1671 1636 1740 provinciae

1748 498 1917 553 Fastis
1935 499 2098 553 sacris
2126 496 2419 552 ascribendi
2442 497 2773 551 occasionem
2808 495 3053 565 praebuit,
3080 494 3293 549 videtur

1744 588 1907 645 fuisse
1926 590 2112 644 Petrus
2136 592 2200 644 de
2222 589 2510 654 Natalibus,
2540 598 2599 642 ut
2618 588 2832 657 conjicit
2856 586 3169 641 Chil'lletius.
3196 584 3291 638 Hic

1743 686 1883 739 enim
1913 684 1999 738 die
2030 683 2099 738 20
2142 682 2359 751 Aprilis?
2374 683 2635 737 Victorem
2676 683 2977 750 episcopum
3015 679 3312 747 Carthagi~

1743 787 1960 827 nensem
1994 772 2187 838 laudat,
2214 760 2368 841 quem
2404 772 2476 825 ait
2520 770 2796 826 sanctitate
2829 779 2885 823 et
2921 768 3157 821 doctrina
3189 766 3290 820 sub

1744 862 2022 915 Anastasio
2048 862 2366 930 imperatore
2387 860 2643 925 ﬂoruisse,
2666 861 2819 928 eique
2837 858 3012 913 omnia
3034 855 3289 924 opuscula

1742 950 1976 1005 attribuit
1994 966 2111 1020 qua
2137 950 2438 1005 Gennadius
2476 950 2534 1003 in
2567 948 2823 1017 catalogo,
2861 961 2978 1014 cap.
3006 946 3092 1010 77,
3131 958 3160 996 a
3189 940 3288 997 Vi-

1740 1049 1888 1094 ctore
1910 1039 2260 1095 Cartennensi
2280 1041 2532 1109 episeopo
2552 1038 2690 1094 edita
2717 1042 3114 1093 commemorat.
3143 1034 3287 1088 Mau-

1740 1130 1933 1185 rulicus
1973 1131 2135 1186 abbas
2164 1132 2373 1185 Petrum
2411 1139 2642 1199 secutus,
2672 1130 2857 1185 eadem
2891 1129 2978 1183 die
3022 1128 3285 1181 Victorem

1738 1218 2203 1289 Carthaginensem
2231 1220 2559 1289 episcopum,
2585 1220 2758 1273 virum
2786 1216 3168 1275 doctissimum.
3193 1214 3285 1282 qui

1739 1306 1838 1361 sub
1877 1306 2157 1362 Anastasio
2189 1309 2506 1375 imperatore
2546 1308 2756 1373 claruit,
2795 1308 3045 1371 celebrat,
3091 1305 3287 1359 omisso

1738 1410 1953 1465 operum
1969 1397 2229 1467 catalogo.
2248 1399 2440 1461 Petrus
2450 1398 2745 1453 Galesinius
2768 1398 2923 1465 paulo
2941 1398 3090 1450 aliter
3108 1396 3284 1459 habet,

1737 1500 1930 1555 nempe
1956 1486 2113 1541 Utica
2136 1488 2189 1540 in
2213 1486 2387 1555 Africa
2413 1489 2583 1549 sancti
2607 1488 2828 1541 Victoris
2854 1488 3073 1558 cpiscotti
3091 1496 3139 1539 et
3166 1502 3285 1538 con-

1737 1578 1960 1647 fessoris,
1998 1586 2155 1646 atque
2196 1579 2247 1631 in
2297 1577 2723 1632 annotationibus
2763 1578 3062 1645 complures
3109 1576 3287 1629 laudat

1739 1667 1976 1722 Victores
2028 1666 2322 1731 Africanos,
2370 1667 2558 1734 quibus
2609 1665 2661 1720 id
2710 1666 2947 1740 elogium
2984 1673 3288 1731 competere

146 1768 383 1835 Byzacenae
425 1766 724 1835 primatem,
752 1779 859 1834 quo
889 1763 1213 1818 concedente
1244 1762 1547 1831 Fulgentius
1583 1761 1636 1821 in
1666 1751 1712 1811 Β
1740 1758 1922 1827 possit.
1955 1760 2023 1812 At
2058 1756 2332 1812 Ferrarius
2359 1757 2413 1811 in
2438 1757 2674 1824 catalogo
2700 1755 2929 1835 generali
2954 1763 3280 1818 sanctorum,

142 1855 386 1917 ituspensis
420 1853 662 1907 Ecclesia:
692 1852 937 1907 thronum
980 1861 1195 1906 evectus
1230 1859 1332 1919 est,
1365 1859 1423 1904 ut
1462 1857 1641 1904 narrat

141 1942 272 2007 ipsim
296 1942 539 2010 Fulgentii
571 1942 704 1996 Vita:
739 1944 965 2010 scriptor
983 1957 1099 2009 cap.
1132 1943 1217 1996 16.
1256 1941 1312 1995 Id
1357 1951 1415 1995 ut
1453 1941 1639 2008 probet

140 2032 205 2083 vir
216 2032 443 2097 eruditus,
466 2033 713 2086 observat
735 2032 791 2084 in
814 2032 1004 2085 Notitia
1033 2032 1275 2085 Africana
1302 2040 1408 2085 tres
1432 2028 1635 2084 solum-

139 2123 267 2175 modo
294 2122 515 2175 Victores
555 2123 691 2176 inter
720 2121 906 2176 Patres
940 2122 1240 2190 Byzacenos
1268 2119 1471 2184 haberi,
1508 2133 1640 2185 quo-

137 2226 231 2262 rmn
251 2210 394 2278 prior,
416 2211 595 2265 Victor
615 2210 822 2265 scilicet
849 2211 1096 2265 Narensis
1111 2214 1408 2278 episcopus,
1430 2208 1637 2263 decimo

137 2302 264 2353 tertio
285 2302 386 2354 loco
412 2311 752 2365 recensetur;
785 2300 968 2354 Victor
995 2297 1378 2354 Gauvan'tsnus
1414 2311 1637 2363 nonage-

138 2392 247 2443 simo
269 2391 444 2456 primo,
471 2405 533 2444 ac
562 2389 791 2458 denique
835 2398 1016 2443 noster
1053 2386 1306 2452 Vitensis,
1342 2385 1430 2455 qui
1463 2385 1636 2439 locum

135 2480 417 2549 trigesimum
446 2490 655 2536 sextum
687 2481 743 2533 in
773 2495 833 2533 ea
866 2479 1088 2533 obtinet.
1117 2478 1187 2533 At
1224 2492 1374 2545 mque
1404 2476 1637 2529 insolens

134 2570 302 2623 videtur
323 2570 581 2624 Chimetio
606 2569 869 2623 afﬁrmare
910 2569 1185 2636 episcopos
1214 2567 1516 2634 nonaginta,
1544 2571 1637 2618 aut

132 2660 414 2714 solummodo
442 2660 741 2724 duodecim,
770 2660 950 2729 viginti
989 2673 1246 2714 annorum
1273 2659 1442 2727 spatio
1472 2657 1634 2710 inter-

133 2749 249 2816 iisse,
277 2749 489 2818 hincque
518 2765 633 2803 rem
668 2749 783 2804 veri
819 2750 1035 2803 omnino
1061 2748 1284 2804 similem
1320 2762 1439 2822 esse
1468 2757 1630 2817 putat,

132 2837 350 2895 Victorem
381 2841 666 2911 Byzacente
697 2854 807 2894 suae
850 2839 1133 2908 provinciae
1175 2839 1456 2907 primatum
1495 2838 1635 2891 obti-

130 2931 290 2985 nuisse.
330 2932 380 2986 ld
413 2947 541 2987 vero
579 2932 623 2984 si
660 2931 983 2995 admittatur,
1014 2929 1381 2986 Confessionis
1427 2930 1633 3003 titulum

129 3017 207 3085 ipsi
226 3020 384 3074 deberi
415 3020 683 3073 fatendum
704 3029 802 3082 est,
828 3034 931 3087 non
960 3019 1129 3073 solum
1157 3019 1295 3083 quod
1324 3019 1423 3072 sub
1450 3018 1629 3071 Hunc-

1719 1849 1831 1919 .qui
1874 1847 1928 1901 in
1967 1847 2349 1919 Martyrologio
2384 1848 2622 1901 Romano
2653 1834 2757 1899 non
2802 1844 3080 1908 habentur,
3123 1841 3301 1895 habet.

1738 1938 2085 2004 solummodo,
2116 1936 2182 1991 In
2216 1938 2385 2007 Africa
2412 1936 2571 1989 sancti
2615 1934 2830 1989 Victoris
2853 1932 3093 2004 episcopi,
3128 1946 3303 1999 quem

1738 2038 1912 2082 tamen
1944 2029 1998 2081 in
2026 2028 2163 2081 notis
2184 2035 2363 2080 monet
2388 2026 2544 2079 alium
2586 2041 2689 2079 non
2728 2039 2847 2080 esse
2874 2040 2902 2077 a
2931 2024 3143 2078 Victore
3171 2020 3286 2076 Uti-

1732 2119 1899 2183 censi,
1929 2122 2015 2186 qui
2035 2118 2306 2172 historiam
2329 2118 2713 2185 persecutionis
2734 2116 3032 2171 Vandalica:
3052 2116 3285 2171 conscri—

1737 2209 1859 2277 psit.
1891 2208 1968 2261 Ex
1989 2207 2177 2276 quibus
2206 2207 2450 2262 omnibus
2486 2215 2629 2276 patet
2663 2208 2939 2262 obscuram
2970 2207 3107 2275 apud
3151 2207 3285 2260 anti—

1735 2312 1867 2367 quos
1895 2297 2057 2351 fuisse
2088 2296 2311 2351 Victoris
2338 2297 2503 2351 nostri
2540 2299 2874 2362 memoriam,
2917 2313 3015 2351 nec
3053 2314 3280 2366 unquam

1732 2401 1927 2441 nomen
1977 2386 2143 2454 ipsius
2170 2386 2221 2439 in
2242 2386 2415 2441 Fastis
2442 2389 2605 2440 sacris
2646 2389 2813 2441 locum
2842 2387 3109 2448 habuisse,
3141 2389 3278 2455 quod

1733 2475 1783 2528 ei
1813 2490 1930 2528 cum
1959 2475 2075 2528 aliis
2100 2475 2455 2544 compluribus
2490 2477 2617 2528 viris
2656 2478 2934 2530 sanctitate
2961 2485 3014 2529 et
3040 2475 3277 2529 doctrina

1734 2563 2097 2619 celeberrimis
2117 2579 2401 2619 commune
2420 2574 2523 2620 est.
2548 2565 2655 2619 Nec
2681 2567 2806 2619 licet
2834 2567 2985 2620 nobis
3011 2580 3079 2620 ex
3108 2566 3279 2619 inCcr-

1736 2652 1802 2708 tis
1827 2668 2042 2722 prorsus
2068 2664 2120 2708 et
2143 2654 2318 2709 dubiis
2355 2656 2709 2710 monumentis
2740 2656 2934 2710 Victori
2978 2666 3158 2709 nostro
3186 2674 3280 2707 nt.-

1735 2758 1855 2797 men
1882 2745 2185 2810 conciliare,
2206 2746 2295 2814 qui
2330 2745 2526 2800 solidas
2556 2760 2814 2814 verasque
2850 2746 3033 2800 laudes
3058 2748 3127 2800 ob
3172 2756 3275 2798 tam

1735 2838 2005 2907 egregium
2029 2853 2162 2907 opus
2181 2852 2210 2891 a
2235 2853 2294 2893 se
2316 2838 2512 2892 editum
2546 2848 2795 2903 meretur,
2823 2839 2975 2906 cujus
3002 2839 3276 2905 prmclnras

1733 2929 1971 2991 virtutes,
2005 2938 2060 2982 ut
2088 2929 2368 2996 loquuntur
2400 2929 2645 2982 doctores
2683 2928 3027 2981 Colonienses
3066 2930 3152 2995 qui
3191 2930 3275 2981 Bi-

1732 3018 2006 3074 bliotheca
2040 3021 2248 3075 Palmm
2286 3020 2567 3075 editionem
2611 3031 2976 3089 procurarunt,
3002 3022 3268 3090 pietatem,

127 3109 218 3163 lico
240 3122 342 3163 cunt
384 3111 593 3163 caeteris
634 3107 793 3163 fuerit
818 3107 1138 3177 exagitatus,
1169 3115 1260 3160 aut
1304 3116 1447 3181 certe
1489 3107 1629 3174 quod
1653 3090 1702 3153 Ο
1732 3110 2101 3176 eruditionem,
2140 3111 2410 3179 religionis
2458 3112 2626 3166 zelum
2669 3113 2734 3166 ad
2784 3115 2956 3166 vivum
2995 3128 3272 3181 expressas

126 3195 427 3253 Trasamandi
472 3199 719 3253 vioientia
760 3213 792 3253 e
839 3196 966 3253 sede
1023 3196 1179 3251 fuerit
1221 3196 1489 3260 abreptus,
1537 3196 1629 3248 sed

125 3290 255 3343 etiam
276 3292 403 3360 quod
424 3290 577 3345 exsul
619 3305 717 3360 pro
744 3289 938 3344 Christi
970 3288 1073 3342 ﬁde
1097 3302 1130 3343 e
1154 3288 1287 3342 vivis
1323 3288 1627 3340 excesserit.

126 3376 345 3434 Victorem
370 3381 508 3436 enim
537 3380 819 3451 Byzacena:
841 3381 1115 3447 primatem
1146 3377 1196 3432 iu
1233 3378 1490 3448 Fulgentii
1518 3377 1629 3430 Vita

123 3468 371 3537 laudatum,
402 3472 637 3541 quisquis
661 3472 883 3526 ‘demum
926 3470 1105 3536 fuerit,
1154 3471 1385 3524 exsulem
1434 3469 1631 3523 obiisso

120 3559 358 3626 colligitur,
384 3562 521 3631 quod
547 3577 612 3615 eo
636 3571 872 3630 tempore
893 3577 1016 3630 quo,
1040 3576 1167 3629 pace
1199 3561 1449 3614 Ecclesiae
1480 3559 1631 3613 resti-

122 3656 227 3716 tuta,
243 3653 490 3722 episcopis
507 3657 559 3707 in
586 3654 741 3707 sedes
760 3668 883 3707 suas
911 3653 1083 3706 redire
1105 3651 1276 3716 licuit,
1302 3667 1404 3705 non
1429 3651 1625 3718 Victor,

120 3738 193 3790 sed
229 3740 493 3796 Liberatus
529 3742 815 3812 Bysacena
858 3744 1138 3811 provinciae
1178 3742 1455 3810 primatum
1493 3740 1630 3795 obti-

120 3837 257 3889 ῦεηι.

171 3922 265 3976 Vll.
293 3924 503 3992 Ilajoris
521 3923 750 3976 fortasse
772 3920 1024 3973 momenti
1054 3933 1172 3972 esse
1194 3918 1456 3971 nonnullis
1487 3916 1630 3969 vide-

119 4008 229 4065 bitur
257 4014 351 4067 alia
396 4013 621 4078 quaestio
670 4024 826 4077 quam
880 4009 1019 4060 idem
1065 4006 1361 4059 Chiflletius
1408 4014 1623 4067 movet,

118 4112 257 4153 utrum
293 4102 492 4154 scilicet
517 4100 699 4152 Victor
742 4098 895 4163 hujus
935 4097 1178 4149 Historia:
1223 4096 1448 4160 scriptor
1492 4095 1627 4148 inter

117 4194 288 4240 sanans
311 4186 593 4255 aliquando
636 4185 834 4239 relatus
872 4185 1049 4251 fuerit,
1088 4194 1179 4237 aut
1213 4183 1419 4253 publico
1442 4183 1627 4251 "aliquo

117 4274 229 4326 culta
251 4274 493 4329 donatus.
523 4273 699 4341 Ipsum
729 4284 873 4327 certe
894 4274 963 4327 iis
997 4274 1193 4327 sanctis
1234 4272 1626 4328 confessoribus

116 4362 287 4424 ιιιίυῶ
314 4363 583 4419 Ιιυοοτῑοὶ
606 4364 813 4434 tyranni
858 4365 1221 4431 persecutione
1250 4380 1344 4431 pro
1384 4363 1505 4417 ﬁdei
1533 4378 1622 4417 ca-

1731 3197 1830 3252 hoc
1858 3199 1907 3251 in
1928 3198 2041 3264 ejus
2064 3214 2225 3267 cpere
2251 3215 2469 3255 cernere
2490 3201 2630 3255 licet.

1794 3287 1931 3365 Vill.
1958 3289 2210 3355 Quarum
2231 3290 2353 3343 item
2379 3290 2615 3344 nonnulli
2646 3306 2749 3359 quo
2780 3301 3015 3360 tempore
3044 3291 3123 3345 vel
3146 3307 3274 3360 qun-

1730 3393 1852 3432 nam
1901 3380 1952 3432 in
1983 3380 2194 3448 regione
2240 3382 2551 3436 constitutus
2601 3382 2780 3437 Victor
2820 3383 2955 3437 hanc
3002 3383 3271 3437 historiam

1730 3469 2121 3538 conscripserit.
2158 3471 2327 3525 Priori
2355 3471 2633 3541 quaestioni
2679 3470 2853 3527 facere
2888 3474 3021 3527 satis
3057 3471 3272 3527 difﬁcile

1728 3573 1832 3611 non
1863 3568 1967 3635 cstz
1985 3572 2105 3612 cum
2135 3559 2548 3625 ipsemetVictor
2573 3576 2631 3615 se
2651 3576 2810 3629 anno,
2840 3569 3110 3629 postquam
3134 3561 3278 3615 Van~

1727 3648 1831 3701 dali
1851 3648 1901 3701 in
1927 3650 2153 3703 Atriam
2173 3651 2389 3719 ingressi
2413 3650 2979 3722 fuerant,scxagesimo
3000 3654 3273 3721 scripsisse
3312 3679 3317 3683 -

1730 3748 1970 3803 testetur,
1996 3741 2083 3808 qui
2115 3754 2243 3795 sane
2272 3755 2436 3795 annos
2460 3751 2545 3795 est
2582 3742 2812 3810 vulgaris
2849 3756 2970 3795 aera:
2996 3743 3120 3808 487,
3150 3757 3271 3795 cum

1725 3836 1927 3880 certum
1958 3828 2029 3881 sit
2055 3827 2316 3883 Vandalus
2343 3844 2481 3883 anno
2508 3830 2631 3897 427,
2656 3831 2834 3885 Hierio
2858 3846 2892 3883 ιι
2918 3839 2972 3885 et
3000 3832 3273 3886 Ardaburs

1674 3926 1683 3934 ‘
1725 3917 2047 3979 oonsulibus,
2072 3918 2124 3970 in
2147 3919 2375 3972 Africam
2406 3934 2468 3973 ex
2498 3920 2741 3987 Hispania
2766 3921 3048 3987 trajecisse.
3076 3922 3271 3975 Verum
3296 3950 3301 3955 ~

1726 4018 1829 4056 non
1863 4003 1935 4056 ita
1964 4005 2129 4059 facilis
2156 4016 2240 4060 est
2261 4008 2476 4061 alterius
2503 4009 2808 4075 quaestionis
2850 4010 3061 4062 solutio.
3096 4010 3270 4064 Victo-

1725 4107 1836 4146 rem
1864 4092 2311 4163 ConstantinOpoli
2341 4096 2407 4150 de
2440 4098 2801 4165 persecutione
2832 4098 3107 4154 Vandalica
3134 4102 3267 4155 seri-

1723 4183 1894 4251 psisse
1916 4182 2205 4239 Cbillletius
2232 4184 2388 4240 infert
2412 4200 2471 4240 ex
2514 4186 2718 4241 duobus
2751 4188 2990 4255 ejusdem
3027 4189 3269 4245 Historiae

1723 4272 1873 4327 locis.
1920 4272 2126 4328 Primus
2166 4273 2389 4329 habetur
2434 4275 2567 4330 libro
2605 4291 2655 4341 v,
2707 4292 2853 4331 num.
2883 4278 2938 4346 7,
2968 4280 3055 4333 ubi
3088 4279 3269 4335 Victor

1724 4370 1845 4431 past
1867 4364 2161 4434 descriptos
2189 4367 2662 4421 varios-cruciatus
2682 4368 2869 4437 quibus
2902 4367 3269 4425 afticiebantur

116 4446 284 4507 tbolire
308 4453 617 4508 defensione
642 4455 998 4513 decertarent.
1032 4454 1371 4507 anuumerari
1412 4454 1607 4507 debere
1659 4436 2031 4521 Dorthodox-i,
2060 4456 2171 4510 haec
2208 4456 2472 4526 subiungit
2509 4475 2524 4489 ι
2568 4460 2674 4513 Sed
2704 4436 2795 4527 qui
2843 4460 2935 4514 hoc
2984 4461 3268 4529 fabulosum

116 4554 328 4613 nemo,“
357 4555 505 4610 puto,
540 4543 876 4597 inﬁciabltnr.
904 4543 1038 4609 Quin
1076 4552 1130 4597 et
1168 4544 1219 4596 in
1248 4544 1512 4597 veteribus
1538 4556 1626 4595 co-

114 4632 279 4691 dicibus
312 4651 445 4692 mss.
475 4645 678 4690 sanctus
721 4633 889 4686 Victor
928 4636 1123 4701 passim
1160 4634 1471 4701 appellatur.
1519 4632 1623 4687 Sed

115 4722 322 4783 iecerat
338 4735 582 4783 veterum
611 4725 857 4791 formula,
886 4739 987 4793 qua
1016 4724 1098 4779 hic
1126 4726 1307 4778 titulus
1327 4725 1623 4780 auctoribus

115 4815 465 4881 ecclesiasticis,
493 4815 724 4869 maxime
747 4814 1029 4882 episcOpis,
1073 4815 1414 4870 tribuebatur.
1462 4814 1624 4882 Magis

115 4902 163 4955 at
182 4918 276 4958 rem
303 4906 537 4974 pertinet
559 4902 700 4972 quod
725 4917 785 4957 ea
811 4903 879 4957 de
904 4918 964 4957 re
1001 4904 1052 4957 in
1080 4903 1335 4957 hodierno
1369 4904 1625 4974 Martyro-

117 4990 222 5055 lotio
259 4993 497 5048 Romano
534 4993 749 5062 legitur,
787 4993 873 5046 ubi
915 4993 1000 5047 die
1046 4994 1115 5045 25
1163 4994 1359 5047 mensis
1406 4993 1620 5061 Augusti

118 5078 202 5134 llrc
217 5082 466 5137 habentur
488 5098 503 5132 :
531 5079 695 5133 Utica
712 5082 765 5133 in
783 5080 956 5150 Africa
978 5081 1107 5135 beati
1136 5081 1349 5135 Victoris
1369 5084 1586 5150 episcoyn'
1598 5096 1631 5145 ;.

116 5181 237 5235 tincta
276 5171 541 5227 Victorem
580 5162 838 5223 Baronius
876 5170 927 5223 in
970 5171 1109 5226 netis
1154 5171 1222 5226 ad
1265 5172 1402 5225 hunc
1448 5173 1618 5225 locum

117 5270 386 5322 macescunt
414 5262 593 5328 ipsum
634 5272 755 5313 esse
792 5258 881 5327 qui
918 5260 987 5313 ob
1028 5261 1277 5329 scriptam
1323 5260 1619 5315 Vandalicas

118 5354 448 5413 Milionia
470 5350 750 5405 historiam
766 5348 987 5403 celebris
1014 5358 1113 5403 est.
1137 5353 1203 5403 At
1229 5352 1393 5404 Lucas
1413 5350 1627 5403 llolste-

118 5436 205 5494 υἰιιι
234 5439 280 5497 in
305 5437 695 5497 animadversis
730 5435 798 5490 ad
829 5437 1253 5507 Martyrologium
1297 5440 1612 5506 Romanum,

117 5526 358 5589 δεηθείη
383 5549 416 5589 a
444 5525 833 5587 recattioribns
852 5527 1024 5581 addita
1053 5529 1218 5613 fuisse
1240 5528 1359 5597 jure
1387 5543 1615 5595 conque-

116 5624 229 5692 ritur,
250 5641 354 5696 qua
378 5626 551 5695 rcipsa
587 5632 846 5689 nusquam
877 5620 929 5672 in
960 5618 1188 5689 antiquis
1224 5620 1493 5673 codicibus
1531 5634 1614 5675 rc—

1723 4555 1888 4615 putat,
1920 4544 2166 4599 Uronium
2189 4544 2401 4597 Zenonis
2423 4549 2635 4615 legatum
2659 4549 2948 4619 interroget,
2973 4560 3076 4603 etc.
3099 4552 3296 4607 Locus-

1722 4637 1858 4688 alter
1884 4651 1945 4688 ex
1977 4635 2160 4688 eodem
2191 4636 2323 4688 libro
2362 4635 2668 4704 desumptus
2704 4647 2785 4690 est
2820 4654 2966 4692 num.
3004 4640 3055 4705 6,
3086 4641 3174 4694 ubi
3202 4643 3267 4697 de

1723 4724 2040 4792 Tipasitanis
2068 4724 2480 4787 confessoribus,
2509 4727 2597 4793 qui
2634 4726 2832 4795 absque
2866 4727 3037 4797 lingua
3088 4732 3269 4800 Inque-

1724 4814 1933 4878 ha‘ntnr,
1960 4827 2141 4881 agens,
2185 4812 2397 4880 subiicit
2426 4830 2441 4867 :
2488 4813 2550 4868 Si
2581 4816 2693 4883 quis
2717 4816 3005 4872 incredulus
3048 4837 3152 4875 esse
3182 4840 3268 4875 vo-

1727 4904 1896 4967 luerit,
1918 4910 2089 4971 pergat
2112 4918 2243 4954 nunc
2265 4902 2769 4968 Constantinopolim,
2796 4917 2900 4960 etc.
2928 4910 3126 4974 Quibus
3148 4928 3267 4965 ver-

1724 4992 1822 5056 bis,
1855 4992 2022 5060 inquit
2050 4990 2361 5057 Chilﬂetius,
2394 4992 2578 5047 Victor
2601 4991 3055 5066 Constantinopoli
3104 5016 3263 5069 agens

1723 5092 2009 5151 prmsentes
2036 5081 2259 5135 lectores
2287 5083 2469 5138 invitat
2499 5094 2556 5138 ut
2598 5084 2849 5140 Uraninm
2898 5088 2950 5141 in
2988 5093 3105 5142 aula
3147 5107 3264 5143 ver-

1721 5178 1923 5224 santem
1953 5170 2295 5240 interrogent,
2324 5174 2569 5229 absentes
2598 5188 2724 5230 vero
2770 5176 2821 5230 in
2866 5181 3044 5231 urbem
3083 5192 3138 5231 ut
3176 5196 3262 5232 ve-

1722 5262 1889 5325 niant,
1918 5270 2077 5313 totam
2098 5265 2478 5330 persecutionis
2505 5266 2695 5319 seriem
2725 5269 3001 5333 cognituri.
3030 5268 3261 5337 llincqne

1722 5351 1875 5404 infert
1922 5351 2037 5404 illos
2086 5353 2346 5409 antistites
2396 5355 2483 5422 Qui
2516 5355 2581 5408 ad
2626 5357 2823 5410 calcem
2864 5356 3071 5408 Notitize
3122 5359 3265 5412 Afri-

1718 5454 1883 5505 came,
1919 5440 1997 5491 hic
2025 5441 2231 5511 relegati
2282 5442 2548 5519 dicuntur,
2599 5444 3049 5508 Constantinopoli
3100 5462 3261 5502 essu-

1718 5529 1874 5582 lasse.
1903 5530 2007 5583 Sed
2045 5532 2181 5586 hanc
2218 5532 2514 5602 opinionem
2547 5534 2837 5589 Cotelcrius
2866 5543 3009 5588 tomo
3052 5536 3119 5591 ill
3154 5536 3262 5591 Mo-

1720 5631 2089 5677 nnmentorum
2119 5624 2367 5681 Ecclesiae
2392 5626 2613 5693 ϐιῶσαι,
2647 5626 2698 5678 in
2719 5625 2857 5679 notis
2876 5624 2940 5679 ad
2958 5627 3113 5681 vitam
3145 5644 3259 5682 san-
