3854 6228
583 217 701 297 stt

1866 237 2107 293 VICTOR
2146 236 2467 294 VITENSIS.
3655 244 3733 299 με

581 355 653 409 eti
680 314 847 408 sine
868 353 1142 421 improbat,
1176 352 1317 423 quod
1353 354 1525 408 minus
1560 361 1703 408 recte
1744 352 1818 406 illi
1856 350 2115 405 antistites
2140 350 2195 408 Δ
2217 351 2519 420 episeOpum
2544 359 2597 405 et
2624 349 2954 404 liufiniaoum
2993 349 3228 405 exsulem
3254 364 3316 404 ex
3355 350 3535 404 Africa
3559 354 3732 420 episco-

580 442 1084 509 Constantinopolim
1111 443 1315 510 relegati
1341 441 1656 496 dicerentur.
1696 439 1893 506 Potuit,
1924 438 2111 508 inquit,

582 530 892 594 ﬂunericus,
916 546 1006 583 rex
1038 530 1405 594 Vandalorum,
1422 531 1679 599 episcOpos
1701 529 1969 581 catholicos
1989 527 2117 580 rele—

580 636 701 687 gare
720 621 769 671 in
789 621 926 671 varia
950 616 1063 671 loca
1090 618 1292 670 ditionis
1318 633 1440 681 sum,
1467 618 1627 687 potuit
1659 633 1686 669 e
1716 631 1870 686 regno
1896 632 1987 669 suo
2021 629 2113 667 ex-

580 710 781 777 pellere,
811 710 971 779 potuit
1001 707 1482 776 Constantinopolim
1511 707 1723 771 mittere,
1747 706 1835 759 sed
1866 705 2117 775 ejusmodi

580 800 750 852 missio
776 814 1085 867 nequaquam
1111 798 1344 867 relegatio
1379 798 1623 851 censenda
1654 807 1744 850 est.
1773 795 1919 851 Unde
1959 794 2116 849 infert

578 888 662 940 vir
710 888 946 941 eruditus
1000 885 1319 955 probabilius
1364 899 1482 940 esse
1548 884 1811 940 Victorem
1855 885 1907 939 in
1946 882 2113 938 veteri

581 978 761 1045 Epiro,
792 992 907 1045 qua:
935 977 1079 1043 regio
1098 975 1342 1030 Vandalis
1363 977 1595 1045 subjecta
1623 984 1756 1041 erat,
1784 976 2113 1029 exsulantem

581 1067 957 1136 conscripsisse
983 1066 1249 1121 historiam
1277 1082 1444 1133 suam,
1474 1083 1589 1136 quae
1615 1068 1773 1129 etiam
1829 1067 1984 1119 fuerit
2024 1080 2111 1119 oe-

579 1156 722 1211 casio
745 1171 877 1225 opus
902 1170 1052 1210 suum
1078 1156 1408 1224 nuncupandi
1440 1143 1726 1222 Diadoeho,
1754 1156 1841 1225 qui
1860 1156 1909 1209 in
1932 1155 2115 1211 eadem

581 1246 845 1314 provincia
875 1247 1155 1315 episcopus
1189 1245 1348 1300 fuisse
1374 1244 1584 1299 dicitur.
1629 1244 1823 1322 Verum
1855 1245 1899 1297 si
1938 1244 2117 1311 conje-

580 1336 747 1390 cturis
773 1337 849 1390 uti
896 1337 1038 1401 licet,
1070 1335 1197 1390 mihi
1230 1335 1568 1390 verisimilius
1609 1334 1815 1389 videtur
1855 1334 2114 1388 Victorem

578 1427 637 1479 in
683 1424 861 1479 Africa
901 1424 1174 1478 historiam
1216 1438 1363 1477 suam
1405 1438 1671 1478 exarasse.
1722 1423 1879 1477 Multa
1926 1423 2116 1493 quippe

581 1513 741 1567 habet
772 1513 965 1580 passim
986 1512 1173 1579 quibus
1207 1512 1376 1567 innuit
1401 1525 1460 1567 se
1506 1512 1558 1566 in
1594 1512 1789 1567 exteris
1819 1512 2117 1580 regionibus

580 1618 687 1657 tton
713 1614 977 1657 venatum
1008 1604 1168 1657 fuisse
1184 1618 1302 1657 cum
1323 1603 1458 1658 hanc
1478 1603 1865 1668 seriberet.Qui
1887 1615 2015 1655 vero
2032 1600 2117 1654 hic

2216 455 2338 507 pum
2366 443 2533 506 ipsum
2563 455 2591 492 a
2619 441 2883 509 proposito
2909 454 3215 505 revocasse;
3251 440 3388 509 quod
3418 441 3621 495 scilicet
3646 455 3733 496 rno-

2216 530 2413 583 nacltos
2443 530 2511 583 ibi
2540 529 2787 595 degentes
2814 547 2846 582 a
2872 530 3219 582 communione
3245 530 3375 582 beati
3407 529 3543 583 Petri
3569 534 3733 600 perﬁda

2217 621 2455 674 dissensio
2492 630 2764 689 separaret.
2813 621 2944 677 Vide
2980 621 3114 674 intra
3145 630 3319 675 notam
3347 622 3381 675 3
3410 622 3464 674 in
3496 620 3733 677 Victorem

2222 710 2483 765 Vitensetn
2516 726 2630 776 pax.
2663 709 2750 775 61,
2788 710 2876 763 62.

2286 800 2353 854 X.
2416 800 2536 854 Haec
2586 799 2805 854 Victoris
2855 799 3077 854 Historia
3136 814 3197 853 ea
3238 799 3603 867 complectitur
3640 815 3737 869 qua

2218 888 2439 943 Van-tali
2465 888 2721 943 adversus
2744 890 3066 943 orthodoxos
3090 892 3401 953 commisere
3439 889 3506 942 ab
3534 890 3642 958 ipso
3666 904 3737 942 eo-

2216 992 2333 1034 rum
2367 979 2603 1047 ingtessu
2633 994 2795 1045 usque
2822 979 2886 1032 ad
2918 979 3159 1033 Hunerici
3191 991 3449 1043 mortem;
3492 980 3559 1032 ita
3588 990 3734 1033 tamen

2217 1080 2275 1125 ut
2305 1072 2463 1125 multa
2491 1070 2557 1124 ab
2582 1084 2646 1123 eo
2678 1076 2891 1125 auctore
2920 1073 3269 1138 praetermissa
3312 1074 3418 1125 sint
3438 1112 3453 1135 ,
3492 1074 3602 1125 sive
3623 1068 3737 1139 quod

2216 1174 2320 1215 non
2354 1161 2483 1214 Satis
2516 1160 2614 1228 ipsi
2651 1160 2843 1215 fuerint
2872 1170 3012 1225 nota,
3040 1160 3150 1215 sive
3178 1160 3315 1230 quod
3344 1176 3405 1214 ea
3438 1161 3737 1228 potissimum

2217 1262 2332 1316 quas
2356 1248 2453 1302 sub
2480 1248 2722 1303 llunerici
2751 1250 3114 1317 persecutione
3136 1248 3283 1302 testis
3303 1248 3543 1303 oculatus
3565 1248 3739 1302 viderat

2216 1338 2416 1393 referre
2444 1340 2731 1393 statuisset.
2783 1339 2914 1394 Hinc
2942 1340 3131 1409 saepius
3159 1340 3323 1391 innuit
3359 1353 3417 1391 se
3440 1353 3504 1391 ex
3533 1340 3738 1406 pluribus

2218 1441 2380 1496 pauca
2410 1427 2661 1495 selegisse
2682 1468 2697 1492 ,
2730 1427 2995 1493 multaque
3040 1443 3069 1479 a
3108 1442 3166 1480 se
3206 1427 3363 1480 luisse
3394 1427 3585 1478 omissa
3607 1460 3627 1489 ,
3654 1440 3736 1477 non

2216 1517 2384 1570 solum
2423 1531 2540 1584 quae
2575 1517 2627 1571 in
2674 1516 2869 1571 exteris
2915 1504 3214 1585 regionibus
3258 1515 3621 1583 contigerant,
3664 1513 3738 1565 sed

2218 1605 2377 1657 etiam
2405 1618 2466 1659 et
2497 1604 2562 1659 iis
2589 1619 2706 1673 qua:
2748 1605 2798 1657 in
2830 1605 2988 1657 variis
3034 1596 3218 1657 Africze
3239 1603 3557 1673 regionibus
3586 1613 3740 1667 pertu-

580 1693 787 1764 relegati
811 1693 862 1747 in
890 1692 1084 1747 Notitia
1108 1693 1372 1758 dicuntur,
1397 1692 1433 1746 ii
1464 1692 1562 1759 ipsi
1589 1692 1715 1746 mibi
1739 1692 1982 1747 videntur
2001 1706 2118 1758 esse
2147 1687 2194 1746 B
2219 1691 2389 1745 lerant
2413 1692 2712 1745 orthodoxi.
2752 1693 3058 1746 Generalem
3094 1705 3220 1746 vero
3250 1692 3300 1743 in
3329 1700 3431 1744 tota
3466 1691 3634 1744 Africa
3660 1690 3741 1742 sub

580 1782 645 1835 de
678 1783 874 1847 quibus,
907 1791 1132 1836 testante
1175 1782 1433 1849 Fulgentii
1482 1782 1609 1836 Vita:
1655 1790 1869 1835 auctore
1910 1795 2027 1849 cap.
2060 1781 2115 1846 ι,

582 1872 828 1927 Hunerici
855 1874 1056 1943 tyranni
1082 1873 1411 1943 persecutoris
1450 1881 1615 1927 astuta
1656 1872 1941 1941 malignitas
1981 1870 2119 1926 ordi-

581 1972 804 2029 nauerat,
826 1973 878 2016 ut
897 1966 1053 2034 juxta
1080 1964 1292 2031 patriam
1317 1964 1571 2031 propriam
1602 1962 2013 2034 peregrinationis
2046 1962 2117 2015 in-

582 2054 894 2108 commodum
922 2054 1235 2108 sustinerent.
1258 2053 1399 2107 Talis
1427 2053 1523 2109 fuit
1547 2052 1769 2107 Faustus
1807 2050 2119 2106 Praesidien-

582 2146 655 2198 sis
680 2143 979 2211 episcopus,
1006 2142 1094 2210 qui
1122 2150 1180 2196 ut
1202 2142 1392 2197 ibidem
1420 2142 1632 2207 dicitur,
1665 2158 1764 2196 non
1801 2143 1946 2213 longe
1973 2157 2003 2193 a
2028 2157 2119 2195 sua

584 2233 821 2287 cathedra
848 2229 1058 2299 relegari
1076 2233 1253 2300 jussus
1286 2232 1470 2299 fuerat.
1506 2229 1564 2284 ld
1600 2230 1666 2284 de
1691 2228 1904 2284 Victore
1938 2236 2119 2282 nostro

586 2325 758 2393 potius
785 2338 941 2393 quam
964 2323 1031 2377 de
1061 2322 1264 2377 caeteris
1306 2322 1459 2377 facile
1499 2321 1832 2382 crediderim,
1872 2317 2008 2387 quod
2054 2317 2119 2371 ad

586 2424 895 2470 conventuin
922 2413 1381 2480 Carthaginensem
1420 2428 1519 2464 non
1546 2410 1833 2475 occurrerit,
1877 2407 2121 2475 proinde-

586 2519 688 2573 que
714 2505 761 2558 ei
788 2502 995 2556 facilius
1025 2501 1180 2555 fuerit
1213 2500 1523 2553 Arianorum
1553 2514 1736 2552 manus
1764 2498 2007 2552 evadere.
2039 2495 2121 2549 ln-

581 2596 715 2649 vitat
737 2594 1119 2651 autemi‘ictor
1147 2592 1373 2647 lectores
1403 2600 1460 2645 ut
1490 2591 1736 2647 Uranium
1776 2587 2116 2659 interrogent,

584 2693 708 2738 tunc
746 2682 970 2737 fortasse
1005 2681 1176 2736 adhuc
1228 2683 1278 2735 in
1316 2680 1487 2735 Africa
1522 2690 1792 2748 agentem;
1836 2695 1954 2733 cum
1992 2691 2119 2731 vero

587 2774 718 2828 alios
766 2782 821 2828 ut
868 2781 1085 2841 pergant
1118 2768 1628 2838 Constantinopolim
1654 2769 1921 2831 admonet,
1956 2782 2036 2829 se,
2065 2775 2123 2819 ut

584 2863 795 2930 quidem
824 2864 951 2917 mihi
981 2862 1206 2931 videtur,
1230 2862 1281 2916 in
1303 2876 1364 2918 ea
1402 2861 1531 2916 urbe
1568 2874 1672 2915 non
1704 2860 1898 2913 versari
1942 2866 2123 2927 aperte

585 2953 835 3006 declarat.
1640 2966 1647 2967 ’

585 3131 765 3200 opinio
788 3170 803 3195 ,
835 3130 1105 3184 sentientis
1148 3128 1409 3183 Victorem
1436 3169 1452 3194 ,
1490 3145 1641 3199 quem
1672 3131 2123 3199 Constantinopoli

586 3221 863 3291 scripsisse
892 3219 1180 3287 praamittit,
1207 3218 1474 3273 historiam
1503 3234 1649 3273 suam
1674 3221 1758 3274 vix
1789 3220 1937 3274 alteri
1968 3234 2124 3289 quant

586 3316 777 3370 Acacio
804 3313 1380 3379 Constantinopolitano
1414 3327 1715 3380 nuncupare
1748 3322 1837 3365 aut
1868 3313 2121 3381 potuisse,

586 3414 679 3456 aut
717 3403 981 3456 debuisse.
1030 3401 1083 3454 ld
1112 3401 1251 3455 enim
1286 3410 1341 3467 ut
1372 3402 1645 3455 credamus
1671 3411 1812 3455 vetat
1840 3414 2041 3454 summa
2072 3402 2124 3456 in

586 3494 766 3549 sedem
804 3493 1139 3561 apostolicam
1171 3492 1459 3546 reverentia
1488 3494 1586 3559 una
1616 3501 1736 3545 tunc
1770 3481 2022 3559 iemporis
2051 3500 2127 3567 te-

587 3586 844 3639 nebantur
873 3584 1099 3652 t-piscopi
1127 3582 1353 3638 Africani
1381 3623 1396 3648 ,
1440 3599 1558 3638 eum
1601 3586 1893 3639 econtrario
1931 3588 2129 3655 gravis-

587 3672 723 3726 sima
748 3673 879 3725 inter
901 3671 1192 3724 Romanum
1218 3672 1507 3737 pontiﬁcem
1527 3681 1579 3725 et
1605 3674 1847 3726 Acacium
1869 3674 2126 3725 Constan—

586 3759 985 3826 tinopolitanum
1017 3759 1397 3812 intercederent
1425 3759 1665 3823 dissidia,
1697 3774 1812 3826 quae
1841 3762 2046 3812 tandem
2076 3761 2130 3812 in

587 3858 823 3915 apertum
853 3846 1079 3900 schisma
1116 3856 1421 3914 eruperunt.
1466 3846 1624 3899 Certe
1667 3847 1717 3899 in
1748 3848 1969 3900 concilio
2000 3848 2127 3899 Car-

588 3938 879 4005 tltaginensi
934 3936 1073 4003 quod
1128 3936 1303 3989 statim
1361 3932 1478 4003 post
1529 3938 1823 3991 restitutam
1882 3936 2130 3991 Ecclesize

586 4030 846 4084 Africante
888 4028 1179 4082 libertatem
1226 4036 1603 4081 convocaverat
1647 4027 1967 4095 Reparatus,
2000 4042 2129 4080 con-

588 4120 760 4173 testati
790 4128 910 4171 sunt
937 4118 1170 4186 ejusdem
1202 4116 1449 4172 Ecclesia;
1488 4117 1668 4169 Patres
1696 4132 1753 4170 se
1783 4119 1906 4169 nihil
1938 4117 2132 4169 admis-

586 4220 757 4269 suros,
784 4208 879 4257 nisi
906 4206 1235 4268 consuetudo,
1269 4210 1353 4256 aut
1382 4202 1617 4255 Ecclesia!
1648 4207 1886 4257 Romana:
1913 4206 2133 4271 deﬁnitio

587 4292 901 4364 proderetur.
930 4292 1043 4345 Jarn
1073 4290 1222 4343 initio
1246 4292 1535 4360 tyrannidis
1565 4291 1859 4344 Vandalicas
1887 4293 1935 4366 in
1962 4293 2129 4345 Alrisa

586 4381 874 4451 Capreolus
898 4381 1319 4449 Carthaginensis
1360 4381 1574 4435 antistes
1602 4381 1651 4433 in
1683 4381 1901 4448 epistola
1931 4382 1993 4432 ad
2028 4380 2127 4432 Pa-

588 4481 696 4524 tres
725 4469 942 4523 concilii.
960 4468 1206 4539 Ephesini
1232 4483 1321 4522 eos
1356 4468 1659 4522 adhortatur
1684 4480 1739 4522 ut
1764 4483 1969 4523 errores
1996 4483 2127 4536 quos

586 4558 958 4626 repullulantes
975 4549 1276 4624 apostolica:
1296 4558 1436 4610 sedis
1457 4558 1755 4619 auctoritas,
1773 4558 2129 4611 sacerdotum-

585 4661 689 4715 que
722 4648 774 4699 in
812 4662 969 4699 unum
1009 4660 1304 4699 consonans
1339 4648 1600 4699 sententia
1640 4656 2008 4713 oppresserat,
2049 4663 2125 4699 se-

586 4736 750 4788 cunda
777 4735 1109 4804 disputatione
1150 4749 1255 4788 non
1285 4734 1499 4801 agitent.
1548 4734 1607 4786 Et
1636 4736 1842 4801 quidem
1873 4736 2125 4804 Byzaeeni

587 4825 763 4889 patres
803 4825 856 4876 in
893 4824 1129 4877 Sardinia
1169 4819 1379 4875 exsules
1413 4835 1439 4870 a
1480 4820 1681 4873 Joanne
1708 4831 1761 4875 et
1792 4822 2013 4876 Venerio
2042 4822 2125 4874 in-

588 4913 835 4979 terrogati
862 4911 985 4979 quid
1015 4902 1079 4963 de
1104 4910 1271 4978 gratia
1299 4918 1352 4963 et
1379 4908 1543 4961 libero
1566 4909 1783 4963 arbitrio
1809 4914 1875 4963 sit
1900 4911 2130 4965 sentien-

588 5001 713 5053 dum
737 5038 753 5062 ,
784 4999 833 5050 id
863 5000 1167 5053 discendum
1212 5008 1330 5051 esse
1375 4997 1689 5064 respondent
1717 5014 1779 5052 ex
1809 5001 2046 5068 capitulis
2076 5002 2125 5053 in

587 5088 774 5156 quibus
814 5090 1107 5139 continetur
1147 5087 1269 5153 quid
1320 5086 1569 5149 Romana,
1611 5086 1703 5138 hoc
1744 5098 1815 5140 est
1858 5089 2123 5154 catholica,

587 5165 821 5241 iequatur
846 5182 889 5226 et
917 5183 1070 5225 servet
1094 5173 1333 5227 Ecclesia.
1365 5175 1463 5228 Sed
1494 5175 1656 5240 magis
1679 5176 1741 5227 ad
1766 5192 1873 5229 rem
1896 5186 2123 5230 nostram

588 5264 711 5317 facit
734 5263 871 5330 quod
900 5272 1079 5316 auctor
1107 5263 1239 5316 Vita:
1268 5267 1431 5317 sancti
1465 5265 1719 5333 Fulgentii
1756 5278 1931 5319 narrat
1960 5267 2127 5333 capite

588 5352 658 5405 12
684 5360 737 5405 et
768 5354 868 5415 i3;
915 5342 1105 5417 nempe
1131 5366 1248 5403 cum
1280 5353 1416 5405 idem
1455 5353 1757 5421 Fulgentius
1794 5356 1859 5406 ad
1902 5357 2127 5407 ultimam

592 5431 855 5497 natura
882 5441 1096 5510 regionis
1126 5455 1341 5492 eremum
1370 5456 1585 5508 pergere
1610 5443 1786 5495 animo
1815 5443 2128 5495 destinasset

591 5527 709 5580 vita:
740 5525 1068 5593 perfectionis
1098 5526 1353 5582 desiderio
1375 5568 1393 5593 ,
1443 5528 1697 5582 Eulalium
1742 5529 2123 5598 Syracusanum

2218 1780 2481 1836 llunerico
2526 1783 2947 1849 persecutionem
2992 1782 3242 1851 adversus
3284 1782 3571 1836 catholicos
3610 1797 3740 1835 com-
3818 1846 3819 1849 η

2217 1882 2410 1925 motam
2442 1870 2602 1924 fuisse
2630 1870 2826 1924 diserte
2861 1870 3019 1923 tradit
3046 1870 3243 1937 Victor,
3272 1871 3594 1936 potissimum
3629 1872 3742 1921 libro

2217 1975 2268 2025 v,
2298 1975 2452 2030 quam
2481 1960 2682 2014 cladem
2712 1959 2776 2015 ad
2802 1968 3010 2015 exteras
3036 1960 3193 2013 etiam
3222 1959 3460 2013 nationes
3488 1958 3743 2027 pertigisse

2218 2048 2487 2105 Genserici
2518 2049 2838 2117 temporibus
2866 2064 2930 2105 ex
2955 2049 3138 2103 eodem
3162 2058 3376 2102 auctore
3403 2058 3601 2103 con-tat
3629 2088 3643 2111 ,
3671 2046 3743 2113 qui

2217 2139 2316 2193 sub
2352 2138 2473 2193 libri
2513 2139 2666 2207 primi
2707 2140 2865 2193 ﬁnem
2911 2138 3160 2193 tredecim
3209 2138 3425 2206 omnino
3468 2137 3746 2203 provincias

2217 2236 2363 2280 extra
2385 2226 2615 2281 Africam
2638 2237 2875 2283 recenset
2903 2244 3020 2298 qua:
3038 2227 3149 2281 dira
3176 2225 3436 2294 ejusmodi
3458 2216 3745 2294 tempestate

2216 2312 2489 2386 exagitata
2516 2317 2738 2372 fuerant.
3464 2364 3471 2377 ,

2286 2404 2377 2459 Xl.
2422 2404 2569 2472 Quod
2617 2406 2803 2459 attinet
2845 2406 2909 2459 ad
2956 2405 3111 2475 hujus
3149 2406 3395 2461 llistorim
3431 2404 3744 2465 divisionem,

2218 2511 2325 2552 non
2356 2496 2520 2566 liquet
2552 2496 2616 2550 an
2645 2512 2760 2551 eam
2788 2507 2967 2551 auctor
2989 2499 3098 2566 ipse
3127 2500 3300 2567 plures
3327 2499 3378 2552 in
3419 2480 3581 2551 lib-ros
3610 2494 3747 2548 fuerit

2218 2587 2463 2655 partitus.
2492 2586 2547 2639 Si
2572 2588 2801 2655 primum
2828 2588 3011 2641 librum
3042 2589 3293 2656 excipias,
3320 2589 3406 2658 qui
3438 2590 3487 2642 in
3525 2586 3749 2642 omnibus

2219 2684 2323 2728 tam
2352 2673 2507 2729 editis
2530 2690 2685 2742 quam
2708 2690 2835 2729 mss.
2861 2676 3130 2732 codicibus
3155 2678 3219 2730 ad
3248 2678 3511 2732 Genserici
3544 2687 3747 2730 mortem

2219 2762 2411 2817 desinit
2430 2801 2448 2828 ,
2495 2770 2572 2817 tot
2600 2774 2721 2819 sunt
2748 2767 2905 2818 variat
2934 2765 3083 2820 istius
3126 2770 3300 2834 operis
3330 2768 3611 2821 divisiones
3641 2774 3749 2833 quot

2221 2852 2332 2905 fere
2360 2860 2642 2907 occurrunt
2668 2853 2877 2907 codices
2906 2868 3031 2908 mss.
3080 2854 3210 2909 Tres
3252 2855 3304 2907 in
3347 2856 3505 2909 libros
3527 2896 3541 2916 .
3575 2866 3749 2923 prmter

657 2953 835 3006 πιπτει,
1640 2966 1647 2967 ί
2144 2964 2147 2971 ι
2221 2943 2517 3010 passionem
2546 2952 2844 2998 sanctorum
2876 2944 3548 3013 monachorum,,dividitur
3574 2944 3626 2997 in
3655 2946 3751 2998 vul-

657 3040 746 3094 ιχ.
796 3040 958 3094 Multo
999 3040 1170 3094 minus
1205 3038 1485 3094 probabilis
1512 3048 1591 3094 est
1618 3038 1847 3094 eiusdem
1877 3037 2121 3092 Chifﬂetii
2144 3004 2193 3069 δ
2224 3032 2356 3094 satis
2380 3031 2722 3094 editionibus;
2762 3042 2817 3087 at
2843 3034 3070 3094 quinque
3096 3045 3186 3088 aut
3211 3050 3303 3089 sex
3332 3035 3491 3087 libros
3515 3034 3749 3088 exhibent

733 3079 746 3094 .
796 3040 958 3094 Multo
999 3040 1170 3094 minus
1205 3038 1485 3107 probabilis
1512 3048 1591 3095 est
1618 3038 1847 3106 ejusdem
1877 3037 2121 3092 Chifﬂetii

2224 3032 2356 3100 gatis
2380 3031 2722 3099 coitionibus;
2762 3042 2817 3087 at
2843 3034 3070 3103 quinque
3096 3045 3186 3088 aut
3211 3050 3303 3089 sex
3332 3035 3491 3087 libros
3515 3034 3749 3088 exhibent

2224 3122 2433 3176 codices
2456 3137 2583 3176 mss.
2610 3132 2663 3175 et
2686 3122 2895 3190 quidem
2924 3126 3011 3191 qui
3040 3124 3183 3177 varie
3210 3126 3263 3176 in
3284 3124 3449 3177 variis
3475 3123 3749 3191 incipiunt;

2225 3210 2514 3265 Chiflletius
2537 3226 2663 3264 vero
2691 3220 2854 3265 totum
2896 3226 3025 3279 opus
3053 3212 3279 3281 quinque
3306 3210 3359 3263 in
3391 3211 3583 3271 libros,
3616 3218 3751 3278 prout

2224 3299 2325 3354 sibi
2350 3301 2535 3354 melius
2559 3301 2727 3355 visutn
2754 3309 2867 3368 est,
2899 3289 3178 3370 distinxit,
3201 3300 3350 3369 cujus
3377 3300 3608 3370 vestigiis
3642 3314 3753 3353 con-

2224 3389 2365 3443 sulto
2392 3389 2698 3444 inhaesimus
2721 3390 2790 3445 ob
2812 3390 3076 3459 publicum
3101 3390 3429 3455 commodum
3448 3432 3463 3459 ,
3495 3389 3629 3458 quod
3656 3388 3753 3443 haec

2224 3477 2415 3532 divisio
2434 3478 2543 3546 jam
2577 3480 2930 3547 receptissima
2958 3481 3025 3534 sit
3046 3480 3181 3549 apud
3208 3481 3464 3534 eruditos.

2297 3566 2408 3619 XII.
2450 3567 2698 3632 Quaerunt
2730 3568 2962 3636 nonnulli
2991 3582 3058 3621 an
3086 3568 3203 3622 fidei
3233 3568 3489 3636 professio
3514 3583 3631 3636 quae
3659 3576 3753 3621 ter-

2228 3655 2355 3708 tium
2383 3654 2624 3708 llistorim
2655 3655 2875 3710 Victoris
2900 3654 3088 3709 librum
3113 3658 3379 3711 constituit
3402 3695 3419 3722 ,
3450 3657 3622 3724 reipsa
3648 3654 3754 3710 huic

2228 3744 2425 3795 auctori
2477 3744 2749 3806 tribuenda
2791 3744 2878 3796 sit.
2910 3742 3065 3798 Certe
3096 3743 3392 3799 Gennadius
3439 3746 3488 3797 in
3532 3746 3755 3812 catalogo

2228 3831 2395 3899 ipsius
2420 3842 2683 3885 auctorem
2715 3831 2835 3885 facit
2862 3832 3143 3901 Eugenium
3171 3832 3633 3907 Cartltaginensem
3659 3835 3755 3901 cpi-

2229 3934 2443 3988 sc0pum
2462 3960 2476 3983 ,
2515 3920 2625 3973 sive
2651 3918 2787 3987 quod
2815 3934 2993 3974 revera
3031 3920 3100 3975 ab
3124 3920 3237 3989 ipso
3263 3921 3399 3975 edita
3430 3914 3622 3988 fuerit,
3657 3922 3757 3975 sive

2229 4011 2365 4075 quod
2394 4009 2505 4075 ejus
2529 4008 2676 4075 jussu
2702 4009 2914 4073 Victor,
2952 4024 3043 4064 seu
3071 4010 3239 4079 quivis
3272 4010 3407 4065 alius
3439 4025 3557 4067 eam
3584 4011 3757 4065 condi-

2232 4100 2382 4158 derit.
2414 4108 2502 4151 aut
2525 4100 2730 4151 tandem
2758 4099 2893 4168 quod
2922 4112 3037 4153 cum
3064 4102 3175 4167 ipse
3199 4110 3506 4155 conteror-um
3535 4104 3756 4157 omnium

2234 4190 2428 4254 primas
2449 4197 2588 4240 esset
2608 4199 2659 4240 et
2686 4191 2973 4256 praecipuus
3003 4193 3161 4245 totius
3186 4192 3375 4247 Africae
3395 4195 3629 4258 antistes,
3654 4195 3757 4261 ejus

2234 4276 2346 4331 sedi
2376 4285 2428 4329 et
2456 4276 2688 4342 dignitati
2718 4276 2894 4329 datum
2924 4276 3102 4341 fuerit,
3132 4280 3268 4345 quod
3299 4281 3365 4333 ab
3394 4282 3498 4334 alio
3525 4284 3755 4349 quopiam

2235 4367 2442 4418 nomine
2468 4365 2700 4418 omnium
2732 4364 2920 4418 factum
2952 4364 3142 4420 fuerat.
3175 4367 3427 4421 Omnibus
3453 4370 3605 4423 simul
3636 4371 3759 4422 A’ri-

2230 4457 2372 4508 canis
2406 4454 2664 4523 episc0pis
2696 4454 2937 4508 tribuitur
2962 4458 3017 4509 in
3054 4457 3408 4509 vetustissimo
3452 4456 3633 4509 codice
3670 4471 3757 4509 ms.
3818 4452 3819 4469 ‘

2231 4544 2480 4598 Ecclesia:
2519 4544 2912 4607 Laudunensis,
2948 4545 3035 4599 ubi
3064 4546 3161 4598 sub
3197 4546 3296 4599 hoc
3332 4544 3482 4598 titulo
3522 4544 3758 4617 habetur:

2231 4633 2415 4702 Incipit
2445 4634 2633 4687 libellus
2659 4635 3004 4702 episc0porum
3035 4634 3393 4687 catholicorum
3412 4637 3480 4687 ad
3506 4635 3760 4688 Unericum

2227 4709 2391 4791 regem
2425 4724 2767 4776 Vandalorum
2792 4724 2981 4777 datum.
3006 4725 3160 4788 Tum,
3190 4724 3363 4793 Reguli
3390 4728 3618 4793 imperio,
3643 4739 3758 4790 ete.,
3818 4712 3819 4719 “

2232 4819 2287 4863 ut
2316 4813 2365 4863 in
2392 4812 2617 4867 Victoris
2659 4813 2916 4875 Historia;
2965 4814 3167 4883 ipsique
3212 4815 3541 4885 subjungitur
3580 4816 3760 4871 Notitia
3818 4818 3819 4845 ³

2230 4902 2477 4955 Ecclesiae
2498 4900 2777 4965 Africanae,
2810 4917 2837 4953 a
2864 4902 3145 4956 Sirmuttdo
3173 4904 3396 4970 primum
3426 4908 3585 4969 edita,
3615 4918 3758 4971 quant
3818 4926 3819 4931 η

2229 5005 2405 5061 postea
2449 4991 2740 5045 Chifﬂetius
2777 4993 3004 5048 Victoris
3044 4996 3288 5050 Historia:
3332 4999 3567 5051 inseruit.
3608 4997 3761 5050 Porro
3818 4991 3819 5049 ἢ

2228 5083 2410 5137 eadem
2451 5082 2569 5135 ﬁdei
2603 5084 2857 5150 professio
2894 5085 2990 5137 sub
3028 5085 3255 5139 Victoris
3299 5088 3509 5139 nomine
3546 5083 3760 5137 scorsim

2226 5174 2364 5227 edita
2411 5171 2628 5226 habetur
2669 5172 2719 5224 in
2762 5171 3079 5227 Biblimbcca
3128 5173 3381 5235 Patrum,
3425 5172 3561 5225 unde
3588 5187 3759 5224 ansam

2228 5274 2498 5328 sompsere
2518 5260 2753 5314 nonnulli
2780 5262 2864 5329 qui
2890 5262 3152 5328 catalogos
3179 5262 3493 5329 scriptorum
3522 5261 3764 5315 ecclesia-

2227 5352 2476 5405 stieorum
2506 5359 2743 5415 texuere,
2778 5358 2966 5404 novum
2997 5350 3274 5403 inducendi
3304 5349 3585 5415 Victorem,
3616 5350 3764 5418 hujus

2227 5440 2391 5495 libelli
2414 5449 2699 5505 auctorem,
2721 5454 2874 5507 quem
2897 5440 3051 5508 aliqui
3074 5438 3337 5494 Victorem
3365 5440 3641 5494 Gtt-lenne:
3662 5439 3763 5507 θρῖα

2228 5543 2443 5597 scopum
2470 5526 2629 5583 luisse
2658 5529 3053 5598 existimarunt,
3079 5530 3215 5599 quod
3258 5530 3355 5585 iste
3396 5531 3531 5599 apud
3559 5528 3760 5585 Genna-
