3854 6228
157 283 241 339 ii!

1440 270 1953 329 I'ROLICUMENA.

3188 275 3291 330 1'5

149 397 270 447 dum
307 390 352 443 iu
389 388 621 455 catalogo
665 399 777 451 cap.
822 383 887 436 77
922 382 1159 435 adversus
1200 382 1414 434 Ariurtos
1461 383 1640 435 librum
1672 386 1721 444 Α
1749 382 1974 437 Lorichii
2002 383 2162 438 editio
2192 384 2407 437 B..sile:n
2437 385 2628 452 prodiit
2653 400 2789 438 anno
2817 385 2971 451 1541,
3006 387 3137 455 typis
3167 386 3289 447 Bar-

153 496 275 533 sruuu
308 480 495 547 longum
536 474 907 541 conscripsisse
952 480 1293 526 memoretur.
1349 474 1416 525 At
1443 473 1519 525 illi
1546 473 1641 526 ad-

150 578 319 625 vertere
340 567 618 622 debuerant
642 564 863 620 Victoris
895 560 1265 617 Cartennensis
1291 562 1478 617 librum
1503 560 1641 616 Cen-

150 662 285 713 serico
305 654 517 712 oblatum
548 656 705 710 fuisse
728 698 743 723 ,
783 663 837 707 ut
874 667 935 708 se
966 668 1030 706 ex
1063 653 1366 721 przefatione
1392 653 1639 707 didicisse

145 760 330 803 testatur
375 748 592 814 ipsemet
644 742 944 799 Gennadius
1000 743 1115 796 loco
1169 742 1422 806 laudato;
1484 757 1637 810 quem

149 838 327 904 proinde
349 836 498 889 alium
524 848 642 887 esse
668 847 698 884 a
730 831 847 886 ﬁdei
888 831 1066 885 libello
1094 831 1181 899 qui
1219 832 1268 883 in
1297 830 1524 891 Victoris
1552 830 1641 884 lli-

143 929 272 981 sloria
295 926 517 987 habetur,
545 921 813 975 latendum
839 930 939 975 est.
961 917 1221 974 Caeterum
1258 918 1431 973 Victor
1452 918 1637 974 eodem

143 1018 269 1071 modo
288 1016 393 1069 lidei
417 1013 794 1082 protessionem
823 1011 1065 1066 Historias
1084 1026 1193 1066 sua:
1213 1011 1448 1066 inserere
1472 1013 1638 1079 potuit

143 1126 228 1179 quo
250 1106 474 1162 Hunerici
499 1104 693 1159 edicta.

191 1198 303 1252 Xlll.
340 1197 590 1265 Superest
617 1202 677 1246 ut
701 1193 936 1247 dicamus
969 1190 1035 1247 de
1064 1190 1281 1246 vetustis
1324 1188 1637 1257 exemplari-

136 1292 213 1343 bus
232 1288 287 1343 ad
319 1304 425 1356 quae
453 1288 587 1340 hanc
610 1294 844 1340 nostram
873 1284 1102 1339 Victoris
1131 1282 1416 1337 editionem
1458 1295 1639 1336 emen-

136 1380 353 1433 davitnus.
403 1378 620 1441 Codices
662 1390 795 1431 mss.
836 1374 889 1428 in
938 1373 1125 1442 quibus
1165 1373 1365 1439 integra
1412 1368 1637 1424 Victoris

141 1472 328 1525 Vitensis
345 1470 563 1524 Historia
587 1468 832 1531 habetur,
854 1464 1066 1519 omnino
1087 1471 1309 1531 quatuor
1326 1459 1634 1512 habuimus:

140 1571 226 1614 tres
247 1560 429 1613 scilicet
454 1575 521 1611 ex
549 1556 864 1610 bibliotheca
886 1552 1194 1607 ‘Colbertina
1222 1589 1236 1612 ,
1263 1564 1393 1616 quos
1418 1562 1518 1615 pro
1537 1561 1637 1601 suo

143 1667 256 1705 mare
278 1659 324 1704 et
346 1660 590 1705 consueta
617 1659 738 1713 erga
761 1644 964 1696 litteras
988 1640 1378 1705 benevolentia,
1401 1636 1635 1693 exhibuit

142 1741 260 1793 nobis
278 1739 337 1793 V.
365 1738 425 1791 C.
456 1735 756 1803 Stephanus
801 1732 1041 1786 Baluzlus
1070 1748 1084 1795 ;
1111 1739 1352 1799 quartum
1395 1744 1524 1783 vero
1571 1744 1634 1783 ex
1663 1723 1713 1784 Β

143 1829 407 1884 monasterio
435 1825 773 1881 Benedictino
800 1824 977 1879 Sancti
1018 1822 1225 1875 Martini
1250 1836 1280 1875 a
1308 1820 1519 1888 Campis
1547 1835 1635 1873 or-

142 1921 247 1974 tltu's
272 1920 633 1973 Cluniacensis.
693 1916 768 1969 Ex
801 1913 1116 1968 Colbertinis
1146 1912 1412 1977 antiquior
1440 1910 1637 1963 sarculo

142 2025 249 2065 nono
270 2019 350 2063 aut
370 2008 611 2077 sequenti
650 2006 875 2074 scriptus
914 2003 1151 2066 videtur,
1189 2000 1450 2055 secundus
1482 1998 1635 2066 paulo

140 2102 353 2169 recentior
378 2109 491 2163 est;
524 2097 710 2152 tertius
740 2109 864 2149 vero
889 2092 1098 2147 nonnisi
1127 2104 1294 2144 annos
1324 2088 1635 2158 quingentos

140 2190 302 2243 videtur
329 2187 591 2256 praeferre,
622 2184 715 2239 sed
744 2184 833 2254 qui
861 2196 1020 2235 manu
1046 2186 1286 2235 accurata
1320 2186 1373 2231 et
1401 2174 1635 2244 diligenti

140 2290 337 2334 exaratos
362 2288 443 2334 est
462 2320 476 2341 ,
509 2279 562 2331 in
600 2276 749 2345 cujus
791 2273 1097 2343 paginarum
1127 2269 1447 2341 marginibus
1476 2266 1635 2321 varize

138 2384 189 2424 ei
214 2371 298 2424 alio
324 2371 490 2437 aliquo
515 2367 695 2423 codice
736 2366 991 2420 lectiones
1032 2363 1293 2417 habentur
1317 2402 1333 2425 ,
1371 2362 1441 2413 ita
1465 2368 1522 2413 ut
1550 2359 1636 2413 hic

138 2459 266 2513 codex
294 2475 379 2527 pro
398 2458 600 2512 duobus
625 2455 813 2509 merito
840 2451 1131 2506 censendus
1161 2452 1248 2504 sit.
1275 2448 1449 2503 Codex
1478 2446 1635 2502 deni-

141 2566 216 2617 que
230 2548 381 2605 Sancti
403 2547 602 2601 Martini
620 2561 649 2598 a
664 2543 891 2611 Campis,
916 2542 1004 2611 qui
1017 2542 1142 2595 olim
1164 2540 1467 2595 monasterii
1481 2538 1635 2593 Cres-

142 2641 348 2706 piacensis
371 2640 494 2701 fuit,
526 2637 593 2691 ab
618 2636 769 2689 annis
810 2636 931 2689 item
960 2632 1135 2688 l‘erme
1156 2633 1459 2702 quingentis
1488 2632 1635 2686 vide-

138 2740 203 2783 utr
220 2730 437 2797 scriptus.
478 2726 847 2783 Consuluimus
874 2725 1030 2779 etiam
1058 2724 1231 2778 varias
1260 2722 1513 2779 lectiones
1538 2736 1632 2775 co-

136 2818 238 2872 dicis
274 2819 413 2873 bonze
458 2830 636 2882 nom,
690 2826 748 2869 ut
785 2816 972 2876 asserit
1010 2813 1325 2873 Chil'lletius.
1354 2810 1635 2866 carthuslze

138 2909 360 2963 Portarum
384 2950 399 2973 ,
443 2922 574 2975 quas
614 2907 751 2961 idem
788 2907 899 2973 ipse
940 2905 1017 2958 vir
1050 2904 1284 2959 eruditus
1318 2903 1371 2956 in
1400 2902 1540 2955 notis
1568 2902 1635 2955 ad

136 2998 352 3053 Victorem
382 3000 533 3052 nobis
562 2995 931 3063 suppeditavit.
964 2995 1029 3046 At
1059 3003 1247 3055 praeter
1279 2992 1373 3043 hos
1400 2990 1629 3055 codices,

136 3088 236 3142 alios
259 3088 383 3142 idem
415 3099 521 3142 tres
559 3060 869 3145 habuimus,
899 3082 950 3135 in
974 3080 1194 3150 quibus,
1220 3078 1433 3145 dempto
1472 3078 1631 3144 priori
1658 3060 1703 3121 (ἶ

134 3181 271 3247 libro,
313 3180 532 3249 Vit-toris
578 3176 743 3230 nostri
793 3173 1018 3227 Historia
1058 3172 1256 3239 integra
1286 3172 1507 3222 habetur
1532 3168 1631 3221 sub

136 3269 353 3324 Passionis
382 3268 547 3323 sancti
575 3265 797 3335 Eugenii
828 3263 997 3317 titulo.
1031 3260 1179 3315 Unus
1207 3276 1271 3313 ex
1302 3259 1383 3312 his
1409 3269 1487 3313 est
1516 3257 1629 3312 RR.

135 3357 212 3411 PP.
235 3356 534 3411 Fuliensium
580 3352 883 3407 monasterii
920 3350 1095 3406 Sancti
1142 3348 1397 3402 Bernardi
1439 3348 1491 3401 in
1533 3346 1632 3401 hac

134 3446 234 3501 urbe
250 3446 515 3514 Parisiaca,
533 3442 667 3497 alter
695 3443 746 3496 in
777 3450 954 3496 nostra
975 3439 1151 3495 Sancti
1176 3437 1422 3500 Germani
1450 3452 1478 3489 a
1506 3437 1634 3489 Pra—

134 3536 183 3588 tit
202 3535 490 3591 bibliotheca
521 3542 850 3597 asservatur,
889 3541 1108 3598 uterque
1136 3529 1203 3583 ab
1243 3527 1395 3580 annis
1421 3526 1632 3580 circiter

134 3625 565 3695 500couscriptus.
598 3624 700 3678 Sed
731 3638 836 3677 uno
885 3622 1079 3675 saeculo
1124 3621 1388 3674 recentior
1428 3618 1632 3671 videtur

132 3714 278 3769 urtica
302 3730 364 3768 ex
405 3715 489 3767 his
526 3712 792 3768 codicibus
816 3752 833 3777 ,
876 3712 965 3779 qui
1006 3718 1089 3765 est
1127 3709 1426 3763 manasterii
1467 3707 1631 3761 nostri

130 3802 268 3859 Sancti
292 3806 521 3859 Cornelii
559 3802 1012 3870 Compendiensis.
1052 3780 1312 3855 Praeterea
1360 3801 1479 3852 lldei
1512 3815 1632 3866 pro-

130 3892 384 3956 fessionem,
408 3894 455 3945 id
486 3901 568 3945 est
594 3893 805 3944 tertium
837 3890 1056 3943 Victuris
1084 3890 1323 3941 Historia:
1342 3889 1554 3950 librum,
1577 3896 1631 3939 et

130 3978 333 4033 Notitiam
360 3981 605 4033 Ecclesire
630 3979 885 4036 Africanae
911 3964 1224 4029 contulimus
1245 3990 1361 4027 cum
1387 3978 1630 4027 vetustis-

130 4069 235 4122 simo
263 4078 311 4123 et
336 4070 545 4135 Optimae
576 4077 711 4119 nota:
739 4067 917 4121 codice
948 4079 1045 4118 ms.
1080 4064 1317 4119 ecclesia:
1356 4065 1630 4119 cathedra;

131 4156 177 4209 lis
192 4152 375 4211 Sancta:
392 4160 569 4226 Marias
589 4155 968 4222 Lauduneusis,
990 4157 1075 4225 qui
1098 4156 1162 4209 ab
1182 4157 1332 4210 annis
1356 4156 1628 4210 minimum

129 4248 395 4317 octingentis
418 4258 665 4303 exaratos
692 4258 791 4304 est.

179 4336 295 4392 XIV.
318 4340 587 4394 Editiones
608 4355 731 4393 vero
757 4338 993 4411 ejusdem
1020 4339 1271 4403 auctoris,
1292 4353 1427 4407 quas
1452 4338 1630 4395 videre

129 4423 263 4493 licuit,
287 4428 361 4481 hae
384 4438 538 4483 sunt:
564 4430 737 4482 Primo
759 4401 967 4497 quidem
990 4408 1199 4482 caeteris
1224 4401 1467 4481 omnibus
1494 4429 1629 4481 anti-
1655 4401 1707 4459 Ῑ)

126 4516 321 4580 ιμὶσι-αιι
346 4518 737 4585 consumimus,
773 4531 803 4568 a
832 4520 981 4570 beato
1019 4518 1271 4571 Rhenano
1300 4526 1627 4583 procuratam

127 4600 305 4661 Basileae
328 4622 461 4661 anno
498 4606 638 4663 1555
661 4648 677 4673 ,
724 4621 826 4675 quo
853 4622 913 4659 ex
947 4607 1153 4659 ofﬁcina
1190 4607 1511 4660 Frobeniana
1545 4606 1630 4659 Vi-

125 4702 212 4746 ctor
250 4709 421 4751 noster
462 4694 749 4762 Vitensis,’
779 4697 915 4750 inter
957 4696 1088 4750 alios
1119 4696 1349 4750 historiae
1377 4696 1625 4749 ecclesia-

127 4780 236 4837 stica
261 4796 514 4849 auctores,
544 4784 767 4850 primum
795 4786 846 4836 in
870 4786 1037 4839 lucem
1065 4785 1271 4852 prodiit.
1307 4784 1501 4838 Eadem
1530 4800 1627 4837 au-

126 4879 289 4925 ctorum
307 4875 547 4927 collectio
565 4874 778 4927 Parisiis
798 4874 985 4928 iterum
1012 4888 1201 4928 excusa
1223 4884 1300 4927 est
1322 4888 1443 4926 ann.
1470 4873 1624 4937 1541,

126 4960 229 5026 typis
240 4959 441 5029 Galeoti
456 4961 739 5021 Pratensis.
759 4963 825 5015 At
840 4979 903 5017 eo
922 4964 1173 5033 temporis
1194 4964 1467 5017 intervallo
1487 4964 1625 5032 quod

125 5046 505 5120 iderntntnque
525 5052 808 5105 editionem
829 5054 1049 5119 efﬂuxit,
1068 5054 1177 5107 haec
1198 5055 1379 5110 eadem
1407 5054 1628 5108 Victoris

126 5138 309 5203 Historia
331 5141 565 5197 Coloniae
595 5143 895 5210 Agrippinae
923 5158 1060 5197 anno
1086 5146 1242 5211 1557,
1271 5160 1299 5197 a
1326 5141 1625 5197 Reinbardo

125 5225 324 5289 Mrichio
349 5230 663 5288 Hadamario
690 5231 826 5299 typis
852 5232 1090 5286 mandata
1122 5244 1222 5298 est,
1250 5244 1302 5288 et
1326 5234 1531 5300 quidem
1559 5247 1624 5289 ex

127 5319 268 5379 ωῶω
293 5337 391 5378 ms.
415 5323 491 5375 uti
514 5320 740 5384 videtur,
762 5319 1017 5387 siquidem
1045 5322 1094 5375 in
1117 5324 1334 5391 epistola
1355 5324 1625 5376 dedicato-

127 5408 209 5478 ria,
229 5412 357 5469 bane
379 5412 656 5467 historiam
681 5426 713 5461 α
742 5410 1015 5475 tinearum,
1042 5413 1215 5477 quibus
1239 5414 1408 5465 arrodi
1435 5412 1630 5465 uideba-

126 5507 203 5571 utr,
224 5505 402 5579 injuria
426 5518 489 5561 se
526 5500 821 5557 vindicasse
859 5502 1148 5571 proﬁtetur.
1191 5504 1365 5558 Altera
1389 5502 1628 5569 ejusdem

1742 472 2005 525 tholomtei
2022 470 2387 526 WeSIhn-meri.
2413 472 2467 526 ιιι
2489 488 2586 539 qua
2611 475 2732 525 item
2757 474 2884 526 urbe
2908 490 3045 526 anno
3072 474 3203 527 l555
3222 490 3284 526 ex

1743 560 1953 615 Henrici
2003 562 2142 615 Petri
2172 561 2379 616 oflicina
2428 564 2617 631 prodiit
2647 578 2779 616 nova
2810 580 3079 617 sacrorum
3111 579 3287 618 aucto-

1739 668 1854 706 rum
1902 655 2143 709 collectio
2203 656 2302 711 sub
2359 658 2898 726 Orthodoxographite
2946 661 3191 726 numine,
3234 660 3285 710 in

1738 760 1861 811 qua,
1892 746 2028 800 inter
2054 746 2156 800 alia
2181 761 2346 800 sacrae
2365 750 2684 817 antiquitatis
2707 762 3063 817 monumenta,
3090 752 3286 803 haben-

1740 842 1827 889 tur
1856 836 2080 892 Victoris
2110 840 2272 894 nostri
2302 842 2556 896 libri'tres
2598 844 2665 897 de
2687 843 3054 897 Persecutione
3081 843 3285 896 Vanda-

1739 924 1861 991 lica,
1888 938 2006 978 cum
2036 929 2279 994 passione
2317 940 2617 983 sanctorum
2656 940 2856 998 septem
2886 931 3281 985 monachorum.

1736 1013 1998 1069 Caeterum
2028 1030 2168 1071 anno
2210 1017 2345 1073 {5‘69
2374 1035 2563 1074 novam
2607 1020 2727 1074 item
2759 1021 2978 1074 Victrris
3002 1021 3287 1075 editionem

1738 1100 1953 1157 Parisiis
1996 1108 2198 1160 curavit
2236 1110 2317 1171 vir
2361 1108 2427 1162 de
2474 1126 2529 1162 re
2573 1108 2823 1163 litter.-ria
2871 1109 3007 1163 bene
3044 1110 3283 1175 meritus,

1736 1190 2047 1249 Franciscus
2092 1196 2405 1261 Balduinus,
2448 1200 2673 1253 celebris
2713 1200 3141 1267 iurisconsultus,
3192 1201 3283 1268 qui

1738 1286 1939 1353 primus
1966 1290 2199 1342 omnium
2231 1289 2365 1344 hanc
2407 1291 2688 1344 Historiam
2737 1292 3131 1345 commentariis
3160 1290 3282 1343 illu-

1737 1379 1940 1433 stravit.
1972 1381 2134 1436 Paulo
2174 1394 2312 1448 post,
2347 1399 2484 1437 anno
2528 1385 2729 1438 scilicet
2760 1384 2916 1443 1576.
2959 1385 3283 1452 blargarinus

1736 1469 1953 1539 Bignius
1994 1473 2213 1526 Parisiis
2242 1475 2402 1528 edidit
2428 1476 2806 1530 Bibliothecam
2833 1482 3147 1530 ‘sanctorum
3183 1476 3284 1529 Pa-

1738 1568 1896 1624 trum,
1928 1576 2043 1629 quce
2068 1562 2260 1616 iterum
2290 1580 2428 1616 anno
2460 1565 2594 1620 l589
2622 1567 2671 1619 in
2714 1569 2897 1620 eadem
2936 1568 3068 1621 urbe
3093 1583 3286 1623 excusa

1736 1657 1837 1713 est,
1866 1657 1918 1702 et
1948 1651 1997 1701 in
2043 1664 2261 1719 utraque
2306 1652 2475 1704 locum
2518 1652 2675 1707 habet
2704 1664 2880 1707 noster
2912 1655 3118 1716 VlClOl';
3150 1656 3286 1709 sicut

1739 1744 1791 1789 et
1814 1737 1863 1790 in
1892 1736 2283 1793 Coloniensium
2313 1742 2560 1806 editione,
2584 1753 2636 1797 et
2665 1745 2717 1795 in
2746 1744 2859 1796 aliis
2883 1744 3139 1812 ejusmodi
3162 1760 3286 1799 san-

1736 1836 1938 1882 ctorum
1964 1830 2175 1884 Patrum
2203 1846 2419 1899 operum
2449 1835 2866 1897 collectionibus.
2894 1853 3010 1905 quae
3033 1838 3283 1907 deinceps

1735 1914 1787 1969 in
1814 1916 1980 1972 lucem
2013 1921 2338 1985 prodierunt.
2388 1924 2515 1989 Quae
2544 1940 2727 1979 omnes
2774 1928 3032 1982 editiones
3068 1929 3164 1982 sub
3197 1930 3289 1983 Vi-

1734 2010 1893 2061 ctoris
1942 2011 2202 2066 Uticensis
2252 2014 2462 2068 nomine
2510 2015 2732 2084 vulgata:
2782 2026 2903 2070 sunt
2935 2027 3124 2084 prmter
3154 2020 3284 2074 duas

1733 2094 1872 2149 beati
1904 2096 2163 2159 llltenani,
2214 2102 2264 2152 in
2312 2102 2499 2169 quibus
2529 2104 2705 2157 Victor
2736 2106 2961 2160 Vitensis
3004 2110 3286 2177 episcopus

1733 2187 2040 2254 appellatur.
2072 2187 2177 2242 Sed
2201 2206 2380 2243 verum
2405 2191 2608 2245 titulum
2639 2197 2865 2249 asseruit
2893 2197 3083 2253 Petrus
3114 2201 3294 2254 Fran‘

1734 2274 1906 2329 ciscus
1929 2276 2219 2330 Clniflletius
2238 2278 2290 2331 in
2311 2279 2417 2346 jam
2442 2280 2646 2334 laudata
2674 2283 2924 2351 editione,
2955 2300 3114 2354 quam
3144 2303 3305 2343 annos

1738 2364 1873 2419 1664
1900 2367 2122 2421 Divione
2170 2368 2283 2422 ﬂeri
2319 2371 2539 2423 curavit.
2570 2372 2851 2437 Caeterum,
2892 2388 2956 2427 ne
3002 2376 3032 2426 ii
3066 2380 3150 2437 qui
3183 2376 3281 2429 La-

1735 2458 1843 2510 tine
1874 2458 2111 2526 ignorant
2137 2470 2240 2515 tam
2277 2462 2452 2515 eximii
2484 2466 2659 2529 operis
2706 2448 2931 2519 lectione
2962 2466 3278 2521 fruatraren-

1737 2552 1839 2608 tur,
1870 2545 1919 2596 in
1969 2548 2299 2601 vernaculam
2346 2549 2574 2616 linguam
2620 2566 2723 2602 non
2766 2552 2928 2607 semel
2975 2555 3292 2607 translatum-

1734 2642 1835 2687 est.
1868 2636 1932 2688 Et
1964 2637 2131 2703 primo
2159 2639 2368 2704 quidem
2400 2639 2595 2694 Gallico
2624 2641 2817 2708 prodiit
2860 2643 3053 2715 saeculo
3081 2659 3298 2708 praece-

1734 2723 1898 2788 denti,
1926 2741 2063 2780 anno
2090 2728 2294 2783 scilicet
2335 2731 2490 2796 1563,
2541 2746 2700 2797 opera
2753 2731 3017 2785 Francisci
3048 2733 3278 2787 Belfnrc-

1735 2813 1839 2876 alii,
1871 2814 2082 2870 Parisiis
2125 2818 2260 2883 apud
2309 2818 2603 2873 Gabrielcm
2653 2821 2824 2883 Biton;
2868 2830 2921 2875 et
2965 2837 3104 2875 anno
3146 2824 3303 2877 l66-l"

1733 2905 1896 2960 altera
1925 2906 1977 2959 in
2007 2909 2190 2961 eadem
2220 2910 2371 2971 urbe,
2404 2910 2469 2960 ab
2512 2911 2861 2963 illustrissimo
2900 2912 3128 2966 Arnaldo
3175 2916 3279 2966 An-

1734 2994 1885 3049 dillio
1906 3008 2202 3064 procurata.
2226 2998 2304 3050 Ad
2323 2998 2440 3052 haec
2459 3000 2675 3062 Anglice
2698 3001 2836 3053 edita
2860 3010 2939 3054 est
2961 3017 3098 3055 anno
3122 3004 3291 3057 1605:

1735 3084 1928 3138 Harum
1971 3099 2099 3140 vero
2128 3088 2361 3141 omnium
2391 3089 2454 3141 ad
2490 3098 2720 3142 nostram
2766 3090 2991 3144 Vieloris
3040 3093 3285 3145 llistoriar

1730 3172 2017 3228 editionem
2043 3174 2397 3229 adornandam
2430 3177 2521 3229 usi
2536 3192 2742 3237 sumus,
2770 3180 2975 3233 collatis
3004 3181 3139 3233 inter
3161 3196 3278 3233 sese

1732 3270 1837 3317 tam
1886 3278 2016 3319 mss.
2046 3280 2197 3333 quam
2227 3265 2383 3320 editis
2422 3267 2713 3328 codicibus,
2743 3282 2961 3335 quorum
3006 3269 3172 3320 varias
3200 3270 3276 3322 le.

1730 3355 1933 3409 ctiones
1972 3368 2068 3410 suo
2094 3355 2211 3410 loco
2247 3355 2627 3410 exhibebimus.
2672 3357 2797 3411 Haec
2839 3358 2905 3411 de
2930 3356 3160 3414 Victoris
3193 3360 3279 3410 γε.

1732 3444 1893 3498 tensis
1922 3433 2147 3498 Historia
2200 3447 2515 3511 praemittere
2556 3446 2725 3500 visum
2775 3454 2876 3500 est.
2918 3446 2994 3499 De
3026 3445 3107 3499 his
3152 3462 3278 3500 vero

1729 3550 1847 3605 quae
1873 3544 2111 3606 spectant
2136 3536 2200 3592 ad
2228 3546 2415 3592 cratera
2448 3546 2805 3603 monumenta,
2832 3552 2948 3605 qua:
2976 3538 3027 3590 in
3059 3537 3157 3590 istn
3187 3553 3279 3588 vo-

1730 3627 1928 3680 lumine
1956 3627 2311 3691 contir'teutur,
2342 3627 2509 3681 fusius
2556 3627 2639 3679 hic
2665 3627 2927 3681 disserere
2969 3642 3279 3694 supervaca-

1730 3731 1885 3770 neum
1927 3717 2081 3781 foret,
2113 3732 2230 3772 cum
2279 3732 2371 3772 sua
2401 3718 2679 3787 unicuique
2707 3718 2962 3784 epusculo
3009 3718 3277 3785 prwmissa

1730 3807 2029 3863 admonitio
2066 3798 2117 3862 id
2159 3810 2366 3862 abunde
2412 3808 2615 3863 doceat.
2657 3809 2757 3861 Sed
2808 3819 2981 3862 tamen
3029 3820 3085 3861 ut
3120 3812 3279 3862 totius

1729 3894 1971 3948 Histeria:
1997 3896 2291 3949 Vandalicas
2338 3897 2531 3949 seriem
2568 3895 2665 3948 sub
2706 3910 2834 3957 uno,
2885 3904 2942 3947 ut
2973 3896 3041 3946 ita
3084 3897 3274 3957 dicam,

1728 3983 1865 4036 oculi
1895 3992 2177 4049 conspectu
2198 3984 2366 4037 lector
2387 3983 2580 4036 habere
2604 3984 2785 4048 possit,
2812 3985 2925 4048 post
2948 3997 3127 4034 eorum
3156 3999 3274 4051 qua:

1728 4073 1812 4127 hic
1859 4075 2191 4127 continentur
2234 4073 2513 4142 syllabum,
2576 4072 3003 4139 chrono’logicum
3048 4060 3273 4127 indicem

1729 4164 2057 4228 exhibemus,
2102 4165 2153 4217 in
2202 4180 2304 4231 quo
2354 4163 2556 4231 singula
2587 4176 2804 4232 quaeque
2851 4162 3000 4214 istius
3032 4162 3275 4217 Historia:

1728 4258 1896 4323 capita
1923 4250 2142 4323 singulis
2181 4255 2331 4308 annis
2371 4254 2559 4321 quibus
2584 4252 2867 4321 contigisse
2916 4255 3071 4321 vulgo
3095 4254 3284 4307 existi-

1732 4357 1939 4401 mantur
1967 4347 2416 4415 consignavimus.
2450 4346 2506 4399 Si
2538 4340 2660 4413 quid
2692 4360 2839 4409 vero,
2887 4346 2993 4397 imo
3024 4346 3275 4413 quidquid

1730 4454 1757 4491 a
1791 4452 1873 4490 me
1902 4437 1951 4489 in
1992 4445 2101 4487 toto
2141 4434 2296 4499 hujus
2326 4434 2565 4486 Historiae
2594 4434 2817 4487 decursu
2862 4445 3132 4500 peccatum
3165 4434 3277 4488 fue—
3356 4440 3357 4443 ‘

1731 4527 1823 4586 rit,
1843 4525 2069 4591 benigne
2111 4522 2333 4587 accipiat
2377 4522 2559 4581 lector.
2605 4530 2659 4573 et
2698 4536 2869 4573 meum
2902 4523 3086 4574 saltem
3137 4523 3184 4574 in
3218 4538 3277 4575 ra

1730 4623 1833 4665 tam
1861 4612 2131 4679 praeclara,
2165 4612 2257 4663 sed
2302 4608 2415 4663 fere
2443 4609 2699 4678 neglecm,
2728 4619 2971 4663 conatum
3016 4610 3150 4675 :equi
3181 4612 3275 4663 bo-

1729 4704 1886 4767 nique
1913 4700 2174 4765 consulat,
2198 4699 2371 4751 animo
2394 4710 2662 4767 reputans,
2690 4712 2785 4751 nec
2813 4700 2939 4751 mihi
2970 4700 3157 4752 sinceri
3183 4706 3275 4751 aut

1728 4790 1840 4844 veri
1868 4789 2117 4853 studium,
2146 4804 2245 4843 nec
2271 4789 2609 4857 diligentiam,
2635 4787 2724 4840 sed
2747 4789 3089 4840 eruditionem
3118 4804 3274 4855 argu-

1731 4884 1909 4931 mento
1938 4892 2115 4944 parem
2146 4878 2424 4946 allquandu
2454 4876 2702 4939 demisse,
2732 4890 2886 4942 quam
2914 4877 2979 4929 ab
3012 4876 3127 4926 aliis
3150 4891 3270 4928 eru-

1730 4967 2003 5020 ditioribus
2032 4967 2263 5033 suppleri
2289 4975 2547 5033 optamus.
2582 4963 2841 5017 Caeterum
2886 4965 2995 5016 haec
3028 4964 3271 5017 Vandali—

1727 5073 1801 5111 cas
1831 5056 2209 5125 persecutionis
2254 5058 2481 5110 Historia
2530 5069 2651 5123 pars
2692 5057 2807 5107 erat
2837 5053 2993 5106 totius
3030 5055 3270 5107 Historiae

1728 5145 2146 5215 persecutionum
2192 5146 2255 5201 ab
2295 5145 2499 5199 Arianis
2524 5152 2630 5197 tum
2676 5144 3105 5208 imperatoribus,
3158 5150 3267 5195 tum

1726 5236 1880 5291 etiam
1913 5234 2155 5287 Barbaris
2184 5237 2547 5297 excitatarum,
2579 5249 2733 5301 quam
2775 5242 3006 5299 paratam
3040 5232 3269 5286 habeba-

1728 5314 1874 5385 mus;
1922 5323 2069 5391 cujus
2099 5326 2249 5377 aliam
2284 5334 2502 5391 partem,
2553 5323 2809 5391 siquidem
2839 5321 2935 5387 piis
2964 5329 3015 5372 et
3049 5322 3270 5375 eruditis

1728 5412 1850 5465 viris
1878 5426 1980 5463 non
2026 5414 2402 5481 displicituram
2445 5412 2873 5473 intellexerimus,
2902 5424 3021 5463 cum
3064 5420 3268 5478 tempus

1724 5502 1831 5565 erit
1858 5501 2020 5571 magis
2044 5492 2574 5573 'opportunum,typis
2604 5499 2853 5555 mandare
2879 5500 3211 5554 curabimus.
