3854 6228
138 237 215 292 181

1039 232 1121 306 DE
1162 227 1672 288 PERSECUTIONE
1710 229 2094 284 VANDAIJCA
2136 231 2264 286 LIB.
2307 231 2346 283 l.

3204 236 3302 290 £39.

134 349 322 400 storiam
346 355 522 398 texere
543 353 563 379 ³
591 344 798 413 jubens.
829 340 1060 409 inquirit,
1093 335 1256 393 simili
1294 338 1508 408 quidem
1539 337 1638 391 fer-
1667 342 1724 401 Δ
1743 337 1896 393 video
1920 338 2281 402 Timotheum,
2304 339 2372 392 ab
2402 339 2731 398 incunabulis
2760 342 2992 395 infantia:
3027 345 3192 409 sacris
3223 345 3306 398 lit-

134 435 457 502 t-ore,dispari
478 444 866 498 tamenautore;
893 439 945 485 et
965 434 1016 500 2
1036 429 1107 482 illi
1127 435 1183 483 ut
1209 428 1554 483 laudarentur
1587 428 1641 479 in

134 525 324 590 seculo,
345 525 453 590 ipse
486 534 540 576 ut
570 522 852 591 przeclarus
887 534 1144 588 appareas
1172 519 1225 572 in
1259 519 1453 584 futuro,
1488 527 1541 571 et
1565 517 1645 570 di-

133 626 241 672 ras:
263 612 319 666 1ιι
347 613 552 666 Domino
580 611 872 664 laudabitur
893 613 1062 662 anima
1085 625 1233 672 mea;
1263 609 1474 662 audiant
1498 623 1646 660 matt-

134 707 298 756 Μία
325 703 546 756 fatentur
572 699 743 771 (Prol.
777 715 961 763 sum,
988 699 1065 766 5).
1101 699 1328 763 Poteris,
1363 700 1555 764 inquis,
1588 704 1649 750 ut

135 795 276 858 voles,
315 793 432 860 quia
467 804 620 842 omne
647 788 827 841 datum
873 791 1148 856 optimum,
1178 796 1232 841 et
1258 801 1418 842 omne
1448 786 1644 839 donum

135 878 393 947 perfectum
421 877 624 931 caelitus
669 876 937 943 accepisti,
960 874 1199 929 eruditus
1227 889 1256 926 a
1287 883 1434 928 tanto
1475 875 1648 942 ponti-

137 971 236 1030 lice,
280 976 482 1034 totoque
511 964 679 1018 laudis
720 977 916 1033 genere
953 963 1291 1033 praedicando
1319 963 1473 1017 beato
1524 962 1648 1014 Dia-

134 1059 283 1112 docbo
307 1055 356 1122 δ,
401 1055 566 1122 cuius,
611 1065 669 1108 ιιι
694 1039 836 1107 astra
862 1053 1088 1107 lucentia
1111 1061 1335 1114 .exstaut
1374 1052 1652 1121 quamplu-

134 1151 245 1203 rima
269 1147 506 1202 catholici
533 1146 795 1215 dogmatis
822 1147 1142 1199 monimenta
1170 1147 1456 1202 dictorum.
1486 1145 1551 1198 Et
1570 1155 1652 1199 sat

135 1245 201 1291 est
225 1238 307 1291 libi
335 1246 389 1290 ut
409 1238 699 1305 :equiparcs
713 1237 1005 1293 doctrinam
1029 1237 1294 1304 doctoris;
1320 1239 1440 1306 quia
1462 1247 1545 1290 est
1568 1253 1652 1289 sa-

135 1329 189 1383 tis
211 1327 475 1396 discipulo,
519 1335 578 1382 ut
619 1328 691 1382 sit
727 1328 991 1396 quomodo
1031 1327 1280 1397 magister
1303 1327 1437 1395 ejus.
1476 1326 1648 1381 Alium

191 1475 216 1503 ι
234 1465 316 1519 Sic
339 1464 628 1519 Ortltodox.
656 1473 710 1518 et
739 1464 1034 1518 Loricliius.
1075 1462 1263 1517 (ἔπειθτί
1294 1476 1421 1515 vero
1447 1461 1656 1516 codices

135 1535 447 1604 manuscripti
486 1544 539 1588 et
576 1535 705 1588 editi
742 1534 954 1604 habent.
986 1532 1209 1604 cupiens.
1243 1532 1474 1604 inquirit,
1524 1542 1653 1604 etc"

135 1621 232 1672 qua
254 1605 353 1658 duo
375 1602 620 1657 vocabula
648 1603 692 1656 si
716 1602 1042 1672 retineantur
1060 1639 1075 1663 ,
1093 1603 1205 1672 ista
1244 1602 1480 1672 prsefatio
1515 1602 1656 1654 vide-

137 1669 258 1728 hitur
291 1687 406 1727 esse
433 1672 605 1738 p0tius
638 1671 854 1724 alterius
899 1669 1193 1736 cuiuspiam
1251 1669 1510 1724 Victorem
1562 1685 1655 1722 no-

136 1753 281 1796 strum
317 1741 628 1808 alloquentis
655 1779 672 1802 ,
725 1754 883 1804 quam
929 1739 1155 1792 Victoris
1196 1740 1362 1804 ipsius
1411 1741 1652 1808 tlistorim

137 1812 360 1864 auctoris.
389 1807 476 1863 Sic
499 1816 554 1861 et
586 1811 719 1862 intra
749 1809 903 1862 iidem
935 1810 1145 1862 codices
1178 1809 1394 1873 habent,
1427 1807 1646 1871 Poteris,

138 1890 182 1930 ιιι
205 1880 408 1940 voluisti,
436 1878 625 1931 omissa
661 1893 790 1931 voce
817 1879 1002 1947 inquis.
1050 1876 1152 1947 Sed
1188 1892 1498 1946 quocunque
1537 1885 1654 1947 tan-

137 1947 237 2000 dem
264 1948 416 2001 modo
447 1949 488 2000 is
523 1948 669 2000 locus
698 1945 1008 2015 expunatur,
1047 1945 1313 1999 fatendum
1343 1957 1425 1997 est
1466 1946 1656 2010 prmia-

137 2019 305 2068 tiouem
335 2017 469 2070 lianc
491 2016 560 2069 ita
584 2017 860 2068 verborum
883 2016 1187 2082 ambagibus
1209 2029 1326 2067 esse
1348 2015 1654 2076 involutam,

139 2094 185 2138 ut
205 2085 403 2140 difticile
429 2086 498 2139 sit
521 2099 700 2138 verum
735 2084 876 2138 illius
898 2083 1126 2138 auctoris
1165 2097 1377 2138 sensum
1425 2083 1655 2147 assequi,

139 2156 254 2222 quod
279 2155 329 2208 in
355 2169 514 2208 causa
536 2163 638 2216 est,
663 2168 760 2207 cur
786 2169 903 2208 eam
940 2153 1280 2219 depravatam
1309 2166 1448 2215 esse,
1480 2151 1563 2205 vel
1593 2167 1657 2204 ex

137 2224 424 2293 scriptorum
453 2225 794 2304 negligentia,
816 2224 896 2277 vel
925 2238 990 2277 ex
1022 2223 1122 2278 alia
1163 2237 1320 2291 quam
1360 2222 1661 2289 ignoramus

141 2307 294 2359 causa.
322 2307 674 2359 suspicemur.

184 2357 218 2400 ’δ
245 2363 324 2418 Sic
343 2357 463 2415 cum
500 2377 604 2415 uno
641 2377 672 2416 e
713 2361 1082 2428 manuscriptis
1123 2360 1292 2413 tribus
1329 2359 1661 2412 bibliothecae

139 2431 445 2490 Colbertina'.
475 2431 541 2484 ad
567 2444 698 2497 quos
722 2431 993 2484 historiam
1025 2433 1158 2482 lianc
1199 2428 1539 2491 contulimus,
1570 2431 1658 2480 ha-

140 2499 514 2555 benteditioues
552 2499 692 2552 beati
725 2499 964 2552 llhenani
992 2509 1047 2552 et
1079 2497 1355 2551 Cltiflletii.
1401 2498 1660 2550 Colberti-

141 2585 222 2623 aus
255 2571 379 2623 alter
427 2569 612 2632 habet,
666 2568 912 2620 Diacodo.
958 2566 1169 2629 Crateri,
1220 2567 1462 2619 Diacono.
1500 2567 1662 2620 Porro

140 2636 429 2701 Chil'ﬂetius,
460 2636 548 2705 qui
573 2646 630 2690 ut
653 2653 763 2690 rem
789 2645 988 2690 certam
1009 2637 1256 2704 supponit
1280 2636 1540 2705 Victorem
1569 2649 1664 2688 no-

141 2717 280 2776 stt-um
298 2704 754 2776 Con-tantinOpoli
775 2715 1016 2776 agentem
1036 2704 1426 2776 persecutionis
1451 2705 1659 2776 Vanda-

142 2774 235 2827 Iica
252 2775 525 2828 Hi-toriam
547 2773 831 2843 conscrips
843 2790 946 2839 sse,
969 2775 1127 2829 infert
1146 2775 1319 2828 statim
1337 2790 1451 2828 eam
1474 2773 1666 2828 Acacio

142 2843 699 2913 Constttttinopolttano
724 2844 1032 2913 patriarchae
1075 2844 1233 2897 fuisse
1271 2845 1337 2898 ab
1370 2843 1435 2910 ep
1473 2859 1667 2895 nuncu-

142 2925 286 2978 patam
313 2931 330 2966 :
355 2931 490 2978 cum,
515 2916 704 2981 inquit,
735 2915 816 2966 vix
853 2915 984 2966 alius
1024 2928 1325 2975 occurreret,
1369 2913 1450 2964 cui
1489 2913 1667 2965 Victor

141 2991 310 3034 tantum
324 2985 516 3049 deferre
535 2983 742 3035 honoris
773 2983 848 3034 vel
884 2984 1100 3048 potuerit
1143 2983 1214 3033 vel
1250 2981 1490 3033 debuerit.
1533 2981 1665 3033 Tum

140 3051 326 3112 gradum
348 3053 569 3113 faciens,
601 3049 914 3106 Diadcrhum
957 3052 1041 3102 ltic
1083 3058 1456 3110 memoratum,
1502 3063 1660 3115 quem

143 3120 256 3188 hunc
297 3121 462 3188 ipsum
491 3134 611 3173 esse
645 3118 962 3172 Diadocltum
989 3119 1292 3188 upi<copum
1330 3117 1573 3170 Pliotices
1607 3119 1658 3170 in

1750 428 1875 482 teris
1899 427 2159 482 eruditum
2191 446 2206 482 :
2239 441 2335 482 nec
2364 445 2465 481 non
2499 435 2634 483 inter
2675 432 2809 486 alios
2838 419 3115 491 sublimem
3148 442 3303 499 atque

1751 516 2052 586 expeditum
2100 515 2315 581 annn,
2379 527 2490 570 arte
2534 518 2822 584 medicum,
2874 521 3098 588 apostoli
3153 519 3304 580 Pau't

1751 605 1984 673 gentium
2013 604 2245 658 doctoris
2273 600 2608 673 discipulum.
2645 607 2754 674 Ego
2779 589 3026 676 namque
3063 607 3305 674 jubentis

1753 695 1977 763 imperio
2000 695 2316 748 obedientim
2349 695 2607 749 cervicem
2638 695 2974 758 submittens,
2998 687 3122 764 quze‘
3144 695 3306 748 olive-

1755 796 1946 842 nerunt
1978 786 2030 840 in
2074 785 2310 856 partibus
2345 785 2554 850 Africae,
2593 784 3038 840 debaccltantibus
3070 785 3316 860 Arionis,

1754 879 1950 934 sensim
1980 878 2316 947 breviterque
2354 878 2585 932 indicare
2615 877 2849 940 tentabo,
2880 860 3115 954 et'quasi
3142 865 3302 954 rustic

1752 983 1848 1023 cus
1886 969 2160 1037 operarius
2188 967 2483 1036 defatigatis
2528 968 2686 1032 ulnis,
2735 983 2918 1022 aurum
2962 951 3304 1035 colligiun'iic

1752 1059 1919 1112 antris
1947 1058 2188 1122 occultis,
2201 1059 2432 1128 speciem
2459 1073 2585 1114 vero
2613 1057 2786 1114 adhuc
2809 1058 3113 1114 sordentem
3146 1067 3303 1126 atque

1753 1148 2047 1209 contusam,
2078 1161 2182 1201 non
2224 1148 2514 1202 cunctabor
2543 1146 2764 1202 artiﬁcis
2793 1147 2997 1216 judicio
3027 1147 3131 1216 igni
3180 1162 3306 1201 exa-

1754 1239 2054 1292 minandam
2076 1237 2409 1303 contradere,
2432 1240 2520 1308 qui
2551 1239 2872 1294 monetarios
2905 1239 3072 1308 possit
3109 1235 3306 1295 solidos

1753 1326 1844 1397 [aL
1876 1326 2159 1412 picturare]
2187 1327 2487 1383 cll'urmare.

1764 1463 1894 1518 alias
1912 1464 2160 1526 diximus.
2185 1479 2281 1518 nec
2302 1479 2430 1518 sane
2451 1465 2725 1527 probabile
2745 1478 2829 1520 est
2859 1466 2998 1519 hunc
3013 1477 3328 1529 auctorem,~

1758 1534 1846 1599 qui
1885 1543 1988 1586 tam
2022 1533 2269 1594 praeclara
2317 1534 2383 1586 de
2427 1533 2646 1587 Romani
2697 1535 2958 1601 pontiﬁcis
2997 1537 3308 1589 auctoritate

1761 1603 1934 1666 liabet,
1963 1604 2229 1655 historiam
2254 1617 2401 1654 suam
2437 1617 2764 1665 nuncupaSse
2797 1607 3013 1664 Acacio,
3053 1607 3138 1667 qui
3178 1607 3308 1657 adeo

1758 1681 1884 1725 tunc
1924 1672 2176 1724 adversus
2210 1671 2496 1724 Ecclesium
2534 1671 2823 1724 Romanam
2869 1673 3304 1726 excandescebat.

1758 1742 1965 1806 Scripta
1981 1744 2172 1807 quippe
2183 1751 2263 1794 est
2283 1741 2635 1808 licccezllist
2673 1741 2746 1792 ria
2761 1741 3034 1804 anno487,
3051 1755 3154 1806 quo
3178 1751 3310 1794 teut.-

1685 1833 1732 1892 B
1761 1825 1887 1891 pore
1916 1809 2198 1892 fervebant
2213 1810 2440 1892 maxime
2467 1811 2604 1863 inter
2634 1810 2856 1890 Felicem
2886 1825 3068 1892 papam
3093 1817 3154 1892 et
3179 1811 3309 1892 Aca-

1761 1881 1898 1933 cium
1929 1879 2566 1946 Constautinopolitanum
2605 1880 2909 1945 gravissima
2941 1879 3180 1931 discidia.
3216 1883 3310 1932 At-

1760 1965 1863 2015 que
1892 1949 2048 2015 paulo
2079 1957 2194 2012 post
2217 1951 2438 2002 Aeacius
2467 1949 2580 2014 ipse
2606 1965 2634 1998 e
2663 1948 2793 2000 νὶινίς
2815 1949 3042 2001 excessit
3068 1964 3094 1998 a
3119 1946 3311 2000 Roma-

1762 2032 1842 2069 na:
1874 2017 2124 2070 Ecclesia:
2158 2018 2532 2070 communione
2576 2026 2913 2084 segregatus;
2953 2017 3179 2083 indeque
3223 2030 3315 2068 na-

1763 2096 1870 2136 tum
1901 2085 2130 2138 schisma
2162 2087 2296 2138 inter
2319 2095 2596 2153 utramque
2631 2086 2940 2149 Ecclesium,
2989 2085 3311 2139 Orientaleut

1761 2153 1960 2223 scilicet
1996 2164 2050 2207 et
2074 2153 2489 2223 Occidentaiem,
2529 2155 2666 2222 quod
2707 2155 2884 2207 tandiu
2933 2157 3311 2222 perseveravit.

1765 2222 1911 2276 Ilattd
1949 2222 2114 2289 magis
2147 2233 2346 2276 certum
2384 2233 2464 2277 est
2495 2225 2743 2276 Acacutm
2777 2224 3024 2276 Diaduclti
3065 2224 3314 2276 antistitis

1762 2293 2075 2359 discipulum
2127 2292 2318 2354 fuisse,
2365 2306 2519 2356 quem
2557 2308 2622 2345 ex
2671 2293 2922 2358 prmfeeto
2955 2297 3312 2358 orpltanorutn

1765 2361 1978 2429 hospitii
2031 2360 2094 2414 ad
2139 2361 2318 2414 sedem
2380 2361 3014 2426 Constantiutqmlitauam
3068 2371 3311 2413 evectum

1765 2431 1929 2485 luisse
1945 2431 2129 2484 scribit
2150 2430 2422 2494 Evagrius.
2442 2429 2546 2482 Nec
2566 2434 2673 2483 scio
2703 2445 2768 2484 au
2797 2429 2986 2482 Acacio
3001 2440 3314 2494 congruant,

1766 2516 1883 2568 qua:
1913 2501 1964 2553 in
1995 2499 2090 2553 ista
2129 2499 2436 2567 praefatione
2471 2498 2647 2552 Victor
2684 2498 2912 2568 attribuit
2952 2498 3035 2568 ei,
3063 2497 3316 2568 cuipopus

1766 2566 1915 2622 suum
1949 2566 2283 2640 nuncupavit.
2335 2570 2507 2621 Alium
2551 2569 2721 2640 video,
2758 2567 2945 2634 inquit,
2973 2566 3312 2640 Timotheum,

1767 2647 1897 2699 etc-.,
1927 2635 2074 2706 atque
2099 2637 2288 2692 Lucam
2325 2650 2432 2690 arte
2473 2639 2741 2704 medicum,
2787 2637 3001 2703 apostoli
3046 2635 3196 2688 Pauli
3227 2638 3318 2687 do-

1767 2709 1920 2760 ctoris
1947 2709 2166 2776 gentium
2189 2707 2526 2774 discipulum,
2571 2715 2625 2765 et
2652 2707 2760 2776 alia
2801 2721 2916 2774 qua:
2957 2706 3042 2759 Itic
3078 2714 3318 2772 repetere

1768 2791 1872 2830 non
1882 2773 2065 2897 Juvat.
2110 2776 2232 2830 Haec
2261 2773 2435 2829 tamen
2462 2776 2615 2844 paulo
2643 2773 2827 2826 fusius
2849 2784 3158 2841 prosecutus
3179 2789 3316 2835 sum,

1769 2854 1828 2897 ut
1927 2851 2142 2897 ictorem
2209 2854 2448 2897 nostrum
2480 2884 2495 2897 .
2556 2859 2709 2897 uuem
2762 2843 2934 2895 Acacii
3001 2843 3316 2895 scltismatici

1769 2854 1828 2899 ut
1882 2843 2142 2899 Victorem
2209 2843 2495 2907 nostrum,
2556 2859 2709 2909 quem
2762 2843 2934 2895 Acacii
3001 2843 3318 2895 scltismatici

1771 2916 2138 2968 communione
2185 2914 2440 2980 pollutum
2493 2914 2701 2964 incaute
2743 2913 2872 2964 dixit
2909 2909 3225 2972 Cltittletius,
3256 2912 3321 2962 ab

1770 2985 1869 3036 hac
1910 2983 2024 3035 labe
2067 2983 2408 3034 vindicarem.
2444 2981 2704 3033 Cancrum
2744 2981 2844 3033 etsi
2904 2980 3170 3033 afttrmare
3217 2994 3318 3031 non

1768 3050 1978 3117 ausim,
2030 3049 2344 3102 Diadocltum
2391 3050 2474 3102 Itic
2513 3061 2859 3102 memoratum
2888 3093 2900 3112 ,
2954 3047 3320 3102 Pltolicensetu

1769 3121 2074 3187 episcopum
2107 3118 2284 3180 fuisse,
2318 3119 2365 3169 id
2392 3130 2563 3171 tamt-n
2588 3134 2617 3170 a
2661 3120 2949 3171 verosimilt
3002 3119 3166 3170 multo
3216 3131 3317 3168 non

144 3187 276 3256 Epiro
303 3176 460 3243 {ett-ri
482 3205 512 3242 a
546 3190 735 3243 Pltotio
765 3190 815 3240 in
833 3176 1153 3240 Bibliotheca
1173 3176 1435 3239 laudatum
1453 3194 1652 3250 censet,
1686 3176 1732 3239 C
1763 3176 1882 3242 esse
1915 3176 2167 3250 alienum,
2196 3176 2332 3240 ultro
2361 3192 2548 3249 lateor,
2594 3187 2822 3256 maxime
2855 3202 2971 3238 cum
3009 3189 3089 3238 Itis
3121 3195 3322 3252 tempo-

143 3256 243 3311 faeit
257 3260 428 3314 Acacii
457 3259 710 3312 Constant
723 3257 1023 3324 inopolitani
1048 3258 1375 3324 magistrum,
1407 3264 1460 3307 ut
1482 3258 1533 3324 ei
1551 3271 1669 3323 qua:

145 3327 186 3380 in
214 3328 302 3382 bac
338 3329 651 3396 praefatione
705 3323 961 3380 habentur
1007 3323 1210 3394 possint
1252 3325 1452 3396 aptari.
1507 3323 1671 3391 Cujus

144 3398 274 3450 aiam
301 3395 550 3452 Diadochi
581 3407 790 3450 aetati-tn
827 3411 892 3450 ex
938 3397 1039 3449 hoc
1070 3395 1295 3449 Victoris
1333 3395 1470 3458 loco,
1515 3404 1670 3448 antea

145 3465 387 3535 obscuram
417 3482 477 3519 se
504 3466 918 3535 deprehendisse
947 3467 1040 3535 ait.
1076 3468 1142 3517 At
1184 3465 1296 3518 hinc
1336 3465 1546 3535 nonnisi
1584 3465 1669 3516 dio

145 3533 339 3589 vinando
365 3533 590 3603 scripsit
612 3535 690 3588 vir
707 3536 965 3588 eruditus.
1001 3534 1287 3601 Victorem,
1328 3547 1450 3603 cum
1489 3534 1670 3603 Histo-

146 3604 250 3654 riam
288 3602 585 3668 scriberet,
641 3604 1095 3671 Constantinopoli
1144 3619 1248 3656 non
1309 3602 1515 3683 degisse
1561 3602 1669 3668 jam

1772 3257 1916 3310 ribus
1947 3257 2269 3310 Diadochum
2301 3257 2362 3308 in'
2387 3256 2543 3320 Epiro
2576 3255 2747 3307 Veteri
2789 3257 3091 3320 episcopum
3131 3256 3322 3306 habea-

1772 3342 1912 3391 mus,
1940 3327 2026 3392 qui
2058 3341 2246 3387 nempe
2273 3325 2370 3378 sub
2402 3325 2584 3375 Οἱς(αεὶ
2621 3323 2851 3387 nomine,
2881 3326 3016 3375 inter
3047 3323 3177 3373 alios
3206 3322 3321 3387 ejus

1776 3391 2058 3464 provinciae
2081 3396 2361 3457 antistites,
2391 3393 2701 3459 subseripsit
2726 3393 2960 3464 epistolze
2995 3391 3316 3464 aduimpera'

1775 3460 1940 3519 torem
1971 3465 2197 3519 Leonem
2227 3466 2360 3517 data:
2385 3480 2400 3526 ;
2443 3479 2560 3532 qua:
2591 3464 2809 3516 habetur
2838 3461 2890 3514 in
2919 3461 3142 3515 concilio
3163 3460 3320 3513 Chal-

1773 3537 2078 3600 cedonensi,
2113 3545 2259 3602 parte
2283 3549 2358 3595 ιιι,
2391 3547 2507 3600 eap.
2538 3534 2627 3588 5t.

157 3714 2786 3740 Μ

1137 3788 1596 3890 LIBER
1673 3785 2303 3890 PRIMUS.

847 3957 1154 4000 GBISBRICI
1186 3955 1601 3998 VANDALORUM
1640 3955 1816 3997 REGIS
1845 3957 1906 3996 ΙΝ
1943 3958 2158 3998 AFBlCA
2195 3958 2594 4000 PERSECUTIO.

197 4194 289 4263 3|.
325 4193 682 4248 Vandalorum
709 4194 962 4264 ingressus
988 4195 1040 4247 in
1068 4195 1674 4266 Africana—Sexagesi-

148 4298 242 4338 tnus
265 4300 419 4350 nunc,
453 4295 513 4339 ιιι
552 4284 757 4339 clarum
788 4295 889 4350 est,
918 4284 1088 4354 agitur
1116 4302 1286 4340 annus
1312 4289 1421 4356 (an.
1457 4288 1583 4356 487)
1610 4303 1672 4341 ex

148 4387 230 4440 quo
255 4379 467 4444 populus
515 4377 610 4429 ille
635 4376 866 4430 crudelis
893 4391 954 4430 ac
978 4391 1149 4430 szcvus
1185 4376 1480 4451 Vandalica:
1503 4378 1675 4445 gentis

147 4461 307 4543 Africa
352 4465 684 4520 miserabilis
737 4466 830 4537 [aL
879 4462 1227 4533 miserabiles]
1287 4466 1455 4534 attigit
1508 4467 1671 4530 ﬁnes,

148 4558 458 4612 transvadans
491 4556 642 4611 facili
670 4557 896 4610 transitu
926 4571 1020 4626 per
1063 4557 1330 4623 angustias
1360 4558 1542 4620 maris,
1573 4572 1671 4623 qua

149 4649 262 4702 inter
293 4651 604 4721 Hispaniam
647 4649 981 4718 Africamque
1019 4665 1201 4718 arquor
1224 4649 1322 4702 hoc
1345 4665 1589 4716 magnum
1621 4661 1674 4702 et

148 4742 426 4808 spatiosum,
460 4745 702 4797 bissenis
735 4742 966 4795 millibus
996 4750 1217 4808 angusto
1244 4755 1302 4790 se
1332 4741 1494 4793 limite
1524 4755 1674 4792 coar-

149 4831 297 4884 ctarit.
341 4833 644 4887 Trausicns
688 4831 844 4900 igitur
888 4831 1149 4898 quantitas
1180 4829 1442 4892 universa,
1474 4827 1676 4880 callidi-

151 4926 237 4974 tate
256 4921 506 4978 Geiserici
545 4922 714 4986 ducis,
761 4934 815 4975 ut
844 4923 1033 4975 famam
1073 4920 1358 4974 terribilem
1402 4933 1514 4971 sum
1543 4918 1678 4971 face-

150 5014 412 5081 retgentis.
446 5015 604 5068 illico
631 5014 813 5067 statuit
833 5029 1043 5067 omnem
1075 5012 1462 5065 multitudinem
1497 5025 1679 5063 nume-

153 5100 256 5167 rari,
273 5117 419 5172 quam
444 5102 579 5157 huic
605 5101 709 5155 luci
736 5105 799 5155 ad
831 5105 967 5156 illam
999 5118 1159 5171 usque
1181 5104 1318 5157 diem
1356 5113 1532 5155 uterus
1563 5117 1679 5169 pro-

208 5301 535 5371 !Proc0pius
567 5299 706 5371 libro
745 5315 760 5351 ι
796 5299 862 5350 de
892 5300 1050 5371 ‘Bello
1083 5301 1365 5355 Vandalico
1410 5302 1678 5361 observat,

153 5382 176 5420 ι
195 5368 458 5426 Gesserico
483 5370 762 5422 Vandalus
794 5377 839 5420 et
869 5368 1054 5422 Alanos
1080 5376 1171 5424 sub
1210 5372 1414 5422 ducibus
1458 5388 1555 5421 non
1588 5371 1680 5420 mi-

155 5455 228 5494 ια
249 5441 329 5508 80,
355 5459 478 5511 quos
525 5439 752 5511 dlillenis
782 5440 1041 5511 prtefectos
1080 5445 1300 5503 vocabat,
1346 5442 1464 5491 locis
1497 5455 1672 5511 oppon

155 5513 260 5564 fluis
281 5506 327 5564 in
347 5506 600 5581 prasidiis
629 5508 832 5560 locatos
864 5506 1050 5570 fuisse;
1091 5511 1228 5581 quod
1277 5523 1468 5581 nomen
1506 5508 1676 5581 fucum

155 5577 361 5639 omnibus
385 5583 534 5648 fecit,
553 5593 674 5636 cum
700 5590 856 5633 nemo
883 5592 984 5632 non
1006 5577 1242 5634 crederet
1258 5594 1368 5642 cus,
1387 5579 1473 5646 qui
1495 5577 1568 5632 sic
1589 5589 1678 5643 apo

1776 4199 1979 4253 fuderat
2002 4200 2216 4254 ventris.
2244 4200 2340 4265 Qui
2376 4200 2567 4267 reperti
2590 4209 2709 4253 sunt
2731 4213 2908 4263 senes,
2933 4198 3178 4266 juvenes,
3205 4213 3322 4265 par-

1775 4282 1902 4353 vidi,
1946 4291 2084 4343 servi
2129 4291 2209 4343 vel
2260 4291 2478 4353 domini,
2522 4291 2785 4359 octoginta
2841 4291 3004 4343 millia
3045 4293 3322 4341 numerati.

1777 4383 1888 4444 Qua
1921 4381 2170 4446 opinione
2198 4380 2484 4447 divulgata,
2525 4396 2689 4448 usque
2735 4381 2784 4432 in
2819 4380 3129 4432 hodiernum
3172 4394 3196 4428 a
3238 4395 3329 4430 ue-

1777 4473 2061 4526 scientibus
2109 4483 2428 4525 armatorum
2455 4484 2478 4509 οι
2517 4483 2690 4525 tantus
2730 4489 2979 4525 numerus
3016 4475 3332 4533 aestimatur,

1702 4603 1752 4657 Β
1778 4578 1896 4614 cum
1926 4563 1996 4612 sit
2026 4577 2162 4614 nunc
2185 4563 2403 4629 exiguus
2443 4573 2495 4615 et
2526 4563 2786 4614 infirmus.
2819 4562 3148 4616 Invenieutes
3179 4562 3330 4629 igitur

1784 4660 2015 4719 pacatam
2037 4651 2372 4716 quietamque
2397 4651 2736 4716 provinciam,
2761 4653 3149 4717 speciositatem
3176 4654 3332 4704 totius

1786 4751 1938 4792 terra:
1989 4739 2252 4796 ﬂorentis.
2294 4755 2748 4807 tittthuavct-sum,
2793 4741 3075 4806 impietatis
3114 4743 3329 4808 agmini.

1787 4829 1879 4880 bus
1913 4827 2237 4892 impetcbant
2264 4828 2352 4897 [αι.
2386 4829 2800 4897 impendebant].
2824 4830 3146 4882 devas'ando
3176 4830 3330 4894 depo-

1786 4917 2120 4985 pulabantur,
2153 4918 2397 4970 incendio
2436 4928 2590 4986 atque
2630 4917 2926 4970 homicidiis
2958 4928 3125 4971 totum
3169 4925 3333 4967 exter-

1785 5009 2064 5061 minantes.
2121 5009 2224 5061 Sed
2273 5025 2371 5060 nec
2417 5010 2645 5062 arbustis
2706 5008 2986 5061 fructiferis
3032 5007 3335 5058 omnimode

1786 5095 2130 5171 [alamunino]
2159 5102 2470 5165 parcebant;
2497 5115 2561 5152 ne
2587 5099 2864 5167 fortequos
2885 5107 3033 5151 antra
3058 5097 3337 5153 montium.

1788 5295 2134 5363 pcllabantur,
2171 5299 2473 5354 hominibus
2507 5315 2688 5355 revera
2719 5301 2861 5352 mille
2890 5300 3048 5351 fuisse
3087 5314 3335 5364 pra-post-

1782 5377 1882 5418 tus.
1919 5365 2066 5418 Unde
2094 5384 2404 5436 quanquam,
2436 5378 2489 5421 ut
2518 5373 2849 5436 prosequitur
2879 5369 2965 5420 ille
2995 5380 3192 5422 auelor,
3239 5385 3336 5420 non

1778 5439 1888 5498 plus
1917 5451 2063 5506 quem
2090 5438 2454 5506 quinquaginta
2479 5441 2692 5491 millium
2724 5445 2848 5488 esset
2875 5447 3118 5488 exercrtus
3144 5439 3334 5486 utrim-

1776 5520 1870 5571 que
1893 5504 2074 5582 gentis,
2123 5504 2376 5574 octoginta
2399 5515 2566 5560 tamen
2595 5507 2810 5559 millium
2855 5522 3029 5559 nonten
3061 5511 3243 5571 fecerat
3277 5522 3350 5557 ac.

1755 5633 1758 5636 ,
1777 5587 2005 5639 specum.
