3854 6228
552 256 658 311 183

1825 242 2134 298 VICTORIS
2173 239 2472 308 Vl'l'ENSlS

3424 12 3854 180 πθ

3658 239 3751 294 181

545 375 636 423 aut
655 370 924 431 prarupta
949 369 1229 425 terrarum,
1261 359 1340 412 vel
1374 314 1577 413 seclusa
1602 373 1822 427 quasque
1855 359 2093 412 occulta-
2122 361 2170 416 Α
2199 372 2404 423 nequeo
2442 369 2692 420 narrare;
2722 369 2856 426 quos
2896 353 3124 410 stimulis
3147 352 3334 410 t‘erreis
3372 352 3437 407 ad
3475 353 3748 409 ambulan.

545 457 756 514 verant,
795 457 916 518 post
941 461 1144 503 eorum.
1157 448 1435 501 transitum
1469 448 1572 502 illis
1600 447 1805 517 pabulis
1837 450 2101 501 nutriren—

547 553 668 604 utr;
697 547 756 594 et
779 539 859 594 sic
893 538 1101 604 eadem,
1134 550 1292 607 atque
1331 539 1520 593 iterum
1550 539 1644 593 tali
1675 537 1993 593 crudelitate
2020 538 2104 592 fu-

548 628 812 694 rentibus,
838 628 909 682 ab
929 643 1112 682 eorum
1136 619 1454 694 contagione
1484 628 1660 682 nullus
1679 631 1935 683 remansit
1956 629 2103 682 locus

506 725 513 733 '
549 721 821 778 immunis.
844 720 1146 775 Praesertim
1169 719 1222 772 in
1240 719 1502 783 ecclesiis,
1527 720 1864 790 basilicisque
1893 729 2103 774 sancto-

548 829 693 878 rum,
717 811 1038 867 cmmeteriis
1061 812 1144 867 vel
1167 796 1514 866 monasteriis
1550 811 1862 866 sceleratius
1905 812 2099 866 saevie-

515 951 522 956 .
548 903 701 970 bant,
731 913 790 959 ut
817 901 1106 970 majoribus
1143 900 1401 956 incendiis
1423 901 1609 956 domos
1649 903 1904 956 orationis
1934 902 2101 971 magis

548 1006 710 1060 quam
750 991 929 1056 urbes,
965 1001 1259 1059 cunctaque
1305 989 1497 1058 oppida
1535 1003 1956 1046 concremarent.
2005 991 2102 1047 Ubi

549 1081 690 1135 forte
704 1079 1024 1135 venerabilis
1041 1080 1176 1134 auls
1197 1080 1405 1135 clausas
1430 1090 1737 1149 repererant
1761 1089 1960 1148 portas,
1982 1094 2104 1134 cer-

551 1169 701 1223 tatim
752 1169 942 1224 ictibus
989 1168 1341 1239 destralium,
1395 1170 1595 1226 aditum
1654 1173 1995 1238 reserabant,
2046 1183 2104 1226 ut

553 1267 696 1314 recte
716 1267 840 1314 tunc
862 1257 1129 1314 diceretur
1157 1278 1171 1314 :
1202 1261 1362 1326 Quasi
1388 1265 1442 1314 tn
1466 1263 1596 1315 silva
1616 1263 1889 1333 lignorum,
1917 1263 2100 1318 securi.

552 1349 644 1403 bus
669 1351 1021 1404 conseiderunt
1037 1351 1233 1419 ianuas
1253 1355 1370 1422 ejus
1412 1351 1465 1404 in
1502 1349 1757 1422 idipsunt;
1784 1353 1839 1406 in
1867 1354 2030 1408 securi
2053 1361 2104 1408 et

552 1439 692 1492 ascia
726 1438 1012 1507 deiecerunt
1056 1453 1191 1492 nm.
1229 1437 1573 1493 Incendennt
1608 1439 1716 1512 igni
1757 1441 2100 1497 sanetuuriucn

552 1538 694 1578 tutan
739 1526 794 1580 in
831 1536 999 1589 terra;
1041 1528 1330 1594 polluerunt
1367 1528 1740 1584 tabernaculum
1777 1531 1993 1585 nominis
2027 1533 2101 1586 tui

554 1615 726 1686 (Psal.
755 1630 915 1684 ων,
943 1616 1000 1685 6,
1027 1617 1106 1686 7).

2203 447 2328 500 dum
2373 448 2650 518 urgebant,
2679 463 2900 518 quorum
2933 449 3167 504 nonnulli
3201 448 3302 503 sub
3330 446 3562 502 fascibus
3595 447 3749 502 mise-

2204 540 2443 594 rabiliter
2465 541 2670 596 animas
2695 540 2944 596 emisere.
2965 541 3159 596 Senilis
3179 539 3454 594 maturitas
3473 547 3636 608 atque
3664 553 3749 594 ve.

2203 631 2437 685 neranda
2477 629 2728 697 canities,
2775 644 2894 700 qua
2931 631 3202 686 caesariem
3250 629 3440 698 rapitis
3475 637 3536 681 ut
3582 629 3747 682 lanam

2203 722 2479 776 candidam
2499 721 2791 786 dealbarat,
2825 732 2848 760 ε
2879 722 3076 776 nullam
3104 721 3204 774 sibi
3239 720 3307 773 ab
3333 719 3631 786 hospitibus
3660 719 3752 770 mi-

2202 811 2548 867 sericordiam
2579 812 2900 865 vindicabat.
2925 809 3030 865 Sed
3068 810 3226 864 etiam
3258 808 3504 876 parvulos
3530 806 3599 860 ab
3627 805 3752 859 ube-

2203 904 2349 957 ribus
2374 903 2627 957 maternis
2657 904 2871 970 rapiens
2906 901 3160 955 barbarns
3189 899 3352 959 furor,
3386 899 3649 952 insontem
3677 895 3752 946 in-

2204 992 2418 1048 fantiam
2445 992 2697 1048 allidebat
2721 993 2788 1046 ad
2827 1002 3040 1046 terram.
3074 989 3100 1027 ἀ
3129 991 3232 1044 Alii
3271 1003 3304 1042 e
3335 986 3556 1056 regione
3597 985 3751 1052 pedes

2205 1093 2467 1148 tenentes,
2497 1099 2526 1136 a
2555 1092 2732 1138 meatu
2758 1097 2978 1151 prorsus
3018 1079 3244 1135 naturali
3286 1091 3452 1146 usque
3480 1075 3550 1129 ad
3581 1088 3751 1128 arcem

2202 1175 2390 1243 capitis
2430 1174 2774 1243 dissipabunt,
2819 1174 3029 1244 quando
3055 1182 3178 1227 tunc
3215 1172 3351 1225 forte
3386 1168 3516 1224 Sion
3553 1167 3751 1235 captiva

2202 1263 2493 1319 cantabat:
2528 1263 2670 1318 Dixit
2706 1264 2954 1318 inimicus
2989 1262 3272 1318 incendere
3313 1259 3446 1313 lines
3475 1270 3649 1319 meos,
3679 1256 3753 1308 in-

2203 1357 2442 1410 terficere
2479 1355 2708 1409 infantes
2737 1369 2907 1420 meos,
2939 1365 2993 1408 et
3031 1353 3280 1422 parvulos
3321 1361 3474 1404 meos
3502 1361 3565 1402 se
3596 1345 3752 1401 elisu-

2202 1460 2319 1498 rum
2350 1447 2414 1498 ad
2440 1454 2633 1499 terram
2661 1443 2745 1512 (IV
2773 1444 2902 1515 Reg.
2933 1458 3046 1508 vttt,
3077 1441 3186 1512 ιε).

2271 1533 2357 1588 lll.
2399 1531 2644 1601 Ediﬁciu
2679 1532 2990 1587 subvertant.
3020 1559 3092 1571 —-
3119 1529 3176 1584 lu
3207 1527 3445 1583 aediliciis
3491 1521 3754 1579 nonnullis

2207 1639 2514 1694 magnarum
2559 1624 2776 1691 aedium,
2805 1623 2892 1679 vel
2932 1623 3235 1685 domorum,
3281 1618 3369 1672 ubi
3405 1614 3751 1671 ministerium

618 1708 678 1781 ᾇ
701 1710 766 1764 ll.
797 1709 988 1764 Eorum
1009 1709 1503 1778 mitia.—-Quanti
1531 1723 1654 1767 tunc
1679 1713 1744 1766 ab
1762 1714 1840 1768 eis
1867 1713 2105 1781 praeclari
2135 1715 2180 1772 Β
2206 1715 2338 1782 ignis
2360 1713 2537 1767 minus
2561 1714 2821 1778 valuerat,
2849 1713 3002 1768 tectis
3026 1711 3310 1766 admodum
3341 1706 3507 1780 [Colb.
3537 1704 3752 1772 dissipa-

553 1799 832 1862 pontiﬁces
875 1808 932 1853 et
965 1800 1170 1853 nobiles
1207 1800 1510 1854 sacerdmes
1551 1801 1780 1855 diversis
1826 1813 2099 1868 poenarum

551 1889 829 1955 generibus
852 1888 1094 1943 exstincti
1118 1897 1262 1953 sunt,
1280 1898 1338 1942 ut
1359 1887 1629 1943 traderent
1653 1889 1696 1943 si
1721 1890 1845 1959 quid
1874 1892 1986 1945 auri
2017 1891 2101 1946 vel

551 1982 753 2050 argenti
784 1989 810 2017 ⁸
836 1981 1129 2049 proprium,
1161 1982 1241 2035 vel
1269 1981 1680 2036 ecclesiasticum
1717 1983 2002 2038 haberent!
2035 1985 2101 2039 Et

552 2073 680 2123 dum
702 2085 820 2140 quae
839 2077 1010 2132 erant,
1039 2070 1347 2140 urgentibus
1372 2073 1542 2141 poenis
1575 2071 1780 2128 facilius
1814 2073 2100 2142 proderen-

551 2171 660 2224 tur,
679 2161 871 2214 iterum
898 2159 1203 2214 crudelibus
1233 2162 1506 2216 tormentis
1525 2162 1792 2218 oblatores
1821 2165 2098 2233 urgebant,

549 2257 884 2303 antumantes
912 2249 1191 2317 quamdam
1221 2259 1446 2318 partem,
1481 2265 1588 2306 non
1613 2259 1776 2306 totum
1808 2268 1927 2309 esse
1955 2255 2102 2308 obla-

551 2345 698 2402 tum;
730 2348 785 2392 et
821 2346 1020 2408 quanto
1046 2339 1164 2408 plus
1188 2339 1430 2404 dabatur,
1476 2349 1623 2395 tanto
1649 2344 1874 2411 amplius
1912 2357 2102 2412 quem-

551 2429 690 2495 piam
717 2429 912 2484 habere
946 2430 1253 2484 credebant.
1286 2431 1417 2485 Aliis
1458 2433 1698 2501 palorum
1737 2433 1974 2488 vectibus
2009 2449 2101 2489 ora

550 2528 882 2580 reserantes;
914 2517 1129 2586 fetidum
1165 2532 1375 2574 cantum
1419 2519 1488 2572 ob
1513 2519 1901 2575 confessionem
1941 2536 2100 2590 pecu-

549 2609 653 2662 nite
685 2609 924 2663 faucibus
958 2608 1306 2677 ingerebant;
1349 2609 1630 2663 nonnullos
1664 2607 1720 2663 in
1760 2609 2020 2665 frontibus
2048 2621 2104 2666 et

549 2698 713 2764 tibiis,
758 2697 949 2752 nervis.
979 2697 1393 2767 remugientibus
1436 2698 1730 2766 torquendo
1769 2701 2095 2754 cruciabaut.

550 2788 820 2856 Plerisque
859 2802 1049 2856 aquam
1078 2788 1356 2851 marinam,
1398 2788 1515 2841 aliis
1541 2797 1769 2852 acetum,
1806 2804 2096 2856 amurcam,

549 2880 918 2948 liquamenque
957 2888 1016 2932 et
1049 2878 1148 2932 alia
1179 2879 1338 2932 multa
1377 2886 1534 2946 atque
1562 2878 1818 2947 crudelia,
1842 2887 2097 2950 tanquam

549 2969 988 3024 ntribusimbutis
1016 2971 1095 3023 ori
1119 2969 1380 3037 apposita,
1405 2970 1522 3024 sine
1550 2968 1908 3024 misericordia
1933 2972 2124 3038 porris

2204 1802 2293 1874 tis]
2320 1802 2623 1869 despicatis,
2657 1801 3094 1870 pulchritudinem
3125 1799 3383 1868 parietum
3419 1798 3538 1850 solo
3580 1809 3752 1864 arqua-

2203 1892 2362 1956 baut;
2393 1901 2448 1946 ut
2469 1906 2610 1947 nunc
2631 1890 2844 1962 antiqua
2873 1891 2962 1946 illa
2999 1891 3309 1961 speciositas
3336 1889 3631 1952 civitatum,
3661 1898 3752 1939 nec

2203 1980 2294 2052 [αι.
2324 1979 2463 2050 quas]
2489 1981 2611 2048 quia
2641 1980 2796 2035 fuerit
2827 1994 3043 2049 prorsus
3071 1989 3340 2049 appareat.
3371 1977 3481 2033 Sed
3510 1985 3569 2030 et
3598 1977 3751 2028 urbes

2201 2071 2623 2140 quamplurimze,
2651 2080 2743 2124 aut
2769 2070 2924 2135 raris,
2950 2079 3039 2123 aut
3072 2069 3228 2123 nullis
3256 2066 3645 2122 habitatoribus
3673 2064 3752 2115 in-

2197 2162 2462 2214 coluntur.
2497 2160 2627 2214 Nam
2665 2169 2720 2214 et
2762 2160 2919 2213 hodie
2957 2161 3002 2213 si
3045 2173 3145 2228 qua
3190 2168 3492 2224 supersunt,
3531 2154 3753 2210 subinde

2200 2249 2532 2314 desolantur,
2561 2250 2698 2303 sicut
2725 2247 2778 2301 in
2800 2241 3118 2316 Carthagine
3139 2246 3244 2300 odii
3266 2259 3444 2308 causa,
3470 2252 3494 2282 °
3523 2245 3753 2305 theatra,

2201 2337 2368 2392 aedem
2411 2337 2701 2401 Memoriae,
2745 2345 2802 2391 et
2836 2337 2974 2392 viam
3015 2350 3132 2401 «tua:
3159 2333 3402 2390 Caelestis
3441 2332 3752 2392 vocabatur,

2203 2427 2437 2482 funditus
2462 2427 2792 2482 deleverunt.
2823 2427 2888 2481 Et
2911 2434 2967 2480 ut
2994 2424 3061 2480 de
3090 2423 3402 2480 necessariis
3425 2423 3638 2491 loquar,
3665 2421 3752 2475 ba-

2198 2518 2402 2572 silicam
2431 2515 2595 2590 [Colb.
2625 2517 2718 2584 2t,
2756 2515 3034 2588 majorum]
3075 2517 3352 2585 majorem,
3402 2514 3493 2569 ubi
3529 2526 3751 2582 corpora

2198 2614 2498 2662 sanctarum
2539 2619 2826 2676 martyrum
2857 2607 3131 2675 Perpetua:
3166 2613 3324 2674 atque
3353 2603 3644 2659 Felicitatis
3669 2617 3752 2656 se-

2199 2700 2344 2767 pulta
2384 2707 2526 2762 sunt,
2556 2695 2576 2736 ί
2607 2696 2864 2752 Celerius:
2916 2698 3000 2752 vel
3057 2696 3469 2760 Scillitanorum,
3520 2704 3578 2749 et
3628 2693 3752 2747 alias

2201 2803 2332 2858 quas
2361 2804 2466 2842 non
2495 2782 2887 2851 destruxerant,
2919 2800 3030 2840 sua:
3062 2786 3302 2854 religioni
3330 2783 3542 2844 licentia
3575 2795 3752 2853 tyran-

2198 2881 2316 2934 nica
2346 2878 2730 2946 manciparunt.
2763 2877 2860 2932 Ubi
2883 2892 3013 2930 vero
3040 2875 3362 2930 munitiones
3389 2875 3585 2944 aliqua:
3613 2873 3753 2927 vide-

2201 2968 2414 3032 bantur,
2444 2980 2575 3036 quas
2618 2966 2879 3021 hostilitas
2916 2964 3179 3020 barbarici
3219 2964 3416 3019 furoris
3443 2977 3750 3032 oppugnare

548 3061 758 3128 getiam.
785 3059 900 3114 Non
927 3059 1185 3112 infirmior
1210 3074 1390 3125 sexus,
1415 3075 1519 3114 non
1560 3061 1917 3116 consideratio
1947 3062 2093 3116 nobi-
2125 3063 2170 3126 ε
2203 3057 2466 3125 nequiret.
2491 3056 2822 3126 congregatis
2852 3056 2902 3110 in
2935 3056 3153 3110 circuitu
3183 3065 3476 3110 castrorum
3506 3054 3749 3108 innume—

549 3146 730 3207 Iitatis.
755 3161 860 3199 non
889 3145 1182 3200 reverentia
1208 3145 1573 3213 sacerdotalis,
1613 3149 1854 3204 crudeles
1890 3151 2094 3204 animos

547 3235 817 3304 mitigabat
838 3249 855 3290 :
875 3235 1110 3305 quinimo
1135 3235 1203 3290 ibi
1227 3236 1639 3305 exaggerabatur
1665 3237 1741 3292 ira
1771 3239 1980 3306 furoris,
2005 3241 2092 3295 ubi

549 3327 804 3379 honorem
833 3335 1222 3393 conspexerant
1247 3325 1536 3396 dignitatis.
1559 3327 1778 3393 Quantis
1808 3328 2096 3382 sacerdoti-

547 3414 663 3479 bus,
691 3417 1004 3484 quantisque
1048 3416 1335 3470 illustribus
1363 3415 1390 3454 δ
1417 3431 1578 3471 onera
1618 3419 1868 3486 ingentia,
1907 3419 1978 3471 uti
2009 3433 2094 3471 ca-

545 3505 697 3560 melis
727 3505 809 3558 vel
845 3505 964 3558 aliis
1003 3506 1284 3573 generibus
1328 3506 1679 3574 iumentorum
1723 3509 2093 3576 imposuerint,

614 3708 644 3771 ﬁ
666 3699 799 3771 Nota
827 3699 910 3751 hic
946 3697 1087 3771 bona
1117 3700 1472 3771 eccle~iastica
1496 3716 1524 3752 a
1554 3704 1904 3771 caeteris.qua:
1932 3707 2088 3757 etiam

544 3786 573 3820 a
599 3769 809 3838 clericis
843 3766 1260 3838 possidebantur,
1292 3769 1560 3836 distingui.
1591 3770 1722 3838 Vide
1741 3766 1974 3824 codicem
2004 3787 2091 3824 ca-

546 3853 740 3891 nonum
769 3835 1019 3905 Ecclesia
1057 3835 1314 3905 Africanae
1342 3835 1469 3905 cap.
1491 3839 1577 3902 32,
1609 3835 1717 3892 sire
1734 3853 1989 3892 canonem
2025 3841 2093 3894 49

545 3907 751 3961 concilii
775 3904 918 3960 tertii
942 3903 1394 3968 Carthaginiensis.

567 4029 576 4033 _
611 3975 641 4014 δ
671 3975 821 4030 Colb.
848 3975 874 4027 l
907 3987 1025 4026 cum
1053 3970 1230 4027 Cbifl‘l.
1260 3972 1425 4040 addit,
1471 3976 1608 4029 uiris.
1657 3973 1878 4030 lllustris
1911 3976 2091 4031 titulus

545 4053 658 4098 erat
683 4058 885 4112 magna:
906 4043 1194 4113 dignitatis,
1215 4042 1308 4113 qui
1345 4044 1602 4109 praefectis
1638 4045 1905 4113 praetorio,
1948 4063 2091 4110 quze-

545 4111 795 4196 smribus,
847 4121 949 4190 etc.
968 4150 996 4190 ,.
1037 4111 1383 4196 tribuebatur.
1444 4115 1518 4167 De
1559 4111 1660 4168 hoc
1705 4115 1848 4180 plura
1892 4117 2089 4170 videsis

546 4179 682 4249 apud
703 4180 953 4246 Cangium
987 4183 1037 4231 in
1068 4180 1355 4232 Glossario.
1707 4179 1712 4180 “

547 4319 561 4326 _
617 4259 644 4326 ξ
681 4248 949 4326 Editorum
977 4247 1174 4326 aliquot
1200 4249 1475 4326 lectionem
1494 4247 1848 4326 .I'Ellnllimuﬁ.
1879 4251 2031 4303 Colb.
2061 4253 2084 4305 1

547 4319 704 4395 habet
723 4315 965 4395 hostibus.
983 4313 1193 4395 Ceteri,
1209 4313 1397 4394 nullam
1415 4315 1505 4395 sibi
1526 4315 1936 4395 misericordiam,
1963 4327 2089 4384 etc.,

546 4394 739 4456 praeter
765 4382 916 4436 Colb.
949 4382 1194 4449 alterum,
1223 4383 1272 4433 in
1303 4398 1404 4450 quo
1431 4385 1580 4438 deest
1598 4385 1711 4436 sibi.
1922 4382 1930 4384 ⁷
2077 4382 2083 4384 ⁷

615 4452 643 4491 ἀ
669 4453 819 4506 Colb.
849 4453 882 4505 5
902 4461 955 4505 et
976 4451 1176 4522 Chilfli.,
1199 4452 1345 4506 Aliis.
1374 4452 1592 4518 Quidam
1615 4453 1759 4520 editi,
1780 4455 1882 4507 Alii
1907 4472 2090 4522 parvu-

546 4525 651 4576 lum
672 4496 895 4591 ﬁeri»,
923 4529 1029 4592 etc.
1057 4496 1192 4574 Infra
1221 4496 1345 4575 veri;
1371 4496 1464 4592 pro
1484 4522 1615 4590 forte
1636 4496 2089 4589 Sion,"l.'or'icltvius
2119 4496 2169 4556 D

547 4589 724 4660 habet,
747 4601 892 4660 porta
912 4589 1056 4643 Sion.

617 4672 641 4697 ο
674 4657 812 4712 Βάἶιί
848 4669 984 4730 tres,
1019 4659 1167 4730 sicutA
1188 4659 1255 4710 ibi
1295 4657 1626 4730 Cartltagineo
1660 4661 1860 4730 dignam
1899 4663 2088 4717 theatro

545 4730 725 4798 eadem,
753 4738 859 4798 etc:
883 4729 946 4779 Et
966 4727 1095 4798 infra
1128 4725 1380 4798 Caelestis;
1402 4725 1546 4782 Colb.
1573 4731 1626 4798 2,
1651 4725 1800 4798 quam
1833 4731 2090 4784 Caelestem

543 4797 805 4849 vocabant.
831 4794 997 4848 Porro
1019 4797 1224 4849 celebre
1255 4797 1350 4849 fuit
1376 4797 1512 4863 apud
1538 4794 1690 4851 Afros
1720 4799 1938 4852 Calcatis
1976 4803 2088 4854 ido-

544 4866 674 4932 lum,
689 4867 866 4931 dequo
879 4864 1385 4934 Tertullianus63in
1401 4865 1762 4934 Apolugetico,
1784 4868 2087 4923 Ambrosius

546 4945 731 4987 contra
753 4932 1150 5002 Symmachum.
1181 4932 1406 5000 et’plura
1443 4932 1877 4990 Silvianns'libro
1903 4952 1989 4991 vnt
2020 4940 2086 4993 de

545 5003 936 5058 Gubernatione
965 5003 1073 5054 Dei.
1127 5003 1198 5054 De
1243 5003 1341 5054 hoc
1383 5003 1579 5067 templo
1616 5013 1669 5056 et
1714 5005 1778 5057 de
1821 5006 2079 5060 Memoria:

545 5074 676 5132 aede,
711 5073 793 5124 hic
833 5086 1038 5138 quoque
1073 5080 1358 5122 memorata
1388 5113 1400 5128 ,
1446 5070 1590 5135 plura
1635 5071 1785 5124 habet
1827 5075 2080 5130 Baronius

541 5143 819 5195 Annalium
851 5150 993 5191 torno
1017 5154 1047 5189 ν
1074 5140 1374 5202 Sacrorum,
1415 5153 1504 5190 seu
1536 5142 1704 5204 potius
1734 5143 2078 5198 abominatio-

543 5225 666 5264 num
695 5210 936 5263 leestis
965 5208 1077 5260 deae
1114 5209 1410 5276 spurcitias,
1443 5208 1732 5260 detestatur
1761 5213 2074 5276 Augustinus

545 5279 634 5330 lib.
667 5296 699 5331 ll
726 5284 790 5332 de
813 5279 1037 5331 Civitate
1069 5276 1180 5334 Dei,
1210 5291 1322 5340 cap.
1361 5275 1449 5326 26.
1479 5277 1619 5328 Viam
1660 5275 1895 5333 Caelestis
1943 5283 2077 5334 Van-

543 5348 707 5397 drtlica
733 5365 883 5398 manu
908 5362 1123 5398 eversam
1151 5355 1404 5397 memorat
1427 5355 1606 5398 auctor
1630 5346 1743 5399 libri
1766 5350 1829 5399 de
1853 5349 2079 5403 Promis-

543 5415 776 5466 sionibus
804 5427 852 5467 et
879 5416 1304 5482 praedictionibus
1326 5413 1436 5472 Dei,
1466 5424 1596 5477 part.
1630 5417 1682 5476 ἓ,
1735 5419 2078 5480 promissione

544 5483 610 5535 58
640 5484 871 5550 impleta,
907 5485 992 5548 qui
1038 5485 1173 5537 inter
1216 5485 1380 5535 sancti
1431 5483 1670 5548 Prosperi
1706 5500 1865 5550 opera
1909 5490 2078 5540 editus

543 5563 640 5604 est.
673 5552 945 5620 Templum
968 5553 1234 5617 Caelestis,
1260 5553 1396 5620 quod
1440 5551 1555 5604 huic
1583 5554 1675 5606 κὶα)
1707 5570 1894 5609 nomen
1920 5557 2076 5610 dedc‘

2201 3145 2459 3202 rabilibus
2488 3147 2675 3209 turbis,
2703 3147 2889 3215 gladiis
2925 3146 3173 3200 feralibus
3199 3145 3542 3208 cruciabam;
3577 3155 3636 3197 ut
3663 3159 3753 3213 pu-

2196 3237 2428 3291 trefactis
2475 3237 2842 3299 cadaveribus,
2883 3249 3014 3301 quos
3057 3236 3204 3288 adire
3251 3249 3354 3286 non
3385 3241 3636 3301 poterant
3673 3247 3753 3284 ar-

2196 3337 2348 3382 cente
2370 3343 2638 3382 murorum
2661 3327 2992 3391 defensione,
3030 3341 3308 3395 corporum
3348 3325 3751 3394 liquescentium

2195 3426 2476 3473 enecarent
2504 3417 2686 3472 fetore.
2721 3418 2910 3483 Quanti
2951 3426 3003 3471 et
3030 3433 3186 3485 quam
3231 3417 3496 3471 numerosi
3526 3425 3658 3471 tunc
3689 3417 3751 3469 ab

2195 3512 2274 3566 eis
2301 3510 2522 3565 cruciati
2560 3519 2684 3565 sunt
2710 3510 3036 3577 sacerdotes,
3067 3511 3339 3580 explicare
3363 3509 3480 3579 quis
3515 3509 3750 3566 poterit?

2192 3716 2273 3779 rat
2301 3707 2555 3779 describit
2576 3709 2713 3779 idem
2736 3718 2920 3762 auctor
2950 3710 3030 3764 his
3071 3711 3246 3766 verbis
3287 3726 3302 3763 :
3345 3711 3497 3779 Apud
3526 3711 3750 3778 Africam

2193 3775 2491 3847 carthagine
2507 3775 2739 3847 Caelestis
2765 3779 2923 3830 inesse
2951 3779 3174 3846 ferebant
3196 3775 3435 3847 templum
3463 3775 3620 3832 nimis
3640 3796 3749 3830 am:-

2193 3844 2353 3917 plum,
2384 3844 2604 3917 omnium
2623 3845 2833 3917 deorum
2860 3844 3066 3898 suorum
3087 3844 3565 3917 adibus'tvallatum.
3595 3847 3750 3917 Cujus

2192 3911 2367 3984 platea
2390 3913 2678 3984 lithostrata
2717 3915 3022 3984 pavimento,
3065 3931 3125 3967 ac
3157 3916 3386 3983 pretiosis
3416 3911 3683 3968 columnis
3710 3925 3750 3966 et

2193 3981 2435 4035 moenibus
2461 3981 2727 4042 decorata,
2748 3999 2900 4051 prope
2919 3984 2970 4037 in
3006 3981 3200 4036 duobus
3242 3987 3346 4050 fere
3376 3985 3602 4038 millibus
3637 4001 3750 4053 pau-

2192 4067 2339 4122 suum
2359 4053 2764 4122 protendebatur.
2793 4054 3074 4122 Subjungit
3102 4053 3292 4108 deinde
3309 4068 3413 4120 quo
3438 4063 3597 4119 pacto
3621 4063 3749 4107 tem-

2193 4120 2332 4184 plum
2368 4120 2516 4182 illud,
2546 4122 2610 4192 a_b
2650 4123 2861 4175 Aurelio
2902 4120 3150 4192 episcopo
3188 4123 3594 4192 Cartltaginensi
3632 4139 3750 4192 pur-

2191 4196 2391 4253 gatum,
2413 4201 2540 4260 vero
2562 4189 2666 4239 Deo
2687 4189 3048 4260 consecratum
3080 4191 3233 4244 fuerit
3262 4209 3276 4244 :
3306 4189 3484 4245 cui’rei
3511 4189 3709 4260 praser
3729 4221 3748 4231 ο

2199 4265 2303 4326 tem
2333 4253 2589 4326 se__fuisse
2629 4266 2808 4308 auctor
2847 4258 2931 4310 ille
2964 4270 3249 4320 asseverat,
3293 4275 3444 4326 quem
3485 4253 3546 4313 ea
3585 4263 3653 4314 de
3695 4277 3749 4314 re

2195 4321 2358 4394 fusius
2384 4321 2728 4394 disserentem
2757 4326 3030 4394 consulere
3069 4337 3260 4392 potest.
3297 4321 3382 4390 qui
3415 4329 3567 4392 plura
3607 4331 3748 4394 cupit

2194 4389 2416 4442 discere.
2444 4389 2610 4442 Varize
2638 4392 2738 4444 illa:
2769 4393 2986 4445 deorum
3016 4389 3154 4446 aedes
3185 4395 3280 4446 sub
3300 4389 3618 4448 Constantio
3643 4389 3745 4447 Αἰι-

2195 4467 2343 4525 gusto
2373 4468 2425 4510 et
2443 4458 2700 4527 Placidia,
2737 4460 3084 4514 Valentiniani
3116 4464 3254 4514 tertii
3289 4463 3618 4527 parentibus,
3652 4465 3743 4517 de-

2194 4535 2407 4580 struetae
2433 4526 2659 4591 fuerunt,
2686 4529 2941 4583 insistente
2970 4529 3098 4583 Ursa
3135 4532 3352 4591 tribuno,
3391 4526 3620 4598 quarum
3668 4534 3707 4584 lu
3727 4561 3745 4571 θ

2191 4610 2283 4668 cus_
2305 4598 2354 4650 in
2379 4611 2559 4668 agrum
2586 4612 2869 4652 conversus
2896 4601 3048 4652 estin
3075 4611 3382 4652 mortuorum
3403 4604 3740 4668 sepulturam,
3842 4611 3843 4620 ‘

2190 4676 2242 4718 ut
2272 4666 2510 4720 laudatus
2539 4678 2719 4722 auctor
2743 4678 2937 4721 narrat.

2266 4735 2283 4772 ί
2315 4734 2465 4789 Colb.
2502 4738 2555 4802 2,
2600 4736 2831 4790 Celerini.
2867 4737 3124 4791 Celerius:
3173 4737 3438 4790 basilicam
3479 4752 3743 4794 memorat

2190 4805 2513 4872 Augustinus
2568 4820 2811 4860 sermone
2850 4808 2971 4861 174.
3021 4808 3091 4859 De
3135 4807 3378 4861 Celerius
3419 4818 3660 4872 martyre
3694 4821 3743 4863 ot

2190 4874 2303 4943 ejus
2339 4885 2526 4942 nepote
2553 4874 2795 4927 Celerino
2825 4876 2928 4941 agit
2961 4873 3256 4943 Cyprianus
3277 4876 3492 4943 epistola
3517 4873 3589 4933 59
3613 4881 3696 4933 edi
3718 4919 3740 4933 ..
3840 4899 3841 4929 l

2189 4941 2679 5014 Oxionii,alia_s_34.
2715 4941 3103 5014 Scillitanorum
3146 4960 3273 4998 vero
3314 4941 3629 5014 martyrum,
3679 4949 3742 5002 de

2189 5011 2376 5086 quibus
2403 5011 2484 5064 hic
2515 5011 2712 5086 Victor,
2747 5021 2857 5063 acta
2883 5012 3191 5086 protulimus
3214 5015 3349 5086 inter
3376 5011 3506 5067 Acta
3546 5028 3705 5086 martj
3723 5048 3742 5056 -

2185 5094 2298 5130 rum
2330 5081 2556 5141 sincera,
2586 5079 2648 5130 ad
2672 5094 2862 5131 annum
2892 5081 3014 5144 200,
3067 5096 3181 5147 pag.
3215 5083 3299 5143 75.
3340 5095 3390 5135 et
3432 5079 3738 5150 passione}:

2183 5157 2477 5201 sanctarum
2530 5150 2802 5212 Perpetuze
2845 5158 2897 5199 et
2938 5151 3219 5204 Felicitatis
3255 5153 3316 5204 ad
3361 5168 3560 5206 annum
3609 5156 3732 5215 20?,

2185 5229 2302 5288 pag.
2333 5217 2419 5270 81.
2469 5209 2720 5270 Scillitani
2750 5225 2929 5288 autem
2973 5229 3228 5288 martyres
3266 5225 3340 5273 sic
3379 5223 3505 5273 dicti
3544 5232 3670 5275 sunt
3718 5209 3736 5274 ᾖ
3838 5209 3839 5233 ¹

2184 5285 2452 5358 Scilitana,
2489 5286 2872 5358 proconsularis
2913 5285 3189 5353 provincias
3227 5291 3352 5343 urbe
3375 5331 3387 5352 ,
3430 5291 3585 5358 cujus
3623 5292 3735 5357 epi-

2183 5366 2372 5419 scopus
2405 5353 2658 5417 Pariator,
2694 5355 2956 5422 synodicae
2995 5357 3228 5424 ejusdem
3269 5353 3559 5424 provinci-ac
3605 5353 3738 5412 anti-

2186 5425 2361 5474 Stilum
2391 5424 2720 5486 subscripsit.
2759 5432 2812 5474 nt
2842 5425 3016 5479 videre
3044 5437 3124 5479 cst
3163 5428 3212 5479 in
3252 5429 3478 5482 concilio
3521 5430 3736 5484 Later:-

2186 5495 2331 5546 ncnsi
2355 5495 2450 5547 sub
2479 5500 2657 5545 saneto
2697 5492 2935 5559 Martini),
2970 5497 3186 5550 Actione
3217 5499 3268 5550 2.
