3854 6228
601 272 701 328 181

1889 259 2190 316 VICTORIS
2217 258 2508 316 VITENSIS
3685 255 3757 313 183

601 379 778 452 perbia
803 377 900 432 sibi
930 384 1176 431 consueta
1195 373 1445 441 defend.t.
1474 374 1706 439 Quarum
1731 387 1886 425 uuam
1907 371 2132 437 illarum,
2164 377 2201 430 Α
2241 367 2342 438 tur]
2368 369 2554 424 exsilio
2582 367 2897 424 traderetur.
2939 368 3001 423 Et
3033 367 3155 424 dum
3197 369 3293 424 ista
3333 369 3543 434 tierent,
3577 373 3661 439 qui
3687 387 3754 424 su-
3822 367 3823 422 ἲ

604 468 658 523 id
689 475 791 532 est,
815 465 1066 530 Siciliam,
1095 463 1332 519 Odoacro
1359 461 1521 516 italia
1540 461 1651 531 regi
1681 459 2016 528 postmodum
2044 459 2140 512 tri-

609 547 814 611 butario
843 555 963 622 jure
995 552 1290 615 concessit;
1331 565 1393 603 ex
1443 564 1544 617 qua
1578 548 1628 602 ei
1653 547 1894 601 Odoacer
1920 547 2140 616 singulis

604 645 896 712 quibusque
922 640 1274 708 temporibus,
1305 647 1363 691 ut
1396 637 1608 690 domino
1637 637 1826 690 tributa
1868 635 2136 702 dependit,

605 734 831 802 aliquam
889 742 1061 784 tamen
1112 729 1211 783 sibi
1255 742 1531 781 reservans
1594 735 1814 794 partem.
1875 724 2149 778 Praeterea.

611 825 899 894 pracipere
952 835 1274 889 nequaquam
1327 827 1598 872 cunctatus
1657 826 1741 871 est
1790 815 2036 870 Vandalis
2084 822 2144 867 ut

616 908 893 983 episcopos
939 920 1096 979 atque
1151 911 1312 964 laicos
1377 909 1580 962 nobiles
1640 908 1706 962 de
1756 909 1866 961 suis
1907 908 2142 983 ecclesiis

607 981 703 1078 [aL
734 981 969 1073 etvlocis]
1015 1011 1067 1056 et
1117 1002 1327 1055 sedibus
1378 1000 1546 1053 nudos
1596 1001 1802 1066 penitus
1831 981 2137 1067 effugerent.

609 1095 757 1162 Quod
813 1097 855 1148 si
890 1094 1103 1161 optione
1141 1092 1404 1159 pr0posita
1445 1089 1588 1143 exire
1644 1089 1941 1150 tardarent,
2005 1089 2142 1141 servi

612 1191 869 1254 perpetuo
929 1187 1280 1235 remanerent.
1364 1177 1512 1244 Quod
1578 1177 1735 1230 etiam
1775 1178 1860 1229 'in
1911 1176 2144 1244 plurimis

611 1273 805 1327 factum
863 1279 975 1334 est,
1037 1268 1231 1321 multos
1285 1267 1424 1319 enim
1471 1268 1899 1333 episcopos,-et
1961 1265 2141 1327 laicos,

609 1361 785 1415 claros
809 1368 965 1426 atque
999 1358 1284 1412 honoratos
1316 1359 1475 1421 viros,
1515 1369 1697 1408 servos
1738 1368 1857 1408 esse
1908 1354 2146 1407 norimus

611 1447 987 1503 Vandalorum.

683 1539 747 1594 ν.
779 1537 976 1592 Clarum
1005 1537 1164 1606 pellit.
1191 1567 1262 1579 —
1304 1538 1452 1592 Tunc
1489 1553 1614 1592 vero
1656 1524 1954 1616 memorata:
2005 1535 2149 1586 urbis

607 1631 933 1698 episcopum,
966 1629 1013 1681 id
1041 1638 1143 1691 est,
1192 1628 1547 1696 Carthaginis,
1600 1628 1707 1680 Deo
1751 1635 1807 1680 et
1850 1624 2150 1678 hominibus

2242 468 2488 528 pererant
2515 460 2689 528 magni
2737 459 3042 515 sacerdotes
3089 470 3245 529 atque
3277 461 3509 528 insignes
3545 461 3638 513 viri
3671 477 3755 513 nio-

2242 557 2558 602 moratarum
2603 550 2985 616 provinciarum
3030 563 3162 618 quas
3207 549 3454 603 diviserat
3505 548 3755 612 Vandalis,

2240 638 2933 706 cogitaverunt’supplicandi
2956 639 3118 705 gratia
3142 653 3316 708 regem
3334 638 3503 692 adire.
3527 638 3622 704 Qui
3638 639 3754 696 dum.

2243 737 2299 781 ut
2340 729 2500 782 moris
2546 739 2648 790 est,
2692 728 2758 780 ad
2797 727 3154 782 Maxilitanum
3189 730 3344 788 ,littns
3385 728 3614 793 exisset,
3646 733 3756 797 quod

2244 817 2437 886 Lugula
2487 817 2623 885 vulgi
2652 819 3030 872 consuetudine
3077 821 3335 874 vocitatur
3362 827 3403 884 ,‘
3436 819 3646 872 amissis
3674 821 3756 886 jam

2241 909 2475 963 ecclesiis
2502 917 2554 962 et
2579 909 2734 984 rebus
2761 924 3040 965 occurrere
3062 908 3087 947 δ
3117 913 3228 965 ausi
3255 921 3402 975 sunt;
3430 911 3760 980 supplicantes

2244 1008 2300 1050 ut
2339 996 2402 1049 ad
2430 995 2804 1052 consolandum
2842 998 3089 1066 populum
3130 999 3244 1064 Dei,
3299 999 3488 1054 saltem
3521 1000 3759 1054 habitandi

2245 1085 2482 1152 facultas,
2507 1085 2752 1151 Yandalis
2767 1087 2876 1155 jam
2897 1087 3304 1157 dominantibus,
3321 1090 3375 1158 6
3388 1089 3758 1143 concederetur.

2242 1175 2441 1240 Quibus
2467 1175 2556 1229 ille
2585 1189 2676 1242 per
2704 1176 3082 1230 internuntium
3111 1177 3293 1231 rabido
3317 1191 3409 1230 ore
3446 1177 3760 1244 respondisse

2246 1263 2428 1316 fertur.
2465 1262 2681 1317 Decrevi
2711 1277 2809 1330 ego
2829 1264 2896 1317 de
2924 1265 3135 1318 nomine
3161 1276 3215 1318 et
3232 1278 3425 1334 genere
3456 1273 3630 1318 vestro
3665 1265 3757 1316 nul-

2247 1357 2350 1408 lum
2385 1354 2682 1420 dimittere,
2706 1362 2761 1409 et
2784 1368 2876 1407 vos
2902 1354 3108 1408 audetis
3147 1356 3264 1408 talia
3305 1355 3608 1424 postulare!
3647 1353 3762 1416 Quos

2247 1447 2405 1499 etiam
2430 1444 2604 1497 vicino
2626 1444 2756 1497 mari
2785 1445 2950 1498 voluit
2970 1444 3151 1499 eadem
3180 1445 3306 1499 hora
3330 1445 3658 1512 demergere,
3685 1445 3761 1495 nisi

2246 1549 2274 1588 a
2301 1535 2408 1590 suis
2438 1536 2527 1588 diu
2555 1552 2620 1589 ne
2647 1536 2748 1589 hoc
2782 1534 2981 1589 faceret
3004 1544 3300 1604 rogaretur.
3333 1535 3655 1589 Recedentes
3681 1535 3760 1602 igi-

2250 1631 2331 1675 tur
2355 1623 2450 1684 illi,
2476 1621 2685 1678 tristitia
2709 1630 2764 1677 et
2792 1638 3020 1678 mmrore
3045 1623 3294 1689 cnnfecti,
3323 1631 3598 1691 cmperunt
3622 1623 3763 1691 quali-

611 1718 968 1784 tnanifestum,
1005 1719 1218 1772 nomine
1242 1725 1266 1753 ι
1297 1716 1738 1782 Quodvultdeum,
1777 1723 1831 1768 et
1871 1714 2151 1768 maximam
2184 1707 2226 1764 Β
2256 1719 2335 1764 ter
2361 1720 2621 1778 poterant,
2643 1722 2698 1764 et
2719 1713 2805 1765 ubi
2831 1720 3109 1781 poterant,
3138 1713 3324 1766 ablatis
3351 1713 3591 1766 ecclesiis
3619 1713 3764 1764 divina

607 1803 829 1861 turbam'
847 1805 1158 1858 clericorum
1195 1804 1417 1856 navibus
1441 1803 1620 1856 fractis
1647 1804 1917 1871 impositos
1937 1840 1952 1864 ,
1982 1801 2151 1853 nudos

607 1905 767 1964 atque
790 1895 1110 1962 exspoliatos
1136 1893 1331 1962 expelli
1364 1892 1632 1962 prmcepit.
1663 1893 1806 1958 Quos
1828 1891 1966 1944 Deus
1991 1878 2155 1943 mise-

610 1988 819 2042 ratione
841 1985 1090 2040 bonitatis
1105 2000 1236 2049 sum,
1265 1998 1516 2053 prospera
1539 1983 1866 2051 navigatione
1877 1980 2150 2049 Neapolim

607 2072 908 2147 Campaniae
931 2075 1219 2144 perducere
1244 2075 1486 2142 dignatus
1511 2082 1594 2129 est
1619 2062 1904 2126 civitatem.
1929 2071 2156 2127 Senato-

612 2181 732 2220 rum
786 2178 946 2235 atque
995 2163 1024 2201 δ
1073 2163 1448 2217 honoratorum
1499 2161 1884 2216 multitudinem
1909 2150 1946 2232 ,ξ
1983 2160 2154 2229 primo

621 2243 807 2311 exsilio
835 2253 1032 2308 crudeli
1061 2252 1328 2316 contrivit,
1353 2261 1532 2318 postea
1550 2251 1926 2304 transmarinas
1952 2249 2004 2300 in
2035 2261 2156 2316 par-

613 2353 695 2399 tea
733 2342 971 2412 proiecit.
1029 2341 1186 2395 Pulso
1233 2353 1462 2407 namque
1511 2339 1794 2406 episcopo,
1844 2346 1903 2389 ut
1951 2332 2152 2403 praefati

613 2449 816 2496 sumus,
837 2447 956 2486 cum
983 2427 1457 2505 clero_venerabili,
1480 2426 1621 2479 illico
1641 2424 1918 2480 ecclesiam
1942 2421 2154 2478 nomine

615 2533 640 2560 ο
671 2521 1004 2582 Restitutum,
1038 2520 1090 2571 in
1117 2532 1219 2586 qua
1236 2531 1445 2585 semper
1473 2515 1704 2584 episcopi
1728 2512 2153 2578 commanebant,

616 2625 726 2664 sure
753 2609 990 2677 religioni
1019 2608 1356 2673 mancipavit,
1384 2615 1540 2674 atque
1567 2606 1839 2657 universas
1875 2619 1990 2671 qua:
2020 2604 2153 2655 intra

615 2712 795 2752 muros
833 2699 1040 2750 fuerant
1077 2695 1324 2758 civitatis,
1379 2709 1499 2748 cunt
1546 2694 1655 2746 suis
1697 2693 1891 2745 divitiis
1919 2691 2151 2744 abstulit.
2182 2710 2188 2717 ·

615 2787 718 2843 Sed
745 2786 902 2842 etiam
933 2785 1060 2837 foris
1087 2797 1266 2838 muros
1293 2796 1632 2852 quascunque
1660 2779 1826 2832 voluit
1856 2777 2151 2846 occupavit,

614 2889 667 2932 et
698 2878 958 2944 prsecipue
983 2875 1114 2928 duas
1143 2873 1382 2943 egregias
1411 2881 1463 2925 et
1487 2870 1690 2938 amplas
1719 2869 1886 2922 sancti
1909 2866 2155 2935 martyris

613 2965 897 3034 Cypriani:
926 2978 1079 3015 unam
1107 2963 1193 3015 ubi
1219 2963 1525 3030 sanguinem
1556 2959 1708 3024 fudit,
1736 2959 1892 3012 aliam
1928 2957 2013 3011 ubi
2040 2957 2154 3026 ejus

2254 1800 2498 1867 mysteria
2523 1801 2810 1854 celebrare.
2840 1801 3076 1855 Subinde
3095 1809 3269 1856 autem
3295 1811 3567 1857 crescente
3605 1802 3764 1872 opibus

2252 1902 2433 1956 regno,
2465 1887 2631 1956 major
2651 1890 2813 1956 erepit
2836 1899 2891 1942 et
2913 1890 3155 1958 superbia
3179 1892 3476 1961 pr0pagari.

2326 1976 2410 2030 Vl.
2450 1977 2737 2030 Sebastiani
2778 1979 2922 2046 ﬁdes.
2955 2007 3024 2018 -
3075 1978 3319 2033 Referam
3373 1967 3549 2034 aiitem
3598 1978 3764 2032 factum

2251 2065 2388 2134 quod
2415 2067 2526 2134 ipso
2547 2078 2747 2136 gestum
2774 2079 2853 2122 est
2877 2078 3131 2137 tempore.
3159 2069 3281 2123 Fuit
3317 2084 3496 2123 comes
3531 2071 3726 2138 quidam
3751 2078 3766 2104 ⁸

2254 2153 2618 2221 Sebastianus,
2669 2155 2855 2210 famosi
2904 2157 3048 2210 illius
3087 2173 3250 2225 gener
3288 2157 3500 2211 comi:is
3526 2157 3768 2218 Bonifacii,

2251 2255 2374 2294 acer
2400 2242 2638 2308 consilio,
2661 2250 2717 2298 et
2744 2254 2992 2298 strenuus
3019 2245 3072 2298 in
3101 2245 3268 2311 bello;
3298 2245 3449 2314 cujus
3473 2243 3767 2307 Geisericus,

2252 2331 2388 2385 sicut
2411 2331 2624 2385 consilia
2651 2335 2946 2387 necessaria
2972 2333 3194 2389 habebat
3214 2375 3227 2398 ,
3271 2335 3342 2388 ita
3381 2343 3436 2389 et
3464 2336 3769 2403 prasentiani

2253 2418 2588 2472 formidabat.
2612 2417 2842 2487 Cupiens
2869 2429 3045 2476 autem
3076 2423 3217 2475 illum
3241 2423 3578 2491 exstinguere
3596 2462 3612 2486 ,
3641 2436 3770 2476 occa-

2253 2510 2454 2563 sionem
2485 2511 2668 2564 mortis
2693 2511 2759 2566 de
2783 2512 3036 2580 religione
3056 2513 3316 2583 quasivit.
3345 2513 3706 2582 Cogitavitrex
3729 2524 3772 2564 ut

2254 2598 2604 2666 prscsentibus
2631 2599 2894 2667 episcopis
2918 2608 3076 2668 atque
3103 2600 3410 2655 domesticis
3445 2600 3590 2666 suis,
3632 2600 3771 2656 Seba-

2255 2688 2480 2739 stianum
2510 2687 2681 2740 taliter
2709 2688 3032 2742 conveniret.
3083 2689 3410 2754 Sebastiane,
3453 2691 3640 2759 inquit,
3682 2690 3774 2742 scio

2254 2777 2370 2844 quia
2398 2776 2618 2831 fideliter
2643 2777 2793 2831 nobis
2817 2778 3086 2834 adhairere
3107 2780 3320 2848 jurasti,
3353 2782 3501 2848 cujus
3523 2783 3772 2836 veritatem

2255 2866 2569 2921 sacramenti
2613 2867 2820 2922 labores
2869 2869 2941 2921 tui
2997 2869 3365 2939 vigilantiaque
3408 2871 3774 2926 demonstrant.

2253 2953 2354 3009 Sed
2384 2965 2440 3010 ut
2470 2956 2621 3011 nobis
2647 2971 2881 3011 connexa
2914 2973 3122 3027 semper
3160 2960 3402 3030 jugisque
3434 2969 3645 3015 maneat
3669 2963 3775 3013 ami-

614 3051 875 3119 sepultum
909 3060 990 3104 est
1022 3064 1234 3116 corpus,
1272 3050 1361 3116 qui
1407 3051 1551 3102 locus
1583 3049 1835 3116 Mappalia
1871 3049 2148 3101 vocitatur.
2177 3043 2221 3104 C
2253 3045 2370 3099 citia
2394 3045 2614 3110 tua,hoc
2633 3047 2824 3116 placuit
2845 3049 3190 3115 prmsentibus
3205 3051 3567 3105 sacerdotibus
3583 3050 3775 3109 nostris,

614 3142 742 3206 Quis
767 3155 892 3194 vero
914 3142 1166 3209 sustineat
1192 3147 1348 3205 atque
1379 3137 1545 3203 possit
1567 3139 1679 3189 sine
1708 3138 1954 3205 lacrymis
1981 3150 2159 3189 recor-

615 3233 750 3298 dari,
781 3229 904 3284 dum
936 3230 1246 3298 prmciperet
1287 3234 1588 3280 nostrorum
1631 3236 1852 3293 corpOra
1879 3225 2156 3278 defuncto-

617 3337 756 3385 rum,
803 3324 917 3375 sine
965 3320 1296 3373 solemnitate
1329 3319 1664 3386 hymnorum,
1702 3329 1820 3368 cum
1849 3314 2064 3369 silentio
2091 3314 2154 3367 ad

616 3410 940 3478 sepulturam
982 3408 1238 3476 perduci?
1266 3407 1427 3460 Addit
1453 3405 1642 3470 adhuc,
1695 3415 1822 3459 utet
1849 3420 1974 3474 pars
1999 3405 2150 3460 cleri-

618 3513 797 3553 corum
848 3511 962 3566 qua:
988 3505 1331 3561 remanserat,
1387 3494 1580 3564 pmnali
1609 3491 1702 3564 (al.
1734 3491 2156 3550 exitio’tradcre-

695 3721 723 3749 “
748 3714 870 3779 Ejus
900 3710 1149 3764 memoria
1193 3711 1485 3764 celebratur
1510 3712 1594 3765 die
1625 3711 1693 3765 26
1720 3712 1981 3764 Octobris.
2031 3712 2161 3764 Eum

626 3787 833 3838 caeteris
871 3780 1139 3847 conjunxit
1163 3780 1277 3833 Ado
1302 3781 1386 3834 dic
1414 3781 1482 3833 28
1510 3779 1837 3840 Novembris,
1866 3790 1920 3832 ut
1942 3780 2168 3834 diximus

618 3867 768 3920 supra
830 3850 962 3914 (Col.
1001 3849 1115 3920 185,
1149 3857 1253 3901 not.
1288 3849 1356 3917 ⁸).
1396 3849 1468 3901 De
1485 3863 1558 3920 _eu
1591 3849 1732 3917 plura
1765 3849 1923 3902 habes
1954 3849 2084 3902 infra
2115 3851 2164 3903 in

618 3918 994 3974 commentario
1037 3919 1304 3980 historico,
1332 3932 1447 3985 cap.
1477 3918 1528 3971 9.

688 3990 714 4027 ιι
743 3991 884 4050 Tres,
921 3987 1087 4053 inquit
1123 3986 1349 4052 Cangius
1385 3988 1435 4039 in
1463 3987 1759 4052 Glussario,
1792 3987 2166 4039 Ilonomtorum

620 4060 806 4125 gradus
831 4055 1252 4125 occurruntiapud
1275 4066 1519 4125 unctores,
1544 4057 1832 4120 illustrium,
1860 4056 2161 4125 clarissimo.

621 4123 754 4189 rum,
785 4135 827 4176 et
857 4124 1220 4191 spectabiliunt.
1273 4124 1344 4176 De
1385 4123 1467 4176 his
1507 4126 1653 4191 plura
1693 4128 1813 4177 vnle
1856 4127 1991 4192 apud
2023 4124 2163 4176 hunc

621 4205 904 4245 auctorem.

695 4271 716 4295 ε
747 4262 819 4311 De
851 4259 948 4311 hac
975 4259 1188 4310 basilica
1238 4257 1360 4308 vide
1390 4257 1663 4308 Baronium
1696 4259 1757 4309 ad
1799 4272 1987 4310 annum
2028 4259 2157 4311 597.

622 4329 677 4381 Ιιι
704 4344 764 4380 ea
797 4327 1058 4378 nonnullae
1091 4327 1276 4378 habita:
1306 4336 1425 4376 sunt
1450 4325 1654 4392 synodi,
1676 4327 1920 4379 ntvidere
1944 4335 2025 4380 est
2046 4343 2163 4394 pas-

621 4401 718 4450 sim
749 4398 799 4448 in
822 4397 1003 4447 codice
1031 4409 1289 4447 canonum
1325 4394 1574 4446 Ecclesiae
1605 4397 1882 4448 Africanas.
1933 4396 2005 4448 De
2034 4399 2158 4447 dua-

623 4468 718 4518 bus
747 4480 871 4518 vero
911 4465 1037 4515 infra
1089 4465 1410 4524 memoratis,
1465 4480 1515 4514 in
1568 4465 1815 4517 honorem
1866 4468 2024 4516 sancti
2057 4465 2094 4517 C

623 4482 718 4518 nus
747 4482 871 4518 vero
911 4482 1037 4515 intra
1089 4482 1410 4524 memorans,
1465 4482 1515 4514 in
1568 4482 1815 4517 nonmem
1866 4482 2024 4516 sancu
2057 4482 2156 4534 Ly-

623 4537 786 4601 priani
816 4535 1025 4596 erectis,
1075 4535 1299 4585 diximus
1350 4539 1399 4584 in
1447 4533 1802 4586 admonitione
1830 4534 1892 4584 ad
1922 4534 2152 4596 ejusdem
2185 4511 2232 4570 ο

624 4602 788 4654 sancti
815 4613 927 4653 acta
957 4617 1098 4653 num.
1127 4603 1208 4663 l7,
1234 4606 1282 4652 in
1316 4602 1458 4652 Actis
1485 4605 2006 4669 martyrumsiizceris
2037 4619 2150 4668 pag.

625 4672 744 4723 205.
765 4674 876 4734 Quo
897 4682 1069 4723 autem
1091 4680 1238 4737 pacto
1261 4673 1308 4719 in
1332 4669 1709 4722 catholicbrum
1738 4680 2038 4735 potestatem
2061 4676 2156 4722 sub

628 4739 876 4789 Belisario
905 4740 1117 4791 redierit
1143 4754 1206 4790 ex
1242 4738 1304 4789 iis
1335 4754 1457 4798 una,
1488 4753 1642 4804 quam
1674 4740 1850 4790 Ariani
1879 4740 2153 4802 violarant,

627 4808 790 4857 fusius
817 4810 1029 4870 exponit
1057 4807 1336 4872 Prompius
1368 4806 1500 4857 libro
1532 4821 1564 4854 Il
1590 4808 1653 4857 de
1684 4807 1823 4859 Bello
1858 4807 2154 4869 Vandalico,

626 4890 724 4939 qua
754 4875 820 4926 de
848 4890 906 4925 re
933 4891 1026 4926 nos
1055 4875 1209 4931 etiam
1256 4874 1575 4937 disseremus
1613 4875 1742 4926 infra
1784 4875 1836 4926 in
1877 4875 2158 4928 Commen-

629 4944 761 4995 tario
784 4944 1047 5002 historico,
1075 4957 1190 5007 cap.
1224 4943 1308 4994 12.

694 5007 721 5046 ἀ
751 5009 896 5062 Coib.
927 5010 960 5060 2
988 5020 1039 5063 et
1067 5011 1214 5062 Mart.
1259 5025 1374 5062 cum
1419 5008 1707 5078 Orthodiix.
1741 5010 2010 5075 Rhenano,
2059 5013 2157 5065 Lo-

628 5079 794 5133 richio
823 5079 1160 5148 etialiistvisi
1191 5089 1321 5129 sunt.
1354 5079 1498 5148 Golb.
1544 5081 1744 5140 tertius,
1787 5085 1859 5132 usi
1891 5091 2004 5132 sunt
2033 5099 2154 5148 snp-

629 5145 993 5216 plicationibus.
1020 5146 1097 5216 Et
1143 5149 1303 5216 paulo
1332 5147 1495 5216 infra,
1531 5148 1702 5212 quibus
1734 5187 1746 5200 .
1772 5185 1784 5199 .
1806 5187 1819 5199 .
1849 5145 2159 5216 respondisse

629 5213 810 5282 fertur.
835 5213 981 5267 Colb.
1011 5215 1030 5264 Ι
1062 5223 1115 5265 et
1140 5213 1307 5265 edit.i
1345 5214 1536 5265 habent
1556 5217 1810 5281 probatur.
1829 5213 1978 5269 Colb.
2001 5220 2156 5281 alter,

629 5287 775 5338 Mart.
808 5293 859 5335 et
897 5284 1128 5353 Οιιίιοάη
1165 5298 1280 5334 cuin
1325 5283 1573 5353 libenann
1624 5296 1676 5335 et
1716 5286 1941 5346 l.oricli.,
1982 5289 2157 5353 quibus

630 5356 745 5405 dicit
769 5369 856 5404 rex
887 5368 902 5405 :
929 5352 1150 5411 Decrevi,
1182 5361 1283 5402 etc.
1310 5353 1467 5402 l’urro
1501 5350 1870 5404 Maxulitanum
1892 5350 2044 5415 littus,
2070 5356 2151 5407 hic

630 5439 657 5473 a
689 5423 891 5473 Victore
932 5429 1294 5489 memoratum,
1336 5433 1364 5469 a
1411 5416 1723 5473 Maxulitana
1770 5425 2152 5489 proconsularis

634 5491 911 5555 provincia:
937 5493 1081 5551 urbe,
1106 5487 1180 5539 sic
1205 5488 1399 5538 dictum
1431 5489 1588 5538 fuisse
1616 5487 2038 5555 putatVUrtelius;
2072 5491 2147 5543 Li-

631 5558 798 5622 gulan
838 5571 958 5611 vero
985 5557 1060 5611 sic
1086 5556 1394 5628 appellatam
1438 5557 1823 5626 interpretatur,
1871 5561 2006 5627 quod
2038 5575 2153 5616 esse

2259 3145 2310 3189 ut
2335 3139 2449 3204 ejus
2472 3138 2719 3191 efficiaris
2746 3141 2914 3192 cultor
2939 3141 3210 3207 religionis
3240 3158 3394 3207 quam
3416 3152 3470 3197 et
3501 3161 3598 3198 nos
3625 3153 3677 3199 et
3701 3156 3778 3195 no-

2255 3236 2363 3280 ster
2387 3228 2604 3293 pupulas
2627 3243 2959 3280 veneramur.
2982 3229 3074 3282 Cui
3107 3229 3473 3298 Sebastianus,
3518 3247 3627 3286 rem
3653 3234 3778 3296 inve-

2257 3317 2405 3368 niens
2418 3315 2599 3367 miram
2615 3317 2892 3385 multisque
2904 3317 3276 3380 necessariam,
3294 3333 3388 3386 pro
3403 3327 3638 3388 tempore
3649 3329 3780 3373 acute

2255 3405 2524 3474 respondit
2549 3424 2559 3458 :
2585 3406 2791 3472 Qumso,
2819 3406 3032 3461 domine
3074 3423 3184 3469 rex,
3229 3418 3284 3461 ut
3313 3423 3451 3463 nunc
3481 3424 3614 3462 unus
3651 3412 3780 3479 panis

2255 3495 2624 3551 mundissimus
2642 3510 2703 3549 ac
2717 3494 2806 3566 [αι.
2827 3496 3200 3566 similagineus]
3215 3498 3515 3554 siinilaceus
3531 3499 3777 3554 aﬂ‘eratur.

2269 3723 2408 3768 terra
2437 3723 2652 3780 angusta
2681 3713 2958 3767 admodum
3001 3726 3052 3784 et
3091 3717 3262 3784 longa,
3297 3733 3411 3784 qure
3456 3720 3508 3772 in
3540 3736 3681 3774 mare
3707 3737 3782 3773 ex-

2268 3792 2530 3848 porrecta,
2562 3784 2746 3848 linguae
2776 3793 2998 3835 exserta:
3029 3783 3242 3837 formam
3267 3783 3644 3851 reprarsentare
3661 3790 3782 3841 vide

2268 3859 2432 3904 retur.
2463 3851 2660 3904 Similia
2691 3853 2828 3905 enim
2875 3851 2985 3905 loca
3009 3851 3185 3906 Cmsar
3213 3855 3262 3906 in
3299 3852 3432 3908 libro
3481 3871 3536 3911 ιιι
3565 3858 3628 3909 de
3657 3858 3783 3909 Bello

2267 3919 2467 3973 Gallico
2498 3919 2758 3988 Lingulas,
2791 3935 2903 3982 seu,
2951 3931 3005 3974 ut
3029 3921 3144 3975 alia:
3172 3922 3431 3976 editiones
3462 3925 3670 3987 habent,
3703 3927 3783 3977 lin-

2217 4013 2220 4016 ο
2264 4005 2389 4059 guns
2409 3989 2655 4056 appellat.
2673 3991 2771 4042 Sed
2791 4000 2967 4058 postea
2990 3992 3160 4059 ligula:
3178 4007 3366 4046 nomen
3391 3993 3458 4044 ita
3487 3994 3717 4052 ini-aluit,
3736 4002 3779 4042 ut

2264 4045 2511 4130 itania-lis
2541 4045 2906 4130 grammaticos
2940 4045 3173 4124 irrideat,
3223 4045 3308 4129 qui
3339 4062 3548 4130 lingula:
3578 4045 3782 4116 vocabu-

2266 4124 2369 4174 lum
2403 4128 2629 4176 retincre
2654 4128 2984 4198 affectabam,
3032 4144 3146 4181 cum
3174 4124 3280 4196 jam
3309 4124 3444 4198 apud
3474 4133 3615 4198 ipsos
3643 4131 3781 4184 etiam

2263 4203 2531 4242 senatores
2576 4203 2628 4243 et
2655 4197 2855 4256 equites
2900 4199 2966 4245 ita
3007 4197 3371 4260 obsolevisset,
3415 4208 3467 4250 ut
3496 4197 3612 4251 non
3653 4200 3786 4251 aliter

2264 4274 2414 4326 quam
2441 4261 2631 4322 ligulir,
2663 4270 2750 4309 aut
2777 4265 3219 4326 pronuntiaretur,
3252 4277 3340 4317 aut
3363 4268 3700 4320 scriberetur.

2334 4337 2355 4401 ξ’
2387 4328 2674 4401 Lorichius,
2705 4331 2969 4401 familiaris
2996 4333 3172 4401 illius.
3206 4333 3277 4384 De
3307 4334 3616 4387 Sebastiano
3655 4338 3784 4401 plura

2263 4396 2454 4450 habent
2485 4397 2684 4449 idacins
2714 4409 2764 4450 et
2792 4398 3013 4464 Prosper
3043 4399 3091 4450 in
3119 4400 3413 4453 Cbronicis.
3441 4403 3607 4463 Ipsius
3627 4396 3783 4452 autem

2263 4468 2510 4519 memoria
2541 4475 2710 4520 exstat
2747 4468 2794 4518 in
2828 4467 3194 4534 Martyrologio
3223 4467 3424 4520 Gallice
3450 4470 3592 4520 edito
3622 4470 3782 4520 Leoilii

2256 4550 2393 4588 anno
2423 4537 2584 4598 2624,
2606 4547 2662 4587 ιιι
2687 4544 2943 4588 testantur
2969 4537 3291 4589 Bollaniliani
3321 4536 3383 4586 ad
3410 4536 3546 4588 diem
3569 4538 3633 4587 ‘27
3658 4539 3783 4596 Maii,

2257 4605 2389 4656 Alibi
2418 4621 2542 4657 vero
2571 4619 2825 4671 nusquam
2858 4607 3116 4671 reperitur
3146 4608 3283 4657 into-r
3325 4617 3538 4656 sanctos
3570 4607 3785 4660 locatus;

2258 4673 2353 4723 nisi
2384 4673 2521 4726 forte
2569 4676 2610 4726 is
2655 4676 2764 4739 ipse
2805 4673 2965 4726 fuisse
3003 4675 3207 4727 dicatur
3238 4673 3554 4726 Sitiasi't'anus
3591 4688 3785 4739 martyr,

2257 4743 2344 4812 qui
2385 4743 2433 4793 in
2481 4741 2641 4812 veteri
2687 4742 2982 4795 calendario
3017 4743 3411 4812 Carthaginensi
3455 4744 3540 4797 die
3571 4760 3660 4797 xm
3699 4745 3788 4795 cal.

2260 4810 2525 4881 Februarii
2556 4811 2820 4881 recolitur.
2869 4814 2934 4864 At
2961 4813 3004 4864 is
3033 4812 3144 4865 dies
3183 4810 3263 4865 est
3293 4813 3477 4865 natalis
3507 4815 3677 4881 magni
3700 4814 3782 4881 δέξο

2260 4876 2503 4941 bastiani,
2548 4879 2696 4943 cujus
2725 4882 2976 4931 memoria
3025 4882 3076 4933 in
3122 4891 3225 4934 tota
3276 4883 3533 4934 catholica
3571 4876 3785 4936 Ecclesia

2260 4946 2484 4998 Celebris
2513 4961 2720 5011 semper
2759 4945 2873 5017 fuit.
2919 4948 3080 5000 Porro
3113 4953 3432 5016 comparatio
3473 4951 3788 5017 baptismatis

2262 5028 2380 5065 cum
2413 5029 2566 5077 pane,
2597 5029 2750 5079 quam
2785 5016 2866 5068 hic
2894 5017 3194 5070 adhibuisse
3218 5017 3409 5070 dicitur
3438 5016 3780 5079 Sebastianus,

2263 5082 2557 5154 habeturin
2590 5083 2853 5154 breviario
2898 5085 3014 5139 fidei
3045 5087 3298 5140 adversus
3325 5088 3566 5149 Arianos,
3605 5089 3739 5154 quod
3763 5099 3786 5134 a

2225 5208 2228 5210 ν
2261 5150 2540 5203 Sirmondo
2565 5166 2680 5202 cum
2711 5153 2828 5204 aliis
2848 5156 3112 5220 opusculis
3136 5171 3273 5206 anno
3299 5156 3430 5208 1650
3458 5150 3666 5208 Parisiis
3691 5154 3790 5205 edis

2263 5228 2372 5270 tum
2399 5228 2501 5271 est.
2533 5220 2678 5272 Unde
2703 5222 2964 5286 conjicere
2992 5223 3112 5277 licet
3133 5225 3361 5276 libellum
3395 5225 3531 5277 hunc
3559 5223 3788 5275 Vandals

2261 5287 2311 5338 in
2344 5287 2514 5358 Africa
2546 5290 2881 5353 regnantibus
2905 5292 3150 5358 scriptum
3182 5292 3362 5355 fuisse,
3390 5305 3446 5344 ut
3467 5308 3532 5344 eo
3553 5302 3785 5358 tanqnaju

2257 5357 2548 5408 encliiridio
2577 5359 2829 5410 adversus
2873 5356 3090 5413 Arianos
3118 5362 3358 5413 catholici
3393 5356 3681 5413 uterentur.
3725 5356 3789 5407 De

2260 5426 2524 5478 llonifacio
2553 5437 2744 5488 autem,
2794 5429 2988 5480 Comite
3033 5429 3247 5496 famoso,
3276 5429 3425 5496 cujus
3458 5427 3792 5496 Sebastianus

2258 5509 2418 5559 gener
2449 5496 2531 5546 hic
2571 5496 2776 5560 dicitur,
2832 5497 2984 5563 plura
3031 5495 3083 5551 in
3114 5495 3504 5553 Commentario
3553 5495 3790 5550 historico

2261 5566 2429 5630 capite
2452 5565 2484 5618 5
2510 5564 2694 5618 dicturi
2720 5579 2917 5620 sumus.
