3854 6228
88 243 167 292 1ε93

1008 233 1089 285 n:-:
1127 228 1627 285 rensecunoxs
1668 228 2041 284 mansueti
2082 192 2280 285 ιιιιςι.

3121 230 3218 284 l)‘

86 349 213 401 miis
232 348 292 399 ab
317 348 392 401 eis
412 345 622 399 insidiis
639 342 831 411 sapius
856 352 1163 405 arctaretur,
1202 342 1426 409 quodam
1454 348 1586 393 teme
1614 345 1658 401 A
1688 342 1918 394 membra
1948 343 2048 396 mei
2091 342 2327 409 corporis
2354 341 2610 407 dedicavi,
2653 355 2751 395 nec
2791 356 3002 410 possum
3035 342 3219 396 buma-

88 453 190 504 pure
228 434 573 490 venerabilem
622 446 805 488 senem
856 431 907 483 in
957 428 1051 502 [al.
1092 429 1322 500 publica]
1374 429 1583 497 publico

88 529 193 582 faris
215 527 423 580 camuris
450 524 779 585 ceciderunt.
831 522 979 588 Quod
1032 521 1120 575 ille
1160 536 1263 573 non
1303 522 1366 571 ad
1395 533 1585 586 oppro-

90 621 246 679 brium,
269 617 356 670 sed
380 615 445 668 ad
475 614 769 667 mercedem
799 619 1106 679 computans
1140 611 1321 677 gloria:
1359 624 1490 673 sum,
1530 610 1585 661 in

92 709 275 761 υιηιιίυο
301 706 592 758 hetabatur.
627 702 772 756 l‘nde
808 700 1001 755 factum
1034 709 1112 754 est
1147 708 1201 751 ut
1244 708 1356 766 post
1386 697 1583 750 obitum

90 794 281 867 ._-piscnpi
313 796 369 864 8
394 790 743 859 Carthaginis,
780 788 1080 859 Zeugitanaa
1118 796 1171 841 et
1223 785 1583 841 Proconsulari

90 886 335 954 provinci:
355 884 629 949 episcopos
649 879 987 934 interdiceret
1006 876 1346 940 ordinandus,
1359 889 1582 945 quorum

94 983 435 1025 eratnnmerus
459 979 670 1024 centum
704 967 973 1036 sexaginta
1001 975 1247 1035 quatuor.
1275 964 1375 1031 Qui
1406 965 1585 1032 paula-

90 1066 161 1114 tim
180 1060 489 1124 deﬁcientes,
516 1072 674 1125 nunc,
697 1058 742 1113 si
769 1057 852 1112 vel
875 1056 973 1126 ipsi
995 1066 1298 1124 supersunt,
1336 1062 1443 1109 tres
1471 1064 1588 1106 tan-

90 1166 173 1205 tum
206 1166 315 1206 esse
346 1151 623 1204 videntur:
653 1149 954 1203 Vincentius
980 1156 1007 1184 ⁸
1043 1146 1351 1215 Gigitantts,
1396 1144 1589 1198 Paulus

91 1241 484 1305 bSinnaritanus,
525 1254 649 1291 vere
690 1237 881 1292 merito
918 1246 971 1290 et
1011 1236 1225 1290 nomine
1264 1234 1487 1297 Paulus;
1532 1240 1587 1286 et

90 1333 195 1384 alius
217 1330 543 1397 Quintianus,
592 1328 680 1395 qui
723 1342 863 1381 nunc
905 1326 1325 1395 persecutionem
1355 1322 1581 1391 fugiens,

90 1420 199 1487 apud
238 1428 260 1457 ο
308 1419 553 1473 Edessam
612 1416 927 1470 Macedonia:
975 1414 1240 1469 civitatem
1291 1422 1595 1466 commanet‘

92 1511 385 1579 peregrinus.

146 1600 202 1653 Χ.
229 1600 450 1652 latinia
476 1607 525 1652 et
549 1597 641 1651 alii
667 1605 909 1665 martyres
936 1605 981 1648 et
1009 1596 1330 1661 confessor-es.
1358 1588 1463 1630 -ἀ
1488 1588 1590 1645 Sed

1685 418 1808 481 nium
1830 430 2009 483 sortiri
2037 429 2355 498 coniugium,
2389 428 2585 482 habens
2606 428 2716 496 iam
2749 430 3019 484 cmlestcm
3045 440 3098 485 et
3131 446 3223 486 vei

1686 533 1799 571 rum
1831 533 2101 584 sponsum.
2130 519 2233 573 Sed
2257 519 2391 573 dabo
2414 519 2706 573 consilium.
2746 519 2803 574 Si
2840 521 2990 587 velis,
3027 524 3223 588 poteris

1683 618 1739 661 et
1766 608 1880 675 ipse
1909 610 1998 662 tibi
2029 619 2277 677 przcstare
2300 648 2314 672 ,
2361 610 2485 661 dum
2514 609 2662 670 licet,
2712 619 2769 661 ut
2796 609 2879 663 cui
2908 625 3005 678 ego
3025 625 3221 664 canen-

1684 698 1788 765 pivi
1818 701 2031 762 nubere,
2058 699 2335 754 delecteris
2362 709 2415 753 et
2442 699 2553 768 ipse
2571 701 2787 754 servire.
2807 701 2878 754 lta
2904 700 3097 754 factum
3118 712 3221 765 est,

1685 787 1907 841 Domino
1930 799 2274 857 procurante,
2306 797 2363 842 ut
2388 788 2640 843 obediens
2672 788 2866 854 Virgini
2899 789 3056 843 etiam
3096 791 3227 844 ado-

1686 875 1892 930 lescens
1934 890 2083 932 suam
2122 875 2348 929 animam
2400 876 2707 929 lucraretur.
2751 876 3027 931 Nesciente
3068 878 3223 946 igitur

1688 965 1923 1019 Vandale
1949 965 2202 1033 spiritalis
2235 966 2426 1018 secreti
2454 966 2850 1031 commercium,
2879 976 3223 1032 compunctus

1686 1044 1843 1122 atque
1871 1064 2096 1109 mutatus
2126 1055 2485 1119 Martinianum,
2517 1054 2675 1109 etiam
2701 1056 2811 1110 suis
2838 1055 3080 1109 fratribus
3104 1072 3222 1125 per-

1685 1147 1849 1199 suasit
1868 1158 1924 1199 ut
1945 1133 2243 1198 thesaurum
2264 1160 2418 1214 quem
2442 1146 2711 1200 invenerat
2732 1145 3002 1214 baberent,
3026 1155 3083 1199 ut
3104 1157 3226 1214 pote

1686 1239 1946 1305 germani,
1975 1252 2332 1291 communem.
2375 1236 2673 1289 Conversus
2707 1237 2881 1304 itaque
2914 1251 3033 1289 cum
3063 1238 3227 1289 tribus

1690 1329 1936 1383 fratribus
1965 1330 2096 1394 suis,
2142 1328 2232 1381 Dei
2255 1341 2463 1395 quoque
2513 1328 2685 1395 puella
2728 1329 3034 1389 comitante,
3072 1336 3228 1383 nocte

1688 1419 1824 1473 clam
1853 1418 2203 1487 egredientes,
2232 1418 2245 1455 ί
2277 1419 2580 1472 Tabraceno
2614 1419 2953 1481 monasterio,
2981 1420 3062 1472 cui
3102 1407 3228 1486 pits-

1690 1518 1801 1562 erat
1827 1517 1950 1561 tunc
1978 1508 2164 1561 nobilis
2184 1516 2362 1575 pastor
2376 1506 2633 1570 Andreas,
2659 1508 2945 1561 sociantur.
2977 1507 3067 1561 Illa
3097 1522 3226 1561 vero

1694 1596 1833 1649 haud
1873 1598 2052 1664 procul
2097 1596 2468 1650 monasterium
2514 1595 2730 1649 incoluit
2761 1597 3066 1664 puellarum.
3115 1596 3227 1652 Scii-

90 1692 216 1742 etiarn
242 1698 359 1741 tunc
380 1694 639 1755 martyres
674 1683 1042 1752 quampiurimi
1083 1681 1246 1753 fuisse
1283 1681 1589 1748 probantur.
1622 1669 1669 1728 Β
1694 1688 1915 1765 sciiante
1939 1685 2095 1752 igitur
2124 1686 2345 1758 barbaro
2385 1685 2803 1754 inquisitionibus
2831 1693 2881 1737 et
2918 1685 3226 1737 muneribus

90 1777 425 1829 Confessomm
447 1782 622 1827 autem
653 1772 838 1842 ingens
862 1781 916 1826 et
944 1771 1166 1840 plurima
1197 1769 1496 1832 multitudo,
1526 1784 1591 1821 ex

90 1864 244 1931 quibus
284 1864 492 1930 aliquos
535 1876 755 1915 narrare
802 1861 1031 1915 tentabo.
1075 1860 1236 1912 Erant
1287 1869 1411 1911 tunc
1454 1857 1592 1911 servi

90 1951 321 2019 cujusdam
353 1950 615 2004 Vandali:
647 1949 743 2002 fuit
763 1959 938 2002 autem
970 1949 1058 2001 hic
1084 1946 1348 2000 Vandalus
1374 1945 1440 1999 de
1465 1946 1589 2011 illis,

92 2054 196 2107 quos
222 2039 532 2095 Iillenarios
558 2046 764 2102 vocant,
808 2045 833 2073 °
863 2037 1222 2100 Martinianus,
1261 2033 1587 2095 Saturianus,

93 2139 135 2183 et
166 2143 326 2183 eorum
374 2130 483 2183 duo
524 2127 793 2197 germani;
841 2133 952 2181 erat
981 2134 1035 2180 et
1059 2123 1297 2193 quzedam
1334 2136 1591 2185 conserva

94 2232 243 2272 eorum
262 2218 469 2286 egregia
494 2217 687 2269 Christi
707 2215 900 2270 ancilla
930 2216 1142 2271 nomine
1167 2214 1390 2268 Maxima
1412 2252 1427 2277 ,
1469 2225 1591 2266 cor-

94 2324 195 2373 pore
215 2308 437 2363 simulet
467 2308 560 2379 [aL
589 2305 786 2378 mente]
807 2306 968 2359 corde
992 2305 1202 2362 decora.
1233 2305 1299 2358 Et
1316 2306 1435 2372 quia
1458 2303 1595 2357 Mar—

94 2398 281 2451 tiniauus
306 2396 615 2451 armifactor
639 2404 775 2457 erat,
813 2403 868 2449 et
892 2393 1109 2447 domino
1141 2408 1240 2448 suo
1284 2394 1412 2446 satis
1449 2391 1594 2446 video

96 2487 219 2539 batur
234 2496 496 2555 acceptus,
526 2495 581 2539 et
608 2484 832 2538 Maxima
860 2483 1119 2537 universae
1143 2482 1317 2536 domui
1348 2482 1592 2535 domina-

1692 1775 1910 1840 crebris,
1934 1775 2069 1843 quod
2090 1784 2290 1844 gestum
2308 1783 2420 1829 erat
2435 1774 2592 1827 celari
2617 1788 2719 1826 non
2743 1774 2927 1842 potuit.
2954 1773 3229 1826 inveniens

1692 1867 1867 1931 itaque
1913 1864 2020 1931 iam
2067 1876 2168 1917 neu
2211 1878 2328 1926 sua,
2374 1864 2464 1916 sed
2491 1861 2680 1915 Christi
2710 1861 2989 1928 mancipia,
3020 1860 3230 1927 coniicit

1695 1954 1745 2005 in
1778 1953 2017 2015 vinculis,
2048 1960 2103 2005 et
2130 1940 2288 2004 variis
2322 1942 2605 2004 tormentis
2628 1952 2719 2004 Dei
2751 1950 2971 2004 famulos
3007 1952 3230 2004 insecta-

1692 2049 1805 2105 tur;
1836 2054 1996 2107 agens
2022 2054 2139 2093 cum
2167 2041 2245 2093 eis
2274 2054 2375 2092 non
2402 2051 2607 2092 tantum
2632 2049 2689 2093 ut
2717 2040 2913 2109 pariter
2947 2042 3230 2093 misceren-

1694 2140 1798 2195 tur,
1827 2130 1943 2194 seil,
1975 2130 2111 2199 quod
2139 2130 2349 2198 gravius
2388 2139 2489 2194 est,
2535 2144 2629 2195 per
2661 2130 3088 2198 rebaptizationis
3126 2145 3231 2184 cce-
3302 2148 3305 2152 ‘

1694 2236 1841 2286 num,
1874 2218 1992 2274 fidei
2019 2234 2125 2272 sua:
2160 2227 2463 2272 ornamenta
2510 2228 2803 2286 turparent.
2850 2219 3091 2272 Pervenit.
3132 2218 3231 2271 hoc

1694 2309 1861 2378 ipsum
1892 2324 2059 2375 usque
2083 2308 2146 2381 ad
2174 2306 2409 2360 notitiam
2437 2306 2687 2360 Geiserici
2716 2308 2874 2375 regis,
2918 2308 3005 2375 qui
3034 2322 3231 2375 praece—

1694 2401 1771 2466 pit
1810 2407 1866 2451 ut
1908 2398 2084 2450 tandiu
2133 2395 2481 2464 implacabilis
2524 2395 2684 2449 herus
2729 2383 2910 2449 servos
2953 2393 3228 2462 afﬂigeret,

1694 2487 1924 2557 quandiu
1956 2487 2095 2541 illius
2118 2486 2522 2540 succumberent
2547 2485 2824 2539 voluntati.
2853 2484 3009 2540 Jubet
3036 2484 3087 2538 in
3119 2500 3230 2536 ino-

96 2578 247 2639 tatur,
296 2576 518 2630 credidit
568 2574 863 2639 Vandalus,
919 2580 978 2626 ut
1029 2571 1208 2626 ﬁdeles
1268 2573 1368 2626 sibi
1429 2572 1596 2641 magis
1694 2578 1816 2632 dum
1867 2577 2093 2631 ferarum
2135 2575 2297 2629 fustes
2333 2575 2576 2629 robustos
2609 2574 2772 2629 veluti
2812 2571 3067 2642 palma'tos
3110 2589 3229 2626 cum

98 2676 370 2718 memoratos
396 2665 600 2718 faceret
623 2664 863 2726 famulos,
893 2662 1258 2716 Martinianum
1292 2663 1594 2717 Maximam-
1696 2668 1948 2735 stirpibus
1976 2665 2225 2734 fieri._qui
2256 2655 2421 2735 [συιδ.
2456 2664 2507 2729 l,
2536 2661 2850 2731 quatientes]
2879 2663 3231 2730 quatientibus

97 2768 176 2819 que
194 2752 441 2823 coniugali
466 2753 738 2807 consortio
764 2753 991 2806 sociare.
1032 2751 1375 2805 Martinianus
1418 2752 1598 2806 adole-
1697 2757 1856 2825 tergis
1882 2771 1983 2809 non
2008 2755 2176 2808 solum
2206 2768 2325 2806 ossa
2350 2750 2759 2819 confringerent,
2785 2750 2876 2803 sed
2905 2751 3062 2804 etiam
3094 2760 3231 2802 tete-

99 2842 404 2896 scentulorum
432 2842 768 2897 s'eeularium
795 2841 1260 2909 moreconiugium
1283 2841 1591 2915 all'ectabat;
1696 2844 2126 2913 brantesaculei
2178 2841 2491 2894 intrinsecus
2541 2848 2892 2893 remanerent.
2960 2838 3058 2902 Qui
3104 2838 3227 2891 dum

101 2931 400 2999 Maximeque,
430 2932 541 2998 iam
580 2931 687 2983 Deo
712 2938 936 2993 sacrata,
982 2929 1238 2982 humanas
1268 2930 1475 2996 nuptias
1515 2946 1596 2982 rc-
1694 2934 1905 3002 sanguis
1935 2932 2193 2994 efflueret,
2236 2940 2290 2982 et
2326 2928 2590 2999 dissipatis
2624 2927 2869 2979 carnibus
2894 2928 3098 2981 viscera
3132 2942 3226 2981 nu-

102 3018 276 3072 lutabat.
310 3024 377 3072 At
401 3019 490 3072 ubi
517 3026 729 3071 ventum
757 3025 839 3070 est
872 3025 929 3069 ut
950 3016 1173 3069 cubiculi
1206 3015 1474 3069 adirentur
1503 3030 1587 3070 se-
1618 3007 1664 3070 C
1695 3023 1965 3087 darentur,
1997 3018 2235 3086 st'qucnli
2256 3017 2363 3082 die,
2390 3015 2602 3069 Christo
2628 3016 2893 3081 metlente,
2919 3030 3128 3085 semper
3150 3021 3222 3070 in-

100 3118 209 3162 creta
232 3110 451 3173 silentia,
479 3117 533 3163 et
578 3107 918 3162 Martinianus
959 3106 1199 3160 nesciens
1232 3106 1357 3175 quid
1404 3107 1471 3161 de
1502 3108 1592 3161 illo

100 3199 351 3255 decreverat
380 3200 542 3261 Deus,
565 3198 789 3251 maritali
820 3196 1004 3250 fiducia
1046 3200 1189 3261 quasi
1224 3211 1343 3250 cum
1368 3197 1591 3266 coniuge

103 3300 274 3356 cuperet
309 3291 581 3353 cubitare,
631 3288 749 3340 viva
789 3301 919 3340 voce
963 3290 1008 3339 ei
1063 3296 1348 3339 memorata
1401 3286 1591 3341 famula

100 3377 255 3434 Christi
286 3378 597 3450 respondit:
625 3375 837 3431 Christo
867 3362 987 3445 ego,
1025 3391 1057 3430 o
1082 3376 1387 3431 Martiniane
1408 3378 1587 3445 frater,

101 3546 278 3616 tinctum
302 3546 605 3615 selegimus,
625 3545 707 3598 cui
737 3560 870 3611 pene
896 3544 1178 3616 conformis
1199 3557 1281 3601 est
1298 3562 1359 3601 ea
1386 3564 1502 3616 qua:
1534 3551 1586 3604 in

101 3613 215 3668 Colb.
242 3617 388 3669 tertio
418 3613 474 3668 et
500 3616 551 3668 in
591 3616 772 3668 codice
799 3617 963 3668 sancti
993 3615 1193 3669 Martini
1224 3613 1460 3680 habetur,
1501 3620 1588 3673 ubi

100 3685 311 3737 ordinatur
336 3684 589 3748 quondam
616 3684 913 3747 sacerdotio,
958 3694 1085 3748 etc.,
1113 3684 1250 3750 quod
1276 3687 1479 3739 czeteris
1512 3690 1591 3739 vi-

99 3753 242 3805 deatur
268 3754 429 3807 textui
454 3753 794 3806 conformior.
826 3752 889 3806 Et
912 3754 1119 3819 quidem
1145 3752 1244 3806 hoc
1272 3768 1355 3807 me
1382 3756 1584 3820 potissi~

101 3836 209 3873 mum
233 3832 423 3885 movet,
454 3830 511 3873 ut
550 3821 766 3874 'l‘bomze
795 3835 983 3873 nomen
1009 3836 1071 3874 ex
1100 3820 1584 3887 Carthaginensium

99 3890 335 3943 antistitum
360 3890 601 3956 catalogo
627 3903 941 3956 expungatn,
965 3889 1099 3956 quod
1124 3889 1261 3939 nulla
1289 3890 1451 3956 ipsius
1472 3904 1583 3941 me-

100 3958 226 4011 moria
253 3960 299 4011 in
339 3953 709 4011 vetustissimo
736 3953 1036 4007 kalendario
1062 3953 1455 4021 Carthaginensi
1490 3958 1583 4007 ha-

101 4027 261 4087 beatur,
286 4029 334 4078 in
357 4040 466 4093 quo
480 4032 661 4093 tamen
686 4026 860 4074 caeteri
892 4021 1109 4073 istorum
1138 4029 1428 4093 temporum
1455 4024 1583 4076 Car-

99 4091 386 4159 thaginenses'
403 4091 639 4158 episcopi
661 4097 898 4159 accurate
919 4092 1353 4159 recensentur.Et
1374 4094 1581 4159 quidem

99 4158 205 4230 in
227 4174 319 4230 non
345 4161 518 4213 solum
552 4159 798 4230 Aurelius,
827 4158 1119 4230 Capreolns,
1150 4158 1580 4230 autheog’ratias,

99 4228 160 4291 qui
184 4227 410 4283 inAfrica
431 4242 466 4283 e
485 4228 617 4280 vivis
642 4236 999 4291 excesserunt,
1024 4229 1114 4283 sed
1140 4238 1194 4282 et
1226 4227 1584 4293 Quotuultdeus

98 4307 136 4346 et
159 4293 408 4367 Esgatius,
439 4298 492 4367 in
522 4296 769 4367 externis
793 4296 913 4350 licet
958 4298 1237 4367 provinciis
1277 4297 1381 4351 fato
1420 4299 1579 4351 functi

100 4365 427 4433 Immotum
472 4365 669 4419 Deinde
697 4365 810 4418 Αάο
837 4376 1044 4419 sanctos
1071 4366 1344 4433 episcopos
1371 4369 1454 4433 qui
1485 4369 1582 4419 sub

98 4432 315 4503 gentericl
363 4435 732 4503 persecuiione
762 4436 896 4499 passi
940 4432 1162 4497 fuerant,
1209 4432 1489 4489 recensens
1516 4451 1577 4489 ex

99 4498 279 4559 Victoris
304 4498 544 4565 historia,
574 4498 819 4553 Thomam
846 4503 982 4555 hunc
1006 4504 1199 4554 omisit.
1341 4517 1350 4524 ·

148 4570 389 4640 ξηαπ.
410 4582 468 4625 et
487 4568 760 4640 Lorichins
788 4570 979 4640 habent
1007 4570 1284 4640 Vigitnnus.
1310 4571 1365 4623 ln
1394 4572 1581 4625 Notitia

102 4637 246 4692 siris:
268 4640 493 4694 Occurrit
523 4638 810 4691 Vincentius
834 4636 1093 4706 Ziggeitsis
1119 4641 1169 4691 in
1202 4641 1580 4705 proconsulari,

98 4718 215 4776 quem
229 4706 357 4776 hunc
381 4710 555 4776 ipsum
580 4719 700 4776 esse
721 4704 912 4776 quibic
934 4704 1276 4776 memoratur,
1298 4718 1441 4775 putat
1462 4725 1583 4761 eru-

98 4772 203 4824 ditus
230 4772 460 4828 Baluzius
501 4774 551 4825 in
583 4772 825 4827 notis’ad
867 4789 982 4840 cap.
1017 4774 1112 4828 128
1137 4772 1431 4829 enllationis
1455 4778 1581 4830 Car-

101 4841 500 4905 thagiaensismbi
522 4842 661 4895 inter
681 4840 974 4895 Catholicos
1000 4844 1253 4896 antistites
1280 4856 1583 4899 recensetur

101 4906 333 4982 Qgsdrutts
345 4911 613 4982 episcopus
628 4908 780 4976 plebis
795 4908 1069 4982 Gegitunce.
1091 4908 1287 4966 Videsis
1301 4915 1429 4965 infra
1451 4913 1583 4982 (Col.
1608 4922 1617 4949 ι

100 4975 359 5098 ﬂammam
370 4975 438 5032 ll
456 4980 508 5031 in
520 4975 795 5044 episcOpos
809 4975 1087 5048 provincia:
1102 4975 1479 5045 proconsularis
1496 4985 1583 5049 qui

102 5056 139 5094 In
242 5048 320 5098 itia
357 5046 642 5098 habentur.
678 5046 840 5098 Porro
868 5049 1044 5098 sedem
1078 5050 1159 5098 hic
1184 5064 1212 5098 a
1244 5051 1449 5098 Victore
1472 5066 1581 5098 meo

102 5046 139 5094 in
161 5046 320 5099 Notitia
357 5046 642 5100 habentur.
678 5046 840 5099 Porro
868 5049 1044 5102 sedem
1078 5050 1159 5103 hic
1184 5064 1212 5101 a
1244 5051 1449 5103 Victore
1472 5046 1581 5103 meo

102 5124 433 5185 [liniamesse
453 5114 666 5180 ϐορέω.
694 5130 811 5185 qua:
832 5117 963 5168 ultra
1004 5117 1351 5185 Naraggaram
1398 5132 1597 5172 versus-

366 5180 467 5238 aita
512 5178 593 5236 est
633 5184 681 5235 in
714 5178 908 5236 tabulis
943 5178 1371 5252 PeutingErianis,
1403 5197 1581 5240 censet

102 5245 289 5305 Neritius
328 5253 378 5305 ln
404 5252 649 5306 ’cnnsura
698 5262 932 5304 notarum
975 5245 1210 5307 Garnerii
1259 5245 1576 5307 ine-Marium

104 5315 409 5388 llegeatorem.
445 5320 578 5373 Hinc
604 5333 892 5388 anOnymus
920 5321 1191 5374 Ravennas
1221 5324 1309 5375 lib.
1340 5339 1576 5379 Ill.nttm.

105 5386 139 5442 6.
159 5383 315 5456 Gracia
339 5390 564 5444 collocat
594 5389 643 5440 in
685 5383 941 5458 Numidia.
974 5389 1113 5443 Inter
1139 5393 1408 5458 episcopos
1438 5393 1579 5443 Mau-

107 5458 258 5511 ntaniat
278 5460 534 5515 Sitifensis
561 5472 706 5510 num.
739 5456 803 5508 l5
827 5462 874 5510 in
906 5458 1092 5511 Notitia
1122 5456 1362 5511 Africana
1394 5475 1578 5511 recen-

107 5533 214 5576 tatur
235 5528 541 5582 Constantius
563 5526 853 5591 Gegitanus.
884 5527 983 5581 Sed
1014 5528 1095 5579 hic
1123 5531 1346 5595 aliquem
1374 5532 1577 5581 antisti-

1695 3110 1928 3164 cnlnmes
1956 3106 2326 3160 reddebantur.
2358 3104 2466 3155 lloc
2499 3105 2689 3169 sapius
2725 3118 2786 3156 ac
2829 3105 2991 3158 multo
3038 3105 3227 3159 factum

1689 3210 1769 3253 est
1792 3212 2047 3266 tempore,
2077 3195 2263 3266 [Marc
2300 3194 2384 3265 ut]
2422 3204 2476 3249 et
2524 3196 2663 3247 nulla
2707 3196 2970 3263 plagarum
3010 3195 3226 3261 vestigia

1688 3289 2013 3350 videbantur,
2045 3294 2226 3339 sancto
2250 3283 2449 3352 Spiritu
2476 3284 2695 3339 subinde
2717 3292 2954 3338 curante.
2982 3281 3108 3335 Post
3131 3286 3228 3334 hoc

1692 3389 1717 3426 ε
1746 3385 2012 3432 arctantur
2045 3373 2270 3429 maxime
2295 3372 2423 3427 dura
2445 3373 2702 3451 custodia,
2723 3370 3078 3441 compcdeque
3116 3365 3229 3423 erm

1692 3560 1797 3605 tem
1822 3566 1852 3605 e
1873 3547 2331 3618 proconsularibus
2350 3547 2594 3601 aVictore
2610 3547 2824 3601 indicari
2846 3555 2990 3601 extra
3008 3548 3223 3604 dubium

1690 3629 1791 3674 est.

1755 3687 1784 3725 δ
1813 3687 1899 3741 Sic
1926 3686 2073 3739 Colb.
2104 3685 2139 3737 2
2158 3700 2276 3738 cum
2308 3684 2558 3738 Rhenano
2582 3693 2634 3738 et
2654 3685 2770 3737 aliis
2796 3684 2967 3738 editis.
2987 3688 3053 3738 At
3072 3684 3221 3739 Mart.

1688 3767 1737 3810 et
1767 3757 1914 3809 Colb.
1950 3756 1970 3807 l
2009 3754 2199 3807 habent
2223 3752 2602 3806 Sitinaritanns.
2636 3753 2822 3806 Etlit.‘2
2845 3753 3223 3807 Sitmnritantts.

1688 3826 1890 3876 Nostrae
1934 3823 2176 3875 lectionis
2206 3822 2397 3874 veritas
2425 3835 2487 3872 ex
2532 3821 2719 3873 Notitia
2762 3821 3004 3876 Africana
3033 3824 3226 3874 conm-

1687 3899 1877 3949 matur,
1922 3892 2006 3941 ubi
2041 3895 2174 3941 inter
2194 3891 2469 3955 episcopos
2500 3889 2777 3954 provincia:
2809 3890 3216 3951 proconsularis,

1688 3974 1831 4010 num.
1863 3960 1915 4019 5,
1953 3956 2142 4008 Paulus
2169 3955 2508 4016 Sinnarensis,
2537 3960 2608 4007 uti
2648 3969 2710 4006 ex
2739 3956 2855 4007 cod.
2888 3956 3221 4010 Landttnensi

1687 4028 2026 4087 restituimns,
2041 4024 2286 4077 occurrit.
2309 4024 2594 4075 Videnntas
2613 4024 2662 4075 in
2675 4037 2793 4076 eum
2813 4023 3214 4079 Notitizeloennt.

1760 4104 1781 4133 ο
1813 4094 2103 4155 Loricltitts,
2135 4093 2389 4145 Adessam.
2415 4092 2639 4145 Edessa
2686 4107 2840 4153 porro
2867 4093 2991 4146 urbs
3015 4106 3094 4144 est
3118 4095 3222 4146 lla-

1687 4164 1919 4217 cedmim
1946 4163 1995 4213 itt
2029 4160 2315 4219 Emathia.
2347 4176 2461 4229 qua!
2492 4162 2641 4227 vulgo
2678 4160 2883 4213 Vodena
2909 4162 3220 4228 appellatur.

1691 4232 1747 4285 In
1776 4232 1966 4285 Ntititia
2012 4231 2198 4285 Africae
2239 4231 2375 4282 inter
2408 4231 2691 4297 Episcopos
2724 4233 3104 4296 proconsularis
3135 4248 3220 4285 re-

1689 4312 1934 4355 censetur
1976 4299 2275 4364 Quintianus
2317 4299 2601 4363 Urcitanns,
2642 4302 2726 4363 qui
2769 4300 3005 4353 fortassis
3038 4302 3080 4352 is
3110 4300 3222 4368 ipse

1687 4382 1766 4423 est
1796 4370 2096 4435 Quintianus
2120 4381 2273 4433 quem
2306 4368 2388 4421 hic
2422 4368 2597 4419 Victor
2624 4380 2803 4422 no~ter
2833 4370 3021 4420 laudat.

1754 4437 1781 4474 ἀ
1810 4440 1895 4490 Sic
1922 4435 2070 4489 Colb.
2098 4436 2148 4487 l.
2173 4436 2382 4506 caeteri,
2403 4435 2504 4489 Sed
2527 4438 2674 4489 etiam
2692 4437 2931 4504 nurrlyrt'a
2959 4438 3222 4506 quantplu-

1684 4507 1813 4558 rima
1842 4521 2030 4556 esse....
2063 4520 2124 4555 rx
2149 4504 2324 4571 quibus
2353 4506 2538 4570 aliqua,
2569 4514 2670 4557 etc.

1761 4584 1784 4611 ε
1805 4572 2046 4631 Ortliod.,
2190 4569 2534 4637 .llatnrianus;
2553 4571 2844 4634 Lorit-hius,
2863 4569 3217 4640 auriunns;

1685 4643 1775 4695 sed
1796 4642 2006 4693 inferius
2020 4639 2231 4705 semper
2243 4642 2424 4693 scribit
2439 4639 2771 4692 Maturianus.
2786 4639 2929 4691 Colb.
2950 4642 2970 4693 l
2990 4656 3216 4707 sequen-

1687 4721 1789 4763 tem
1811 4710 2035 4775 appellat
2064 4709 2445 4763 Saturnianum.
2479 4709 2837 4776 Martyrologia
2866 4719 3035 4762 vetera
3076 4711 3216 4762 Adu-

1687 4781 1787 4843 nis,
1824 4778 2061 4841 Usuardi,
2092 4776 2250 4839 Flori,
2270 4789 2373 4830 etc.
2398 4780 2483 4829 die
2507 4781 2569 4830 lli
2593 4779 2832 4831 Uctobris
2861 4777 3046 4831 habent
3076 4779 3217 4829 Mar-

1690 4848 1853 4907 tiqnus
1877 4854 1926 4898 et
1952 4845 2273 4913 Satyrianus.
2310 4846 2380 4898 De
2405 4845 2701 4899 Millenariis
2740 4861 2865 4898 vero
2908 4846 2989 4898 hic
3020 4863 3214 4899 menin-

1688 4926 1813 4967 ratts
1832 4954 1845 4977 ,
1868 4915 1970 4980 iatn
1990 4929 2144 4979 supra
2179 4915 2404 4967 diximus
2428 4930 2489 4969 ex
2520 4915 2771 4981 PrOCOpio
2801 4914 2911 4983 (Ad
2937 4917 3085 4967 imam
3116 4916 3211 4967 col.

1688 4985 1809 5044 l8l,
1838 5000 1889 5035 η.
1924 4985 1997 5044 ⁸).

1924 4992 1948 5017 ι

1758 4986 1781 5088 ἓ
1796 4984 2033 5103 ’Τέὴιιςῖίιε
2072 5050 2195 5102 urbs
2234 5059 2314 5103 est
2351 5063 2470 5102 nuta
2506 5052 2640 5116 apud
2678 5051 2917 5116 antiquos
2951 5060 3211 5115 auctores,

1682 5122 1822 5173 inter
1848 5118 2274 5171 l’roconsularem
2298 5128 2349 5171 et
2372 5119 2682 5180 Numidiam,
2707 5122 2755 5172 in
2788 5122 3037 5172 hodierno
3060 5119 3211 5183 Alge-

1682 5189 1745 5242 rii
1778 5201 1935 5253 regno
1963 5188 2081 5247 sita,
2110 5188 2259 5254 cuius
2286 5187 2560 5253 episcopus
2602 5188 2877 5241 Victoritns
2902 5206 2931 5238 a
2960 5187 3214 5254 Thabraca

1680 5256 1989 5310 sententiain
2033 5253 2345 5307 dixit’num.
2386 5256 2453 5308 25
2495 5257 2544 5308 in
2584 5259 2807 5311 concilio
2845 5253 3083 5319 Cartliag.
3117 5257 3214 5307 sub

1680 5336 1862 5377 sancto
1888 5323 2182 5392 Cypriane;
2214 5334 2267 5377 et
2293 5324 2605 5376 Rusticianus
2632 5325 2887 5378 collationi
2909 5323 3209 5392 Carthagin.

1681 5393 1861 5453 adfuit,
1887 5390 2005 5443 cum
2029 5392 2288 5445 Clarentio
2309 5392 2422 5458 eius
2446 5395 2741 5446 adversario
2768 5408 2830 5443 ex
2858 5402 3002 5455 parte
3025 5390 3211 5444 Donati

1681 5461 1882 5527 Cttgnil.
1922 5461 1967 5521 1,
1995 5474 2109 5526 cap.
2145 5461 2241 5514 1‘35
2265 5471 2315 5514 et
2340 5462 2459 5515 187.

1752 5526 1775 5573 ἑ
1809 5530 1893 5581 Sic
1924 5529 2240 5582 restituimus
2260 5546 2323 5583 ex
2346 5532 2547 5585 duobus
2571 5544 2717 5589 mss.,
2744 5542 2845 5579 uno
2870 5527 3069 5581 scilicet
3092 5526 3209 5579 Gol-
