3814 6228
638 309 735 364 193

1889 276 2189 343 VICTORIS
2231 274 2526 342 Vl'l'ENSlS
3665 296 3740 350 196

633 419 734 473 deli
760 412 1125 475 extenduntur,
1158 409 1340 479 quibus
1361 422 1478 462 eum
1509 407 1597 461 Dei
1623 421 1888 461 servorum
1925 409 2142 461 visitan-
2171 415 2216 470 Α
2245 414 2302 458 ut
2329 406 2576 474 agerjam
2599 404 2870 458 cultus‘et‘
2893 404 3266 473 ingraminatus
3292 417 3502 458 vomere
3526 406 3741 471 prmdira.

635 507 760 559 tium
795 518 894 556 non
942 503 1146 554 deesset
1178 499 1460 564 frcqueul‘a
1496 497 1790 549 videntibus
1832 497 2028 548 eunetis
2070 495 2148 547 in-

633 590 862 655 gentium
913 587 1165 654 lignorum
1208 567 1512 650 putresc‘cns
1556 579 1720 635 soluta
1760 589 1840 634 est
1885 581 2150 634 fortitudo.

633 677 924 730 Miraculum
940 676 993 742 9
1015 675 1110 725 hoc
1138 683 1189 724 et
1216 687 1339 726 voce
1361 673 1588 725 omnium
1606 672 1911 728 celebratur.
1936 679 1988 724 et
2008 671 2157 723 nobis

633 765 718 817 ille
748 764 808 815 ad
839 777 992 832 quem
1036 760 1268 814 custodia
1308 761 1616 828 pertinebat,
1666 774 1783 812 cum
1830 749 2156 812 sacramento
2199 825 2202 828 λ

632 839 848 907 testatus
876 860 955 903 est
982 852 1050 904 ita
1079 849 1257 904 fuisse.

699 941 787 994 XI.
817 942 1112 1008 Martyrium
1155 941 1418 1004 complent.
1440 965 1505 979 —-
1544 941 1609 992 At
1649 939 1734 991 ttbi
1766 937 2026 990 Vandalus
2055 937 2157 987 vir-

632 1040 790 1084 tutem
823 1030 1052 1097 neglexit
1088 1042 1404 1092 cognoscere
1453 1027 1700 1090 divinam,
1742 1024 1898 1092 coepit
1923 1024 1974 1076 in
2003 1025 2156 1086 dqmo

635 1121 750 1186 ejus
780 1104 1085 1171 vindicatrix
1120 1119 1196 1170 ira
1235 1117 1481 1184 grassari.
1523 1115 1733 1166 Moritur
1764 1115 1873 1180 ipse
1915 1113 2067 1166 simul
2106 1120 2159 1165 et

633 1208 759 1271 ﬁlii;
806 1206 1021 1259 familia:
1043 1195 1045 1197 ’
1070 1217 1225 1269 atque
1266 1203 1585 1263 animalium,
1614 1216 1934 1269 quacunque
1963 1202 2154 1267 Optima

635 1283 818 1355 erant,
850 1284 1047 1361 pariter
1092 1294 1372 1346 intereunt.
1421 1289 1713 1342 llemanens
1743 1290 1912 1356 itaque
1950 1288 2155 1341 domina

641 1381 815 1446 vidua,
850 1382 1056 1448 marito,
1085 1381 1204 1434 ﬁliis
1223 1420 1238 1445 ,
1268 1388 1321 1433 et
1346 1378 1627 1432 substantia
1671 1379 1933 1440 destituta,
1979 1392 2157 1431 servos

635 1468 824 1522 Christi
874 1461 1092 1537 cognato
1135 1469 1269 1536 regis
1316 1469 1406 1538 [αἱ.
1434 1465 1667 1535 Sesacni]
1712 1466 1953 1519 Sersanni
1993 1467 2153 1534 gratia

632 1558 861 1611 muneris
907 1558 1075 1628 offert.
1107 1558 1205 1622 Qui
1245 1573 1361 1610 cum
1393 1572 1514 1630 eos,
1567 1565 1745 1623 utpote
1774 1555 2005 1619 oblatos,
2038 1570 2156 1608 cum

630 1647 974 1712 gratulatione
1016 1647 1172 1700 nimia
1217 1649 1565 1714 suscepisset,
1598 1645 1730 1698 ﬁlios
1759 1653 1812 1697 et
1843 1644 2154 1701 domesticos

2253 499 2406 550 tionis
2432 496 2782 563 evangelicum
2828 495 3116 560 susciperet
3142 508 3338 558 semen,
3372 504 3424 548 et
3450 495 3612 548 imbre
3635 499 3742 548 sacri

2253 584 2578 651 baptismatis
2620 583 2892 649 rigaretur.
2951 582 3158 634 Mittunt
3201 581 3400 649 legatos
3447 595 3539 648 per
3588 583 3740 635 itinera

2255 672 2474 725 distenta
2496 671 2721 734 deserti;
2756 669 3045 736 pervenitur
3068 670 3273 723 tandem
3301 669 3364 722 ad
3382 670 3637 724 civitatem
3664 672 3742 724 lio-

2254 745 2489 822 manahi;
2528 769 2737 828 rogatur
2760 762 3034 827 episcopus
3063 769 3119 812 ut
3147 761 3508 828 presbyterum
3536 776 3595 815 ac
3621 762 3742 815 mini-
3794 795 3795 804 ι

2251 859 2388 902 stros
2415 848 2644 901 credenti
2670 850 2856 916 populo
2879 847 3178 901 destinaret.
3195 845 3220 883 ι’
3237 847 3424 913 Expiet
3447 861 3561 901 cum
3589 852 3744 916 gaudio

2253 937 2391 1003 quod
2424 936 2691 1002 petebatur
2723 934 2981 1000 pontifex;
3025 935 3112 988 Dei
3164 936 3484 988 censtruitur
3523 935 3743 996 ecclesia.

2254 1026 2547 1092 baptizatur
2592 1025 2744 1077 simul
2771 1024 3042 1077 multitudo
3083 1025 3306 1076 maxima
3334 1025 3682 1087 barbarorum.
3708 1036 3744 1077 et
3794 1053 3795 1060 ξ

2254 1115 2319 1168 de
2348 1117 2482 1178 lupis
2511 1129 2636 1183 grex
2685 1113 2934 1166 fecundus
2974 1113 3340 1179 multiplicatur
3368 1125 3632 1181 agnorum.
3663 1114 3744 1166 lloc

2255 1204 2523 1258 Geiscrieo
2564 1203 2812 1254 relatione
2842 1216 2931 1253 sua
2959 1204 3220 1253 renuntiat
3242 1201 3459 1268 Capsur.
3497 1201 3571 1254 De
3596 1215 3681 1268 qua
3704 1215 3744 1253 re
3794 1219 3795 1268 ;

2255 1307 2473 1361 surgens
2497 1294 2690 1344 invidia
2710 1293 2854 1360 jubet
2877 1291 3096 1344 famulos
3119 1292 3205 1343 Dei
3235 1292 3403 1358 ligatis
3422 1291 3632 1356 pedibus
3657 1302 3744 1356 post
3794 1349 3795 1352 η

2256 1390 2397 1449 terga
2443 1383 2761 1434 currentium
2811 1381 3204 1449 quadrigarum,
3247 1381 3381 1433 inter
3431 1382 3633 1447 spinosa
3659 1380 3744 1432 loca

2254 1470 2500 1522 silvarum
2531 1472 2721 1537 pariter
2751 1469 2994 1533 interire;
3016 1479 3069 1520 ut
3096 1469 3245 1521 ducta
3269 1477 3422 1535 atque
3448 1470 3650 1521 reducta
3674 1469 3746 1519 du-

2256 1559 2416 1610 mosis
2449 1541 2700 1624 lignorum
2742 1557 2938 1609 aculeis
2969 1557 3319 1609 innocentium
3357 1569 3574 1623 corpora
3601 1570 3746 1621 carpe-
3794 1595 3795 1604 χ

2257 1654 2456 1707 rentur,
2489 1646 2555 1698 ita
2587 1646 2816 1714 deligati,
2844 1656 2893 1698 ut
2917 1645 3110 1698 exitum
3135 1659 3282 1698 suum
3305 1646 3523 1716 invicem
3546 1646 3746 1711 pervide-
3794 1689 3795 1706 ξ

628 1737 742 1804 ejus
768 1744 1062 1790 sanctorum
1089 1736 1279 1789 merito
1299 1735 1432 1788 male
1453 1736 1611 1800 cmpit
1632 1735 1835 1786 daemon
1863 1733 2016 1785 variis
2042 1748 2154 1784 mo-
2183 1731 2226 1787 Β
2253 1747 2388 1788 rem.
2424 1746 2446 1773 ε
2470 1736 2566 1800 Qui
2593 1752 2710 1789 cum
2743 1739 2900 1790 vineti
2917 1778 2932 1802 ,
2961 1736 3289 1790 currentibus
3310 1735 3575 1789 indomitis
3601 1737 3744 1802 equis,
3794 1733 3795 1746 ‘

630 1827 768 1880 tibus
787 1828 1000 1894 agitare.
1027 1826 1106 1878 Ex
1126 1825 1307 1879 ordine
1329 1825 1417 1877 ille
1437 1834 1708 1891 cognatus.
1727 1831 1782 1875 ut
1799 1830 1999 1888 gestum
2021 1832 2152 1885 erat,

630 1917 861 1984 suggerit
888 1916 1015 1982 regi.
1048 1913 1483 1969 Decernitstatim
1508 1929 1600 1965 rex
1624 1910 1823 1963 cuidam
1853 1911 2027 1977 gentili
2047 1905 2152 1976 regi
2179 1909 2181 1911 ’

629 2003 922 2057 Maurorum
952 2003 1035 2055 cui
1067 2017 1253 2055 nomen
1307 2002 1476 2054 inerat
1516 1997 1607 2070 [συ
1639 1998 1883 2067 Capsumj
1931 1997 2148 2064 Capsn’r,

632 2092 922 2161 religandos
945 2092 1135 2145 debere
1165 2090 1461 2146 transmitti.
1503 2089 1772 2141 Maximam
1813 2103 1935 2139 vero
1961 2087 2153 2139 Christi

633 2183 877 2234 famulam
912 2179 1156 2234 confusus
1195 2189 1249 2233 et
1276 2181 1444 2233 vietus
1477 2187 1501 2214 ει
1530 2178 1748 2244 propriae
1778 2177 2025 2230 voluntati
2073 2176 2153 2228 di-

631 2269 799 2333 misit;
819 2284 933 2337 quie
956 2283 1092 2321 nunc
1117 2276 1352 2337 superest
1373 2269 1536 2334 virgo,
1562 2275 1728 2319 mater
1757 2267 2030 2318 multarum
2053 2267 2154 2317 vir-

627 2359 804 2427 ginum
836 2357 946 2426 Dei,
993 2341 1142 2412 nobis
1174 2358 1330 2412 etiam
1370 2371 1694 2425 nequaquam
1741 2355 1932 2419 ignota.
1969 2355 2155 2407 Perre-

631 2449 835 2501 uientes
865 2457 1036 2500 autem
1066 2446 1337 2498 traduntur
1379 2451 1665 2496 memorato
1694 2443 1801 2509 regi
1831 2443 2117 2495 Maurorum
2138 2483 2152 2506 ,

629 2539 974 2589 eommanenti
1004 2536 1053 2585 in
1079 2544 1224 2600 parte
1251 2533 1412 2585 eremi
1442 2547 1556 2607 qua:
1583 2531 1771 2583 dicitur
1791 2531 2151 2597 Capra-Picta.

633 2625 877 2680 Videntes
904 2625 1056 2691 igitur
1091 2623 1283 2675 Christi
1313 2620 1550 2688 discipuli
1579 2621 1738 2674 multa
1779 2622 1913 2686 apud
1938 2621 2154 2687 gentiles

631 2714 808 2768 illicita
850 2711 1222 2767 sacriﬁciorum
1269 2703 1558 2776 sacrilegia,
1599 2716 1873 2775 etnpeiunt
1909 2710 2156 2776 prtedica-

631 2803 773 2856 tione
804 2812 856 2854 et
897 2800 1296 2854 conversatione
1337 2813 1428 2852 sua
1458 2797 1523 2852 ad
1569 2785 1915 2865 cognitionem
1951 2798 2152 2850 Domini

630 2895 723 2948 Dei
753 2894 912 2947 nostri
944 2893 1194 2946 barbaros
1226 2891 1446 2943 invitare
1472 2904 1486 2953 ;
1515 2898 1566 2942 et
1591 2887 1680 2942 tali
1711 2889 1865 2941 modo
1895 2888 2152 2955 ingentem

629 2984 1006 3037 multitudinem
1033 2981 1304 3049 gentilium
1331 2979 1668 3033 barbarorum
1700 2978 1905 3031 Christo
1937 2977 2152 3029 Domino

2256 1823 2612 1892 plangentibus
2637 1826 2848 1888 Mauris,
2871 1839 2987 1878 sese
3027 1836 3204 1878 mutuo
3234 1827 3624 1892 conspicerent,
3655 1827 3746 1877 vale
3794 1849 3795 1874 l

2253 1913 2348 1966 sibi
2377 1912 2426 1965 in
2452 1925 2670 1981 angusto
2691 1914 2822 1982 fugae
2846 1915 3195 1981 unusquisque
3216 1914 3284 1967 ita
3305 1913 3506 1973 dicebat
3535 1929 3549 1965 :
3573 1912 3746 1973 Frater.

2252 2015 2341 2054 ora
2365 2017 2457 2068 pro
2481 2016 2596 2065 me;
2625 2002 2854 2069 implevit
2881 2001 3016 2055 Deus
3044 2001 3355 2055 desiderium
3393 2013 3642 2054 nostrum.
3670 2002 3747 2052 'l‘a-

2254 2087 2372 2141 liter
2399 2089 2694 2155 pervenitur
2719 2091 2783 2141 ad
2815 2103 3028 2157 regnum
3077 2089 3347 2142 etelorunr.
3379 2089 3557 2155 Itaque
3578 2089 3748 2140 orando
3794 2137 3795 2144 η

2252 2185 2407 2243 atque
2447 2177 2752 2243 psallendo,
2797 2176 3139 2243 gaudentibus
3167 2175 3364 2244 angelis
3411 2178 3525 2242 pias
3580 2175 3749 2227 animas
3794 2209 3795 2220 ξ

2252 2266 2494 2318 emisere.
2538 2263 2636 2317 Ubi
2679 2279 2840 2332 usque
2881 2265 2931 2317 in
2964 2264 3270 2318 hodiernum
3299 2264 3439 2316 diem
3461 2278 3563 2316 non
3592 2262 3751 2316 desinit

2253 2353 2482 2421 iugentia
2526 2353 2781 2406 mirabilia
2832 2354 2985 2407 Jesus
3029 2352 3266 2406 Christus
3307 2352 3557 2405 Dominus
3601 2361 3750 2404 DOSlcr

2252 2444 2475 2509 operari.
2499 2443 2626 2496 Nam
2654 2445 2801 2496 nobis
2828 2444 3008 2497 beatus
3032 2445 3290 2511 quondam
3322 2442 3347 2478 ά
3377 2443 3604 2497 Faustus
3624 2444 3750 2495 Baro

2254 2534 2457 2586 nitanus
2479 2536 2753 2600 episcopus
2772 2542 3040 2588 attestatus
3062 2547 3138 2587 es:
3161 2549 3347 2587 ezecam
3370 2534 3644 2602 quamdam
3663 2548 3751 2583 mu-

2251 2622 2429 2676 lierem
2458 2623 2796 2675 illuminatam
2828 2623 3009 2687 fuisse,
3042 2626 3125 2677 ubi
3169 2624 3280 2691 ipse
3305 2622 3484 2676 aderat
3525 2636 3749 2689 praesens.

2322 2711 2431 2764 XII.
2477 2711 2761 2764 Pt-rsecuiio
2791 2713 2845 2775 ﬁt
2868 2711 3047 2768 acrior.
3078 2740 3146 2751 —
3171 2706 3486 2766 Accenditur
3514 2719 3634 2778 post
3662 2709 3750 2762 hac

2252 2799 2506 2853 adversus
2543 2800 2629 2852 Dei
2664 2800 2946 2868 Ecclesiam
2969 2799 3282 2854 Geiserieus.
3312 2800 3463 2852 Mittit
3502 2799 3750 2854 Proculum

2252 2888 2526 2956 quemdam
2555 2888 2606 2940 in
2645 2889 2964 2954 provinciam
2994 2887 3351 2956 Zeugitanam,
3380 2889 3466 2956 qui
3488 2894 3752 2940 coarctaret

2252 2979 2314 3030 ad
2347 2977 2649 3030 tradendum
2687 2977 2969 3030 ministeria
3012 2978 3203 3040 divina,
3231 2978 3313 3029 vel
3339 2978 3498 3030 libros
3522 2988 3749 3030 cunctos.

630 3074 981 3136 lucraverunt,
1008 3073 1092 3125 ubi
1122 3081 1270 3124 antea
1301 3084 1330 3122 a
1358 3071 1502 3122 nullo
1523 3070 1657 3122 fama
1685 3069 1967 3141 Christiani
1988 3068 2152 3120 nomi-
2176 3050 2224 3111 (ἶ
2257 3068 2455 3120 Domini
2495 3059 2808 3129 sacerdotes,
2858 3075 2911 3118 ut
2959 3067 3126 3134 primo
3151 3067 3307 3119 armis
3335 3067 3588 3129 nudaret,
3626 3077 3673 3118 et
3698 3067 3750 3115 ita

629 3162 712 3215 nis
732 3165 895 3214 fuerat
917 3161 1196 3230 divulgata.
1215 3160 1359 3214 Tunc
1377 3160 1564 3214 deinde
1585 3160 1815 3229 cogitant
1835 3158 1957 3228 quid
1981 3160 2149 3224 ﬁeret,

627 3317 848 3379 bertino,
878 3325 930 3369 et
952 3319 1115 3370 altero
1141 3316 1367 3379 Marum,
1399 3315 1584 3381 quibus
1606 3313 1886 3366 conformis
1914 3321 1994 3366 est
2021 3329 2140 3365 ver-

626 3387 704 3435 sio
735 3386 1038 3437 Bellorestii.
1072 3385 1168 3436 Alii
1200 3400 1322 3436 vero
1348 3385 1573 3443 codices,
1606 3385 1750 3446 quasi
1780 3383 1864 3431 uni
1915 3382 2147 3432 Maxima:

625 3453 676 3504 id
705 3455 1005 3504 miraculum
1030 3452 1349 3517 contigisset,
1376 3450 1449 3499 sic
1474 3449 1662 3500 habent
1688 3464 1698 3498 :
1733 3449 1851 3499 Ρολι
1875 3449 1964 3499 hoc
1986 3459 2149 3498 arcta-

627 3528 708 3571 tur
741 3519 958 3570 Maxima
988 3521 1114 3570 dura
1144 3519 1388 3576 custodia,
1420 3517 1712 3581 cuspideque
1752 3517 1937 3566 crudeli
1978 3528 2145 3567 cxten-

626 3590 781 3649 ditur,
808 3588 885 3636 cui
911 3601 1040 3647 cum,
1067 3597 1193 3651 etc,
1222 3600 1310 3651 pro
1342 3583 1563 3649 cuspide.
1597 3584 1762 3650 Aliqui
1796 3583 1986 3634 habent
2024 3600 2147 3634 sent-

626 3671 729 3721 per.
786 3654 942 3706 Porro
982 3661 1152 3721 nostra
1210 3652 1362 3705 lectio
1402 3653 1734 3721 confirmatur
1781 3667 1845 3702 ex
1889 3651 2144 3714 Usuardo,

628 3720 807 3774 Adone
837 3731 888 3773 et
926 3720 1173 3784 Notkero,
1220 3723 1305 3784 qui
1347 3720 1707 3784 compendium
1757 3721 1987 3786 martyrii
2029 3733 2147 3770 san-

626 3801 824 3842 ctorum
863 3790 1092 3841 Maxima:
1131 3799 1181 3842 et
1215 3793 1470 3840 sociorum
1508 3805 1567 3840 ex
1606 3787 1821 3838 Victoris
1854 3788 2147 3840 uiri-alioue

626 3869 838 3911 texuere
861 3859 908 3910 in
937 3859 1039 3908 suis
1063 3858 1462 3925 martyrologiis,
1490 3857 1572 3907 die
1593 3855 1653 3906 i6
1675 3857 1930 3925 Octobris.
1953 3857 2146 3908 Adonis

629 3929 782 3980 \erba
812 3929 920 3979 haec
946 3937 1064 3979 sunt
1106 3943 1118 3978 :
1159 3923 1455 3978 sanctorum
1495 3937 1765 3990 martyrum
1816 3923 2053 3975 Martiani
2099 3937 2144 3976 et

625 3995 881 4063 Satyr-iani
929 4011 1037 4044 cum
1087 3994 1275 4063 duobus
1321 4009 1487 4044 eorum
1544 3995 1794 4058 fratribus,
1849 3998 1893 4043 el
1939 3997 2147 4059 egregia:

624 4061 802 4114 Christi
829 4064 1022 4114 anulla:
1070 4062 1302 4114 Maxima:
1332 4063 1556 4128 virginis.
1607 4063 1794 4124 Qui....
1844 4063 2040 4113 nodosis
2067 4063 2145 4129 fu-

624 4133 772 4180 stibus
793 4132 922 4190 caui,
947 4143 990 4182 et
1012 4147 1160 4195 usque
1186 4134 1248 4182 ad
1275 4147 1382 4179 ossa
1404 4130 1598 4186 laniati,
1623 4145 1728 4178 cum
1755 4129 1906 4180 multo
1932 4141 2147 4193 tempore

624 4201 743 4248 (alia
775 4211 1073 4263 j~aterentur,
1104 4209 1316 4260 sequenti
1348 4199 1426 4246 die
1451 4213 1637 4258 semper
1676 4198 1942 4247 incolumes
1969 4201 2144 4248 redde-

625 4266 819 4315 bantur.
865 4265 986 4314 Post
1030 4266 1177 4313 etiam
1216 4266 1342 4313 dura
1383 4267 1590 4313 carceris
1634 4266 1856 4312 custodia
1900 4265 2142 4326 damnati,

625 4346 737 4381 eum
759 4335 960 4395 fuissent
982 4333 1154 4379 arctati
1179 4332 1226 4379 in
1256 4345 1472 4398 nervum,
1503 4328 1752 4398 miragDci
1776 4332 2145 4398 virtute,ingen-

608 4397 748 4448 'tium
773 4400 1015 4462 lignorum
1047 4408 1324 4461 putresccns
1349 4397 1508 4447 soluta
1533 4408 1601 4446 est
1629 4396 1888 4463 fortitudo,
1914 4412 2014 4448 etc.

697 4477 720 4542 ᾗ
752 4466 836 4518 Sic
874 4468 974 4515 duo
1001 4479 1144 4542 μιῆς..
1179 4465 1456 4542 Colliertiui
1503 4480 1617 4516 cum
1645 4465 1917 4542 _Lor_irbio.
1958 4467 2142 4542 (Σαειρτί

625 4529 1044 4623 habet‘it‘propriq
1069 4535 1330 4611 voluntate.
1382 4529 2142 4623 Nostram.leCIionemHConfir-
2177 4568 2218 4623 Ι)

626 4611 731 4655 tnat
763 4604 892 4661 Ado,
920 4604 1003 4666 qui
1035 4603 1144 4651 loco
1169 4603 1216 4652 in
1249 4613 1366 4653 nota
1399 4603 1648 4666 θυιδαμ)ιὴ
1674 4604 1895 4666 laudato,
1913 4604 2139 4654 Maxima:

625 4670 1013 4736 uiartyriuntex
1047 4670 1248 4721 Victore
1288 4673 1362 4721 sic
1395 4675 1755 4736 prosequitur:
1785 4672 1861 4721 Ad
1891 4671 2021 4736 quod
2050 4672 2139 4721 ini-

625 4737 865 4792 raculum.
889 4735 1106 4787 Maxima
1132 4738 1308 4788 Christi
1334 4739 1541 4801 fanmla,
1563 4735 1662 4788 iure
1682 4735 2135 4801 libertati’dimisxa,

625 4815 776 4856 muter
809 4806 1110 4864 postmodum
1141 4807 1400 4856 multarum
1427 4808 1672 4871 virginum
1705 4805 1792 4855 Dei
1818 4807 2009 4869 effecta,
2035 4819 2135 4858 ets.

693 4873 717 4908 δ
747 4873 832 4923 Sic
876 4876 1027 4923 etiam
1071 4876 1217 4925 habet
1256 4873 1555 4933 Rhenanus,
1593 4875 1685 4923 nisi
1723 4878 1856 4938 quod
1895 4890 1985 4939 pro
2021 4890 2134 4927 con<

624 4940 828 5006 struitur
852 4939 1003 4991 habet
1023 4942 1351 4991 constituitur.
1384 4941 1528 4990 Colb.
1565 4943 1613 5000 1,
1645 4940 1900 5006 Explctnm
1930 4952 2000 4993 est
2027 4958 2137 4994 cum

624 5003 807 5077 (iambo
846 5011 980 5077 quod
1017 5010 1284 5077 petebatur.
1321 5009 1590 5077 Ordinatur
1631 5003 1870 5077 pontifex.
1905 5022 2004 5063 etc.
2052 5013 2137 5063 Sic

626 5075 734 5129 lere
759 5076 1233 5146 habetalterColb.
1250 5076 1364 5146 Sed,
1384 5075 1675 5146 Lorieitius.
1692 5075 1928 5141 Explelnr
1955 5081 2137 5146 gaudio

624 5148 680 5196 ob
710 5147 761 5194 id
797 5143 925 5208 quod
957 5145 1206 5207 petebatur
1230 5144 1452 5210 pontijea:
1501 5143 1607 5194 Dei.
1641 5143 2133 5198 Construitur'eccle-

622 5217 718 5274 sia,
752 5223 851 5264 etc.

695 5293 715 5317 ε
747 5277 1033 5330 (lbifﬁetius
1060 5285 1112 5328 c'.
1140 5277 1221 5327 alii
1248 5287 1351 5327 tres
1373 5277 1516 5336 editi,
1553 5279 1631 5342 qui
1665 5294 1770 5329 cum
1799 5299 1822 5330 e
1847 5281 2000 5332 vicino
2028 5299 2140 5332 cur-

623 5350 835 5397 rentibus
877 5345 1085 5405 Mauris,
1127 5360 1226 5395 sese
1265 5353 1434 5394 mutuo
1470 5347 1816 5404 conspicerent.
1871 5349 2009 5408 Vale,
2035 5361 2136 5403 etc.

623 5416 706 5466 Sic
728 5418 881 5465 etiam
918 5415 1101 5481 legisse
1131 5414 1329 5463 videtur
1357 5413 1490 5481 Ade,
1522 5415 1605 5478 qui
1635 5414 1745 5462 loco
1784 5415 1888 5481 jam
1934 5418 2137 5469 laudato
2157 5455 2173 5461 -

624 5485 698 5530 sic
742 5482 892 5532 habet
935 5498 947 5529 ε
994 5480 1164 5530 Vicina
1197 5480 1504 5531 currentibus
1543 5480 1792 5532 indomitis
1834 5486 1985 5545 equis,
2035 5487 2138 5535 vale

623 5551 742 5607 sibi,
769 5553 893 5608 me,
932 5547 1054 5599 nihil
1083 5549 1261 5601 dicens
1293 5548 1354 5600 de
1383 5547 1671 5599 Maurorum
1701 5550 1925 5614 planctu.
1959 5555 2058 5606 Sed
2086 5563 2137 5605 et

2257 3158 2463 3210 facilius
2492 3158 2717 3211 inermes
2757 3157 2922 3210 hostis
2949 3157 3164 3210 eollidus
3196 3156 3497 3223 eaptivaret.
3535 3165 3558 3192 ε
3581 3156 3752 3221 Quibus

2251 3328 2343 3379 p'o
2373 3313 2714 3380 plangeni'ibus
2742 3311 2951 3372 Mauris,
2983 3311 3138 3375 aliqui
3167 3311 3371 3380 codices
3402 3312 3613 3370 habent.
3632 3313 3752 3373 plan-
3794 3319 3795 3326 ‘

2250 3378 2474 3431 dentibus
2496 3378 2707 3430 Mauris.
2736 3381 2959 3444 Utraque
2986 3380 3134 3430 lectio
3163 3378 3279 3431 ferri
3305 3387 3490 3443 potest.
3508 3380 3634 3431 Nam
3659 3380 3750 3429 bar-
3794 3413 3795 3416 η

2250 3450 2359 3499 bari
2407 3448 2503 3507 illi,
2552 3448 2628 3497 vel
2673 3449 2829 3512 quod,
2862 3457 2915 3498 ut
2944 3462 3094 3512 supra
3124 3447 3313 3499 dictum
3360 3456 3461 3511 est,
3506 3450 3570 3498 ad
3618 3447 3749 3500 fidem
3794 3449 3795 3454 “

2248 3525 2422 3568 essent
2471 3519 2738 3582 conversi,
2785 3516 2863 3566 vel
2917 3515 3135 3567 naturali
3184 3516 3428 3567 omnibus
3477 3517 3754 3568 hominibus

2247 3584 2720 3646 commiseratione,
2763 3595 2814 3634 ttt
2857 3584 2982 3634 alias
3012 3583 3199 3645 ειυιιίυε
3245 3585 3294 3635 in
3334 3594 3624 3652 martyrum
3654 3600 3754 3650 ago-

2249 3653 2399 3702 Ilii-IIS
2449 3652 2649 3707 evenit,
2698 3666 2832 3714 mare
2878 3661 3116 3716 poterant
3153 3652 3335 3708 videre
3386 3654 3626 3705 homines
3669 3665 3752 3703 tam

2246 3721 2405 3772 atroci
2435 3719 2684 3783 supplicio
2709 3719 2945 3777 afflictos,
2974 3722 3194 3770 maxime
3221 3719 3354 3785 quod
3381 3721 3503 3771 illud
3531 3722 3659 3773 adeo
3688 3735 3754 3784 ps~

2248 3791 2434 3840 tienter
2483 3789 2673 3838 ferrent
2719 3799 2995 3852 martyres.
3041 3787 3295 3839 Plaudere
3330 3788 3488 3839 etiam
3539 3798 3756 3852 poterant

2247 3872 2351 3921 prae
2380 3856 2566 3923 gaudio
2594 3870 2695 3919 quo
2734 3856 2866 3907 allici
2895 3856 3128 3906 solebant
3170 3854 3404 3905 homines
3432 3865 3748 3907 cruentornm

2245 3927 2649 3990 spectaculorum
2675 3923 3117 3989 ccrtamimunque
3138 3923 3439 3974 avidissimi.
3459 3923 3623 3974 l’orro
3646 3936 3755 3987 qna-
3794 3965 3795 3980 χ

2246 4003 2361 4045 tuor
2411 3995 2591 4045 borum
2638 3991 2848 4042 fratrum
2894 3993 3044 4042 simul
3087 4001 3139 4042 et
3167 3991 3398 4044 Maxime
3440 3990 3753 4042 festivitatem

2243 4063 2507 4114 celebrant
2536 4062 2736 4123 vulgata
2768 4061 3132 4127 martyrologia
3161 4060 3243 4127 die
3277 4057 3338 4127 i6
3367 4058 3630 4123 Octobris,
3660 4056 3756 4127 qui.

2246 4130 2340 4178 bus
2371 4131 2418 4179 in
2448 4121 2704 4180 nonnullis
2741 4121 3118 4194 martyrologiis
3156 4126 3238 4177 alii
3267 4126 3369 4179 270
3392 4121 3649 4193 martyres
3675 4121 3750 4175 ad-
3794 4121 3795 4176 ξ

2241 4196 2545 4262 junguntur.
2567 4197 2657 4246 Sl‘d
2686 4200 2768 4262 qui
2796 4198 2842 4245 in
2876 4198 2974 4246 alia
2998 4195 3357 4260 persecutione
3379 4197 3514 4259 passi
3545 4196 3752 4262 luerunt.
3794 4195 3795 4262 ξ

2313 4262 2336 4297 ά
2368 4263 2674 4314 Mart.0rth.
2692 4260 2742 4314 et
2761 4262 3352 4322 Loricliins,Faustinus.
3375 4263 3537 4326 Major
3551 4260 3758 4315 estdifﬁ-
3794 4281 3795 4322 ξ

2245 4333 2408 4380 cultas
2444 4333 2506 4380 de
2552 4333 2708 4394 ipsius
2750 4329 2886 4380 sedis
2925 4330 3150 4380 n-unine.
3193 4330 3384 4380 Omnes
3429 4330 3542 4382 fere
3582 4330 3756 4381 habent
3794 4333 3795 4394 ᾖ

2245 4401 2347 4465 70
2373 4398 2719 4448 Buronitanus.
2741 4396 3030 4465 Legeudttm
3063 4398 3190 4465 forte
3213 4395 3571 4448 Buronitanus.
3591 4397 3756 4465 Incol-

2247 4463 2333 4517 iat.
2364 4467 2604 4530 (lariliag.
2629 4481 2740 4528 cap.
2773 4466 2868 4516 193
2891 4464 3070 4527 ηιΠιιὶῑ,
3099 4463 3319 4512 Donatus
3351 4465 3614 4531 epist-Opus
3645 4464 3756 4514 Buc-
3794 4465 3795 4488 ³

2244 4536 2483 4586 coniensis
2504 4548 2563 4585 cx
2588 4542 2728 4595 parte
2750 4532 3148 4583 l'lunatistarum.
3173 4532 3422 4581 liuccwnia
3451 4535 3626 4582 autem
3653 4533 3760 4581 urbs
3794 4565 3795 4582 χ

2244 4613 2355 4654 erat
2381 4601 2630 4653 Numidia:
2655 4616 2813 4666 ;An.ant
2848 4601 2979 4652 inter
3010 4600 3160 4659 lttt;us
3193 4600 3758 4666 provineunppisconos
3794 4597 3795 4622 ³

2246 4683 2544 4724 recensetnr
2569 4670 2619 4721 in
2650 4663 2835 4720 Notitia
2880 4670 3117 4720 Africana
3154 4666 3437 4718 Vitalianus
3473 4663 3757 4720 Bocconiru-

2243 4741 2330 4795 sis.
2377 4742 2674 4804 Anonymus
2724 4738 2994 4789 Havennas
3049 4737 3184 4788 inter
3235 4739 3388 4786 urbes
3432 4735 3795 4800 Mattritaiii;r,i

2243 4823 2394 4873 quam
2424 4807 2727 4859 Gaditanam
2771 4808 3014 4872 appellat,
3046 4807 3134 4856 lib.
3171 4819 3245 4865 nt,
3279 4820 3419 4856 num.
3455 4805 3541 4866 Η,
3579 4814 3756 4856 turrem

2245 4879 2464 4928 liuconis
2491 4885 2761 4927 meruerat.
2804 4879 2881 4925 An
2926 4891 2985 4925 ex
3036 4889 3094 4925 ea
3141 4874 3478 4924 Buconitanus
3502 4873 3671 4924 dictus
3696 4883 3760 4921 cst
3794 4873 3795 4928 Ξ

2239 4947 2512 5010 episcopus
2533 4946 2553 4993 Ἰ
2583 4941 2741 4994 Porfo
2769 4942 2915 4994 Colb.
2940 4940 2993 5003 2,
3040 4940 3310 5010 Loricbius
3353 4946 3405 5010 et
3448 4942 3558 5010 alii
3588 4942 3759 5010 habent

2245 5007 2603 5062 Iinrtinitanns.
2646 5010 2820 5061 Adfuit.
2861 5011 2910 5060 in
2958 5011 3136 5060 collat.
3168 5007 3563 5076 Carthaginensi
3609 5008 3759 5070 rapite
3794 5017 3795 5072 ἦ

2241 5080 2340 5130 155
2367 5079 2588 5129 [)omitus
2613 5081 2743 5142 episc
2766 5095 2869 5140 lpus
2901 5078 3052 5142 plebis
3102 5076 3352 5136 litt-ritum.
3383 5092 3541 5142 quant
3594 5079 3758 5128 urbem

2220 5147 2451 5198 incert-.e
2502 5150 2778 5212 provincne
2823 5146 2979 5197 [οἱπερ
3023 5146 3145 5195 dicit
3185 5144 3423 5195 Morisius
3460 5145 3510 5195 in
3554 5157 3757 5196 censura
3794 5144 3795 5212 ἦ

2243 5214 2499 5268 Garnerii.
2523 5216 2758 5278 quamvis
2779 5229 2889 5265 eam
2917 5213 2978 5263 ad
3011 5212 3428 5278 proctin-ularem
3454 5212 3757 5278 pertinuisse

2243 5277 2556 5345 suspicetur,
2588 5296 2803 5345 eamque
2833 5285 2991 5344 ipsam
3014 5277 3140 5331 esse
3183 5279 3328 5344 cujus
3355 5282 3636 5346 episcopus
3659 5277 3760 5346 Cre-

2245 5351 2456 5400 sciturus
2504 5348 2769 5399 [insit/inus
2810 5350 3115 5411 subscripsit
3152 5348 3410 5413 synodicae
3459 5348 3509 5399 in
3542 5345 3760 5400 7C0tltiiii0

2246 5418 2407 5469 sancti
2440 5417 2637 5468 Martini
2667 5419 2865 5470 actione
2886 5419 2936 5468 ‘2.
2972 5417 3074 5468 Sed
3104 5417 3183 5467 hie
3207 5419 3327 5479 epis.
3349 5428 3506 5481 opum
3548 5417 3758 5480 aliquem

2245 5499 2272 5535 c
2305 5486 2603 5536 Mauritania
2635 5485 2879 5546 iudicare,
2900 5489 2970 5536 uti
3003 5485 3224 5548 videtur,
3258 5483 3433 5534 Victor
3462 5481 3648 5533 voluit.
3731 5486 3740 5493 '

2315 5561 2338 5586 θ
2371 5552 2657 5614 Loriebius,
2687 5553 2805 5613 Quis
2831 5569 2924 5604 non
2958 5565 3111 5605 oosset
3135 5550 3395 5602 condolere
3418 5550 3742 5602 clamantibus

3793 5839 3795 5983 ψ
