3814 6228
629 247 732 300 I99

1898 236 2200 292 VICTORIS
2237 236 2535 293 VITENSIS
3698 245 3767 297 ξπ

629 356 832 413 Poteris
860 371 978 410 eum
1007 354 1229 407 diversis
1272 349 1641 404 afflictionibus
1686 349 1999 404 interficere.
2039 349 2168 402 Nam
2198 353 2245 408 Λ
2276 350 2382 411 ire;
2422 351 2508 417 qui
2543 364 2661 403 cum
2709 350 2887 404 multis
2916 349 3121 404 insidiis
3168 360 3496 419 premeretur
3521 355 3766 407 lilf‘llliitlli-

627 448 673 501 si
694 444 867 516 gladio
895 442 1195 512 peremeris.
1230 440 1478 509 incipient
1521 454 1642 494 enm
1670 447 1696 475 ι
1723 438 1949 493 Romani
1973 448 2173 508 marty-

628 551 739 591 rem
790 533 1092 603 pmdicare.
1137 531 1286 586 Tunc
1329 528 1691 585 Theodericus
1735 530 1787 582 in
1847 526 2172 597 Byzacenam

627 624 947 693 provinciam
996 622 1062 675 ad
1086 620 1361 675 fodiendae
1406 633 1527 673 eum
1575 616 1893 672 condemnat
1932 615 2169 669 scrobes.

633 712 821 766 Postea
842 711 990 779 quasi
1015 709 1076 762 ad
1096 709 1261 777 majus
1287 707 1649 777 opprobrium,
1680 706 1814 759 baud
1837 705 2019 774 procul
2041 703 2172 758 Car-

625 800 857 871 tbagin‘e,
891 801 976 854 ubi
1022 801 1088 854 ab
1113 799 1357 852 omnibus
1402 798 1704 863 videretur,
1743 813 1863 851 eum
1905 807 2168 866 pastorem

627 893 874 957 pra-cepit
920 904 1036 943 esse
1080 904 1375 942 vaccarum.
1424 887 1567 942 inter
1592 887 1725 952 hate,
1754 886 2172 954 dum,,Domino

627 979 915 1046 revelante,
944 976 1273 1030 dormitionis
1299 990 1409 1029 suae
1436 976 1729 1043 proximum
1750 976 2164 1040 cerneretdiem,

623 1066 844 1120 advocat
900 1064 1177 1133 quemdam
1230 1063 1477 1128 Felicem,
1512 1064 1861 1117 venerabilem
1916 1061 2169 1117 Christia-

624 1171 775 1218 num,
824 1166 1218 1223 procuratorem
1267 1154 1458 1207 domus
1485 1153 1575 1206 filii
1604 1154 1763 1221 regis,
1792 1154 1880 1222 qui
1909 1154 2165 1221 Armoga-

621 1255 753 1299 stem
779 1254 837 1298 ut
866 1243 1159 1311 apostolum
1192 1244 1571 1307 venerabatur;
1600 1244 1829 1309 dicitque
1856 1244 1929 1296 illi
1956 1259 1971 1296 :
2008 1246 2164 1297 'lem-

627 1351 722 1401 pus
752 1349 882 1389 metu
910 1334 1246 1389 resolutionis
1275 1334 1507 1387 advenit.
1539 1333 1771 1387 Obsecro
1809 1342 1861 1387 te
1888 1348 1980 1401 per
2008 1334 2163 1387 fidem

623 1438 782 1492 quam
806 1424 1012 1491 utrique
1051 1435 1313 1486 tenemus,
1355 1432 1412 1475 ut
1440 1420 1467 1459 δ
1496 1422 1593 1475 sub
1616 1422 1714 1476 hac
1742 1422 1879 1487 ilice,
1909 1438 1993 1476 me
2015 1436 2167 1490 sepe-

630 1514 727 1566 lire
742 1513 990 1581 digneris,
1015 1511 1315 1565 redditurus
1336 1509 1429 1581 [αι.
1453 1511 1696 1583 Domino]
1720 1512 1826 1565 Deo
1849 1523 2049 1579 nostro,
2066 1512 2164 1566 nisi

624 1601 834 1665 feceris,
864 1603 1139 1655 rationem.
1166 1601 1279 1655 Non
1298 1600 1436 1668 quod
1468 1600 1556 1654 ille
1583 1614 1791 1655 curaret
1813 1602 1898 1653 ubi
1928 1610 2018 1654 aut
2037 1617 2166 1670 qua-

2271 454 2386 490 eam
2409 441 2675 493 amitteret
2704 440 2878 506 fidem,
2905 440 3019 508 ipse
3038 454 3157 494 eum
3179 456 3269 495 rex
3298 450 3477 509 postea
3502 442 3767 497 blandiendo

2270 528 2520 582 affatibus
2571 530 2914 584 smcularibus
2960 531 3238 594 invitabat,
3286 530 3592 597 promittens
3631 535 3767 585 multis

2268 634 2390 671 eum
2422 618 2518 691 [αι.
2549 619 2776 690 deliciis]
2823 620 3022 675 divitiis
3047 622 3442 686 cumulandum,
3486 622 3530 673 si
3562 622 3765 673 voluntati

2268 710 2385 775 ejus
2424 710 2663 763 auditum
2715 709 2921 765 facilem
2962 712 3372 765 commodasset.
3399 711 3496 775 Qui
3524 724 3633 763 eum
3658 713 3765 762 fortis

2269 810 2427 866 atque
2474 799 2701 853 invictus
2743 801 2796 852 in
2843 800 2946 854 fide
2983 808 3236 863 maneret,
3285 801 3429 869 jubet
3475 816 3591 854 eum
3630 803 3765 855 subire

2269 890 2584 943 sententiam
2630 890 2949 958 capitalem;
3003 891 3072 943 ita
3114 901 3289 944 tamen
3344 890 3563 943 callidus
3604 890 3767 942 occulti:

2270 980 2604 1049 praecipiens,
2636 979 2759 1033 utsi
2801 980 2851 1032 in
2899 980 2983 1032 illa
3036 979 3161 1032 hora
3192 979 3445 1032 vibrantia
3469 976 3621 1047 gladii
3642 984 3763 1045 perli-

2268 1077 2530 1122 mesceret
2558 1068 2742 1132 ictum,
2775 1069 2941 1137 magis
2966 1083 3085 1123 eum
3121 1068 3404 1133 occideret,
3438 1083 3507 1122 ne
3529 1081 3765 1135 manyrcm

2265 1157 2555 1226 gloriosum
2586 1157 2831 1221 fecisset;
2875 1158 2918 1211 si
2958 1167 3135 1210 autem
3168 1157 3356 1211 fortem
3391 1159 3445 1210 in
3482 1156 3767 1211 confessiOnc

2266 1249 2622 1314 conspiceret,
2652 1260 2679 1298 a
2707 1246 2880 1318 gladio
2911 1255 3249 1312 temperaret.
3279 1246 3380 1299 Sed
3415 1246 3504 1299 ille
3531 1255 3583 1297 ut
3608 1247 3768 1298 tolum-

2265 1351 2332 1389 na
2362 1335 2643 1389 immobilis
2685 1335 2897 1388 Christo
2940 1334 3200 1388 solidante
3241 1333 3391 1387 fortis
3417 1334 3646 1399 effectus,
3669 1348 3767 1385 con-

2267 1425 2435 1480 fessor
2479 1425 2759 1479 revertitur
2794 1422 3079 1492 gloriosus.
3127 1423 3235 1477 Etsi
3282 1431 3565 1491 martyrem
3604 1421 3768 1473 invidus
3808 1490 3809 1493 η

2266 1517 2434 1570 hostis
2486 1516 2657 1568 noluit
2700 1514 2906 1581 facere,
2956 1514 3315 1569 confessorem
3362 1522 3538 1567 tamen
3576 1518 3769 1565 nostrum

2265 1622 2370 1659 non
2399 1605 2568 1673 potuit
2596 1605 2817 1659 violare.

617 1692 735 1747 liter
769 1707 920 1745 suum
966 1690 1280 1758 sepeliretur
1306 1703 1527 1756 corpus;
1566 1689 1659 1742 sed
1689 1698 1745 1741 ut
1788 1689 1914 1741 illud
1944 1690 2162 1741 demon-
2188 1690 2237 1750 B
2335 1696 2469 1749 va.
2498 1695 2675 1749 saturi
2697 1696 2843 1763 ﬁdes.
2874 1724 2941 1735 —
2972 1694 3219 1748 Nouimus
3244 1701 3299 1749 et
3321 1693 3482 1747 alium
3516 1706 3577 1746 ea
3603 1699 3765 1757 tempe-

618 1790 876 1833 straretur
894 1780 1033 1847 quod
1058 1792 1212 1831 servo
1238 1792 1335 1829 suo
1358 1778 1679 1830 revelaverant
1710 1778 1799 1847 [αι.
1834 1776 1991 1846 Deus]
2012 1776 2165 1829 Chri-

614 1877 748 1922 stus.
795 1868 1084 1935 Respondit
1134 1868 1297 1929 Felix,
1326 1874 1382 1921 et
1413 1866 1577 1920 dixit:
1602 1867 1755 1920 Absit
1779 1882 1808 1919 a
1839 1867 2009 1932 nobis,
2037 1883 2183 1935 con-_

615 1960 783 2013 fessor
800 1958 1149 2021 venerabilis;
1170 1957 1262 2011 sed
1290 1958 1537 2024 sepeliam
1557 1967 1606 2011 te
1627 1958 1677 2010 in
1702 1972 1804 2010 una
1828 1958 2158 2012 basilicarum

618 2062 735 2102 cum
789 2049 1051 2115 triumpho
1091 2058 1143 2101 et
1170 2047 1334 2115 gratia
1360 2062 1515 2115 quam
1566 2047 1808 2100 mereris.
1833 2045 1930 2100 Cui
1975 2047 2159 2100 beatos

616 2140 951 2205 Armogastes
975 2153 988 2188 :
1012 2135 1145 2198 Non,
1169 2134 1260 2188 sed
1286 2139 1382 2205 ιι
1401 2135 1540 2201 quod
1564 2133 1672 2188 dixi
1703 2134 1935 2189 facturus
1959 2149 2037 2189 es.
2069 2136 2161 2190 ille

614 2229 805 2279 timens
833 2225 924 2279 Dei
956 2225 1221 2279 hominem
1248 2226 1581 2289 contristare,
1602 2227 1863 2279 veraciter
1880 2226 2022 2293 quod
2046 2225 2158 2293 jus-

611 2326 749 2373 serat
778 2317 1029 2385 promisit
1070 2330 1131 2370 se
1171 2329 1289 2370 esse
1328 2314 1608 2369 facturum.
1635 2314 1821 2368 Statim
1851 2314 1986 2368 intra
2027 2330 2157 2383 pau-

613 2406 857 2459 cissimos
879 2404 993 2458 dies
1017 2414 1039 2442 ε
1062 2418 1241 2458 comes
1267 2402 1420 2456 bona:
1447 2401 1798 2456 confessionis
1824 2401 1892 2456 de
1929 2402 2027 2456 hac
2050 2404 2153 2457 vita

614 2494 876 2561 migravit.
904 2493 1193 2546 Festinavit
1235 2490 1394 2559 igitur
1419 2489 1564 2543 Felix
1607 2490 1706 2544 sibi
1733 2491 2029 2560 delegatum
2059 2492 2157 2545 sub

612 2585 799 2637 arbore
826 2581 1008 2636 fodere
1035 2582 1357 2650 sepulcrum.
1393 2579 1488 2634 Cui
1517 2595 1635 2634 cum
1663 2580 1853 2634 intexte
1880 2584 2083 2635 radices
2103 2591 2157 2636 et

612 2672 848 2727 soliditas
875 2672 1035 2727 arida:
1068 2671 1273 2727 telluris
1318 2686 1518 2724 moram
1560 2670 1823 2737 facerent,
1871 2680 1925 2725 et
1974 2672 2157 2726 labore

612 2774 893 2831 angeretur
918 2761 1055 2831 quod
1100 2760 1297 2815 tardius
1324 2760 1492 2815 sancti
1528 2761 1761 2814 membra
1792 2760 2032 2828 corporis
2060 2763 2157 2815 hu-

615 2864 907 2919 marentur,
954 2852 1165 2907 tandem
1197 2851 1444 2906 abscissis
1492 2852 1754 2906 radicibus
1792 2854 1960 2906 multo
2000 2854 2156 2908 altius

615 2953 810 2998 terram
838 2957 1051 3008 cavans,
1075 2941 1334 3010 conspicit
1364 2941 1693 3011 sarcofagum
1744 2941 2153 3011 splendidissimi

2264 1798 2400 1842 state
2424 1787 2637 1839 nomine
2660 1784 2905 1840 Saturum
2928 1802 2940 1837 :
2960 1786 3069 1854 qui,
3096 1800 3213 1838 cum
3245 1784 3471 1839 lucidum
3486 1790 3623 1837 esset
3641 1796 3767 1833 mem-

2262 1878 2412 1932 brum
2466 1877 2716 1931 Ecclesia:
2762 1876 2984 1940 Christi,
3036 1885 3086 1929 et
3136 1876 3446 1943 pravitatem
3498 1872 3766 1926 Arianorum

2264 1967 2507 2021 libertate
2534 1966 2790 2019 catholica
2815 1964 3116 2031 lrequenter
3140 1972 3383 2031 argueret
3410 1960 3527 2029 (fuit
3559 1960 3642 2013 hic
3676 1974 3768 2024 pro-

2258 2066 2474 2111 curator
2484 2057 2672 2111 domus
2695 2055 2989 2125 ilunerici),
3012 2054 3342 2113 convenitur,
3358 2062 3635 2104 accusante
3652 2058 3671 2084 ε
3689 2048 3769 2100 Με-

2259 2147 2445 2203 rivado
2473 2146 2698 2213 quodam
2729 2144 2971 2206 diacono,
3014 2157 3172 2210 quem
3216 2142 3512 2195 ilunericus
3554 2137 3769 2191 infaustus

2258 2233 2598 2303 singulariter
2641 2231 2953 2296 honorabat,
3001 2239 3058 2283 ut
3102 2229 3253 2285 fieret
3297 2228 3520 2284 Saturus
3559 2228 3768 2280 Arianus.

2259 2324 2647 2377 Promittontur
2677 2322 2904 2374 honores
2931 2328 2985 2374 et
3021 2319 3221 2372 divitia
3263 2318 3445 2372 multa:
3487 2316 3535 2371 si
3578 2315 3767 2373 faceret.

2259 2420 2618 2481 prmparantur
2665 2409 2918 2478 supplicia
2956 2408 3066 2462 dira
3098 2408 3141 2462 si
3173 2406 3336 2461 nollet
3379 2423 3391 2457 :
3434 2406 3535 2459 hac
3586 2406 3771 2471 optione

2256 2502 2560 2568 proposita,
2601 2507 2661 2552 ut
2707 2499 2753 2551 si
2799 2498 3062 2567 regalibus
3104 2496 3337 2566 jussibus
3379 2510 3489 2548 non
3537 2493 3769 2549 i-bediret.

2257 2591 2430 2658 primo
2478 2590 2609 2642 facta
2641 2588 2991 2651 discussione,
3040 2595 3097 2641 et
3132 2596 3257 2641 ante
3282 2585 3473 2639 amissa
3521 2584 3672 2637 domo
3710 2582 3771 2633 vel

2258 2678 2575 2743 substantia,
2626 2678 2892 2730 distractis
2937 2678 3183 2729 omnibus
3224 2674 3507 2743 mancipiis
3548 2688 3610 2728 ac
3643 2672 3770 2729 iiilis.

2256 2782 2388 2822 uxor
2415 2767 2561 2834 ejus,
2604 2768 2719 2834 ipso
2764 2774 3045 2832 prtcsente,
3089 2765 3375 2818 camelario
3412 2764 3467 2816 in
3505 2762 3769 2830 conjugium

2257 2857 2577 2912 traderetur.
2608 2855 2757 2920 Quod
2797 2856 2883 2909 ille
2911 2856 3096 2923 plenus
3123 2854 3233 2908 Deo
3261 2853 3427 2921 magis
3471 2862 3530 2906 ut
3559 2852 3773 2905 velociter

2255 2949 2575 3020 proveniret,
2629 2947 2819 3014 impios
2866 2945 3201 3014 provocabat.
3257 2943 3337 2999 0h
3375 2958 3536 3013 quam
3583 2956 3765 2995 causam

617 3032 894 3087 marmoris
931 3042 1305 3101 Ρτερθηιυῐην
1328 3031 1533 3100 qualem
1559 3031 1694 3087 Ῐοΐω
1731 3032 1905 3087 "unus
1941 3034 2154 3088 Omnino
2180 3030 2227 3094 C
2257 3056 2396 3094 uxor
2421 3040 2533 3106 ejus
2556 3037 2789 3092 inducias
2811 3036 2918 3089 visa
2941 3043 3023 3089 est
3047 3034 3115 3088 ab
3139 3034 3220 3087 his
3240 3034 3328 3102 qui
3350 3031 3771 3100 exsequebantur.

616 3123 801 3176 habuit
830 3136 1030 3191 regum.

679 3212 793 3267 XV.
843 3212 1158 3265 Archinimus
1202 3216 1476 3281 confessor.
1507 3242 1577 3252 —
1599 3212 1704 3268 Sed
1750 3228 1849 3267 nec
1873 3213 2153 3282 quemdam

611 3304 638 3342 ἀ
669 3304 1029 3360 Archinimum
1076 3304 1309 3367 nomine,
1340 3304 1711 3367 Masculanum,
1740 3304 1907 3358 debeo
1938 3316 2154 3374 praeter-

681 3469 707 3497 ι
746 3459 1099 3538 Romanorum
1110 3498 1122 3538 ι
1140 3455 1355 3537 nomine
1382 3453 1873 3538 catholicosfuisse
1900 3457 2141 3538 designa-

614 3539 718 3591 tos,
741 3523 1203 3582 tumabbtereticis
1224 3526 1368 3592 ipsis,
1400 3532 1457 3575 ut
1481 3525 1532 3575 in
1560 3523 1661 3575 hoc
1690 3525 1827 3587 loco,
1857 3534 1964 3579 tum
1987 3523 2145 3581 eiiam

578 3657 583 3662 _
610 3613 641 3650 a
668 3595 940 3651 catholicis
959 3594 1258 3647 auctoribus
1275 3594 1461 3662 probat
1489 3592 1666 3662 multis
1686 3593 1947 3662 exemplis
1972 3606 2149 3650 noster

611 3666 943 3722 Mabilionius
972 3663 1024 3715 in
1062 3662 1369 3730 praefatione
1397 3660 1461 3712 ad
1486 3660 1767 3727 Liturgiam
1804 3660 2145 3718 Gallicanam.

611 3737 702 3789 llis
730 3733 1048 3801 adjiciendus
1085 3742 1166 3785 est
1194 3730 1523 3801 Theodosius
1554 3730 1745 3801 Jitiiior
1792 3732 2053 3798 Augustus
2096 3736 2145 3786 in

608 3799 829 3871 epistola
858 3802 923 3854 ad
951 3801 1219 3871 Acaciunr
1222 3799 1455 3866 aliosque
1479 3800 1754 3871 episcopos
1778 3805 2132 3871 et-anacliore-

610 3867 710 3939 tas,
732 3888 843 3941 qua:
864 3873 912 3924 in
936 3871 1159 3941 concilio
1187 3868 1449 3941 Epliesino
1476 3867 1718 3941 refertur,
1739 3868 1826 3941 ubi
1846 3882 1938 3922 eos
1958 3870 2150 3923 adhor-

609 3937 829 3995 titnr'ut
864 3956 983 3994 sese
1024 3939 1255 4005 probatos
1288 3937 1525 3990 Romana!
1575 3938 1831 4005 religionis
1870 3942 2149 3993 sacerdotes

610 4011 905 4064 exhibeant.
943 4010 1068 4062 Vide
1117 4007 1392 4060 Baronium
1450 4016 1592 4059 tomo
1632 4022 1660 4057 v
1704 4009 1891 4058 Annal.
1929 4008 1992 4060 ad
2022 4023 2145 4060 ann.

611 4082 713 4134 402
751 4090 802 4131 et
826 4079 949 4131 452.
981 4078 1028 4129 is
1057 4085 1228 4127 autem
1260 4090 1374 4126 mos
1398 4075 1724 4139 potissimum
1756 4076 2000 4134 invaluit.
2030 4091 2147 4129 Clllll

616 4148 813 4200 barbari
845 4146 1051 4197 Arianm
1066 4155 1222 4195 sectae
1243 4144 1431 4192 addicti
1460 4142 1693 4209 [inmani
1711 4144 1914 4209 Imperii
1937 4140 2151 4209 provin-

612 4218 719 4268 cias
745 4216 1097 4266 devastarunt.
1121 4209 1252 4260 Vide
1274 4210 1403 4259 infra
1437 4207 1567 4276 (Col.
1594 4208 1720 4269 255,
1743 4207 1797 4259 η.
1824 4208 1895 4276 δ).

2260 3132 2528 3184 nesciente
2556 3132 2763 3194 marito,
2796 3128 3008 3194 petisse.
3041 3124 3256 3179 Accedit
3304 3122 3370 3176 ad
3419 3123 3661 3176 maritum
3694 3120 3772 3172 alia

2259 3220 2363 3272 Eva
2386 3218 2608 3271 consilio
2636 3217 2934 3285 magistrats
2961 3213 3220 3283 serpentis
3253 3209 3405 3279 (Gen.
3433 3211 3539 3278 In).
3581 3208 3679 3265 Sed
3707 3208 3774 3261 ille

2258 3310 2423 3363 Adam
2455 3324 2559 3362 non
2597 3307 2711 3372 fuit,
2739 3307 2826 3375 qui
2858 3305 3165 3359 illecebrosa
3204 3303 3296 3375 [αι.
3331 3299 3477 3371 vitaz]
3506 3310 3677 3355 vetita:
3710 3311 3774 3350 ar-

2249 3460 2624 3529 autographum
2647 3476 2810 3528 penes
2822 3475 2918 3515 nos
2940 3460 3215 3522 habemus,
3235 3460 3426 3527 legitur
3448 3460 3774 3517 Archimiaus;

2249 3544 2403 3595 quam
2434 3530 2712 3583 lectionem
2734 3530 2983 3583 exhibent
3006 3541 3230 3596 quatuor
3257 3529 3381 3582 item
3406 3530 3511 3582 alia
3536 3538 3775 3596 martyru-

2249 3598 2405 3663 logia,
2444 3612 2472 3649 a
2525 3598 2876 3651 Bollandianis
2924 3598 3009 3649 die
3048 3598 3117 3650 '29
3147 3598 3314 3651 Martii
3352 3598 3587 3649 laudata.
3622 3598 3773 3648 Cotile!

2249 3665 2584 3720 (lnlbertinus
2602 3665 2885 3728 secundus,
2900 3666 3285 3717 Archiminium.
3299 3664 3607 3718 Notkiterus
3627 3673 3773 3715 autem

2251 3735 2301 3787 in
2327 3734 2701 3804 martyrologio
2728 3735 2830 3803 72
2851 3734 3043 3804 quoda
3080 3730 3291 3804 canisio
3316 3741 3461 3804 tonio
3482 3732 3545 3804 ῩΙ
3571 3733 3773 3804 antiqua:

2253 3799 2489 3857 lectionis
2514 3799 2901 3872 vuig'atuntTtst,
2928 3802 3082 3855 habet
3107 3799 3465 3872 Archintimns.
3484 3800 3615 3872 Quae
3639 3801 3771 3872 lectio

2254 3883 2334 3926 est
2351 3873 2507 3925 etiam
2538 3867 2735 3927 codicis
2768 3872 2903 3925 tertii
2945 3868 3260 3925 Culbertinzn
3301 3868 3636 3921 bibliotheca
3659 3909 3673 3929 ,
3703 3867 3775 3919 sed

2253 3942 2487 3994 ciuilium
2518 3942 2842 3995 recentiOris.
2878 3937 3301 4009 Martyrologium
3325 3938 3621 4009 Leodiense
3648 3936 3775 4001 Argi-

2254 4012 2445 4061 nimum
2471 4026 2589 4062 eum
2618 4011 2864 4077 appellat.
2886 4007 3165 4062 Jam'vero
3191 4007 3463 4077 exemplar
3492 4016 3739 4077 vetustum
3756 4017 3777 4051 a

2258 4077 2481 4129 Batonin
2506 4073 2769 4131 laudatum
2800 4077 2955 4129 habet
2982 4077 3347 4128 illasculanum.
3375 4074 3471 4128 Cui
3504 4073 3777 4139 suﬂ'ragan-

2256 4154 2340 4198 tur
2370 4144 2548 4196 ηιθεᾶ
2592 4144 2741 4197 Colb.
2771 4156 2824 4198 et
2849 4146 2974 4197 edit.
3008 4143 3278 4204 Rhenani,
3312 4143 3589 4204 Balduini,
3635 4138 3778 4204 Biguii

2260 4224 2313 4265 et
2341 4210 2525 4265 Colon.
2548 4250 2562 4272 ,
2591 4214 2676 4263 ubi
2714 4213 2898 4278 legitur
2930 4212 3213 4265 Mascufan.
3244 4212 3448 4264 Martio.
3476 4212 3634 4264 habet
3664 4210 3759 4262 llas

681 4257 718 4319 ἶ
746 4257 1188 4333 suasioni;
1206 4257 1285 4328 ‘ét
1315 4257 1788 4338 Leonnatum;
1835 4257 1925 4328 gn
1964 4278 2159 4344 siliqua:
2186 4257 2234 4315 Ι)
2258 4257 3777 4333 £41.75:"Larius(monui?gt‘sta‘x.zn'.;3;;.;.rn.

612 4351 804 4410 arbore,
820 4358 923 4399 etc.

691 4428 713 4455 ε
754 4418 827 4469 Ex
858 4417 954 4469 hac
984 4427 1111 4466 voce
1140 4413 1347 4466 occasio
1375 4422 1579 4481 sumpta
1607 4420 1688 4465 est
1711 4413 2075 4475 Armogastem
2106 4415 2162 4467 in

617 4486 853 4539 Romano
903 4484 1268 4550 Martyrologio
1313 4484 1540 4533 comitem
1589 4482 1908 4549 appellandi,
1959 4484 2043 4535 die
2088 4484 2155 4537 29

618 4555 785 4607 Martii
810 4591 824 4613 ,
865 4554 1009 4620 quasi
1035 4554 1110 4602 vir
1138 4552 1234 4603 iste
1255 4562 1464 4603 sanctus
1491 4552 1751 4606 coinilatus
1776 4551 2026 4619 dignitate
2056 4554 2155 4605 ali-

617 4622 824 4686 quando
837 4623 985 4672 fuerit
1003 4620 1297 4686 insignitus.
1320 4623 1385 4673 At
1412 4620 1557 4687 fallar
1580 4620 1621 4671 si
1654 4634 1811 4672 voces
1837 4621 1957 4684 illm,
1988 4637 2151 4675 comes

616 4694 755 4743 bona:
783 4689 1132 4754 confessionis,
1158 4689 1296 4740 aliud
1320 4690 1401 4739 hic
1436 4688 1639 4751 signent
1662 4702 1813 4754 quam
1839 4691 1889 4739 in
1924 4698 2013 4741 aut
2034 4706 2147 4742 cum

618 4760 743 4811 bona
768 4759 1085 4825 confessioiie.
1114 4756 1263 4809 Unde
1294 4757 1425 4819 Δύο,
1450 4755 1715 4825 Usuardus
1736 4756 1922 4823 aliique
1944 4768 2146 4813 veteres

618 4823 1097 4892 martyrologioruin
1148 4827 1458 4887 scriptores,
1501 4824 1588 4890 qui
1618 4823 1717 4875 hac
1743 4824 1824 4891 ipa
1884 4827 1949 4879 29
1977 4828 2145 4880 Martii

617 4898 701 4968 die
731 4897 919 4968 festum
942 4894 1172 4968 ejusdem
1190 4893 1696 4968 sancticonfcssoris
1720 4892 2043 4968 duorumque
2066 4912 2146 4948 se-

613 4961 879 5031 quentium
903 5004 916 5025 ,
940 4961 1222 5031 Archinimi
1260 4961 1456 5031 scilicet
1486 4970 1539 5011 et
1566 4961 1771 5031 saturi,
1814 4978 1905 5015 seu
1952 4961 2143 5031 Satyri,

615 5029 869 5090 recolunt,
900 5030 1028 5083 nihil
1057 5029 1248 5080 habent
1272 5030 1336 5080 de
1364 5030 1461 5079 hac
1490 5029 1969 5098 comitisdignitate.

682 5100 708 5137 ἀ
748 5098 943 5161 Chim.,
999 5097 1377 5159 Archimimum,
1404 5096 1611 5166 nomine
1645 5096 1944 5166 Messalam,
2000 5100 2145 5166 quasi

617 5184 805 5223 nomen
829 5168 1091 5234 pr0prinm
1117 5166 1266 5231 hujus
1292 5165 1606 5217 confessoris
1639 5164 1863 5217 Mascufa
1882 5210 1897 5231 ,
1930 5164 2028 5233 qui
2051 5168 2144 5219 mi-

618 5254 763 5300 mica:
794 5238 889 5288 arti
940 5235 1209 5300 praefectus
1239 5235 1437 5285 fuisset.
1469 5237 1533 5284 At
1562 5249 1693 5284 unus
1723 5234 1869 5286 Coll).
1914 5236 2144 5289 omnium

617 5308 898 5364 vetustior,
944 5313 995 5356 ct
1031 5303 1180 5353 Hart.
1211 5315 1328 5352 cum
1366 5300 1604 5352 Loricbio
1632 5312 1684 5353 et
1707 5302 1922 5356 Orthod.
1958 5306 2150 5357 habent

620 5375 977 5441 Archinimum,
999 5374 1083 5436 qui
1106 5380 1158 5441 et
1179 5370 1255 5419 sic
1276 5370 1645 5441 appellaturin
1668 5370 1863 5426 Adonis
1892 5384 2149 5441 martyru-

620 5440 756 5504 logio
776 5441 937 5499 edito,
966 5449 1121 5502 atque
1142 5439 1192 5489 in
1225 5438 1389 5489 tribus
1407 5438 1623 5507 vetustis
1648 5438 2045 5507 manuscriptis,
2064 5443 2147 5493 cui

618 5516 773 5558 etiam
804 5516 1059 5558 consentit
1090 5508 1294 5558 Florus.
1329 5507 1475 5571 Apud
1503 5505 1789 5559 Usuardum
1824 5505 1974 5574 vero,
2002 5511 2149 5575 cujus

2261 4349 2392 4399 mine
2419 4390 2433 4411 ,
2487 4348 2857 4406 Masculinum,
2904 4355 2957 4399 et
3004 4346 3191 4399 Belfor.
3230 4347 3382 4398 vertit
3441 4347 3712 4397 Masculin.
3750 4346 3779 4396 ε

2256 4417 2445 4481 quibus
2474 4417 2714 4467 omnibus
2746 4417 2897 4483 liquet
2935 4431 3122 4467 nomen
3157 4416 3306 4480 hujus
3331 4412 3657 4483 confessoris
3676 4429 3774 4477 pro-

2258 4487 2422 4549 priun
2456 4484 2613 4537 fuisse
2644 4482 2985 4536 Archinimmu
3011 4495 3099 4533 aut
3126 4483 3491 4541 Archiminum,
3517 4482 3705 4534 Mascnl
3725 4499 3776 4530 un

2256 4568 2399 4619 vero,
2428 4568 2543 4620 quin
2564 4553 2685 4605 urbs
2705 4554 2797 4605 fuit
2822 4554 3122 4605 inNutnidia
3138 4552 3380 4620 celebris,
3409 4550 3528 4620 ejus
3556 4550 3776 4620 patriam.

2256 4621 2330 4674 De
2359 4616 2461 4685 qua
2493 4623 2619 4675 urbe
2656 4623 2801 4688 plura
2835 4622 2994 4675 habes
3032 4623 3081 4673 in
3112 4625 3246 4673 notis
3274 4619 3337 4671 ad
3378 4619 3661 4688 episcOpos
3688 4616 3779 4688 Nu;

2257 4693 2462 4754 midim,
2507 4691 2593 4755 qui
2628 4685 2676 4743 in
2708 4692 2893 4744 Notitia
2925 4699 3263 4744 recrnsentur
3291 4703 3432 4739 num.
3464 4685 3557 4738 94.
3592 4686 3779 4753 thni-

2252 4760 2370 4813 dem
2393 4775 2457 4812 ex
2484 4762 2725 4814 omnibus
2768 4760 3150 4828 martyrologiis
3178 4776 3203 4807 a
3246 4774 3327 4809 tne
3357 4771 3516 4822 supra
3549 4756 3778 4828 laudatis.

2253 4844 2368 4947 qua:
2414 4828 2551 4881 hunc
2581 4840 2815 4881 sanctum
2850 4826 3002 4880 simul
3043 4826 3159 4879 cum
3194 4831 3501 4891 Armogaste
3524 4835 3581 4878 ct
3608 4826 3780 4879 Saturo

2292 4902 2335 4947 ie
2362 4896 2429 4947 ‘29
2460 4897 2622 4947 Martii
2650 4906 3087 4947 commemorant.
3117 4910 3182 4947 ne
3211 4895 3419 4947 Unicum
3452 4895 3664 4947 quidem
3686 4892 3779 4942 Ma-

2292 4902 2335 4948 ie
2362 4896 2429 4948 ‘29
2460 4897 2622 4947 Martii
2650 4906 3087 4958 commemorant,
3117 4910 3182 4947 ne
3211 4895 3419 4947 Unicum
3452 4895 3664 4959 quidem
3686 4892 3779 4942 Ma-

2252 4968 2407 5016 scula.’
2446 4965 2713 5024 lttetttittit,
2742 4980 2920 5016 omnes
2972 4967 3263 5017 eC0ttlr:trin
3296 4962 3644 5014 Arcltinimstm
3689 4961 3779 5011 Inn-

2254 5034 2406 5095 dant;
2455 5032 2591 5097 quod
2646 5048 2830 5100 nempe
2879 5038 3096 5085 istorum
3128 5031 3397 5085 Fastorum
3454 5030 3780 5100 scriptoribus

2252 5114 2556 5167 persuasum
2590 5098 2781 5162 fuerit,
2811 5103 2905 5153 hac
2936 5116 3062 5153 voce
3087 5100 3369 5163 Masculnn,
3401 5114 3509 5151 non
3531 5098 3780 5152 confesso-

2250 5183 2359 5220 rem
2394 5171 2586 5236 ipsnm,
2614 5170 2704 5221 sed
2733 5171 2845 5236 ejus
2876 5173 3090 5231 pnitiatn
3138 5169 3420 5237 designari.
3450 5167 3587 5220 Hinc
3614 5179 3779 5237 emcn-

2252 5231 2789 5297 dandi'rcccntiores',
2822 5240 2906 5304 qni
2935 5238 3235 5298 Masculum,
3255 5231 3603 5302 'professione
3629 5231 3778 5285 arcin-

2252 5307 2457 5355 mimum
2480 5344 2491 5361 ,
2526 5306 2729 5357 incaute
2759 5307 2807 5357 in
2841 5308 3000 5358 fastos
3032 5322 3207 5359 sacros
3238 5306 3509 5359 invexere.

2324 5383 2345 5409 ο
2388 5374 2535 5425 Mart.
2556 5412 2569 5432 ,
2602 5372 2919 5427 Manrivado.
2953 5376 3174 5427 Ortliod.
3219 5385 3271 5426 et
3303 5371 3584 5423 Loricliius
3608 5408 3625 5430 ,
3656 5366 3779 5418 Μακο

2251 5442 2448 5491 ridano.
2494 5441 2789 5502 Legendum
2821 5444 2952 5497 forte
2986 5444 3277 5495 Varimado.
3305 5440 3441 5493 Vide
3466 5438 3775 5493 Commenta

2253 5511 2385 5562 rium
2411 5509 2712 5563 historicum
2736 5526 2850 5575 cap.
2887 5517 2933 5565 4.
