  <div class='ocr_page' id='page_1' title='image "/cluster/home/n/w/nwhite01/storage/ocr_20150623/58/uva.x000827100/108.png"; bbox 0 0 3814 6228; ppageno 0'>
   <div class='ocr_carea' id='block_1_1' title="bbox 119 330 2303 392">
    <p class='ocr_par' dir='ltr' id='par_1_1' title="bbox 119 330 2303 392">
     <span class='ocr_line' id='line_1_1' title="bbox 119 330 2303 392; baseline -0.005 -1"><span class='ocrx_word' id='word_1_1' title='bbox 119 341 190 392; x_wconf 72' lang='grc' dir='ltr'>Ξυι</span> <span class='ocrx_word' id='word_1_2' title='bbox 996 336 1079 390; x_wconf 81' lang='lat' dir='ltr'><strong>DE</strong></span> <span class='ocrx_word' id='word_1_3' title='bbox 1117 334 1621 390; x_wconf 72' lang='lat' dir='ltr'><strong>PERSECUTlUNE</strong></span> <span class='ocrx_word' id='word_1_4' title='bbox 1665 331 2039 386; x_wconf 76' lang='lat' dir='ltr'><strong>VANDALICA</strong></span> <span class='ocrx_word' id='word_1_5' title='bbox 2080 331 2204 383; x_wconf 70' lang='grc' dir='ltr'><strong>ΗΒ.</strong></span> <span class='ocrx_word' id='word_1_6' title='bbox 2245 330 2303 382; x_wconf 87' lang='lat' dir='ltr'><strong>ll.</strong></span> 
     </span>
    </p>
   </div>
   <div class='ocr_carea' id='block_1_2' title="bbox 3144 330 3249 382">
    <p class='ocr_par' dir='ltr' id='par_1_2' title="bbox 3144 330 3249 382">
     <span class='ocr_line' id='line_1_2' title="bbox 3144 330 3249 382; baseline -0.01 0"><span class='ocrx_word' id='word_1_7' title='bbox 3144 330 3249 382; x_wconf 67' lang='lat'><strong>20?.</strong></span> 
     </span>
    </p>
   </div>
   <div class='ocr_carea' id='block_1_3' title="bbox 118 420 3239 517">
    <p class='ocr_par' dir='ltr' id='par_1_3' title="bbox 118 420 3239 517">
     <span class='ocr_line' id='line_1_3' title="bbox 118 420 3239 517; baseline -0.002 -15"><span class='ocrx_word' id='word_1_8' title='bbox 118 452 229 505; x_wconf 81' lang='lat' dir='ltr'><strong>boris</strong></span> <span class='ocrx_word' id='word_1_9' title='bbox 249 462 394 517; x_wconf 90' lang='lat' dir='ltr'><strong>poma</strong></span> <span class='ocrx_word' id='word_1_10' title='bbox 426 447 755 515; x_wconf 88' lang='lat' dir='ltr'><strong>contingeret</strong></span> <span class='ocrx_word' id='word_1_11' title='bbox 780 464 789 496; x_wconf 93' lang='lat'>:</span> <span class='ocrx_word' id='word_1_12' title='bbox 818 446 934 513; x_wconf 86' lang='lat' dir='ltr'><strong>quia</strong></span> <span class='ocrx_word' id='word_1_13' title='bbox 964 459 1061 497; x_wconf 91' lang='lat' dir='ltr'><strong>non</strong></span> <span class='ocrx_word' id='word_1_14' title='bbox 1105 447 1361 512; x_wconf 80' lang='lat' dir='ltr'><strong>indigens,</strong></span> <span class='ocrx_word' id='word_1_15' title='bbox 1391 446 1483 498; x_wconf 91' lang='lat' dir='ltr'><strong>sed</strong></span> <span class='ocrx_word' id='word_1_16' title='bbox 1516 447 1608 499; x_wconf 84' lang='lat' dir='ltr'><strong>Sa-</strong></span> <span class='ocrx_word' id='word_1_17' title='bbox 1636 447 1685 504; x_wconf 77' lang='grc' dir='ltr'>Α</span> <span class='ocrx_word' id='word_1_18' title='bbox 1711 420 2073 511; x_wconf 54' lang='grc' dir='ltr'><strong>(τεο,ἐρειιτιιε</strong></span> <span class='ocrx_word' id='word_1_19' title='bbox 2097 444 2162 497; x_wconf 81' lang='lat' dir='ltr'><strong>de</strong></span> <span class='ocrx_word' id='word_1_20' title='bbox 2184 441 2477 510; x_wconf 74' lang='lat' dir='ltr'><strong>promisis,</strong></span> <span class='ocrx_word' id='word_1_21' title='bbox 2504 444 2657 496; x_wconf 72' lang='lat' dir='ltr'><strong>verba</strong></span> <span class='ocrx_word' id='word_1_22' title='bbox 2689 444 2909 497; x_wconf 81' lang='lat' dir='ltr'><strong>tenebo:</strong></span> <span class='ocrx_word' id='word_1_23' title='bbox 2936 442 2991 496; x_wconf 87' lang='lat' dir='ltr'><strong>Si</strong></span> <span class='ocrx_word' id='word_1_24' title='bbox 3013 445 3123 510; x_wconf 79' lang='lat' dir='ltr'><strong>quis</strong></span> <span class='ocrx_word' id='word_1_25' title='bbox 3146 463 3239 497; x_wconf 74' lang='lat' dir='ltr'><strong>non</strong></span> 
     </span>
    </p>
   </div>
   <div class='ocr_carea' id='block_1_4' title="bbox 120 533 1613 607">
    <p class='ocr_par' dir='ltr' id='par_1_4' title="bbox 120 533 1613 607">
     <span class='ocr_line' id='line_1_4' title="bbox 120 533 1613 607; baseline -0.001 -19"><span class='ocrx_word' id='word_1_26' title='bbox 120 552 237 590; x_wconf 82' lang='lat' dir='ltr'><strong>turus</strong></span> <span class='ocrx_word' id='word_1_27' title='bbox 260 537 566 599; x_wconf 71' lang='lat' dir='ltr'><strong>vocabatur,</strong></span> <span class='ocrx_word' id='word_1_28' title='bbox 598 537 688 607; x_wconf 89' lang='lat' dir='ltr'><strong>[al.</strong></span> <span class='ocrx_word' id='word_1_29' title='bbox 718 533 951 602; x_wconf 58' lang='lat' dir='ltr'><strong>satiatus]</strong></span> <span class='ocrx_word' id='word_1_30' title='bbox 978 542 1239 587; x_wconf 88' lang='lat' dir='ltr'><strong>saturatus</strong></span> <span class='ocrx_word' id='word_1_31' title='bbox 1284 534 1350 585; x_wconf 91' lang='lat' dir='ltr'><strong>ab</strong></span> <span class='ocrx_word' id='word_1_32' title='bbox 1377 534 1613 586; x_wconf 86' lang='lat' dir='ltr'><strong>ubertate</strong></span> 
     </span>
    </p>
   </div>
   <div class='ocr_carea' id='block_1_5' title="bbox 119 621 1614 687">
    <p class='ocr_par' dir='ltr' id='par_1_5' title="bbox 119 621 1614 687">
     <span class='ocr_line' id='line_1_5' title="bbox 119 621 1614 687; baseline -0.006 -7"><span class='ocrx_word' id='word_1_33' title='bbox 119 628 272 680; x_wconf 82' lang='lat' dir='ltr'><strong>domus</strong></span> <span class='ocrx_word' id='word_1_34' title='bbox 295 624 415 685; x_wconf 87' lang='lat' dir='ltr'><strong>Dei,</strong></span> <span class='ocrx_word' id='word_1_35' title='bbox 449 635 505 677; x_wconf 89' lang='lat' dir='ltr'><strong>et</strong></span> <span class='ocrx_word' id='word_1_36' title='bbox 534 631 758 678; x_wconf 78' lang='lat' dir='ltr'><strong>torrente</strong></span> <span class='ocrx_word' id='word_1_37' title='bbox 780 622 1079 675; x_wconf 82' lang='lat' dir='ltr'><strong>deliciarum</strong></span> <span class='ocrx_word' id='word_1_38' title='bbox 1114 621 1227 687; x_wconf 85' lang='lat' dir='ltr'>ejus</span> <span class='ocrx_word' id='word_1_39' title='bbox 1255 628 1479 687; x_wconf 89' lang='lat' dir='ltr'><strong>potatus.</strong></span> <span class='ocrx_word' id='word_1_40' title='bbox 1512 621 1614 674; x_wconf 85' lang='lat' dir='ltr'><strong>Ad-</strong></span> 
     </span>
    </p>
   </div>
   <div class='ocr_carea' id='block_1_6' title="bbox 120 709 1613 775">
    <p class='ocr_par' dir='ltr' id='par_1_6' title="bbox 120 709 1613 775">
     <span class='ocr_line' id='line_1_6' title="bbox 120 709 1613 775; baseline -0.004 -10"><span class='ocrx_word' id='word_1_41' title='bbox 120 718 236 768; x_wconf 86' lang='lat' dir='ltr'><strong>venit</strong></span> <span class='ocrx_word' id='word_1_42' title='bbox 260 716 444 767; x_wconf 84' lang='lat' dir='ltr'><strong>mulier</strong></span> <span class='ocrx_word' id='word_1_43' title='bbox 466 714 530 767; x_wconf 82' lang='lat' dir='ltr'><strong>ad</strong></span> <span class='ocrx_word' id='word_1_44' title='bbox 558 714 725 767; x_wconf 85' lang='lat' dir='ltr'><strong>locum</strong></span> <span class='ocrx_word' id='word_1_45' title='bbox 751 712 835 764; x_wconf 91' lang='lat' dir='ltr'><strong>ubi</strong></span> <span class='ocrx_word' id='word_1_46' title='bbox 861 712 1077 763; x_wconf 86' lang='lat' dir='ltr'><strong>maritus</strong></span> <span class='ocrx_word' id='word_1_47' title='bbox 1108 709 1386 775; x_wconf 80' lang='lat' dir='ltr'><strong>singularis</strong></span> <span class='ocrx_word' id='word_1_48' title='bbox 1411 709 1613 773; x_wconf 88' lang='lat' dir='ltr'><strong>orabat,</strong></span> 
     </span>
    </p>
   </div>
   <div class='ocr_carea' id='block_1_7' title="bbox 116 797 1617 865">
    <p class='ocr_par' dir='ltr' id='par_1_7' title="bbox 116 797 1617 865">
     <span class='ocr_line' id='line_1_7' title="bbox 116 797 1617 865; baseline -0.006 -12"><span class='ocrx_word' id='word_1_49' title='bbox 116 802 359 853; x_wconf 78' lang='lat' dir='ltr'><strong>conscissis</strong></span> <span class='ocrx_word' id='word_1_50' title='bbox 388 800 640 863; x_wconf 78' lang='lat' dir='ltr'><strong>vestibus,</strong></span> <span class='ocrx_word' id='word_1_51' title='bbox 670 798 915 865; x_wconf 91' lang='lat' dir='ltr'><strong>crineque</strong></span> <span class='ocrx_word' id='word_1_52' title='bbox 942 798 1134 861; x_wconf 87' lang='lat' dir='ltr'><strong>soluto,</strong></span> <span class='ocrx_word' id='word_1_53' title='bbox 1164 811 1339 849; x_wconf 86' lang='lat' dir='ltr'><strong>secum</strong></span> <span class='ocrx_word' id='word_1_54' title='bbox 1366 797 1617 848; x_wconf 77' lang='lat' dir='ltr'><strong>comitan-</strong></span> 
     </span>
    </p>
   </div>
   <div class='ocr_carea' id='block_1_8' title="bbox 118 883 1618 952">
    <p class='ocr_par' dir='ltr' id='par_1_8' title="bbox 118 883 1618 952">
     <span class='ocr_line' id='line_1_8' title="bbox 118 883 1618 952; baseline -0.004 -13"><span class='ocrx_word' id='word_1_55' title='bbox 118 890 227 942; x_wconf 82' lang='lat' dir='ltr'><strong>tibus</strong></span> <span class='ocrx_word' id='word_1_56' title='bbox 252 888 385 951; x_wconf 82' lang='lat' dir='ltr'><strong>filiis,</strong></span> <span class='ocrx_word' id='word_1_57' title='bbox 418 898 444 924; x_wconf 77' lang='grc' dir='ltr'><strong>ι</strong></span> <span class='ocrx_word' id='word_1_58' title='bbox 467 901 722 952; x_wconf 89' lang='lat' dir='ltr'><strong>unamque</strong></span> <span class='ocrx_word' id='word_1_59' title='bbox 765 886 1091 947; x_wconf 87' lang='lat' dir='ltr'><strong>infantulam,</strong></span> <span class='ocrx_word' id='word_1_60' title='bbox 1143 898 1259 951; x_wconf 75' lang='lat' dir='ltr'><strong>qua:</strong></span> <span class='ocrx_word' id='word_1_61' title='bbox 1291 893 1414 937; x_wconf 92' lang='lat' dir='ltr'><strong>tunc</strong></span> <span class='ocrx_word' id='word_1_62' title='bbox 1461 883 1618 934; x_wconf 85' lang='lat' dir='ltr'><strong>lacta-</strong></span> 
     </span>
    </p>
   </div>
   <div class='ocr_carea' id='block_1_9' title="bbox 117 972 1618 1044">
    <p class='ocr_par' dir='ltr' id='par_1_9' title="bbox 117 972 1618 1044">
     <span class='ocr_line' id='line_1_9' title="bbox 117 972 1618 1044; baseline -0.005 -13"><span class='ocrx_word' id='word_1_63' title='bbox 117 980 242 1031; x_wconf 78' lang='lat' dir='ltr'><strong>batur</strong></span> <span class='ocrx_word' id='word_1_64' title='bbox 270 976 508 1031; x_wconf 88' lang='lat' dir='ltr'><strong>manibus</strong></span> <span class='ocrx_word' id='word_1_65' title='bbox 534 987 773 1044; x_wconf 83' lang='lat' dir='ltr'><strong>gestans;</strong></span> <span class='ocrx_word' id='word_1_66' title='bbox 803 990 956 1043; x_wconf 86' lang='lat' dir='ltr'><strong>quam</strong></span> <span class='ocrx_word' id='word_1_67' title='bbox 1012 973 1295 1027; x_wconf 78' lang='lat' dir='ltr'><strong>nescientis</strong></span> <span class='ocrx_word' id='word_1_68' title='bbox 1338 972 1618 1040; x_wconf 84' lang='lat' dir='ltr'><strong>projiciens</strong></span> 
     </span>
    </p>
   </div>
   <div class='ocr_carea' id='block_1_10' title="bbox 118 1061 1620 1134">
    <p class='ocr_par' dir='ltr' id='par_1_10' title="bbox 118 1061 1620 1134">
     <span class='ocr_line' id='line_1_10' title="bbox 118 1061 1620 1134; baseline -0.005 -15"><span class='ocrx_word' id='word_1_69' title='bbox 118 1068 170 1119; x_wconf 86' lang='lat' dir='ltr'><strong>ad</strong></span> <span class='ocrx_word' id='word_1_70' title='bbox 193 1068 338 1134; x_wconf 83' lang='lat' dir='ltr'><strong>pedes</strong></span> <span class='ocrx_word' id='word_1_71' title='bbox 368 1064 563 1129; x_wconf 86' lang='lat' dir='ltr'><strong>mariti,</strong></span> <span class='ocrx_word' id='word_1_72' title='bbox 594 1066 752 1118; x_wconf 89' lang='lat' dir='ltr'><strong>etiam</strong></span> <span class='ocrx_word' id='word_1_73' title='bbox 797 1065 904 1129; x_wconf 87' lang='lat' dir='ltr'><strong>ipsa</strong></span> <span class='ocrx_word' id='word_1_74' title='bbox 932 1064 1040 1115; x_wconf 86' lang='lat' dir='ltr'><strong>suis</strong></span> <span class='ocrx_word' id='word_1_75' title='bbox 1068 1077 1233 1129; x_wconf 87' lang='lat' dir='ltr'><strong>genua</strong></span> <span class='ocrx_word' id='word_1_76' title='bbox 1260 1061 1620 1129; x_wconf 83' lang='lat' dir='ltr'><strong>complectitur</strong></span> 
     </span>
    </p>
   </div>
   <div class='ocr_carea' id='block_1_11' title="bbox 118 1153 1617 1219">
    <p class='ocr_par' dir='ltr' id='par_1_11' title="bbox 118 1153 1617 1219">
     <span class='ocr_line' id='line_1_11' title="bbox 118 1153 1617 1219; baseline -0.005 -8"><span class='ocrx_word' id='word_1_77' title='bbox 118 1160 249 1219; x_wconf 88' lang='lat' dir='ltr'><strong>ulnis,</strong></span> <span class='ocrx_word' id='word_1_78' title='bbox 271 1158 487 1211; x_wconf 85' lang='lat' dir='ltr'><strong>sibilans</strong></span> <span class='ocrx_word' id='word_1_79' title='bbox 511 1156 883 1210; x_wconf 77' lang='lat' dir='ltr'><strong>vociferatione</strong></span> <span class='ocrx_word' id='word_1_80' title='bbox 912 1154 1153 1208; x_wconf 85' lang='lat' dir='ltr'><strong>draconis</strong></span> <span class='ocrx_word' id='word_1_81' title='bbox 1176 1172 1191 1207; x_wconf 90' lang='lat'><strong>:</strong></span> <span class='ocrx_word' id='word_1_82' title='bbox 1230 1154 1475 1208; x_wconf 81' lang='lat' dir='ltr'><strong>Miserere</strong></span> <span class='ocrx_word' id='word_1_83' title='bbox 1496 1153 1617 1214; x_wconf 91' lang='lat' dir='ltr'><strong>mei,</strong></span> 
     </span>
    </p>
   </div>
   <div class='ocr_carea' id='block_1_12' title="bbox 118 1242 1619 1321">
    <p class='ocr_par' dir='ltr' id='par_1_12' title="bbox 118 1242 1619 1321">
     <span class='ocr_line' id='line_1_12' title="bbox 118 1242 1619 1321; baseline -0.004 -23"><span class='ocrx_word' id='word_1_84' title='bbox 118 1247 405 1306; x_wconf 79' lang='lat' dir='ltr'><strong>dulcissime,</strong></span> <span class='ocrx_word' id='word_1_85' title='bbox 438 1246 591 1298; x_wconf 92' lang='lat' dir='ltr'><strong>simul</strong></span> <span class='ocrx_word' id='word_1_86' title='bbox 618 1253 671 1298; x_wconf 89' lang='lat' dir='ltr'><strong>et</strong></span> <span class='ocrx_word' id='word_1_87' title='bbox 700 1245 811 1306; x_wconf 89' lang='lat' dir='ltr'><strong>tui;</strong></span> <span class='ocrx_word' id='word_1_88' title='bbox 850 1243 1100 1321; x_wconf 80' lang='lat' dir='ltr'><strong>miserere</strong></span> <span class='ocrx_word' id='word_1_89' title='bbox 1141 1242 1505 1296; x_wconf 71' lang='lat' dir='ltr'><strong>communibus</strong></span> <span class='ocrx_word' id='word_1_90' title='bbox 1554 1243 1619 1294; x_wconf 86' lang='lat' dir='ltr'><strong>li-</strong></span> 
     </span>
    </p>
   </div>
   <div class='ocr_carea' id='block_1_13' title="bbox 116 1328 1621 1403">
    <p class='ocr_par' dir='ltr' id='par_1_13' title="bbox 116 1328 1621 1403">
     <span class='ocr_line' id='line_1_13' title="bbox 116 1328 1621 1403; baseline -0.007 -12"><span class='ocrx_word' id='word_1_91' title='bbox 116 1336 253 1397; x_wconf 80' lang='lat' dir='ltr'><strong>beris,</strong></span> <span class='ocrx_word' id='word_1_92' title='bbox 281 1350 411 1403; x_wconf 88' lang='lat' dir='ltr'><strong>quos</strong></span> <span class='ocrx_word' id='word_1_93' title='bbox 440 1334 699 1401; x_wconf 78' lang='lat' dir='ltr'><strong>conspicis</strong></span> <span class='ocrx_word' id='word_1_94' title='bbox 725 1333 855 1399; x_wconf 90' lang='lat' dir='ltr'><strong>ipse.</strong></span> <span class='ocrx_word' id='word_1_95' title='bbox 879 1332 992 1386; x_wconf 85' lang='lat' dir='ltr'><strong>Non</strong></span> <span class='ocrx_word' id='word_1_96' title='bbox 1016 1332 1315 1399; x_wconf 82' lang='lat' dir='ltr'><strong>subjaceant</strong></span> <span class='ocrx_word' id='word_1_97' title='bbox 1337 1328 1621 1383; x_wconf 72' lang='lat' dir='ltr'><strong>conditioni</strong></span> 
     </span>
    </p>
   </div>
   <div class='ocr_carea' id='block_1_14' title="bbox 117 1416 1618 1491">
    <p class='ocr_par' dir='ltr' id='par_1_14' title="bbox 117 1416 1618 1491">
     <span class='ocr_line' id='line_1_14' title="bbox 117 1416 1618 1491; baseline -0.006 -14"><span class='ocrx_word' id='word_1_98' title='bbox 117 1423 295 1487; x_wconf 75' lang='lat' dir='ltr'><strong>servili,</strong></span> <span class='ocrx_word' id='word_1_99' title='bbox 323 1437 458 1491; x_wconf 88' lang='lat' dir='ltr'><strong>quos</strong></span> <span class='ocrx_word' id='word_1_100' title='bbox 483 1422 652 1476; x_wconf 87' lang='lat' dir='ltr'><strong>claros</strong></span> <span class='ocrx_word' id='word_1_101' title='bbox 674 1421 915 1487; x_wconf 81' lang='lat' dir='ltr'><strong>prosapia</strong></span> <span class='ocrx_word' id='word_1_102' title='bbox 947 1419 1172 1472; x_wconf 77' lang='lat' dir='ltr'><strong>reddidit</strong></span> <span class='ocrx_word' id='word_1_103' title='bbox 1196 1420 1403 1486; x_wconf 77' lang='lat' dir='ltr'><strong>generis</strong></span> <span class='ocrx_word' id='word_1_104' title='bbox 1433 1416 1618 1468; x_wconf 81' lang='lat' dir='ltr'><strong>nostri.</strong></span> 
     </span>
    </p>
   </div>
   <div class='ocr_carea' id='block_1_15' title="bbox 115 1506 1623 1585">
    <p class='ocr_par' dir='ltr' id='par_1_15' title="bbox 115 1506 1623 1585">
     <span class='ocr_line' id='line_1_15' title="bbox 115 1506 1623 1585; baseline -0.007 -18"><span class='ocrx_word' id='word_1_105' title='bbox 115 1516 208 1568; x_wconf 80' lang='lat' dir='ltr'><strong>Non</strong></span> <span class='ocrx_word' id='word_1_106' title='bbox 248 1514 496 1585; x_wconf 73' lang='lat' dir='ltr'><strong>subjiciar</strong></span> <span class='ocrx_word' id='word_1_107' title='bbox 519 1525 617 1581; x_wconf 88' lang='lat' dir='ltr'><strong>ego</strong></span> <span class='ocrx_word' id='word_1_108' title='bbox 641 1510 856 1579; x_wconf 87' lang='lat' dir='ltr'><strong>indigno</strong></span> <span class='ocrx_word' id='word_1_109' title='bbox 892 1520 942 1562; x_wconf 89' lang='lat' dir='ltr'><strong>et</strong></span> <span class='ocrx_word' id='word_1_110' title='bbox 970 1511 1102 1575; x_wconf 89' lang='lat' dir='ltr'><strong>turpi</strong></span> <span class='ocrx_word' id='word_1_111' title='bbox 1131 1507 1373 1575; x_wconf 85' lang='lat' dir='ltr'><strong>conjugio</strong></span> <span class='ocrx_word' id='word_1_112' title='bbox 1419 1506 1623 1557; x_wconf 82' lang='lat' dir='ltr'><strong>vivente</strong></span> 
     </span>
    </p>
   </div>
   <div class='ocr_carea' id='block_1_16' title="bbox 114 1593 1620 1668">
    <p class='ocr_par' dir='ltr' id='par_1_16' title="bbox 114 1593 1620 1668">
     <span class='ocr_line' id='line_1_16' title="bbox 114 1593 1620 1668; baseline -0.007 -15"><span class='ocrx_word' id='word_1_113' title='bbox 114 1603 311 1663; x_wconf 81' lang='lat' dir='ltr'><strong>marito,</strong></span> <span class='ocrx_word' id='word_1_114' title='bbox 341 1618 460 1668; x_wconf 74' lang='lat' dir='ltr'><strong>qua:</strong></span> <span class='ocrx_word' id='word_1_115' title='bbox 507 1600 632 1654; x_wconf 89' lang='lat' dir='ltr'><strong>mihi</strong></span> <span class='ocrx_word' id='word_1_116' title='bbox 662 1613 867 1665; x_wconf 86' lang='lat' dir='ltr'><strong>semper</strong></span> <span class='ocrx_word' id='word_1_117' title='bbox 898 1600 1031 1649; x_wconf 88' lang='lat' dir='ltr'><strong>inter</strong></span> <span class='ocrx_word' id='word_1_118' title='bbox 1072 1610 1275 1649; x_wconf 68' lang='lat' dir='ltr'><strong>coaevas</strong></span> <span class='ocrx_word' id='word_1_119' title='bbox 1315 1593 1620 1661; x_wconf 91' lang='lat' dir='ltr'><strong>plaudeham</strong></span> 
     </span>
    </p>
   </div>
   <div class='ocr_carea' id='block_1_17' title="bbox 115 1680 1623 1759">
    <p class='ocr_par' dir='ltr' id='par_1_17' title="bbox 115 1680 1623 1759">
     <span class='ocr_line' id='line_1_17' title="bbox 115 1680 1623 1759; baseline -0.007 -17"><span class='ocrx_word' id='word_1_120' title='bbox 115 1691 167 1742; x_wconf 84' lang='lat' dir='ltr'><strong>de</strong></span> <span class='ocrx_word' id='word_1_121' title='bbox 186 1688 367 1743; x_wconf 83' lang='lat' dir='ltr'><strong>Saturo</strong></span> <span class='ocrx_word' id='word_1_122' title='bbox 396 1702 534 1743; x_wconf 90' lang='lat' dir='ltr'><strong>meo.</strong></span> <span class='ocrx_word' id='word_1_123' title='bbox 557 1687 834 1755; x_wconf 76' lang='lat' dir='ltr'><strong>Cognoscit</strong></span> <span class='ocrx_word' id='word_1_124' title='bbox 876 1685 1013 1759; x_wconf 77' lang='lat' dir='ltr'><strong>Deus</strong></span> <span class='ocrx_word' id='word_1_125' title='bbox 1033 1684 1153 1747; x_wconf 86' lang='lat' dir='ltr'><strong>quia</strong></span> <span class='ocrx_word' id='word_1_126' title='bbox 1182 1682 1373 1734; x_wconf 86' lang='lat' dir='ltr'><strong>invitus</strong></span> <span class='ocrx_word' id='word_1_127' title='bbox 1395 1680 1623 1733; x_wconf 87' lang='lat' dir='ltr'><strong>facturus</strong></span> 
     </span>
    </p>
   </div>
   <div class='ocr_carea' id='block_1_18' title="bbox 1716 534 3242 598">
    <p class='ocr_par' dir='ltr' id='par_1_18' title="bbox 1716 534 3242 598">
     <span class='ocr_line' id='line_1_18' title="bbox 1716 534 3242 598; baseline 0 -15"><span class='ocrx_word' id='word_1_128' title='bbox 1716 536 1955 586; x_wconf 83' lang='lat' dir='ltr'><strong>dimiserit</strong></span> <span class='ocrx_word' id='word_1_129' title='bbox 1988 550 2211 593; x_wconf 74' lang='lat' dir='ltr'><strong>uxorem,</strong></span> <span class='ocrx_word' id='word_1_130' title='bbox 2243 534 2394 598; x_wconf 83' lang='lat' dir='ltr'><strong>ﬁlios,</strong></span> <span class='ocrx_word' id='word_1_131' title='bbox 2424 549 2587 598; x_wconf 79' lang='lat' dir='ltr'><strong>agros,</strong></span> <span class='ocrx_word' id='word_1_132' title='bbox 2616 543 2703 584; x_wconf 81' lang='lat' dir='ltr'><strong>aut</strong></span> <span class='ocrx_word' id='word_1_133' title='bbox 2727 534 2947 597; x_wconf 75' lang='lat' dir='ltr'><strong>domum,</strong></span> <span class='ocrx_word' id='word_1_134' title='bbox 2984 550 3119 585; x_wconf 89' lang='lat' dir='ltr'><strong>meus</strong></span> <span class='ocrx_word' id='word_1_135' title='bbox 3152 552 3195 583; x_wconf 54' lang='lat' dir='ltr'><strong>nr</strong></span> <span class='ocrx_word' id='word_1_136' title='bbox 3215 552 3242 583; x_wconf 73' lang='grc' dir='ltr'>τι</span> 
     </span>
    </p>
   </div>
   <div class='ocr_carea' id='block_1_19' title="bbox 1716 618 3243 689">
    <p class='ocr_par' dir='ltr' id='par_1_19' title="bbox 1716 618 3243 689">
     <span class='ocr_line' id='line_1_19' title="bbox 1716 618 3243 689; baseline 0.002 -18"><span class='ocrx_word' id='word_1_137' title='bbox 1716 623 1891 686; x_wconf 84' lang='lat' dir='ltr'><strong>poterit</strong></span> <span class='ocrx_word' id='word_1_138' title='bbox 1921 637 2024 673; x_wconf 85' lang='lat' dir='ltr'><strong>esse</strong></span> <span class='ocrx_word' id='word_1_139' title='bbox 2046 619 2295 687; x_wconf 81' lang='lat' dir='ltr'><strong>dicipnlus</strong></span> <span class='ocrx_word' id='word_1_140' title='bbox 2323 618 2467 688; x_wconf 84' lang='lat' dir='ltr'><strong>(Luc.</strong></span> <span class='ocrx_word' id='word_1_141' title='bbox 2492 636 2599 685; x_wconf 78' lang='lat' dir='ltr'><strong>xw,</strong></span> <span class='ocrx_word' id='word_1_142' title='bbox 2624 619 2737 689; x_wconf 74' lang='lat'><strong>26).</strong></span> <span class='ocrx_word' id='word_1_143' title='bbox 2764 620 2895 683; x_wconf 88' lang='lat' dir='ltr'><strong>Quid</strong></span> <span class='ocrx_word' id='word_1_144' title='bbox 2927 623 3056 673; x_wconf 87' lang='lat' dir='ltr'><strong>ultra</strong></span> <span class='ocrx_word' id='word_1_145' title='bbox 3083 624 3102 671; x_wconf 65' lang='grc' dir='ltr'><strong>τ’</strong></span> <span class='ocrx_word' id='word_1_146' title='bbox 3137 622 3243 674; x_wconf 73' lang='lat' dir='ltr'><strong>Dis-</strong></span> 
     </span>
    </p>
   </div>
   <div class='ocr_carea' id='block_1_20' title="bbox 1715 712 3246 774">
    <p class='ocr_par' dir='ltr' id='par_1_20' title="bbox 1715 712 3246 774">
     <span class='ocr_line' id='line_1_20' title="bbox 1715 712 3246 774; baseline -0.002 -8"><span class='ocrx_word' id='word_1_147' title='bbox 1715 714 1935 767; x_wconf 82' lang='lat' dir='ltr'><strong>cedentc</strong></span> <span class='ocrx_word' id='word_1_148' title='bbox 1972 714 2191 768; x_wconf 86' lang='lat' dir='ltr'><strong>muliere</strong></span> <span class='ocrx_word' id='word_1_149' title='bbox 2228 727 2345 764; x_wconf 90' lang='lat' dir='ltr'><strong>cum</strong></span> <span class='ocrx_word' id='word_1_150' title='bbox 2376 712 2492 764; x_wconf 77' lang='lat' dir='ltr'><strong>(iliis</strong></span> <span class='ocrx_word' id='word_1_151' title='bbox 2522 713 2763 774; x_wconf 88' lang='lat' dir='ltr'><strong>refutata,</strong></span> <span class='ocrx_word' id='word_1_152' title='bbox 2807 712 3129 764; x_wconf 79' lang='lat' dir='ltr'><strong>confortatur</strong></span> <span class='ocrx_word' id='word_1_153' title='bbox 3155 715 3246 764; x_wconf 89' lang='lat' dir='ltr'><strong>Sa-</strong></span> 
     </span>
    </p>
   </div>
   <div class='ocr_carea' id='block_1_21' title="bbox 1718 800 3246 865">
    <p class='ocr_par' dir='ltr' id='par_1_21' title="bbox 1718 800 3246 865">
     <span class='ocr_line' id='line_1_21' title="bbox 1718 800 3246 865; baseline -0.001 -12"><span class='ocrx_word' id='word_1_154' title='bbox 1718 812 1865 854; x_wconf 86' lang='lat' dir='ltr'><strong>turus</strong></span> <span class='ocrx_word' id='word_1_155' title='bbox 1885 803 1949 853; x_wconf 91' lang='lat' dir='ltr'><strong>ad</strong></span> <span class='ocrx_word' id='word_1_156' title='bbox 1980 816 2251 863; x_wconf 80' lang='lat' dir='ltr'><strong>coronam,</strong></span> <span class='ocrx_word' id='word_1_157' title='bbox 2272 800 2564 861; x_wconf 84' lang='lat' dir='ltr'><strong>discutitur,</strong></span> <span class='ocrx_word' id='word_1_158' title='bbox 2588 800 2921 865; x_wconf 80' lang='lat' dir='ltr'><strong>exspoliatur,</strong></span> <span class='ocrx_word' id='word_1_159' title='bbox 2950 801 3113 865; x_wconf 65' lang='lat' dir='ltr'><strong>poenis</strong></span> <span class='ocrx_word' id='word_1_160' title='bbox 3133 814 3246 851; x_wconf 85' lang='lat' dir='ltr'><strong>con-</strong></span> 
     </span>
    </p>
   </div>
   <div class='ocr_carea' id='block_1_22' title="bbox 1720 889 3248 953">
    <p class='ocr_par' dir='ltr' id='par_1_22' title="bbox 1720 889 3248 953">
     <span class='ocr_line' id='line_1_22' title="bbox 1720 889 3248 953; baseline -0.001 -9"><span class='ocrx_word' id='word_1_161' title='bbox 1720 892 1929 952; x_wconf 82' lang='lat' dir='ltr'><strong>teritur,</strong></span> <span class='ocrx_word' id='word_1_162' title='bbox 1945 891 2215 944; x_wconf 81' lang='lat' dir='ltr'><strong>mendicus</strong></span> <span class='ocrx_word' id='word_1_163' title='bbox 2236 890 2532 952; x_wconf 84' lang='lat' dir='ltr'><strong>dimittitur,</strong></span> <span class='ocrx_word' id='word_1_164' title='bbox 2548 889 2871 941; x_wconf 87' lang='lat' dir='ltr'><strong>interdicitur</strong></span> <span class='ocrx_word' id='word_1_165' title='bbox 2889 890 2934 940; x_wconf 91' lang='lat' dir='ltr'><strong>ei</strong></span> <span class='ocrx_word' id='word_1_166' title='bbox 2964 889 3248 953; x_wconf 80' lang='lat' dir='ltr'><strong>prodeundi</strong></span> 
     </span>
    </p>
   </div>
   <div class='ocr_carea' id='block_1_23' title="bbox 1718 969 3249 1047">
    <p class='ocr_par' dir='ltr' id='par_1_23' title="bbox 1718 969 3249 1047">
     <span class='ocr_line' id='line_1_23' title="bbox 1718 969 3249 1047; baseline -0.001 -15"><span class='ocrx_word' id='word_1_167' title='bbox 1718 996 1983 1034; x_wconf 87' lang='lat' dir='ltr'><strong>accessus.</strong></span> <span class='ocrx_word' id='word_1_168' title='bbox 2007 981 2195 1033; x_wconf 85' lang='lat' dir='ltr'><strong>Totum</strong></span> <span class='ocrx_word' id='word_1_169' title='bbox 2218 978 2263 1033; x_wconf 85' lang='lat' dir='ltr'><strong>éi</strong></span> <span class='ocrx_word' id='word_1_170' title='bbox 2289 980 2535 1042; x_wconf 87' lang='lat' dir='ltr'><strong>tulerunt,</strong></span> <span class='ocrx_word' id='word_1_171' title='bbox 2560 980 2747 1031; x_wconf 90' lang='lat' dir='ltr'><strong>stolam</strong></span> <span class='ocrx_word' id='word_1_172' title='bbox 2772 992 2943 1032; x_wconf 91' lang='lat' dir='ltr'><strong>tamen</strong></span> <span class='ocrx_word' id='word_1_173' title='bbox 2974 969 3249 1047; x_wconf 63' lang='lat' dir='ltr'><strong>baptisma-</strong></span> 
     </span>
    </p>
   </div>
   <div class='ocr_carea' id='block_1_24' title="bbox 1682 1070 2555 1136">
    <p class='ocr_par' dir='ltr' id='par_1_24' title="bbox 1682 1070 2555 1136">
     <span class='ocr_line' id='line_1_24' title="bbox 1682 1070 2555 1136; baseline -0.007 -11"><span class='ocrx_word' id='word_1_174' title='bbox 1682 1120 1687 1125; x_wconf 91' lang='lat'><strong>.</strong></span> <span class='ocrx_word' id='word_1_175' title='bbox 1720 1074 1785 1123; x_wconf 87' lang='lat' dir='ltr'><strong>tis</strong></span> <span class='ocrx_word' id='word_1_176' title='bbox 1806 1072 2012 1124; x_wconf 85' lang='lat' dir='ltr'><strong>auferre</strong></span> <span class='ocrx_word' id='word_1_177' title='bbox 2038 1070 2089 1123; x_wconf 87' lang='lat' dir='ltr'><strong>ei</strong></span> <span class='ocrx_word' id='word_1_178' title='bbox 2126 1085 2227 1124; x_wconf 87' lang='lat' dir='ltr'><strong>non</strong></span> <span class='ocrx_word' id='word_1_179' title='bbox 2257 1078 2555 1136; x_wconf 89' lang='lat' dir='ltr'><strong>potuerunt.</strong></span> 
     </span>
    </p>
   </div>
   <div class='ocr_carea' id='block_1_25' title="bbox 1788 1155 3250 1222">
    <p class='ocr_par' dir='ltr' id='par_1_25' title="bbox 1788 1155 3250 1222">
     <span class='ocr_line' id='line_1_25' title="bbox 1788 1155 3250 1222; baseline 0 -12"><span class='ocrx_word' id='word_1_180' title='bbox 1788 1158 1941 1211; x_wconf 77' lang='lat' dir='ltr'><strong>XVII.</strong></span> <span class='ocrx_word' id='word_1_181' title='bbox 1966 1157 2197 1209; x_wconf 85' lang='lat' dir='ltr'><strong>Geiserici</strong></span> <span class='ocrx_word' id='word_1_182' title='bbox 2226 1156 2578 1222; x_wconf 75' lang='lat' dir='ltr'><strong>persecutionis</strong></span> <span class='ocrx_word' id='word_1_183' title='bbox 2605 1156 2876 1207; x_wconf 80' lang='lat' dir='ltr'><strong>conclusio.</strong></span> <span class='ocrx_word' id='word_1_184' title='bbox 2900 1184 2967 1194; x_wconf 92' lang='lat'><strong>—</strong></span> <span class='ocrx_word' id='word_1_185' title='bbox 2989 1155 3111 1207; x_wconf 84' lang='lat' dir='ltr'><strong>Post</strong></span> <span class='ocrx_word' id='word_1_186' title='bbox 3140 1157 3250 1210; x_wconf 70' lang='lat' dir='ltr'><strong>lucc</strong></span> 
     </span>
    </p>
   </div>
   <div class='ocr_carea' id='block_1_26' title="bbox 1725 1244 3248 1319">
    <p class='ocr_par' dir='ltr' id='par_1_26' title="bbox 1725 1244 3248 1319">
     <span class='ocr_line' id='line_1_26' title="bbox 1725 1244 3248 1319; baseline -0.003 -20"><span class='ocrx_word' id='word_1_187' title='bbox 1725 1247 2016 1300; x_wconf 85' lang='lat' dir='ltr'><strong>Geisericus</strong></span> <span class='ocrx_word' id='word_1_188' title='bbox 2058 1246 2333 1299; x_wconf 68' lang='lat' dir='ltr'><strong>ecclesiam</strong></span> <span class='ocrx_word' id='word_1_189' title='bbox 2382 1244 2709 1319; x_wconf 79' lang='lat' dir='ltr'><strong>Carthaginis</strong></span> <span class='ocrx_word' id='word_1_190' title='bbox 2756 1244 2922 1297; x_wconf 85' lang='lat' dir='ltr'><strong>claudi</strong></span> <span class='ocrx_word' id='word_1_191' title='bbox 2972 1250 3248 1310; x_wconf 62' lang='lat' dir='ltr'><strong>pra&#39;cepit,</strong></span> 
     </span>
    </p>
   </div>
   <div class='ocr_carea' id='block_1_27' title="bbox 1722 1331 3251 1402">
    <p class='ocr_par' dir='ltr' id='par_1_27' title="bbox 1722 1331 3251 1402">
     <span class='ocr_line' id='line_1_27' title="bbox 1722 1331 3251 1402; baseline -0.002 -15"><span class='ocrx_word' id='word_1_192' title='bbox 1722 1335 1982 1402; x_wconf 71' lang='lat' dir='ltr'><strong>dissipatis</strong></span> <span class='ocrx_word' id='word_1_193' title='bbox 2009 1345 2163 1397; x_wconf 77' lang='lat' dir='ltr'><strong>atque</strong></span> <span class='ocrx_word' id='word_1_194' title='bbox 2183 1333 2431 1397; x_wconf 84' lang='lat' dir='ltr'><strong>dispersis</strong></span> <span class='ocrx_word' id='word_1_195' title='bbox 2460 1347 2550 1398; x_wconf 91' lang='lat' dir='ltr'><strong>per</strong></span> <span class='ocrx_word' id='word_1_196' title='bbox 2571 1333 2773 1383; x_wconf 82' lang='lat' dir='ltr'><strong>diversa</strong></span> <span class='ocrx_word' id='word_1_197' title='bbox 2797 1331 3099 1384; x_wconf 81' lang='lat' dir='ltr'><strong>exsilioruin</strong></span> <span class='ocrx_word' id='word_1_198' title='bbox 3120 1333 3251 1389; x_wconf 86' lang='lat' dir='ltr'><strong>loca.</strong></span> 
     </span>
    </p>
   </div>
   <div class='ocr_carea' id='block_1_28' title="bbox 1721 1420 3252 1492">
    <p class='ocr_par' dir='ltr' id='par_1_28' title="bbox 1721 1420 3252 1492">
     <span class='ocr_line' id='line_1_28' title="bbox 1721 1420 3252 1492; baseline -0.003 -17"><span class='ocrx_word' id='word_1_199' title='bbox 1721 1426 1839 1492; x_wconf 86' lang='lat' dir='ltr'><strong>quia</strong></span> <span class='ocrx_word' id='word_1_200' title='bbox 1869 1425 2146 1490; x_wconf 88' lang='lat' dir='ltr'><strong>episcopus</strong></span> <span class='ocrx_word' id='word_1_201' title='bbox 2189 1439 2291 1475; x_wconf 88' lang='lat' dir='ltr'><strong>non</strong></span> <span class='ocrx_word' id='word_1_202' title='bbox 2334 1432 2476 1482; x_wconf 84' lang='lat' dir='ltr'><strong>erat,</strong></span> <span class='ocrx_word' id='word_1_203' title='bbox 2519 1420 2839 1488; x_wconf 81' lang='lat' dir='ltr'><strong>presbyteris</strong></span> <span class='ocrx_word' id='word_1_204' title='bbox 2886 1429 2938 1473; x_wconf 90' lang='lat' dir='ltr'><strong>et</strong></span> <span class='ocrx_word' id='word_1_205' title='bbox 2983 1420 3252 1472; x_wconf 86' lang='lat' dir='ltr'><strong>ministris.</strong></span> 
     </span>
    </p>
   </div>
   <div class='ocr_carea' id='block_1_29' title="bbox 1722 1493 3255 1577">
    <p class='ocr_par' dir='ltr' id='par_1_29' title="bbox 1722 1493 3255 1577">
     <span class='ocr_line' id='line_1_29' title="bbox 1722 1493 3255 1577; baseline -0.003 -13"><span class='ocrx_word' id='word_1_206' title='bbox 1722 1514 1849 1577; x_wconf 68' lang='lat' dir='ltr'><strong>Quae</strong></span> <span class='ocrx_word' id='word_1_207' title='bbox 1889 1513 1974 1565; x_wconf 93' lang='lat' dir='ltr'><strong>vix</strong></span> <span class='ocrx_word' id='word_1_208' title='bbox 2023 1493 2251 1565; x_wconf 81' lang='lat' dir='ltr'><strong>reserata</strong></span> <span class='ocrx_word' id='word_1_209' title='bbox 2280 1519 2360 1563; x_wconf 87' lang='lat' dir='ltr'><strong>est</strong></span> <span class='ocrx_word' id='word_1_210' title='bbox 2389 1511 2598 1563; x_wconf 87' lang='lat' dir='ltr'><strong>Zenone</strong></span> <span class='ocrx_word' id='word_1_211' title='bbox 2646 1509 2878 1575; x_wconf 86' lang='lat' dir='ltr'><strong>principe</strong></span> <span class='ocrx_word' id='word_1_212' title='bbox 2934 1509 3255 1575; x_wconf 81' lang='lat' dir='ltr'><strong>supplicante</strong></span> 
     </span>
    </p>
   </div>
   <div class='ocr_carea' id='block_1_30' title="bbox 1726 1597 3257 1665">
    <p class='ocr_par' dir='ltr' id='par_1_30' title="bbox 1726 1597 3257 1665">
     <span class='ocr_line' id='line_1_30' title="bbox 1726 1597 3257 1665; baseline -0.003 -14"><span class='ocrx_word' id='word_1_213' title='bbox 1726 1614 1817 1665; x_wconf 90' lang='lat' dir='ltr'><strong>per</strong></span> <span class='ocrx_word' id='word_1_214' title='bbox 1860 1598 2132 1665; x_wconf 89' lang='lat' dir='ltr'><strong>patricium</strong></span> <span class='ocrx_word' id='word_1_215' title='bbox 2172 1597 2463 1659; x_wconf 84' lang='lat' dir='ltr'><strong>Severum;</strong></span> <span class='ocrx_word' id='word_1_216' title='bbox 2506 1606 2558 1649; x_wconf 91' lang='lat' dir='ltr'><strong>et</strong></span> <span class='ocrx_word' id='word_1_217' title='bbox 2607 1598 2683 1650; x_wconf 90' lang='lat' dir='ltr'><strong>sic</strong></span> <span class='ocrx_word' id='word_1_218' title='bbox 2712 1598 2936 1648; x_wconf 85' lang='lat' dir='ltr'><strong>universi</strong></span> <span class='ocrx_word' id='word_1_219' title='bbox 2982 1600 3048 1647; x_wconf 87' lang='lat' dir='ltr'><strong>ab</strong></span> <span class='ocrx_word' id='word_1_220' title='bbox 3076 1598 3257 1649; x_wconf 87' lang='lat' dir='ltr'><strong>exsilio</strong></span> 
     </span>
    </p>
   </div>
   <div class='ocr_carea' id='block_1_31' title="bbox 1730 1686 3258 1753">
    <p class='ocr_par' dir='ltr' id='par_1_31' title="bbox 1730 1686 3258 1753">
     <span class='ocr_line' id='line_1_31' title="bbox 1730 1686 3258 1753; baseline -0.001 -13"><span class='ocrx_word' id='word_1_221' title='bbox 1730 1687 2016 1741; x_wconf 90' lang='lat' dir='ltr'><strong>redierunt.</strong></span> <span class='ocrx_word' id='word_1_222' title='bbox 2039 1687 2166 1751; x_wconf 76' lang='lat' dir='ltr'><strong>Qua:</strong></span> <span class='ocrx_word' id='word_1_223' title='bbox 2191 1702 2315 1739; x_wconf 88' lang='lat' dir='ltr'><strong>vero</strong></span> <span class='ocrx_word' id='word_1_224' title='bbox 2342 1687 2392 1737; x_wconf 85' lang='lat' dir='ltr'><strong>in</strong></span> <span class='ocrx_word' id='word_1_225' title='bbox 2426 1686 2691 1753; x_wconf 86' lang='lat' dir='ltr'><strong>Ilispania,</strong></span> <span class='ocrx_word' id='word_1_226' title='bbox 2712 1687 2761 1737; x_wconf 91' lang='lat' dir='ltr'><strong>in</strong></span> <span class='ocrx_word' id='word_1_227' title='bbox 2797 1687 2956 1743; x_wconf 81' lang='lat' dir='ltr'><strong>italia.</strong></span> <span class='ocrx_word' id='word_1_228' title='bbox 2987 1687 3258 1744; x_wconf 84' lang='lat' dir='ltr'><strong>Dalmatia.</strong></span> 
     </span>
    </p>
   </div>
   <div class='ocr_carea' id='block_1_32' title="bbox 112 1766 1627 1845">
    <p class='ocr_par' dir='ltr' id='par_1_32' title="bbox 112 1766 1627 1845">
     <span class='ocr_line' id='line_1_32' title="bbox 112 1766 1627 1845; baseline -0.005 -14"><span class='ocrx_word' id='word_1_229' title='bbox 112 1795 162 1831; x_wconf 83' lang='lat' dir='ltr'><strong>es</strong></span> <span class='ocrx_word' id='word_1_230' title='bbox 183 1779 293 1838; x_wconf 81' lang='lat' dir='ltr'><strong>hoc,</strong></span> <span class='ocrx_word' id='word_1_231' title='bbox 324 1778 466 1845; x_wconf 86' lang='lat' dir='ltr'><strong>quod</strong></span> <span class='ocrx_word' id='word_1_232' title='bbox 489 1776 623 1828; x_wconf 91' lang='lat' dir='ltr'><strong>forte</strong></span> <span class='ocrx_word' id='word_1_233' title='bbox 655 1774 947 1845; x_wconf 73' lang='lat' dir='ltr'><strong>volpntarie</strong></span> <span class='ocrx_word' id='word_1_234' title='bbox 974 1772 1223 1838; x_wconf 86' lang='lat' dir='ltr'><strong>aliquanti</strong></span> <span class='ocrx_word' id='word_1_235' title='bbox 1252 1768 1503 1825; x_wconf 80' lang='lat' dir='ltr'><strong>fecerunt.</strong></span> <span class='ocrx_word' id='word_1_236' title='bbox 1534 1766 1627 1822; x_wconf 89' lang='lat' dir='ltr'><strong>Cui</strong></span> 
     </span>
    </p>
   </div>
   <div class='ocr_carea' id='block_1_33' title="bbox 1734 1766 3253 1845">
    <p class='ocr_par' dir='ltr' id='par_1_33' title="bbox 1734 1776 3253 1844">
     <span class='ocr_line' id='line_1_33' title="bbox 1734 1776 3253 1844; baseline 0 -14"><span class='ocrx_word' id='word_1_237' title='bbox 1734 1777 2030 1844; x_wconf 77' lang='lat' dir='ltr'><strong>Campania,</strong></span> <span class='ocrx_word' id='word_1_238' title='bbox 2061 1776 2324 1839; x_wconf 84' lang='lat' dir='ltr'><strong>Calabria,</strong></span> <span class='ocrx_word' id='word_1_239' title='bbox 2353 1776 2558 1843; x_wconf 82' lang='lat' dir='ltr'><strong>Apulia,</strong></span> <span class='ocrx_word' id='word_1_240' title='bbox 2593 1776 2789 1837; x_wconf 85' lang='lat' dir='ltr'><strong>Sicilia,</strong></span> <span class='ocrx_word' id='word_1_241' title='bbox 2834 1777 3095 1841; x_wconf 82' lang='lat' dir='ltr'><strong>Sardinia,</strong></span> <span class='ocrx_word' id='word_1_242' title='bbox 3129 1779 3253 1830; x_wconf 88' lang='lat' dir='ltr'><strong>Bru-</strong></span> 
     </span>
    </p>
   </div>
   <div class='ocr_carea' id='block_1_34' title="bbox 116 1859 1628 1929">
    <p class='ocr_par' dir='ltr' id='par_1_34' title="bbox 116 1859 1628 1929">
     <span class='ocr_line' id='line_1_34' title="bbox 116 1859 1628 1929; baseline -0.007 -10"><span class='ocrx_word' id='word_1_243' title='bbox 116 1871 189 1921; x_wconf 84' lang='lat' dir='ltr'><strong>ille</strong></span> <span class='ocrx_word' id='word_1_244' title='bbox 212 1868 304 1921; x_wconf 84' lang='lat' dir='ltr'><strong>Job</strong></span> <span class='ocrx_word' id='word_1_245' title='bbox 330 1868 497 1919; x_wconf 81' lang='lat' dir='ltr'><strong>sancti</strong></span> <span class='ocrx_word' id='word_1_246' title='bbox 524 1879 655 1917; x_wconf 90' lang='lat' dir='ltr'><strong>voce</strong></span> <span class='ocrx_word' id='word_1_247' title='bbox 699 1863 967 1929; x_wconf 88' lang='lat' dir='ltr'><strong>respondit</strong></span> <span class='ocrx_word' id='word_1_248' title='bbox 993 1878 1006 1912; x_wconf 87' lang='lat'><strong>:</strong></span> <span class='ocrx_word' id='word_1_249' title='bbox 1040 1860 1298 1929; x_wconf 83' lang='lat' dir='ltr'><strong>Tanquam</strong></span> <span class='ocrx_word' id='word_1_250' title='bbox 1342 1875 1440 1910; x_wconf 88' lang='lat' dir='ltr'><strong>una</strong></span> <span class='ocrx_word' id='word_1_251' title='bbox 1464 1874 1524 1910; x_wconf 80' lang='lat' dir='ltr'><strong>ea:</strong></span> <span class='ocrx_word' id='word_1_252' title='bbox 1548 1859 1628 1910; x_wconf 82' lang='lat' dir='ltr'><strong>in-</strong></span> 
     </span>
    </p>
   </div>
   <div class='ocr_carea' id='block_1_35' title="bbox 114 1947 1628 2023">
    <p class='ocr_par' dir='ltr' id='par_1_35' title="bbox 114 1947 1628 2023">
     <span class='ocr_line' id='line_1_35' title="bbox 114 1947 1628 2023; baseline -0.006 -14"><span class='ocrx_word' id='word_1_253' title='bbox 114 1955 382 2023; x_wconf 70' lang='lat' dir='ltr'><strong>sipientibus</strong></span> <span class='ocrx_word' id='word_1_254' title='bbox 408 1953 697 2021; x_wconf 69' lang='lat' dir='ltr'><strong>mulieribus</strong></span> <span class='ocrx_word' id='word_1_255' title='bbox 729 1953 945 2021; x_wconf 86' lang='lat' dir='ltr'><strong>loqueris</strong></span> <span class='ocrx_word' id='word_1_256' title='bbox 982 1950 1103 2017; x_wconf 81' lang='lat' dir='ltr'><strong>(Job</strong></span> <span class='ocrx_word' id='word_1_257' title='bbox 1135 1966 1192 2013; x_wconf 89' lang='grc' dir='ltr'>ιι,</span> <span class='ocrx_word' id='word_1_258' title='bbox 1230 1950 1331 2015; x_wconf 78' lang='grc'><strong>10).</strong></span> <span class='ocrx_word' id='word_1_259' title='bbox 1358 1947 1628 2001; x_wconf 85' lang='lat' dir='ltr'><strong>Formida—</strong></span> 
     </span>
    </p>
   </div>
   <div class='ocr_carea' id='block_1_36' title="bbox 116 2036 1626 2107">
    <p class='ocr_par' dir='ltr' id='par_1_36' title="bbox 116 2036 1626 2107">
     <span class='ocr_line' id='line_1_36' title="bbox 116 2036 1626 2107; baseline -0.006 -12"><span class='ocrx_word' id='word_1_260' title='bbox 116 2059 229 2107; x_wconf 82' lang='lat' dir='ltr'><strong>retn,</strong></span> <span class='ocrx_word' id='word_1_261' title='bbox 249 2044 455 2107; x_wconf 86' lang='lat' dir='ltr'><strong>mulier,</strong></span> <span class='ocrx_word' id='word_1_262' title='bbox 486 2041 532 2095; x_wconf 90' lang='lat' dir='ltr'><strong>si</strong></span> <span class='ocrx_word' id='word_1_263' title='bbox 560 2041 669 2094; x_wconf 88' lang='lat' dir='ltr'><strong>sola</strong></span> <span class='ocrx_word' id='word_1_264' title='bbox 696 2049 833 2094; x_wconf 80' lang='lat' dir='ltr'><strong>esset</strong></span> <span class='ocrx_word' id='word_1_265' title='bbox 861 2040 1012 2105; x_wconf 85' lang='lat' dir='ltr'><strong>hujus</strong></span> <span class='ocrx_word' id='word_1_266' title='bbox 1042 2040 1160 2091; x_wconf 71' lang='lat' dir='ltr'><strong>vita:</strong></span> <span class='ocrx_word' id='word_1_267' title='bbox 1180 2052 1357 2091; x_wconf 90' lang='lat' dir='ltr'><strong>amara</strong></span> <span class='ocrx_word' id='word_1_268' title='bbox 1386 2036 1626 2089; x_wconf 78' lang='lat' dir='ltr'><strong>dulcedo.</strong></span> 
     </span>
    </p>
   </div>
   <div class='ocr_carea' id='block_1_37' title="bbox 116 2116 1627 2197">
    <p class='ocr_par' dir='ltr' id='par_1_37' title="bbox 116 2116 1627 2197">
     <span class='ocr_line' id='line_1_37' title="bbox 116 2116 1627 2197; baseline -0.007 -12"><span class='ocrx_word' id='word_1_269' title='bbox 116 2133 351 2193; x_wconf 77' lang='lat' dir='ltr'><strong>Artificio,</strong></span> <span class='ocrx_word' id='word_1_270' title='bbox 371 2116 589 2197; x_wconf 81' lang='lat' dir='ltr'><strong>conjux,</strong></span> <span class='ocrx_word' id='word_1_271' title='bbox 609 2130 796 2183; x_wconf 88' lang='lat' dir='ltr'><strong>diaboli</strong></span> <span class='ocrx_word' id='word_1_272' title='bbox 823 2129 1105 2180; x_wconf 90' lang='lat' dir='ltr'><strong>ministras.</strong></span> <span class='ocrx_word' id='word_1_273' title='bbox 1132 2126 1184 2180; x_wconf 90' lang='lat' dir='ltr'><strong>Si</strong></span> <span class='ocrx_word' id='word_1_274' title='bbox 1202 2126 1442 2193; x_wconf 86' lang='lat' dir='ltr'><strong>diligeres</strong></span> <span class='ocrx_word' id='word_1_275' title='bbox 1467 2125 1627 2177; x_wconf 86' lang='lat' dir='ltr'><strong>mari-</strong></span> 
     </span>
    </p>
   </div>
   <div class='ocr_carea' id='block_1_38' title="bbox 116 2216 1630 2288">
    <p class='ocr_par' dir='ltr' id='par_1_38' title="bbox 116 2216 1630 2288">
     <span class='ocr_line' id='line_1_38' title="bbox 116 2216 1630 2288; baseline -0.002 -19"><span class='ocrx_word' id='word_1_276' title='bbox 116 2232 227 2283; x_wconf 89' lang='lat' dir='ltr'><strong>tum,</strong></span> <span class='ocrx_word' id='word_1_277' title='bbox 258 2234 523 2288; x_wconf 86' lang='lat' dir='ltr'><strong>nunquam</strong></span> <span class='ocrx_word' id='word_1_278' title='bbox 543 2220 608 2271; x_wconf 82' lang='lat' dir='ltr'><strong>ad</strong></span> <span class='ocrx_word' id='word_1_279' title='bbox 632 2219 911 2272; x_wconf 87' lang='lat' dir='ltr'><strong>secundam</strong></span> <span class='ocrx_word' id='word_1_280' title='bbox 946 2226 1167 2270; x_wconf 89' lang='lat' dir='ltr'><strong>mortem</strong></span> <span class='ocrx_word' id='word_1_281' title='bbox 1194 2216 1482 2269; x_wconf 85' lang='lat' dir='ltr'><strong>attraheres</strong></span> <span class='ocrx_word' id='word_1_282' title='bbox 1510 2229 1630 2281; x_wconf 82' lang='lat' dir='ltr'><strong>pro-</strong></span> 
     </span>
    </p>
   </div>
   <div class='ocr_carea' id='block_1_39' title="bbox 116 2296 1632 2379">
    <p class='ocr_par' dir='ltr' id='par_1_39' title="bbox 116 2296 1632 2379">
     <span class='ocr_line' id='line_1_39' title="bbox 116 2296 1632 2379; baseline -0.003 -16"><span class='ocrx_word' id='word_1_283' title='bbox 116 2312 259 2377; x_wconf 86' lang='lat' dir='ltr'><strong>prium</strong></span> <span class='ocrx_word' id='word_1_284' title='bbox 290 2313 480 2363; x_wconf 90' lang='lat' dir='ltr'><strong>virum.</strong></span> <span class='ocrx_word' id='word_1_285' title='bbox 510 2308 606 2379; x_wconf 77' lang='grc' dir='ltr'><strong>[αἱ.</strong></span> <span class='ocrx_word' id='word_1_286' title='bbox 641 2307 944 2375; x_wconf 84' lang='lat' dir='ltr'><strong>Detrahant]</strong></span> <span class='ocrx_word' id='word_1_287' title='bbox 971 2307 1269 2367; x_wconf 81' lang='lat' dir='ltr'><strong>Distrahant</strong></span> <span class='ocrx_word' id='word_1_288' title='bbox 1298 2296 1451 2370; x_wconf 78' lang='lat' dir='ltr'><strong>filius,</strong></span> <span class='ocrx_word' id='word_1_289' title='bbox 1479 2320 1632 2373; x_wconf 85' lang='lat' dir='ltr'><strong>sepa-</strong></span> 
     </span>
    </p>
   </div>
   <div class='ocr_carea' id='block_1_40' title="bbox 116 2395 1634 2469">
    <p class='ocr_par' dir='ltr' id='par_1_40' title="bbox 116 2395 1634 2469">
     <span class='ocr_line' id='line_1_40' title="bbox 116 2395 1634 2469; baseline -0.003 -17"><span class='ocrx_word' id='word_1_290' title='bbox 116 2408 215 2453; x_wconf 79' lang='lat' dir='ltr'><strong>rent</strong></span> <span class='ocrx_word' id='word_1_291' title='bbox 237 2401 331 2469; x_wconf 67' lang='lat'><strong>12</strong></span> <span class='ocrx_word' id='word_1_292' title='bbox 362 2412 606 2462; x_wconf 85' lang='lat' dir='ltr'><strong>uxorem,</strong></span> <span class='ocrx_word' id='word_1_293' title='bbox 632 2396 870 2450; x_wconf 78' lang='lat' dir='ltr'><strong>auferant</strong></span> <span class='ocrx_word' id='word_1_294' title='bbox 889 2396 1270 2459; x_wconf 86' lang='lat' dir='ltr'><strong>substantiam;</strong></span> <span class='ocrx_word' id='word_1_295' title='bbox 1303 2396 1404 2450; x_wconf 88' lang='lat' dir='ltr'><strong>mei</strong></span> <span class='ocrx_word' id='word_1_296' title='bbox 1429 2395 1634 2449; x_wconf 88' lang='lat' dir='ltr'><strong>Domini</strong></span> 
     </span>
    </p>
   </div>
   <div class='ocr_carea' id='block_1_41' title="bbox 171 2557 1635 2623">
    <p class='ocr_par' dir='ltr' id='par_1_41' title="bbox 171 2557 1635 2623">
     <span class='ocr_line' id='line_1_41' title="bbox 171 2557 1635 2623; baseline -0.001 -12"><span class='ocrx_word' id='word_1_297' title='bbox 171 2564 192 2591; x_wconf 76' lang='grc' dir='ltr'><strong>ι</strong></span> <span class='ocrx_word' id='word_1_298' title='bbox 224 2558 372 2611; x_wconf 77' lang='lat' dir='ltr'><strong>Mart.</strong></span> <span class='ocrx_word' id='word_1_299' title='bbox 392 2598 407 2619; x_wconf 89' lang='lat'><strong>,</strong></span> <span class='ocrx_word' id='word_1_300' title='bbox 440 2558 695 2623; x_wconf 76' lang='lat' dir='ltr'><strong>unumque</strong></span> <span class='ocrx_word' id='word_1_301' title='bbox 734 2558 1010 2619; x_wconf 84' lang='lat' dir='ltr'><strong>parvulum,</strong></span> <span class='ocrx_word' id='word_1_302' title='bbox 1056 2557 1140 2622; x_wconf 83' lang='lat' dir='ltr'><strong>qui</strong></span> <span class='ocrx_word' id='word_1_303' title='bbox 1160 2596 1175 2620; x_wconf 90' lang='lat'><strong>,</strong></span> <span class='ocrx_word' id='word_1_304' title='bbox 1203 2566 1329 2621; x_wconf 88' lang='lat' dir='ltr'><strong>etc.,</strong></span> <span class='ocrx_word' id='word_1_305' title='bbox 1360 2558 1409 2609; x_wconf 92' lang='lat' dir='ltr'><strong>in</strong></span> <span class='ocrx_word' id='word_1_306' title='bbox 1441 2571 1635 2623; x_wconf 87' lang='lat' dir='ltr'><strong>genere</strong></span> 
     </span>
    </p>
   </div>
   <div class='ocr_carea' id='block_1_42' title="bbox 115 2624 1627 2702">
    <p class='ocr_par' dir='ltr' id='par_1_42' title="bbox 115 2624 1627 2702">
     <span class='ocr_line' id='line_1_42' title="bbox 115 2624 1627 2702; baseline 0.001 -29"><span class='ocrx_word' id='word_1_307' title='bbox 115 2627 394 2702; x_wconf 71' lang='lat' dir='ltr'><strong>masculino.</strong></span> <span class='ocrx_word' id='word_1_308' title='bbox 440 2626 531 2678; x_wconf 85' lang='lat' dir='ltr'><strong>Sic</strong></span> <span class='ocrx_word' id='word_1_309' title='bbox 571 2627 679 2678; x_wconf 89' lang='lat' dir='ltr'><strong>fere</strong></span> <span class='ocrx_word' id='word_1_310' title='bbox 709 2624 975 2678; x_wconf 82' lang='lat' dir='ltr'><strong>Lorichius</strong></span> <span class='ocrx_word' id='word_1_311' title='bbox 1002 2664 1016 2685; x_wconf 96' lang='lat'><strong>,</strong></span> <span class='ocrx_word' id='word_1_312' title='bbox 1048 2640 1241 2691; x_wconf 82' lang='lat' dir='ltr'><strong>unoque</strong></span> <span class='ocrx_word' id='word_1_313' title='bbox 1288 2626 1588 2691; x_wconf 75' lang='lat' dir='ltr'><strong>infamatum</strong></span> <span class='ocrx_word' id='word_1_314' title='bbox 1615 2664 1627 2684; x_wconf 92' lang='lat'><strong>,</strong></span> 
     </span>
    </p>
   </div>
   <div class='ocr_carea' id='block_1_43' title="bbox 113 2700 1625 2813">
    <p class='ocr_par' dir='ltr' id='par_1_43' title="bbox 113 2700 1625 2813">
     <span class='ocr_line' id='line_1_43' title="bbox 177 2700 323 2746; baseline -0.007 0"><span class='ocrx_word' id='word_1_315' title='bbox 177 2700 185 2702; x_wconf 55' lang='lat'><strong><em>‘</em></strong></span> <span class='ocrx_word' id='word_1_316' title='bbox 228 2700 323 2746; x_wconf 82' lang='lat' dir='ltr'><strong>etc.</strong></span> 
     </span>
     <span class='ocr_line' id='line_1_44' title="bbox 113 2706 1625 2813; baseline -0.001 0"><span class='ocrx_word' id='word_1_317' title='bbox 113 2706 203 2795; x_wconf 41' lang='lat' dir='ltr'><strong>qu?</strong></span> <span class='ocrx_word' id='word_1_318' title='bbox 223 2760 517 2813; x_wconf 79' lang='lat' dir='ltr'><strong>Urtlrodox.</strong></span> <span class='ocrx_word' id='word_1_319' title='bbox 536 2760 863 2813; x_wconf 86' lang='lat' dir='ltr'><strong>solummodo</strong></span> <span class='ocrx_word' id='word_1_320' title='bbox 884 2770 933 2813; x_wconf 89' lang='lat' dir='ltr'><strong>et</strong></span> <span class='ocrx_word' id='word_1_321' title='bbox 962 2760 1235 2813; x_wconf 85' lang='lat' dir='ltr'><strong>Lnrichius</strong></span> <span class='ocrx_word' id='word_1_322' title='bbox 1252 2774 1366 2812; x_wconf 89' lang='lat' dir='ltr'><strong>cum</strong></span> <span class='ocrx_word' id='word_1_323' title='bbox 1384 2760 1625 2812; x_wconf 85' lang='lat' dir='ltr'><strong>versione</strong></span> 
     </span>
    </p>
   </div>
   <div class='ocr_carea' id='block_1_44' title="bbox 115 2825 1624 2895">
    <p class='ocr_par' dir='ltr' id='par_1_44' title="bbox 115 2825 1624 2895">
     <span class='ocr_line' id='line_1_45' title="bbox 115 2825 1624 2895; baseline 0.001 -19"><span class='ocrx_word' id='word_1_324' title='bbox 115 2825 282 2881; x_wconf 74' lang='lat' dir='ltr'><strong>Gallica</strong></span> <span class='ocrx_word' id='word_1_325' title='bbox 318 2829 624 2883; x_wconf 84' lang='lat' dir='ltr'><strong>Bcll&#39;oreStii</strong></span> <span class='ocrx_word' id='word_1_326' title='bbox 665 2828 927 2881; x_wconf 82' lang='lat' dir='ltr'><strong>Venetiam</strong></span> <span class='ocrx_word' id='word_1_327' title='bbox 977 2830 1060 2882; x_wconf 69' lang='lat' dir='ltr'><strong>hFc</strong></span> <span class='ocrx_word' id='word_1_328' title='bbox 1104 2836 1398 2882; x_wconf 87' lang='lat' dir='ltr'><strong>recensent.</strong></span> <span class='ocrx_word' id='word_1_329' title='bbox 1432 2830 1494 2881; x_wconf 86' lang='lat' dir='ltr'><strong>Et</strong></span> <span class='ocrx_word' id='word_1_330' title='bbox 1532 2845 1624 2895; x_wconf 79' lang='lat' dir='ltr'><strong>pro</strong></span> 
     </span>
    </p>
   </div>
   <div class='ocr_carea' id='block_1_45' title="bbox 125 2946 2961 2971">
    <p class='ocr_par' dir='ltr' id='par_1_45' title="bbox 125 2946 2961 2971">
     <span class='ocr_line' id='line_1_46' title="bbox 125 2946 2961 2971; baseline -0.002 -8"><span class='ocrx_word' id='word_1_331' title='bbox 125 2946 2961 2971; x_wconf 69' lang='lat'><strong>,____________________________—__—_———_</strong></span> 
     </span>
    </p>
   </div>
   <div class='ocr_carea' id='block_1_46' title="bbox 1728 1864 3260 1931">
    <p class='ocr_par' dir='ltr' id='par_1_46' title="bbox 1728 1864 3260 1931">
     <span class='ocr_line' id='line_1_47' title="bbox 1728 1864 3260 1931; baseline 0.001 -14"><span class='ocrx_word' id='word_1_332' title='bbox 1728 1868 1832 1930; x_wconf 56' lang='lat' dir='ltr'><strong>liis,</strong></span> <span class='ocrx_word' id='word_1_333' title='bbox 1865 1866 1890 1903; x_wconf 66' lang='grc' dir='ltr'><strong>ιι</strong></span> <span class='ocrx_word' id='word_1_334' title='bbox 1922 1866 2158 1929; x_wconf 85' lang='lat' dir='ltr'><strong>Venetia,</strong></span> <span class='ocrx_word' id='word_1_335' title='bbox 2195 1864 2441 1926; x_wconf 87' lang='lat' dir='ltr'><strong>Lucania,</strong></span> <span class='ocrx_word' id='word_1_336' title='bbox 2489 1864 2650 1931; x_wconf 86' lang='lat' dir='ltr'><strong>Epiro</strong></span> <span class='ocrx_word' id='word_1_337' title='bbox 2681 1864 2875 1922; x_wconf 81' lang='lat' dir='ltr'><strong>Veteri,</strong></span> <span class='ocrx_word' id='word_1_338' title='bbox 2923 1866 3005 1918; x_wconf 86' lang='lat' dir='ltr'><strong>vel</strong></span> <span class='ocrx_word' id='word_1_339' title='bbox 3049 1866 3260 1919; x_wconf 79' lang='lat' dir='ltr'><strong>liellada</strong></span> 
     </span>
    </p>
   </div>
   <div class='ocr_carea' id='block_1_47' title="bbox 1725 1952 3259 2023">
    <p class='ocr_par' dir='ltr' id='par_1_47' title="bbox 1725 1952 3259 2023">
     <span class='ocr_line' id='line_1_48' title="bbox 1725 1952 3259 2023; baseline -0.002 -13"><span class='ocrx_word' id='word_1_340' title='bbox 1725 1959 1964 2023; x_wconf 78' lang='lat' dir='ltr'><strong>gesserit,</strong></span> <span class='ocrx_word' id='word_1_341' title='bbox 1998 1955 2189 2007; x_wconf 89' lang='lat' dir='ltr'><strong>melius</strong></span> <span class='ocrx_word' id='word_1_342' title='bbox 2234 1954 2304 2006; x_wconf 89' lang='lat' dir='ltr'><strong>ibi</strong></span> <span class='ocrx_word' id='word_1_343' title='bbox 2335 1952 2431 2021; x_wconf 63' lang='lat' dir='ltr'><strong>ipsi</strong></span> <span class='ocrx_word' id='word_1_344' title='bbox 2457 1954 2541 2018; x_wconf 89' lang='lat' dir='ltr'><strong>qui</strong></span> <span class='ocrx_word' id='word_1_345' title='bbox 2574 1953 2711 2020; x_wconf 84' lang='lat' dir='ltr'><strong>passi</strong></span> <span class='ocrx_word' id='word_1_346' title='bbox 2739 1960 2860 2005; x_wconf 80' lang='lat' dir='ltr'><strong>seut</strong></span> <span class='ocrx_word' id='word_1_347' title='bbox 2900 1952 3259 2007; x_wconf 82' lang='lat' dir='ltr'><strong>miserabiliter</strong></span> 
     </span>
    </p>
   </div>
   <div class='ocr_carea' id='block_1_48' title="bbox 1730 2040 3339 2111">
    <p class='ocr_par' dir='ltr' id='par_1_48' title="bbox 1730 2040 3339 2111">
     <span class='ocr_line' id='line_1_49' title="bbox 1730 2040 3339 2111; baseline -0.001 -18"><span class='ocrx_word' id='word_1_348' title='bbox 1730 2044 1825 2111; x_wconf 80' lang='grc' dir='ltr'><strong>[αι.</strong></span> <span class='ocrx_word' id='word_1_349' title='bbox 1860 2040 2103 2110; x_wconf 83' lang='lat' dir='ltr'><strong>lugenda]</strong></span> <span class='ocrx_word' id='word_1_350' title='bbox 2132 2040 2358 2106; x_wconf 86' lang='lat' dir='ltr'><strong>lugendo</strong></span> <span class='ocrx_word' id='word_1_351' title='bbox 2408 2040 2711 2092; x_wconf 85' lang='lat' dir='ltr'><strong>narrabunt.</strong></span> <span class='ocrx_word' id='word_1_352' title='bbox 2755 2040 2855 2093; x_wconf 86' lang='lat' dir='ltr'><strong>Sed</strong></span> <span class='ocrx_word' id='word_1_353' title='bbox 2881 2040 2985 2106; x_wconf 88' lang='lat' dir='ltr'><strong>jam</strong></span> <span class='ocrx_word' id='word_1_354' title='bbox 3023 2055 3261 2108; x_wconf 86' lang='lat' dir='ltr'><strong>persecu-</strong></span> <span class='ocrx_word' id='word_1_355' title='bbox 3336 2070 3339 2073; x_wconf 76' lang='lat'><strong><em>~</em></strong></span> 
     </span>
    </p>
   </div>
   <div class='ocr_carea' id='block_1_49' title="bbox 1730 2128 3263 2195">
    <p class='ocr_par' dir='ltr' id='par_1_49' title="bbox 1730 2128 3263 2195">
     <span class='ocr_line' id='line_1_50' title="bbox 1730 2128 3263 2195; baseline -0.002 -12"><span class='ocrx_word' id='word_1_356' title='bbox 1730 2131 1886 2183; x_wconf 79' lang='lat' dir='ltr'><strong>tinnis</strong></span> <span class='ocrx_word' id='word_1_357' title='bbox 1914 2139 2129 2190; x_wconf 71' lang='lat' dir='ltr'><strong>DOSII‘IP,</strong></span> <span class='ocrx_word' id='word_1_358' title='bbox 2162 2145 2188 2180; x_wconf 85' lang='lat' dir='ltr'><strong>a</strong></span> <span class='ocrx_word' id='word_1_359' title='bbox 2217 2128 2484 2185; x_wconf 87' lang='lat' dir='ltr'><strong>Geiserico</strong></span> <span class='ocrx_word' id='word_1_360' title='bbox 2530 2138 2725 2195; x_wconf 81' lang='lat' dir='ltr'><strong>quanto</strong></span> <span class='ocrx_word' id='word_1_361' title='bbox 2766 2130 3078 2193; x_wconf 86' lang='lat' dir='ltr'><strong>sublimiter,</strong></span> <span class='ocrx_word' id='word_1_362' title='bbox 3120 2142 3263 2183; x_wconf 81' lang='lat' dir='ltr'><strong>tanta</strong></span> 
     </span>
    </p>
   </div>
   <div class='ocr_carea' id='block_1_50' title="bbox 1730 2217 3263 2283">
    <p class='ocr_par' dir='ltr' id='par_1_50' title="bbox 1730 2217 3263 2283">
     <span class='ocr_line' id='line_1_51' title="bbox 1730 2217 3263 2283; baseline 0.001 -11"><span class='ocrx_word' id='word_1_363' title='bbox 1730 2218 2015 2272; x_wconf 54' lang='lat' dir='ltr'><strong>crudeliter</strong></span> <span class='ocrx_word' id='word_1_364' title='bbox 2042 2226 2220 2283; x_wconf 62' lang='lat' dir='ltr'><strong>gestae,</strong></span> <span class='ocrx_word' id='word_1_365' title='bbox 2252 2218 2349 2270; x_wconf 88' lang='lat' dir='ltr'><strong>iste</strong></span> <span class='ocrx_word' id='word_1_366' title='bbox 2377 2218 2443 2269; x_wconf 86' lang='lat' dir='ltr'><strong>sit</strong></span> <span class='ocrx_word' id='word_1_367' title='bbox 2484 2217 2621 2270; x_wconf 87' lang='lat' dir='ltr'><strong>finis.</strong></span> <span class='ocrx_word' id='word_1_368' title='bbox 2650 2218 2859 2272; x_wconf 83' lang='lat' dir='ltr'><strong>Duravit</strong></span> <span class='ocrx_word' id='word_1_369' title='bbox 2900 2227 3072 2272; x_wconf 90' lang='lat' dir='ltr'><strong>autem</strong></span> <span class='ocrx_word' id='word_1_370' title='bbox 3102 2220 3155 2273; x_wconf 89' lang='lat' dir='ltr'><strong>in</strong></span> <span class='ocrx_word' id='word_1_371' title='bbox 3182 2235 3263 2274; x_wconf 88' lang='lat' dir='ltr'><strong>re-</strong></span> 
     </span>
    </p>
   </div>
   <div class='ocr_carea' id='block_1_51' title="bbox 1732 2307 3057 2375">
    <p class='ocr_par' dir='ltr' id='par_1_51' title="bbox 1732 2307 3057 2375">
     <span class='ocr_line' id='line_1_52' title="bbox 1732 2307 3057 2375; baseline -0.002 -13"><span class='ocrx_word' id='word_1_372' title='bbox 1732 2322 1834 2375; x_wconf 80' lang='lat' dir='ltr'><strong>gno</strong></span> <span class='ocrx_word' id='word_1_373' title='bbox 1859 2308 2006 2359; x_wconf 91' lang='lat' dir='ltr'><strong>annis</strong></span> <span class='ocrx_word' id='word_1_374' title='bbox 2033 2307 2239 2373; x_wconf 74' lang='lat' dir='ltr'><strong>triginta</strong></span> <span class='ocrx_word' id='word_1_375' title='bbox 2273 2313 2472 2372; x_wconf 88' lang='lat' dir='ltr'><strong>septem</strong></span> <span class='ocrx_word' id='word_1_376' title='bbox 2503 2317 2555 2359; x_wconf 89' lang='lat' dir='ltr'><strong>et</strong></span> <span class='ocrx_word' id='word_1_377' title='bbox 2581 2307 2844 2361; x_wconf 69' lang='lat' dir='ltr'><strong>mensibus</strong></span> <span class='ocrx_word' id='word_1_378' title='bbox 2873 2307 3057 2362; x_wconf 88' lang='lat' dir='ltr'><strong>tribus.</strong></span> 
     </span>
    </p>
   </div>
   <div class='ocr_carea' id='block_1_52' title="bbox 1740 2548 3263 2614">
    <p class='ocr_par' dir='ltr' id='par_1_52' title="bbox 1740 2548 3263 2614">
     <span class='ocr_line' id='line_1_53' title="bbox 1740 2548 3263 2614; baseline 0.004 -15"><span class='ocrx_word' id='word_1_379' title='bbox 1740 2556 1819 2607; x_wconf 81' lang='lat' dir='ltr'><strong>his</strong></span> <span class='ocrx_word' id='word_1_380' title='bbox 1842 2553 2033 2607; x_wconf 88' lang='lat' dir='ltr'><strong>verbis.</strong></span> <span class='ocrx_word' id='word_1_381' title='bbox 2061 2550 2216 2614; x_wconf 84' lang='lat' dir='ltr'><strong>Epiro</strong></span> <span class='ocrx_word' id='word_1_382' title='bbox 2244 2550 2401 2602; x_wconf 70' lang='lat' dir='ltr'><strong>Veteri</strong></span> <span class='ocrx_word' id='word_1_383' title='bbox 2418 2590 2431 2613; x_wconf 89' lang='lat'><strong>,</strong></span> <span class='ocrx_word' id='word_1_384' title='bbox 2458 2551 2532 2602; x_wconf 83' lang='lat' dir='ltr'><strong>vel</strong></span> <span class='ocrx_word' id='word_1_385' title='bbox 2566 2548 2801 2613; x_wconf 74' lang='lat' dir='ltr'><strong>Hellade,</strong></span> <span class='ocrx_word' id='word_1_386' title='bbox 2825 2549 3095 2603; x_wconf 87' lang='lat' dir='ltr'><strong>Lorichius</strong></span> <span class='ocrx_word' id='word_1_387' title='bbox 3114 2550 3263 2605; x_wconf 82' lang='lat' dir='ltr'><strong>habet</strong></span> 
     </span>
    </p>
   </div>
   <div class='ocr_carea' id='block_1_53' title="bbox 1736 2618 3259 2685">
    <p class='ocr_par' dir='ltr' id='par_1_53' title="bbox 1736 2618 3259 2685">
     <span class='ocr_line' id='line_1_54' title="bbox 1736 2618 3259 2685; baseline -0.002 -11"><span class='ocrx_word' id='word_1_388' title='bbox 1736 2622 1921 2685; x_wconf 82' lang='lat' dir='ltr'><strong>Epiro,</strong></span> <span class='ocrx_word' id='word_1_389' title='bbox 1966 2620 2193 2672; x_wconf 80' lang='lat' dir='ltr'><strong>Hellade.</strong></span> <span class='ocrx_word' id='word_1_390' title='bbox 2228 2618 2421 2671; x_wconf 84' lang='lat' dir='ltr'><strong>Vocula</strong></span> <span class='ocrx_word' id='word_1_391' title='bbox 2467 2620 2616 2670; x_wconf 77' lang='lat' dir='ltr'><strong>reteri</strong></span> <span class='ocrx_word' id='word_1_392' title='bbox 2668 2618 2925 2670; x_wconf 85' lang='lat' dir='ltr'><strong>omittitur</strong></span> <span class='ocrx_word' id='word_1_393' title='bbox 2969 2634 3173 2685; x_wconf 69' lang='lat' dir='ltr'><strong>qunque</strong></span> <span class='ocrx_word' id='word_1_394' title='bbox 3210 2622 3259 2671; x_wconf 91' lang='lat' dir='ltr'><strong>in</strong></span> 
     </span>
    </p>
   </div>
   <div class='ocr_carea' id='block_1_54' title="bbox 1730 2686 3261 2743">
    <p class='ocr_par' dir='ltr' id='par_1_54' title="bbox 1730 2686 3261 2743">
     <span class='ocr_line' id='line_1_55' title="bbox 1730 2686 3261 2743; baseline -0.001 -2"><span class='ocrx_word' id='word_1_395' title='bbox 1730 2692 1959 2743; x_wconf 80' lang='lat' dir='ltr'><strong>editione</strong></span> <span class='ocrx_word' id='word_1_396' title='bbox 1991 2687 2243 2739; x_wconf 87' lang='lat' dir='ltr'><strong>lthenani.</strong></span> <span class='ocrx_word' id='word_1_397' title='bbox 2276 2686 2347 2737; x_wconf 91' lang='lat' dir='ltr'><strong>De</strong></span> <span class='ocrx_word' id='word_1_398' title='bbox 2371 2696 2537 2739; x_wconf 85' lang='lat' dir='ltr'><strong>morte</strong></span> <span class='ocrx_word' id='word_1_399' title='bbox 2560 2686 2828 2739; x_wconf 86' lang='lat' dir='ltr'><strong>Genscrici</strong></span> <span class='ocrx_word' id='word_1_400' title='bbox 2851 2686 2968 2739; x_wconf 83' lang='lat' dir='ltr'><strong>vide.</strong></span> <span class='ocrx_word' id='word_1_401' title='bbox 2988 2686 3261 2741; x_wconf 88' lang='lat' dir='ltr'><strong>Commen-</strong></span> 
     </span>
    </p>
   </div>
   <div class='ocr_carea' id='block_1_55' title="bbox 1730 2755 2573 2821">
    <p class='ocr_par' dir='ltr' id='par_1_55' title="bbox 1730 2755 2573 2821">
     <span class='ocr_line' id='line_1_56' title="bbox 1730 2755 2573 2821; baseline -0.006 -12"><span class='ocrx_word' id='word_1_402' title='bbox 1730 2760 1915 2810; x_wconf 88' lang='lat' dir='ltr'><strong>tarium</strong></span> <span class='ocrx_word' id='word_1_403' title='bbox 1948 2756 2249 2808; x_wconf 86' lang='lat' dir='ltr'><strong>historicum</strong></span> <span class='ocrx_word' id='word_1_404' title='bbox 2276 2755 2490 2821; x_wconf 81' lang='lat' dir='ltr'><strong>capitul.</strong></span> <span class='ocrx_word' id='word_1_405' title='bbox 2524 2756 2573 2805; x_wconf 91' lang='lat'><strong>7.</strong></span> 
     </span>
    </p>
   </div>
   <div class='ocr_carea' id='block_1_56' title="bbox 968 3017 2368 3126">
    <p class='ocr_par' dir='ltr' id='par_1_56' title="bbox 968 3017 2368 3126">
     <span class='ocr_line' id='line_1_57' title="bbox 968 3017 2368 3126; baseline -0.006 0"><span class='ocrx_word' id='word_1_406' title='bbox 968 3024 1432 3126; x_wconf 83' lang='lat' dir='ltr'><strong>LIBER</strong></span> <span class='ocrx_word' id='word_1_407' title='bbox 1512 3017 2368 3122; x_wconf 73' lang='lat' dir='ltr'><strong>SECUNDUS.</strong></span> 
     </span>
    </p>
   </div>
   <div class='ocr_carea' id='block_1_57' title="bbox 1137 3188 2219 3238">
    <p class='ocr_par' dir='ltr' id='par_1_57' title="bbox 1137 3188 2219 3238">
     <span class='ocr_line' id='line_1_58' title="bbox 1137 3188 2219 3238; baseline -0.009 0"><span class='ocrx_word' id='word_1_408' title='bbox 1137 3196 1333 3238; x_wconf 78' lang='grc' dir='ltr'><strong>ῙΝΙΉΛ</strong></span> <span class='ocrx_word' id='word_1_409' title='bbox 1375 3191 1854 3237; x_wconf 72' lang='lat' dir='ltr'><strong>PBBSECUTIONIS</strong></span> <span class='ocrx_word' id='word_1_410' title='bbox 1898 3188 2197 3231; x_wconf 74' lang='lat' dir='ltr'><strong>HUNEBICI</strong></span> <span class='ocrx_word' id='word_1_411' title='bbox 2207 3214 2219 3227; x_wconf 88' lang='lat'><strong>.</strong></span> 
     </span>
    </p>
   </div>
   <div class='ocr_carea' id='block_1_58' title="bbox 168 3312 3267 3386">
    <p class='ocr_par' dir='ltr' id='par_1_58' title="bbox 168 3312 3267 3386">
     <span class='ocr_line' id='line_1_59' title="bbox 168 3312 3267 3386; baseline 0.003 -21"><span class='ocrx_word' id='word_1_412' title='bbox 168 3320 201 3373; x_wconf 86' lang='grc' dir='ltr'><strong>Ι,</strong></span> <span class='ocrx_word' id='word_1_413' title='bbox 248 3319 494 3374; x_wconf 73' lang='grc' dir='ltr'>Ηωιεήεὶ</span> <span class='ocrx_word' id='word_1_414' title='bbox 546 3318 712 3371; x_wconf 83' lang='lat' dir='ltr'><strong>initia.</strong></span> <span class='ocrx_word' id='word_1_415' title='bbox 756 3346 820 3356; x_wconf 91' lang='lat'>—</span> <span class='ocrx_word' id='word_1_416' title='bbox 865 3318 1064 3371; x_wconf 86' lang='lat' dir='ltr'><strong>Mortuo</strong></span> <span class='ocrx_word' id='word_1_417' title='bbox 1119 3317 1273 3386; x_wconf 87' lang='lat' dir='ltr'><strong>igitur</strong></span> <span class='ocrx_word' id='word_1_418' title='bbox 1334 3316 1634 3376; x_wconf 87' lang='lat' dir='ltr'><strong>Geiserico,</strong></span> <span class='ocrx_word' id='word_1_419' title='bbox 1665 3317 1708 3375; x_wconf 89' lang='lat' dir='ltr'><strong>C</strong></span> <span class='ocrx_word' id='word_1_420' title='bbox 1739 3312 1988 3378; x_wconf 88' lang='lat' dir='ltr'><strong>scriptum</strong></span> <span class='ocrx_word' id='word_1_421' title='bbox 2045 3313 2241 3365; x_wconf 89' lang='lat' dir='ltr'><strong>habens</strong></span> <span class='ocrx_word' id='word_1_422' title='bbox 2281 3313 2331 3364; x_wconf 94' lang='lat' dir='ltr'><strong>in</strong></span> <span class='ocrx_word' id='word_1_423' title='bbox 2366 3313 2597 3366; x_wconf 88' lang='lat' dir='ltr'><strong>femore:</strong></span> <span class='ocrx_word' id='word_1_424' title='bbox 2638 3313 2948 3369; x_wconf 59' lang='lat' dir='ltr'><strong>Manu/iam</strong></span> <span class='ocrx_word' id='word_1_425' title='bbox 2994 3320 3267 3386; x_wconf 75' lang='lat' dir='ltr'><strong>discipulus</strong></span> 
     </span>
    </p>
   </div>
   <div class='ocr_carea' id='block_1_59' title="bbox 114 3403 1633 3473">
    <p class='ocr_par' dir='ltr' id='par_1_59' title="bbox 114 3403 1633 3473">
     <span class='ocr_line' id='line_1_60' title="bbox 114 3403 1633 3473; baseline -0.004 -13"><span class='ocrx_word' id='word_1_426' title='bbox 114 3417 135 3442; x_wconf 80' lang='grc'><strong><em>⁸</em></strong></span> <span class='ocrx_word' id='word_1_427' title='bbox 156 3409 438 3463; x_wconf 84' lang='lat' dir='ltr'><strong>ﬂuuericus</strong></span> <span class='ocrx_word' id='word_1_428' title='bbox 488 3406 666 3473; x_wconf 70' lang='lat' dir='ltr'><strong>major</strong></span> <span class='ocrx_word' id='word_1_429' title='bbox 695 3404 828 3458; x_wconf 82' lang='lat' dir='ltr'><strong>ﬁlius</strong></span> <span class='ocrx_word' id='word_1_430' title='bbox 855 3406 985 3471; x_wconf 90' lang='lat' dir='ltr'><strong>patri</strong></span> <span class='ocrx_word' id='word_1_431' title='bbox 1013 3406 1264 3458; x_wconf 88' lang='lat' dir='ltr'><strong>succedit.</strong></span> <span class='ocrx_word' id='word_1_432' title='bbox 1311 3405 1409 3467; x_wconf 82' lang='lat' dir='ltr'><strong>Qui</strong></span> <span class='ocrx_word' id='word_1_433' title='bbox 1442 3406 1491 3456; x_wconf 89' lang='lat' dir='ltr'><strong>in</strong></span> <span class='ocrx_word' id='word_1_434' title='bbox 1527 3403 1633 3469; x_wconf 88' lang='lat' dir='ltr'><strong>pri-</strong></span> 
     </span>
    </p>
   </div>
   <div class='ocr_carea' id='block_1_60' title="bbox 113 3494 1634 3563">
    <p class='ocr_par' dir='ltr' id='par_1_60' title="bbox 113 3494 1634 3563">
     <span class='ocr_line' id='line_1_61' title="bbox 113 3494 1634 3563; baseline -0.003 -16"><span class='ocrx_word' id='word_1_435' title='bbox 113 3496 294 3549; x_wconf 85' lang='lat' dir='ltr'><strong>mordio</strong></span> <span class='ocrx_word' id='word_1_436' title='bbox 318 3497 492 3563; x_wconf 80' lang='lat' dir='ltr'><strong>regni,</strong></span> <span class='ocrx_word' id='word_1_437' title='bbox 527 3506 585 3548; x_wconf 90' lang='lat' dir='ltr'><strong>ut</strong></span> <span class='ocrx_word' id='word_1_438' title='bbox 607 3494 763 3547; x_wconf 84' lang='lat' dir='ltr'><strong>habet</strong></span> <span class='ocrx_word' id='word_1_439' title='bbox 787 3495 1047 3547; x_wconf 90' lang='lat' dir='ltr'><strong>subtilitas</strong></span> <span class='ocrx_word' id='word_1_440' title='bbox 1078 3494 1447 3556; x_wconf 83' lang='lat' dir='ltr'><strong>Barbarorum,</strong></span> <span class='ocrx_word' id='word_1_441' title='bbox 1478 3494 1634 3560; x_wconf 74' lang='grc' dir='ltr'><strong>ςωρίι</strong></span> 
     </span>
    </p>
   </div>
   <div class='ocr_carea' id='block_1_61' title="bbox 116 3584 1637 3650">
    <p class='ocr_par' dir='ltr' id='par_1_61' title="bbox 116 3584 1637 3650">
     <span class='ocr_line' id='line_1_62' title="bbox 116 3584 1637 3650; baseline -0.001 -15"><span class='ocrx_word' id='word_1_442' title='bbox 116 3584 269 3638; x_wconf 83' lang='lat' dir='ltr'><strong>mitius</strong></span> <span class='ocrx_word' id='word_1_443' title='bbox 296 3594 351 3638; x_wconf 86' lang='lat' dir='ltr'><strong>et</strong></span> <span class='ocrx_word' id='word_1_444' title='bbox 379 3584 713 3637; x_wconf 86' lang='lat' dir='ltr'><strong>moderatius</strong></span> <span class='ocrx_word' id='word_1_445' title='bbox 742 3594 979 3650; x_wconf 85' lang='lat' dir='ltr'><strong>agere,et</strong></span> <span class='ocrx_word' id='word_1_446' title='bbox 1008 3584 1233 3636; x_wconf 83' lang='lat' dir='ltr'><strong>maxime</strong></span> <span class='ocrx_word' id='word_1_447' title='bbox 1259 3584 1395 3635; x_wconf 88' lang='lat' dir='ltr'><strong>circa</strong></span> <span class='ocrx_word' id='word_1_448' title='bbox 1428 3584 1637 3646; x_wconf 73' lang='lat' dir='ltr'><strong>religio-</strong></span> 
     </span>
    </p>
   </div>
   <div class='ocr_carea' id='block_1_62' title="bbox 114 3671 1635 3738">
    <p class='ocr_par' dir='ltr' id='par_1_62' title="bbox 114 3671 1635 3738">
     <span class='ocr_line' id='line_1_63' title="bbox 114 3671 1635 3738; baseline -0.003 -10"><span class='ocrx_word' id='word_1_449' title='bbox 114 3688 216 3727; x_wconf 83' lang='lat' dir='ltr'><strong>Item</strong></span> <span class='ocrx_word' id='word_1_450' title='bbox 240 3682 480 3728; x_wconf 86' lang='lat' dir='ltr'><strong>nostram</strong></span> <span class='ocrx_word' id='word_1_451' title='bbox 506 3691 519 3724; x_wconf 87' lang='lat'>:</span> <span class='ocrx_word' id='word_1_452' title='bbox 552 3682 609 3725; x_wconf 92' lang='lat' dir='ltr'><strong>ut</strong></span> <span class='ocrx_word' id='word_1_453' title='bbox 630 3672 784 3724; x_wconf 89' lang='lat' dir='ltr'><strong>etiam</strong></span> <span class='ocrx_word' id='word_1_454' title='bbox 810 3672 895 3724; x_wconf 84' lang='lat' dir='ltr'><strong>ubi</strong></span> <span class='ocrx_word' id='word_1_455' title='bbox 926 3681 1076 3723; x_wconf 85' lang='lat' dir='ltr'><strong>antea</strong></span> <span class='ocrx_word' id='word_1_456' title='bbox 1101 3673 1198 3724; x_wconf 88' lang='lat' dir='ltr'><strong>sub</strong></span> <span class='ocrx_word' id='word_1_457' title='bbox 1227 3687 1348 3738; x_wconf 87' lang='lat' dir='ltr'><strong>rege</strong></span> <span class='ocrx_word' id='word_1_458' title='bbox 1372 3671 1635 3725; x_wconf 87' lang='lat' dir='ltr'><strong>Geiserico</strong></span> 
     </span>
    </p>
   </div>
   <div class='ocr_carea' id='block_1_63' title="bbox 115 3758 1635 3829">
    <p class='ocr_par' dir='ltr' id='par_1_63' title="bbox 115 3758 1635 3829">
     <span class='ocr_line' id='line_1_64' title="bbox 115 3758 1635 3829; baseline 0 -18"><span class='ocrx_word' id='word_1_459' title='bbox 115 3758 192 3829; x_wconf 78' lang='lat' dir='ltr'><strong>[IL</strong></span> <span class='ocrx_word' id='word_1_460' title='bbox 221 3758 592 3828; x_wconf 65' lang='lat' dir='ltr'><strong>praedicatum]</strong></span> <span class='ocrx_word' id='word_1_461' title='bbox 623 3758 1009 3825; x_wconf 40' lang='lat' dir='ltr'><strong>pra’judicatum</strong></span> <span class='ocrx_word' id='word_1_462' title='bbox 1058 3758 1225 3811; x_wconf 82' lang='lat' dir='ltr'><strong>fuerat</strong></span> <span class='ocrx_word' id='word_1_463' title='bbox 1266 3774 1331 3810; x_wconf 89' lang='lat' dir='ltr'><strong>ne</strong></span> <span class='ocrx_word' id='word_1_464' title='bbox 1375 3758 1635 3824; x_wconf 86' lang='lat' dir='ltr'><strong>spiritales</strong></span> 
     </span>
    </p>
   </div>
   <div class='ocr_carea' id='block_1_64' title="bbox 112 3846 1634 3913">
    <p class='ocr_par' dir='ltr' id='par_1_64' title="bbox 112 3846 1634 3913">
     <span class='ocr_line' id='line_1_65' title="bbox 112 3846 1634 3913; baseline -0.002 -11"><span class='ocrx_word' id='word_1_465' title='bbox 112 3846 277 3902; x_wconf 70' lang='lat' dir='ltr'><strong>ﬂerent</strong></span> <span class='ocrx_word' id='word_1_466' title='bbox 300 3859 621 3909; x_wconf 87' lang='lat' dir='ltr'><strong>conventus,</strong></span> <span class='ocrx_word' id='word_1_467' title='bbox 669 3848 1028 3901; x_wconf 85' lang='lat' dir='ltr'><strong>canventicula</strong></span> <span class='ocrx_word' id='word_1_468' title='bbox 1063 3856 1435 3901; x_wconf 83' lang='lat' dir='ltr'><strong>concurrerent</strong></span> <span class='ocrx_word' id='word_1_469' title='bbox 1468 3863 1634 3913; x_wconf 82' lang='lat' dir='ltr'><strong>popu-</strong></span> 
     </span>
    </p>
   </div>
   <div class='ocr_carea' id='block_1_65' title="bbox 112 3935 1638 4003">
    <p class='ocr_par' dir='ltr' id='par_1_65' title="bbox 112 3935 1638 4003">
     <span class='ocr_line' id='line_1_66' title="bbox 112 3935 1638 4003; baseline -0.003 -14"><span class='ocrx_word' id='word_1_470' title='bbox 112 3936 285 3992; x_wconf 65' lang='lat' dir='ltr'><strong>lat-un.</strong></span> <span class='ocrx_word' id='word_1_471' title='bbox 318 3938 389 3993; x_wconf 79' lang='lat' dir='ltr'><strong>Et</strong></span> <span class='ocrx_word' id='word_1_472' title='bbox 415 3948 473 3990; x_wconf 85' lang='lat' dir='ltr'><strong>ut</strong></span> <span class='ocrx_word' id='word_1_473' title='bbox 495 3952 556 3991; x_wconf 90' lang='lat' dir='ltr'><strong>se</strong></span> <span class='ocrx_word' id='word_1_474' title='bbox 583 3936 884 4003; x_wconf 83' lang='lat' dir='ltr'><strong>religiosum</strong></span> <span class='ocrx_word' id='word_1_475' title='bbox 927 3936 1247 3996; x_wconf 89' lang='lat' dir='ltr'><strong>ostenderet,</strong></span> <span class='ocrx_word' id='word_1_476' title='bbox 1274 3935 1300 3971; x_wconf 73' lang='grc' dir='ltr'>ι)</span> <span class='ocrx_word' id='word_1_477' title='bbox 1328 3939 1507 3987; x_wconf 83' lang='lat' dir='ltr'><strong>statuit</strong></span> <span class='ocrx_word' id='word_1_478' title='bbox 1533 3937 1638 3986; x_wconf 84' lang='lat' dir='ltr'><strong>sol-</strong></span> 
     </span>
    </p>
   </div>
   <div class='ocr_carea' id='block_1_66' title="bbox 111 4020 1635 4092">
    <p class='ocr_par' dir='ltr' id='par_1_66' title="bbox 111 4020 1635 4092">
     <span class='ocr_line' id='line_1_67' title="bbox 111 4020 1635 4092; baseline -0.005 -15"><span class='ocrx_word' id='word_1_479' title='bbox 111 4022 285 4080; x_wconf 58' lang='lat' dir='ltr'><strong>licitis:</strong></span> <span class='ocrx_word' id='word_1_480' title='bbox 303 4025 658 4092; x_wconf 79' lang='lat' dir='ltr'><strong>requirendos</strong></span> <span class='ocrx_word' id='word_1_481' title='bbox 685 4023 965 4074; x_wconf 67' lang='lat' dir='ltr'><strong>haereticos</strong></span> <span class='ocrx_word' id='word_1_482' title='bbox 984 4020 1296 4071; x_wconf 76' lang='lat' dir='ltr'><strong>Manichzeos</strong></span> <span class='ocrx_word' id='word_1_483' title='bbox 1319 4035 1333 4080; x_wconf 89' lang='lat'><strong>;</strong></span> <span class='ocrx_word' id='word_1_484' title='bbox 1361 4034 1424 4070; x_wconf 84' lang='lat' dir='ltr'><strong>ex</strong></span> <span class='ocrx_word' id='word_1_485' title='bbox 1450 4020 1635 4085; x_wconf 89' lang='lat' dir='ltr'><strong>quibus</strong></span> 
     </span>
    </p>
   </div>
   <div class='ocr_carea' id='block_1_67' title="bbox 110 4105 1635 4173">
    <p class='ocr_par' dir='ltr' id='par_1_67' title="bbox 110 4105 1635 4173">
     <span class='ocr_line' id='line_1_68' title="bbox 110 4105 1635 4173; baseline -0.006 -7"><span class='ocrx_word' id='word_1_486' title='bbox 110 4112 284 4165; x_wconf 62' lang='lat' dir='ltr'><strong>multa</strong></span> <span class='ocrx_word' id='word_1_487' title='bbox 330 4109 591 4169; x_wconf 84' lang='lat' dir='ltr'><strong>incendit,</strong></span> <span class='ocrx_word' id='word_1_488' title='bbox 640 4107 889 4173; x_wconf 90' lang='lat' dir='ltr'><strong>plurimos</strong></span> <span class='ocrx_word' id='word_1_489' title='bbox 929 4116 1101 4157; x_wconf 85' lang='lat' dir='ltr'><strong>autem</strong></span> <span class='ocrx_word' id='word_1_490' title='bbox 1140 4105 1381 4157; x_wconf 75' lang='lat' dir='ltr'><strong>distraxit</strong></span> <span class='ocrx_word' id='word_1_491' title='bbox 1418 4106 1635 4157; x_wconf 78' lang='lat' dir='ltr'><strong>nav;bus</strong></span> 
     </span>
    </p>
   </div>
   <div class='ocr_carea' id='block_1_68' title="bbox 111 4192 1633 4262">
    <p class='ocr_par' dir='ltr' id='par_1_68' title="bbox 111 4192 1633 4262">
     <span class='ocr_line' id='line_1_69' title="bbox 111 4192 1633 4262; baseline -0.003 -12"><span class='ocrx_word' id='word_1_492' title='bbox 111 4197 462 4252; x_wconf 63' lang='lat' dir='ltr'><strong>«sesuarinis</strong></span> <span class='ocrx_word' id='word_1_493' title='bbox 485 4211 499 4247; x_wconf 92' lang='lat'>:</span> <span class='ocrx_word' id='word_1_494' title='bbox 531 4207 664 4262; x_wconf 89' lang='lat' dir='ltr'><strong>quos</strong></span> <span class='ocrx_word' id='word_1_495' title='bbox 691 4208 823 4261; x_wconf 85' lang='lat' dir='ltr'><strong>pene</strong></span> <span class='ocrx_word' id='word_1_496' title='bbox 850 4208 1034 4247; x_wconf 90' lang='lat' dir='ltr'><strong>omnes</strong></span> <span class='ocrx_word' id='word_1_497' title='bbox 1061 4192 1373 4247; x_wconf 68' lang='lat' dir='ltr'><strong>Manichacus</strong></span> <span class='ocrx_word' id='word_1_498' title='bbox 1416 4207 1525 4245; x_wconf 71' lang='lat' dir='ltr'><strong>sua:</strong></span> <span class='ocrx_word' id='word_1_499' title='bbox 1552 4208 1633 4246; x_wconf 84' lang='lat' dir='ltr'><strong>re-</strong></span> 
     </span>
    </p>
   </div>
   <div class='ocr_carea' id='block_1_69' title="bbox 108 4281 1627 4352">
    <p class='ocr_par' dir='ltr' id='par_1_69' title="bbox 108 4281 1627 4352">
     <span class='ocr_line' id='line_1_70' title="bbox 108 4281 1627 4352; baseline -0.002 -17"><span class='ocrx_word' id='word_1_500' title='bbox 108 4284 295 4352; x_wconf 74' lang='lat' dir='ltr'><strong>iigionis</strong></span> <span class='ocrx_word' id='word_1_501' title='bbox 319 4282 548 4347; x_wconf 82' lang='lat' dir='ltr'><strong>invenit,</strong></span> <span class='ocrx_word' id='word_1_502' title='bbox 571 4290 620 4335; x_wconf 86' lang='lat' dir='ltr'><strong>et</strong></span> <span class='ocrx_word' id='word_1_503' title='bbox 645 4283 901 4348; x_wconf 71' lang='lat' dir='ltr'><strong>pmcipue</strong></span> <span class='ocrx_word' id='word_1_504' title='bbox 922 4281 1253 4350; x_wconf 84' lang='lat' dir='ltr'><strong>presbyteros</strong></span> <span class='ocrx_word' id='word_1_505' title='bbox 1283 4291 1336 4335; x_wconf 92' lang='lat' dir='ltr'><strong>et</strong></span> <span class='ocrx_word' id='word_1_506' title='bbox 1362 4281 1627 4344; x_wconf 85' lang='lat' dir='ltr'><strong>diaconos,</strong></span> 
     </span>
    </p>
   </div>
   <div class='ocr_carea' id='block_1_70' title="bbox 111 4369 1631 4437">
    <p class='ocr_par' dir='ltr' id='par_1_70' title="bbox 111 4369 1631 4437">
     <span class='ocr_line' id='line_1_71' title="bbox 111 4369 1631 4437; baseline -0.003 -11"><span class='ocrx_word' id='word_1_507' title='bbox 111 4376 297 4426; x_wconf 65' lang='lat' dir='ltr'><strong>Arianae</strong></span> <span class='ocrx_word' id='word_1_508' title='bbox 322 4372 615 4425; x_wconf 70' lang='lat' dir='ltr'><strong>haereseos.</strong></span> <span class='ocrx_word' id='word_1_509' title='bbox 642 4369 793 4423; x_wconf 80' lang='lat' dir='ltr'><strong>[inde</strong></span> <span class='ocrx_word' id='word_1_510' title='bbox 818 4370 980 4437; x_wconf 88' lang='lat' dir='ltr'><strong>magis</strong></span> <span class='ocrx_word' id='word_1_511' title='bbox 1029 4371 1361 4431; x_wconf 80' lang='lat' dir='ltr'><strong>erubescens,</strong></span> <span class='ocrx_word' id='word_1_512' title='bbox 1407 4370 1631 4436; x_wconf 87' lang='lat' dir='ltr'><strong>amplius</strong></span> 
     </span>
    </p>
   </div>
   <div class='ocr_carea' id='block_1_71' title="bbox 108 4458 1629 4526">
    <p class='ocr_par' dir='ltr' id='par_1_71' title="bbox 108 4458 1629 4526">
     <span class='ocr_line' id='line_1_72' title="bbox 108 4458 1629 4526; baseline -0.001 -13"><span class='ocrx_word' id='word_1_513' title='bbox 108 4464 151 4513; x_wconf 85' lang='lat' dir='ltr'><strong>in</strong></span> <span class='ocrx_word' id='word_1_514' title='bbox 177 4462 292 4517; x_wconf 81' lang='lat' dir='ltr'><strong>illos</strong></span> <span class='ocrx_word' id='word_1_515' title='bbox 321 4462 542 4515; x_wconf 82' lang='lat' dir='ltr'><strong>exarsit.</strong></span> <span class='ocrx_word' id='word_1_516' title='bbox 570 4458 644 4510; x_wconf 89' lang='lat' dir='ltr'><strong>De</strong></span> <span class='ocrx_word' id='word_1_517' title='bbox 670 4459 855 4526; x_wconf 87' lang='lat' dir='ltr'><strong>quibus</strong></span> <span class='ocrx_word' id='word_1_518' title='bbox 876 4469 1113 4525; x_wconf 87' lang='lat' dir='ltr'><strong>repertus</strong></span> <span class='ocrx_word' id='word_1_519' title='bbox 1138 4468 1215 4511; x_wconf 87' lang='lat' dir='ltr'><strong>est</strong></span> <span class='ocrx_word' id='word_1_520' title='bbox 1235 4472 1386 4521; x_wconf 84' lang='lat' dir='ltr'><strong>unus,</strong></span> <span class='ocrx_word' id='word_1_521' title='bbox 1420 4460 1629 4511; x_wconf 88' lang='lat' dir='ltr'><strong>nomine</strong></span> 
     </span>
    </p>
   </div>
   <div class='ocr_carea' id='block_1_72' title="bbox 106 4545 1625 4618">
    <p class='ocr_par' dir='ltr' id='par_1_72' title="bbox 106 4545 1625 4618">
     <span class='ocr_line' id='line_1_73' title="bbox 106 4545 1625 4618; baseline -0.002 -17"><span class='ocrx_word' id='word_1_522' title='bbox 106 4548 184 4618; x_wconf 78' lang='lat' dir='ltr'><strong>lat.</strong></span> <span class='ocrx_word' id='word_1_523' title='bbox 205 4545 617 4615; x_wconf 72' lang='lat' dir='ltr'><strong>Dementianusl</strong></span> <span class='ocrx_word' id='word_1_524' title='bbox 642 4547 1055 4612; x_wconf 85' lang='lat' dir='ltr'><strong>Clementianus,</strong></span> <span class='ocrx_word' id='word_1_525' title='bbox 1081 4548 1366 4600; x_wconf 90' lang='lat' dir='ltr'><strong>monachus</strong></span> <span class='ocrx_word' id='word_1_526' title='bbox 1396 4548 1625 4610; x_wconf 89' lang='lat' dir='ltr'><strong>illorum,</strong></span> 
     </span>
    </p>
   </div>
   <div class='ocr_carea' id='block_1_73' title="bbox 162 4731 1704 4795">
    <p class='ocr_par' dir='ltr' id='par_1_73' title="bbox 162 4731 1704 4795">
     <span class='ocr_line' id='line_1_74' title="bbox 162 4731 1704 4795; baseline 0.001 -9"><span class='ocrx_word' id='word_1_527' title='bbox 162 4747 187 4775; x_wconf 75' lang='grc' dir='ltr'><strong>ι</strong></span> <span class='ocrx_word' id='word_1_528' title='bbox 223 4739 445 4792; x_wconf 63' lang='lat' dir='ltr'><strong>Codices</strong></span> <span class='ocrx_word' id='word_1_529' title='bbox 489 4750 617 4787; x_wconf 88' lang='lat' dir='ltr'><strong>mss.</strong></span> <span class='ocrx_word' id='word_1_530' title='bbox 662 4734 836 4787; x_wconf 86' lang='lat' dir='ltr'><strong>Sancti</strong></span> <span class='ocrx_word' id='word_1_531' title='bbox 880 4731 1121 4785; x_wconf 85' lang='lat' dir='ltr'><strong>Germani</strong></span> <span class='ocrx_word' id='word_1_532' title='bbox 1163 4748 1190 4784; x_wconf 92' lang='lat' dir='ltr'><strong>a</strong></span> <span class='ocrx_word' id='word_1_533' title='bbox 1241 4735 1421 4795; x_wconf 83' lang='lat' dir='ltr'><strong>Pratis,</strong></span> <span class='ocrx_word' id='word_1_534' title='bbox 1454 4737 1626 4788; x_wconf 82' lang='lat' dir='ltr'><strong>Sancti</strong></span> <span class='ocrx_word' id='word_1_535' title='bbox 1660 4739 1704 4793; x_wconf 90' lang='lat' dir='ltr'>D</span> 
     </span>
    </p>
   </div>
   <div class='ocr_carea' id='block_1_74' title="bbox 103 4802 1625 4860">
    <p class='ocr_par' dir='ltr' id='par_1_74' title="bbox 103 4802 1625 4860">
     <span class='ocr_line' id='line_1_75' title="bbox 103 4802 1625 4860; baseline -0.002 -3"><span class='ocrx_word' id='word_1_536' title='bbox 103 4803 311 4859; x_wconf 81' lang='lat' dir='ltr'><strong>Cornelii</strong></span> <span class='ocrx_word' id='word_1_537' title='bbox 361 4803 806 4860; x_wconf 85' lang='lat' dir='ltr'><strong>compendiensis,</strong></span> <span class='ocrx_word' id='word_1_538' title='bbox 850 4811 902 4851; x_wconf 91' lang='lat' dir='ltr'><strong>et</strong></span> <span class='ocrx_word' id='word_1_539' title='bbox 946 4802 1239 4853; x_wconf 82' lang='lat' dir='ltr'><strong>monasterii</strong></span> <span class='ocrx_word' id='word_1_540' title='bbox 1281 4804 1455 4855; x_wconf 89' lang='lat' dir='ltr'><strong>Sancti</strong></span> <span class='ocrx_word' id='word_1_541' title='bbox 1502 4806 1625 4855; x_wconf 88' lang='lat' dir='ltr'><strong>Ber-</strong></span> 
     </span>
    </p>
   </div>
   <div class='ocr_carea' id='block_1_75' title="bbox 105 4868 1628 4926">
    <p class='ocr_par' dir='ltr' id='par_1_75' title="bbox 105 4868 1628 4926">
     <span class='ocr_line' id='line_1_76' title="bbox 105 4868 1628 4926; baseline -0.001 -3"><span class='ocrx_word' id='word_1_542' title='bbox 105 4873 236 4926; x_wconf 76' lang='lat' dir='ltr'><strong>nardi</strong></span> <span class='ocrx_word' id='word_1_543' title='bbox 275 4874 339 4926; x_wconf 67' lang='grc' dir='ltr'><strong>Β.</strong></span> <span class='ocrx_word' id='word_1_544' title='bbox 396 4874 465 4924; x_wconf 76' lang='grc' dir='ltr'><strong>Β.</strong></span> <span class='ocrx_word' id='word_1_545' title='bbox 495 4868 557 4921; x_wconf 86' lang='lat' dir='ltr'><strong>P.</strong></span> <span class='ocrx_word' id='word_1_546' title='bbox 588 4870 648 4921; x_wconf 88' lang='lat' dir='ltr'><strong>P.</strong></span> <span class='ocrx_word' id='word_1_547' title='bbox 680 4868 997 4920; x_wconf 79' lang='lat' dir='ltr'><strong>Fuliensitun</strong></span> <span class='ocrx_word' id='word_1_548' title='bbox 1042 4868 1406 4921; x_wconf 83' lang='lat' dir='ltr'><strong>Parisiensium</strong></span> <span class='ocrx_word' id='word_1_549' title='bbox 1438 4873 1628 4922; x_wconf 77' lang='lat' dir='ltr'><strong>habent</strong></span> 
     </span>
    </p>
   </div>
   <div class='ocr_carea' id='block_1_76' title="bbox 106 4934 1626 5015">
    <p class='ocr_par' dir='ltr' id='par_1_76' title="bbox 106 4934 1626 5015">
     <span class='ocr_line' id='line_1_77' title="bbox 106 4934 1626 5015; baseline -0.003 -23"><span class='ocrx_word' id='word_1_550' title='bbox 446 4936 737 4992; x_wconf 70' lang='lat' dir='ltr'><strong>Ohhodoz.</strong></span> <span class='ocrx_word' id='word_1_551' title='bbox 769 4942 820 4987; x_wconf 90' lang='lat' dir='ltr'><strong>et</strong></span> <span class='ocrx_word' id='word_1_552' title='bbox 846 4934 1137 5000; x_wconf 82' lang='lat' dir='ltr'><strong>Loricliius,</strong></span> <span class='ocrx_word' id='word_1_553' title='bbox 1173 4936 1447 4989; x_wconf 79' lang='lat' dir='ltr'><strong>Hunericus</strong></span> <span class='ocrx_word' id='word_1_554' title='bbox 1475 4938 1626 4989; x_wconf 83' lang='lat' dir='ltr'><strong>Nun-</strong></span> 
     </span>
    </p>
   </div>
   <div class='ocr_carea' id='block_1_77' title="bbox 104 5007 1624 5137">
    <p class='ocr_par' dir='ltr' id='par_1_77' title="bbox 104 5007 1624 5137">
     <span class='ocr_line' id='line_1_78' title="bbox 104 5007 1624 5137; baseline 0.001 -16"><span class='ocrx_word' id='word_1_555' title='bbox 104 5007 449 5130; x_wconf 47' lang='lat' dir='ltr'><strong>d&#39;roruxod.</strong></span> <span class='ocrx_word' id='word_1_556' title='bbox 480 5080 534 5123; x_wconf 86' lang='lat' dir='ltr'><strong>ct</strong></span> <span class='ocrx_word' id='word_1_557' title='bbox 569 5066 861 5137; x_wconf 63' lang='lat' dir='ltr'><strong>Lorichius,</strong></span> <span class='ocrx_word' id='word_1_558' title='bbox 890 5071 1150 5121; x_wconf 75' lang='lat' dir='ltr'><strong>sollicitius</strong></span> <span class='ocrx_word' id='word_1_559' title='bbox 1174 5073 1313 5137; x_wconf 85' lang='lat' dir='ltr'><strong>jubet</strong></span> <span class='ocrx_word' id='word_1_560' title='bbox 1343 5088 1445 5124; x_wconf 76' lang='lat' dir='ltr'><strong>esse</strong></span> <span class='ocrx_word' id='word_1_561' title='bbox 1464 5073 1624 5137; x_wconf 87' lang='lat' dir='ltr'><strong>requi-</strong></span> 
     </span>
    </p>
   </div>
   <div class='ocr_carea' id='block_1_78' title="bbox 102 5136 1620 5204">
    <p class='ocr_par' dir='ltr' id='par_1_78' title="bbox 102 5136 1620 5204">
     <span class='ocr_line' id='line_1_79' title="bbox 102 5136 1620 5204; baseline -0.001 -13"><span class='ocrx_word' id='word_1_562' title='bbox 102 5145 285 5196; x_wconf 66' lang='lat' dir='ltr'><strong>rendos.</strong></span> <span class='ocrx_word' id='word_1_563' title='bbox 325 5141 490 5193; x_wconf 72' lang='lat' dir='ltr'><strong>Mart.</strong></span> <span class='ocrx_word' id='word_1_564' title='bbox 528 5144 584 5204; x_wconf 79' lang='lat' dir='ltr'><strong>et</strong></span> <span class='ocrx_word' id='word_1_565' title='bbox 624 5136 827 5204; x_wconf 49' lang='lat' dir='ltr'><strong>Comm,</strong></span> <span class='ocrx_word' id='word_1_566' title='bbox 869 5138 1125 5189; x_wconf 77' lang='lat' dir='ltr'><strong>sollicitius</strong></span> <span class='ocrx_word' id='word_1_567' title='bbox 1163 5141 1457 5204; x_wconf 80' lang='lat' dir='ltr'><strong>requirebat.</strong></span> <span class='ocrx_word' id='word_1_568' title='bbox 1490 5136 1620 5191; x_wconf 84' lang='lat' dir='ltr'><strong>infra</strong></span> 
     </span>
    </p>
   </div>
   <div class='ocr_carea' id='block_1_79' title="bbox 104 5202 1623 5272">
    <p class='ocr_par' dir='ltr' id='par_1_79' title="bbox 104 5202 1623 5272">
     <span class='ocr_line' id='line_1_80' title="bbox 104 5202 1623 5272; baseline 0.006 -22"><span class='ocrx_word' id='word_1_569' title='bbox 104 5222 184 5272; x_wconf 73' lang='grc' dir='ltr'><strong>βω</strong></span> <span class='ocrx_word' id='word_1_570' title='bbox 207 5205 481 5269; x_wconf 60' lang='lat' dir='ltr'><strong>dignust,</strong></span> <span class='ocrx_word' id='word_1_571' title='bbox 505 5202 665 5271; x_wconf 79' lang='lat' dir='ltr'><strong>aliqui</strong></span> <span class='ocrx_word' id='word_1_572' title='bbox 696 5202 881 5257; x_wconf 76' lang='lat' dir='ltr'><strong>habent</strong></span> <span class='ocrx_word' id='word_1_573' title='bbox 904 5206 1163 5257; x_wconf 73' lang='lat' dir='ltr'><strong>destruxit.</strong></span> <span class='ocrx_word' id='word_1_574' title='bbox 1196 5202 1465 5259; x_wconf 76' lang='lat' dir='ltr'><strong>Lorichius</strong></span> <span class='ocrx_word' id='word_1_575' title='bbox 1498 5223 1623 5259; x_wconf 86' lang='lat' dir='ltr'><strong>vero</strong></span> 
     </span>
    </p>
   </div>
   <div class='ocr_carea' id='block_1_80' title="bbox 161 5335 1619 5407">
    <p class='ocr_par' dir='ltr' id='par_1_80' title="bbox 161 5335 1619 5407">
     <span class='ocr_line' id='line_1_81' title="bbox 161 5335 1619 5407; baseline 0.001 -16"><span class='ocrx_word' id='word_1_576' title='bbox 161 5352 183 5381; x_wconf 69' lang='grc' dir='ltr'><strong>ι</strong></span> <span class='ocrx_word' id='word_1_577' title='bbox 218 5344 341 5396; x_wconf 62' lang='lat' dir='ltr'><strong>Haec</strong></span> <span class='ocrx_word' id='word_1_578' title='bbox 358 5356 463 5393; x_wconf 76' lang='lat' dir='ltr'><strong>vox</strong></span> <span class='ocrx_word' id='word_1_579' title='bbox 486 5340 641 5391; x_wconf 89' lang='lat' dir='ltr'><strong>deest</strong></span> <span class='ocrx_word' id='word_1_580' title='bbox 674 5335 724 5386; x_wconf 89' lang='lat' dir='ltr'><strong>in</strong></span> <span class='ocrx_word' id='word_1_581' title='bbox 747 5336 911 5399; x_wconf 83' lang='lat' dir='ltr'><strong>Mart.,</strong></span> <span class='ocrx_word' id='word_1_582' title='bbox 932 5339 1105 5390; x_wconf 88' lang='lat' dir='ltr'><strong>Germ.</strong></span> <span class='ocrx_word' id='word_1_583' title='bbox 1126 5351 1172 5391; x_wconf 85' lang='lat' dir='ltr'><strong>et</strong></span> <span class='ocrx_word' id='word_1_584' title='bbox 1209 5341 1348 5401; x_wconf 87' lang='lat' dir='ltr'><strong>Ful.,</strong></span> <span class='ocrx_word' id='word_1_585' title='bbox 1378 5342 1459 5407; x_wconf 89' lang='lat' dir='ltr'><strong>qui</strong></span> <span class='ocrx_word' id='word_1_586' title='bbox 1488 5341 1619 5392; x_wconf 89' lang='lat' dir='ltr'><strong>infra</strong></span> 
     </span>
    </p>
   </div>
   <div class='ocr_carea' id='block_1_81' title="bbox 104 5407 1619 5470">
    <p class='ocr_par' dir='ltr' id='par_1_81' title="bbox 104 5407 1619 5470">
     <span class='ocr_line' id='line_1_82' title="bbox 104 5407 1619 5470; baseline -0.003 -6"><span class='ocrx_word' id='word_1_587' title='bbox 104 5410 275 5467; x_wconf 76' lang='lat' dir='ltr'><strong>habent</strong></span> <span class='ocrx_word' id='word_1_588' title='bbox 316 5408 639 5462; x_wconf 71' lang='lat' dir='ltr'><strong>Videbat....</strong></span> <span class='ocrx_word' id='word_1_589' title='bbox 668 5418 766 5469; x_wconf 87' lang='lat' dir='ltr'><strong>qua</strong></span> <span class='ocrx_word' id='word_1_590' title='bbox 792 5407 1073 5470; x_wconf 59' lang='lat' dir='ltr'><strong>cupi/litate.</strong></span> <span class='ocrx_word' id='word_1_591' title='bbox 1106 5408 1374 5460; x_wconf 78' lang='lat' dir='ltr'><strong>Lorichius</strong></span> <span class='ocrx_word' id='word_1_592' title='bbox 1400 5423 1522 5460; x_wconf 90' lang='lat' dir='ltr'><strong>vero</strong></span> <span class='ocrx_word' id='word_1_593' title='bbox 1546 5411 1619 5459; x_wconf 82' lang='lat' dir='ltr'><strong>sic</strong></span> 
     </span>
    </p>
   </div>
   <div class='ocr_carea' id='block_1_82' title="bbox 103 5471 1619 5547">
    <p class='ocr_par' dir='ltr' id='par_1_82' title="bbox 103 5471 1619 5547">
     <span class='ocr_line' id='line_1_83' title="bbox 103 5471 1619 5547; baseline 0.002 -24"><span class='ocrx_word' id='word_1_594' title='bbox 103 5478 270 5547; x_wconf 49' lang='lat' dir='ltr'><strong>bam,</strong></span> <span class='ocrx_word' id='word_1_595' title='bbox 295 5485 502 5547; x_wconf 63' lang='lat' dir='ltr'><strong>propter</strong></span> <span class='ocrx_word' id='word_1_596' title='bbox 531 5471 671 5547; x_wconf 68' lang='lat' dir='ltr'><strong>quod</strong></span> <span class='ocrx_word' id='word_1_597' title='bbox 700 5472 851 5547; x_wconf 76' lang='lat' dir='ltr'><strong>magis</strong></span> <span class='ocrx_word' id='word_1_598' title='bbox 889 5486 1181 5527; x_wconf 81' lang='lat' dir='ltr'><strong>memoratus</strong></span> <span class='ocrx_word' id='word_1_599' title='bbox 1213 5488 1449 5542; x_wconf 79' lang='lat' dir='ltr'><strong>tyrannus</strong></span> <span class='ocrx_word' id='word_1_600' title='bbox 1480 5479 1619 5526; x_wconf 85' lang='lat' dir='ltr'><strong>lude-</strong></span> 
     </span>
    </p>
   </div>
   <div class='ocr_carea' id='block_1_83' title="bbox 102 5540 995 5607">
    <p class='ocr_par' dir='ltr' id='par_1_83' title="bbox 102 5540 995 5607">
     <span class='ocr_line' id='line_1_84' title="bbox 102 5540 995 5607; baseline -0.015 -8"><span class='ocrx_word' id='word_1_601' title='bbox 102 5544 173 5599; x_wconf 71' lang='lat' dir='ltr'><strong>bat</strong></span> <span class='ocrx_word' id='word_1_602' title='bbox 224 5546 276 5601; x_wconf 75' lang='lat' dir='ltr'><strong>iis</strong></span> <span class='ocrx_word' id='word_1_603' title='bbox 295 5540 409 5599; x_wconf 54' lang='lat' dir='ltr'><strong>ius</strong></span> <span class='ocrx_word' id='word_1_604' title='bbox 435 5540 712 5607; x_wconf 69' lang='lat' dir='ltr'><strong>displicens</strong></span> <span class='ocrx_word' id='word_1_605' title='bbox 740 5540 868 5602; x_wconf 84' lang='lat' dir='ltr'><strong>quia,</strong></span> <span class='ocrx_word' id='word_1_606' title='bbox 898 5551 995 5593; x_wconf 55' lang='grc' dir='ltr'><strong>(κιρ,</strong></span> 
     </span>
    </p>
   </div>
   <div class='ocr_carea' id='block_1_84' title="bbox 360 5628 889 5719">
    <p class='ocr_par' dir='ltr' id='par_1_84' title="bbox 360 5628 889 5719">
     <span class='ocr_line' id='line_1_85' title="bbox 360 5628 889 5719; baseline -0.013 -26"><span class='ocrx_word' id='word_1_607' title='bbox 360 5638 644 5697; x_wconf 65' lang='grc' dir='ltr'><strong>Ρλοίιοι..</strong></span> <span class='ocrx_word' id='word_1_608' title='bbox 690 5628 889 5719; x_wconf 72' lang='grc' dir='ltr'><strong>ΙΝΠΙ.</strong></span> 
     </span>
    </p>
   </div>
   <div class='ocr_carea' id='block_1_85' title="bbox 1732 3398 3267 3471">
    <p class='ocr_par' dir='ltr' id='par_1_85' title="bbox 1732 3398 3267 3471">
     <span class='ocr_line' id='line_1_86' title="bbox 1732 3398 3267 3471; baseline 0.005 -17"><span class='ocrx_word' id='word_1_609' title='bbox 1732 3400 1915 3454; x_wconf 78' lang='lat' dir='ltr'><strong>Christi</strong></span> <span class='ocrx_word' id='word_1_610' title='bbox 1945 3398 2087 3452; x_wconf 70' lang='lat' dir='ltr'><strong>Iesu.</strong></span> <span class='ocrx_word' id='word_1_611' title='bbox 2118 3401 2337 3467; x_wconf 89' lang='lat' dir='ltr'><strong>Propter</strong></span> <span class='ocrx_word' id='word_1_612' title='bbox 2374 3401 2507 3468; x_wconf 90' lang='lat' dir='ltr'><strong>quod</strong></span> <span class='ocrx_word' id='word_1_613' title='bbox 2554 3404 2716 3471; x_wconf 84' lang='lat' dir='ltr'><strong>magis</strong></span> <span class='ocrx_word' id='word_1_614' title='bbox 2755 3415 2776 3440; x_wconf 77' lang='grc' dir='ltr'><strong>ο</strong></span> <span class='ocrx_word' id='word_1_615' title='bbox 2804 3405 3112 3459; x_wconf 89' lang='lat' dir='ltr'><strong>laudabilior</strong></span> <span class='ocrx_word' id='word_1_616' title='bbox 3157 3424 3267 3461; x_wconf 88' lang='lat' dir='ltr'><strong>me-</strong></span> 
     </span>
    </p>
   </div>
   <div class='ocr_carea' id='block_1_86' title="bbox 1734 3488 3267 3563">
    <p class='ocr_par' dir='ltr' id='par_1_86' title="bbox 1734 3488 3267 3563">
     <span class='ocr_line' id='line_1_87' title="bbox 1734 3488 3267 3563; baseline 0.007 -24"><span class='ocrx_word' id='word_1_617' title='bbox 1734 3498 1963 3541; x_wconf 87' lang='lat' dir='ltr'><strong>moratus</strong></span> <span class='ocrx_word' id='word_1_618' title='bbox 1991 3497 2239 3557; x_wconf 78' lang='lat' dir='ltr'><strong>tyrannus</strong></span> <span class='ocrx_word' id='word_1_619' title='bbox 2269 3488 2543 3542; x_wconf 89' lang='lat' dir='ltr'><strong>videbatur</strong></span> <span class='ocrx_word' id='word_1_620' title='bbox 2568 3509 2580 3542; x_wconf 83' lang='grc'>;</span> <span class='ocrx_word' id='word_1_621' title='bbox 2606 3492 2659 3543; x_wconf 91' lang='lat' dir='ltr'><strong>in</strong></span> <span class='ocrx_word' id='word_1_622' title='bbox 2688 3507 2790 3545; x_wconf 90' lang='lat' dir='ltr'><strong>uno</strong></span> <span class='ocrx_word' id='word_1_623' title='bbox 2819 3493 3121 3560; x_wconf 87' lang='lat' dir='ltr'><strong>displicens,</strong></span> <span class='ocrx_word' id='word_1_624' title='bbox 3150 3499 3267 3563; x_wconf 89' lang='lat' dir='ltr'><strong>quia</strong></span> 
     </span>
    </p>
   </div>
   <div class='ocr_carea' id='block_1_87' title="bbox 1739 3577 3268 3651">
    <p class='ocr_par' dir='ltr' id='par_1_87' title="bbox 1739 3577 3268 3651">
     <span class='ocr_line' id='line_1_88' title="bbox 1739 3577 3268 3651; baseline 0.005 -22"><span class='ocrx_word' id='word_1_625' title='bbox 1739 3577 2007 3642; x_wconf 84' lang='lat' dir='ltr'><strong>cupiditati</strong></span> <span class='ocrx_word' id='word_1_626' title='bbox 2057 3578 2331 3629; x_wconf 87' lang='lat' dir='ltr'><strong>insatiabili</strong></span> <span class='ocrx_word' id='word_1_627' title='bbox 2378 3578 2740 3632; x_wconf 86' lang='lat' dir='ltr'><strong>vehementius</strong></span> <span class='ocrx_word' id='word_1_628' title='bbox 2788 3580 3036 3645; x_wconf 88' lang='lat' dir='ltr'><strong>inhiabat,</strong></span> <span class='ocrx_word' id='word_1_629' title='bbox 3067 3594 3120 3636; x_wconf 89' lang='lat' dir='ltr'><strong>et</strong></span> <span class='ocrx_word' id='word_1_630' title='bbox 3148 3598 3268 3651; x_wconf 88' lang='lat' dir='ltr'><strong>pro-</strong></span> 
     </span>
    </p>
   </div>
   <div class='ocr_carea' id='block_1_88' title="bbox 1736 3668 3268 3738">
    <p class='ocr_par' dir='ltr' id='par_1_88' title="bbox 1736 3668 3268 3738">
     <span class='ocr_line' id='line_1_89' title="bbox 1736 3668 3268 3738; baseline 0.007 -22"><span class='ocrx_word' id='word_1_631' title='bbox 1736 3668 1931 3721; x_wconf 74' lang='lat' dir='ltr'><strong>vincias</strong></span> <span class='ocrx_word' id='word_1_632' title='bbox 1961 3669 2104 3735; x_wconf 89' lang='lat' dir='ltr'><strong>regni</strong></span> <span class='ocrx_word' id='word_1_633' title='bbox 2136 3668 2215 3720; x_wconf 88' lang='lat' dir='ltr'><strong>sui</strong></span> <span class='ocrx_word' id='word_1_634' title='bbox 2240 3669 2398 3719; x_wconf 88' lang='lat' dir='ltr'><strong>variis</strong></span> <span class='ocrx_word' id='word_1_635' title='bbox 2424 3669 2701 3722; x_wconf 82' lang='lat' dir='ltr'><strong>calumniis</strong></span> <span class='ocrx_word' id='word_1_636' title='bbox 2726 3680 2879 3738; x_wconf 88' lang='lat' dir='ltr'><strong>atque</strong></span> <span class='ocrx_word' id='word_1_637' title='bbox 2902 3672 3268 3726; x_wconf 82' lang='lat' dir='ltr'><strong>indictionibus</strong></span> 
     </span>
    </p>
   </div>
   <div class='ocr_carea' id='block_1_89' title="bbox 1737 3757 3359 3827">
    <p class='ocr_par' dir='ltr' id='par_1_89' title="bbox 1737 3757 3359 3827">
     <span class='ocr_line' id='line_1_90' title="bbox 1737 3757 3359 3827; baseline 0.005 -20"><span class='ocrx_word' id='word_1_638' title='bbox 1737 3759 2020 3819; x_wconf 89' lang='lat' dir='ltr'><strong>onerabat;</strong></span> <span class='ocrx_word' id='word_1_639' title='bbox 2051 3766 2105 3809; x_wconf 90' lang='lat' dir='ltr'><strong>ut</strong></span> <span class='ocrx_word' id='word_1_640' title='bbox 2129 3757 2195 3810; x_wconf 91' lang='lat' dir='ltr'><strong>de</strong></span> <span class='ocrx_word' id='word_1_641' title='bbox 2228 3758 2315 3808; x_wconf 87' lang='lat' dir='ltr'><strong>illo</strong></span> <span class='ocrx_word' id='word_1_642' title='bbox 2338 3759 2599 3823; x_wconf 71' lang='lat' dir='ltr'><strong>prmeipue</strong></span> <span class='ocrx_word' id='word_1_643' title='bbox 2620 3759 2905 3812; x_wconf 89' lang='lat' dir='ltr'><strong>diceretur:</strong></span> <span class='ocrx_word' id='word_1_644' title='bbox 2930 3758 2955 3795; x_wconf 74' lang='grc' dir='ltr'>ἀ</span> <span class='ocrx_word' id='word_1_645' title='bbox 2977 3760 3087 3814; x_wconf 81' lang='lat' dir='ltr'><strong>Rex</strong></span> <span class='ocrx_word' id='word_1_646' title='bbox 3112 3778 3269 3827; x_wconf 83' lang='lat' dir='ltr'><strong>egens</strong></span> <span class='ocrx_word' id='word_1_647' title='bbox 3349 3812 3359 3823; x_wconf 83' lang='grc'><em>,</em></span> 
     </span>
    </p>
   </div>
   <div class='ocr_carea' id='block_1_90' title="bbox 1739 3848 3266 3915">
    <p class='ocr_par' dir='ltr' id='par_1_90' title="bbox 1739 3848 3266 3915">
     <span class='ocr_line' id='line_1_91' title="bbox 1739 3848 3266 3915; baseline 0.005 -16"><span class='ocrx_word' id='word_1_648' title='bbox 1739 3861 1955 3913; x_wconf 90' lang='lat' dir='ltr'><strong>magnus</strong></span> <span class='ocrx_word' id='word_1_649' title='bbox 1984 3855 2063 3900; x_wconf 87' lang='lat' dir='ltr'><strong>est</strong></span> <span class='ocrx_word' id='word_1_650' title='bbox 2091 3848 2454 3900; x_wconf 87' lang='lat' dir='ltr'><strong>calumniator.</strong></span> <span class='ocrx_word' id='word_1_651' title='bbox 2481 3848 2629 3901; x_wconf 85' lang='lat' dir='ltr'><strong>Dedit</strong></span> <span class='ocrx_word' id='word_1_652' title='bbox 2652 3857 2823 3903; x_wconf 89' lang='lat' dir='ltr'><strong>autem</strong></span> <span class='ocrx_word' id='word_1_653' title='bbox 2854 3850 3137 3915; x_wconf 86' lang='lat' dir='ltr'><strong>licentiam,</strong></span> <span class='ocrx_word' id='word_1_654' title='bbox 3170 3854 3266 3906; x_wconf 86' lang='lat' dir='ltr'><strong>Ze-</strong></span> 
     </span>
    </p>
   </div>
   <div class='ocr_carea' id='block_1_91' title="bbox 1738 3937 3263 4009">
    <p class='ocr_par' dir='ltr' id='par_1_91' title="bbox 1738 3937 3263 4009">
     <span class='ocr_line' id='line_1_92' title="bbox 1738 3937 3263 4009; baseline 0.006 -24"><span class='ocrx_word' id='word_1_655' title='bbox 1738 3952 1875 3988; x_wconf 90' lang='lat' dir='ltr'><strong>none</strong></span> <span class='ocrx_word' id='word_1_656' title='bbox 1922 3938 2266 4003; x_wconf 87' lang='lat' dir='ltr'><strong>imperatore,</strong></span> <span class='ocrx_word' id='word_1_657' title='bbox 2318 3947 2471 4001; x_wconf 90' lang='lat' dir='ltr'><strong>atque</strong></span> <span class='ocrx_word' id='word_1_658' title='bbox 2504 3948 2525 3972; x_wconf 77' lang='lat'>°</span> <span class='ocrx_word' id='word_1_659' title='bbox 2557 3937 2782 3990; x_wconf 87' lang='lat' dir='ltr'><strong>Placidia</strong></span> <span class='ocrx_word' id='word_1_660' title='bbox 2841 3940 3017 3993; x_wconf 89' lang='lat' dir='ltr'><strong>relicta</strong></span> <span class='ocrx_word' id='word_1_661' title='bbox 3069 3943 3263 4009; x_wconf 90' lang='lat' dir='ltr'><strong>Olybrii</strong></span> 
     </span>
    </p>
   </div>
   <div class='ocr_carea' id='block_1_92' title="bbox 1744 4026 3264 4095">
    <p class='ocr_par' dir='ltr' id='par_1_92' title="bbox 1744 4026 3264 4095">
     <span class='ocr_line' id='line_1_93' title="bbox 1744 4026 3264 4095; baseline 0.006 -21"><span class='ocrx_word' id='word_1_662' title='bbox 1744 4026 2069 4090; x_wconf 88' lang='lat' dir='ltr'><strong>rogantibus,</strong></span> <span class='ocrx_word' id='word_1_663' title='bbox 2118 4035 2172 4076; x_wconf 92' lang='lat' dir='ltr'><strong>ut</strong></span> <span class='ocrx_word' id='word_1_664' title='bbox 2216 4026 2637 4091; x_wconf 86' lang='lat' dir='ltr'><strong>Carthaginensis</strong></span> <span class='ocrx_word' id='word_1_665' title='bbox 2688 4026 2919 4079; x_wconf 85' lang='lat' dir='ltr'><strong>Ecclesia</strong></span> <span class='ocrx_word' id='word_1_666' title='bbox 2969 4029 3065 4081; x_wconf 85' lang='lat' dir='ltr'><strong>sibi</strong></span> <span class='ocrx_word' id='word_1_667' title='bbox 3112 4045 3264 4095; x_wconf 88' lang='lat' dir='ltr'><strong>quem</strong></span> 
     </span>
    </p>
   </div>
   <div class='ocr_carea' id='block_1_93' title="bbox 1737 4113 3267 4185">
    <p class='ocr_par' dir='ltr' id='par_1_93' title="bbox 1737 4113 3267 4185">
     <span class='ocr_line' id='line_1_94' title="bbox 1737 4113 3267 4185; baseline 0.006 -23"><span class='ocrx_word' id='word_1_668' title='bbox 1737 4113 1891 4165; x_wconf 85' lang='lat' dir='ltr'><strong>vellet</strong></span> <span class='ocrx_word' id='word_1_669' title='bbox 1918 4114 2216 4180; x_wconf 89' lang='lat' dir='ltr'><strong>episcopum</strong></span> <span class='ocrx_word' id='word_1_670' title='bbox 2237 4114 2522 4175; x_wconf 89' lang='lat' dir='ltr'><strong>ordinaret,</strong></span> <span class='ocrx_word' id='word_1_671' title='bbox 2550 4130 2667 4180; x_wconf 72' lang='lat' dir='ltr'><strong>quae</strong></span> <span class='ocrx_word' id='word_1_672' title='bbox 2688 4114 2794 4179; x_wconf 88' lang='lat' dir='ltr'><strong>jam</strong></span> <span class='ocrx_word' id='word_1_673' title='bbox 2819 4130 2911 4179; x_wconf 87' lang='lat' dir='ltr'><strong>per</strong></span> <span class='ocrx_word' id='word_1_674' title='bbox 2932 4116 3111 4183; x_wconf 87' lang='lat' dir='ltr'><strong>viginti</strong></span> <span class='ocrx_word' id='word_1_675' title='bbox 3136 4133 3267 4185; x_wconf 81' lang='lat' dir='ltr'><strong>qua-</strong></span> 
     </span>
    </p>
   </div>
   <div class='ocr_carea' id='block_1_94' title="bbox 1734 4200 3121 4268">
    <p class='ocr_par' dir='ltr' id='par_1_94' title="bbox 1734 4200 3121 4268">
     <span class='ocr_line' id='line_1_95' title="bbox 1734 4200 3121 4268; baseline 0.003 -18"><span class='ocrx_word' id='word_1_676' title='bbox 1734 4210 1852 4251; x_wconf 89' lang='lat' dir='ltr'><strong>tuor</strong></span> <span class='ocrx_word' id='word_1_677' title='bbox 1879 4201 1975 4268; x_wconf 80' lang='lat'><strong>13</strong></span> <span class='ocrx_word' id='word_1_678' title='bbox 2006 4213 2169 4253; x_wconf 86' lang='lat' dir='ltr'><strong>annos</strong></span> <span class='ocrx_word' id='word_1_679' title='bbox 2199 4200 2288 4252; x_wconf 88' lang='lat' dir='ltr'><strong>tali</strong></span> <span class='ocrx_word' id='word_1_680' title='bbox 2314 4210 2623 4252; x_wconf 89' lang='lat' dir='ltr'><strong>ornamento</strong></span> <span class='ocrx_word' id='word_1_681' title='bbox 2660 4200 2827 4253; x_wconf 84' lang='lat' dir='ltr'><strong>fuerat</strong></span> <span class='ocrx_word' id='word_1_682' title='bbox 2854 4200 3121 4255; x_wconf 88' lang='lat' dir='ltr'><strong>destituta.</strong></span> 
     </span>
    </p>
   </div>
   <div class='ocr_carea' id='block_1_95' title="bbox 1802 4287 3266 4354">
    <p class='ocr_par' dir='ltr' id='par_1_95' title="bbox 1802 4287 3266 4354">
     <span class='ocr_line' id='line_1_96' title="bbox 1802 4287 3266 4354; baseline 0.003 -13"><span class='ocrx_word' id='word_1_683' title='bbox 1802 4288 1863 4343; x_wconf 89' lang='lat' dir='ltr'><strong>ll.</strong></span> <span class='ocrx_word' id='word_1_684' title='bbox 1904 4287 2155 4340; x_wconf 84' lang='lat' dir='ltr'><strong>Permittit</strong></span> <span class='ocrx_word' id='word_1_685' title='bbox 2198 4288 2418 4353; x_wconf 86' lang='lat' dir='ltr'><strong>episcopi</strong></span> <span class='ocrx_word' id='word_1_686' title='bbox 2455 4288 2837 4340; x_wconf 83' lang='lat' dir='ltr'><strong>ordinationem.</strong></span> <span class='ocrx_word' id='word_1_687' title='bbox 2870 4318 2940 4327; x_wconf 93' lang='lat'><strong>—</strong></span> <span class='ocrx_word' id='word_1_688' title='bbox 2965 4290 3117 4343; x_wconf 82' lang='lat' dir='ltr'><strong>Mittit</strong></span> <span class='ocrx_word' id='word_1_689' title='bbox 3142 4307 3266 4354; x_wconf 77' lang='lat' dir='ltr'><strong>ergo</strong></span> 
     </span>
    </p>
   </div>
   <div class='ocr_carea' id='block_1_96' title="bbox 1732 4378 3262 4448">
    <p class='ocr_par' dir='ltr' id='par_1_96' title="bbox 1732 4378 3262 4448">
     <span class='ocr_line' id='line_1_97' title="bbox 1732 4378 3262 4448; baseline 0.004 -18"><span class='ocrx_word' id='word_1_690' title='bbox 1732 4388 1853 4431; x_wconf 89' lang='lat' dir='ltr'><strong>tunc</strong></span> <span class='ocrx_word' id='word_1_691' title='bbox 1877 4378 1941 4431; x_wconf 90' lang='lat' dir='ltr'><strong>ad</strong></span> <span class='ocrx_word' id='word_1_692' title='bbox 1970 4379 2244 4431; x_wconf 88' lang='lat' dir='ltr'><strong>ecclesiam</strong></span> <span class='ocrx_word' id='word_1_693' title='bbox 2276 4378 2627 4432; x_wconf 81' lang='lat' dir='ltr'><strong>Alexandrum</strong></span> <span class='ocrx_word' id='word_1_694' title='bbox 2658 4380 2934 4444; x_wconf 89' lang='lat' dir='ltr'><strong>illustrem,</strong></span> <span class='ocrx_word' id='word_1_695' title='bbox 2969 4380 3262 4448; x_wconf 89' lang='lat' dir='ltr'><strong>hujusmodi</strong></span> 
     </span>
    </p>
   </div>
   <div class='ocr_carea' id='block_1_97' title="bbox 1733 4466 3265 4535">
    <p class='ocr_par' dir='ltr' id='par_1_97' title="bbox 1733 4466 3265 4535">
     <span class='ocr_line' id='line_1_98' title="bbox 1733 4466 3265 4535; baseline 0.003 -16"><span class='ocrx_word' id='word_1_696' title='bbox 1733 4468 2038 4534; x_wconf 76' lang='lat' dir='ltr'><strong>legationem</strong></span> <span class='ocrx_word' id='word_1_697' title='bbox 2071 4466 2341 4528; x_wconf 81' lang='lat' dir='ltr'><strong>ferentem,</strong></span> <span class='ocrx_word' id='word_1_698' title='bbox 2367 4476 2421 4517; x_wconf 89' lang='lat' dir='ltr'><strong>ut</strong></span> <span class='ocrx_word' id='word_1_699' title='bbox 2452 4468 2501 4517; x_wconf 92' lang='lat' dir='ltr'><strong>in</strong></span> <span class='ocrx_word' id='word_1_700' title='bbox 2535 4468 2810 4533; x_wconf 61' lang='lat' dir='ltr'><strong>praesentia</strong></span> <span class='ocrx_word' id='word_1_701' title='bbox 2837 4468 2951 4535; x_wconf 85' lang='lat' dir='ltr'><strong>ejus</strong></span> <span class='ocrx_word' id='word_1_702' title='bbox 2982 4470 3265 4523; x_wconf 72' lang='lat' dir='ltr'><strong>cathollcus</strong></span> 
     </span>
    </p>
   </div>
   <div class='ocr_carea' id='block_1_98' title="bbox 1731 4553 3261 4620">
    <p class='ocr_par' dir='ltr' id='par_1_98' title="bbox 1731 4553 3261 4620">
     <span class='ocr_line' id='line_1_99' title="bbox 1731 4553 3261 4620; baseline 0.004 -14"><span class='ocrx_word' id='word_1_703' title='bbox 1731 4556 1949 4620; x_wconf 84' lang='lat' dir='ltr'><strong>pOpulus</strong></span> <span class='ocrx_word' id='word_1_704' title='bbox 1983 4554 2191 4620; x_wconf 85' lang='lat' dir='ltr'><strong>dignum</strong></span> <span class='ocrx_word' id='word_1_705' title='bbox 2230 4553 2326 4605; x_wconf 91' lang='lat' dir='ltr'><strong>sibi</strong></span> <span class='ocrx_word' id='word_1_706' title='bbox 2359 4562 2557 4619; x_wconf 90' lang='lat' dir='ltr'><strong>peteret</strong></span> <span class='ocrx_word' id='word_1_707' title='bbox 2595 4554 2946 4619; x_wconf 88' lang='lat' dir='ltr'><strong>sacerdotem,</strong></span> <span class='ocrx_word' id='word_1_708' title='bbox 2992 4559 3261 4612; x_wconf 82' lang='lat' dir='ltr'><strong>destinatis</strong></span> 
     </span>
    </p>
   </div>
   <div class='ocr_carea' id='block_1_99' title="bbox 1799 4736 3237 4803">
    <p class='ocr_par' dir='ltr' id='par_1_99' title="bbox 1799 4736 3237 4803">
     <span class='ocr_line' id='line_1_100' title="bbox 1799 4736 3237 4803; baseline 0.004 -14"><span class='ocrx_word' id='word_1_709' title='bbox 1799 4736 1821 4771; x_wconf 76' lang='grc' dir='ltr'>ά</span> <span class='ocrx_word' id='word_1_710' title='bbox 1864 4739 2007 4791; x_wconf 81' lang='lat' dir='ltr'><strong>Culb.</strong></span> <span class='ocrx_word' id='word_1_711' title='bbox 2037 4741 2087 4799; x_wconf 67' lang='grc' dir='ltr'><strong>εὶ,</strong></span> <span class='ocrx_word' id='word_1_712' title='bbox 2122 4740 2322 4799; x_wconf 68' lang='lat' dir='ltr'><strong>Geram,</strong></span> <span class='ocrx_word' id='word_1_713' title='bbox 2367 4742 2476 4792; x_wconf 81' lang='lat' dir='ltr'><strong>Fui.</strong></span> <span class='ocrx_word' id='word_1_714' title='bbox 2510 4750 2561 4797; x_wconf 86' lang='lat' dir='ltr'><strong>et</strong></span> <span class='ocrx_word' id='word_1_715' title='bbox 2607 4740 2785 4803; x_wconf 58' lang='lat' dir='ltr'><strong>Camp.</strong></span> <span class='ocrx_word' id='word_1_716' title='bbox 2831 4757 2947 4795; x_wconf 74' lang='lat' dir='ltr'><strong>cum</strong></span> <span class='ocrx_word' id='word_1_717' title='bbox 3002 4747 3237 4803; x_wconf 79' lang='lat' dir='ltr'><strong>Loricliin</strong></span> 
     </span>
    </p>
   </div>
   <div class='ocr_carea' id='block_1_100' title="bbox 1740 4797 3261 4882">
    <p class='ocr_par' dir='ltr' id='par_1_100' title="bbox 1740 4797 3261 4882">
     <span class='ocr_line' id='line_1_101' title="bbox 1740 4797 3261 4882; baseline 0.011 -27"><span class='ocrx_word' id='word_1_718' title='bbox 1740 4805 1843 4882; x_wconf 74' lang='lat' dir='ltr'><strong>Rea:</strong></span> <span class='ocrx_word' id='word_1_719' title='bbox 1869 4822 2010 4882; x_wconf 73' lang='lat' dir='ltr'><strong>egens</strong></span> <span class='ocrx_word' id='word_1_720' title='bbox 2040 4797 2295 4882; x_wconf 69' lang='lat' dir='ltr'><strong>reditibus,</strong></span> <span class='ocrx_word' id='word_1_721' title='bbox 2316 4797 2431 4882; x_wconf 12' lang='lat' dir='ltr'><strong>rete.</strong></span> <span class='ocrx_word' id='word_1_722' title='bbox 2468 4810 2616 4882; x_wconf 73' lang='lat' dir='ltr'><strong>Mart.</strong></span> <span class='ocrx_word' id='word_1_723' title='bbox 2642 4819 2690 4859; x_wconf 79' lang='lat' dir='ltr'><strong>et</strong></span> <span class='ocrx_word' id='word_1_724' title='bbox 2713 4797 2859 4860; x_wconf 72' lang='lat' dir='ltr'><strong>Crilh.</strong></span> <span class='ocrx_word' id='word_1_725' title='bbox 2883 4814 2929 4870; x_wconf 74' lang='grc'><strong>1,</strong></span> <span class='ocrx_word' id='word_1_726' title='bbox 2965 4797 3261 4882; x_wconf 36' lang='lat' dir='ltr'><strong>magnos-es;</strong></span> 
     </span>
    </p>
   </div>
   <div class='ocr_carea' id='block_1_101' title="bbox 1734 4875 3257 4943">
    <p class='ocr_par' dir='ltr' id='par_1_101' title="bbox 1734 4875 3257 4943">
     <span class='ocr_line' id='line_1_102' title="bbox 1734 4875 3257 4943; baseline 0.013 -23"><span class='ocrx_word' id='word_1_727' title='bbox 1734 4875 2082 4943; x_wconf 77' lang='lat' dir='ltr'><strong>calumniatus.</strong></span> <span class='ocrx_word' id='word_1_728' title='bbox 2115 4877 2263 4927; x_wconf 83' lang='lat' dir='ltr'><strong>Ortli.</strong></span> <span class='ocrx_word' id='word_1_729' title='bbox 2296 4890 2339 4926; x_wconf 88' lang='lat' dir='ltr'><strong>et</strong></span> <span class='ocrx_word' id='word_1_730' title='bbox 2377 4876 2664 4935; x_wconf 81' lang='lat' dir='ltr'><strong>Loricbius,</strong></span> <span class='ocrx_word' id='word_1_731' title='bbox 2695 4894 2873 4943; x_wconf 71' lang='lat' dir='ltr'><strong>magna</strong></span> <span class='ocrx_word' id='word_1_732' title='bbox 2898 4875 3257 4939; x_wconf 59' lang='grc' dir='ltr'><strong>ςαίίιηῖἰιιιηςειγ⁸</strong></span> 
     </span>
    </p>
   </div>
   <div class='ocr_carea' id='block_1_102' title="bbox 1737 4942 3260 5011">
    <p class='ocr_par' dir='ltr' id='par_1_102' title="bbox 1737 4942 3260 5011">
     <span class='ocr_line' id='line_1_103' title="bbox 1737 4942 3260 5011; baseline 0.01 -20"><span class='ocrx_word' id='word_1_733' title='bbox 1737 4942 1895 4991; x_wconf 81' lang='lat' dir='ltr'><strong>l’orro</strong></span> <span class='ocrx_word' id='word_1_734' title='bbox 1914 4944 2045 5005; x_wconf 88' lang='lat' dir='ltr'><strong>apud</strong></span> <span class='ocrx_word' id='word_1_735' title='bbox 2092 4944 2274 5011; x_wconf 72' lang='lat' dir='ltr'><strong>inedire</strong></span> <span class='ocrx_word' id='word_1_736' title='bbox 2304 4947 2470 4995; x_wconf 69' lang='lat' dir='ltr'><strong>aetatis</strong></span> <span class='ocrx_word' id='word_1_737' title='bbox 2497 4954 2733 4996; x_wconf 87' lang='lat' dir='ltr'><strong>auctores</strong></span> <span class='ocrx_word' id='word_1_738' title='bbox 2763 4942 2872 4998; x_wconf 60' lang='lat' dir='ltr'><strong>haec</strong></span> <span class='ocrx_word' id='word_1_739' title='bbox 2900 4966 2992 5000; x_wconf 71' lang='lat' dir='ltr'><strong>vox</strong></span> <span class='ocrx_word' id='word_1_740' title='bbox 3013 4990 3025 5011; x_wconf 92' lang='lat'><strong>,</strong></span> <span class='ocrx_word' id='word_1_741' title='bbox 3071 4956 3260 5006; x_wconf 76' lang='lat' dir='ltr'><strong>culum-</strong></span> 
     </span>
    </p>
   </div>
   <div class='ocr_carea' id='block_1_103' title="bbox 1733 5010 3259 5083">
    <p class='ocr_par' dir='ltr' id='par_1_103' title="bbox 1733 5010 3259 5083">
     <span class='ocr_line' id='line_1_104' title="bbox 1733 5010 3259 5083; baseline 0.01 -27"><span class='ocrx_word' id='word_1_742' title='bbox 1733 5012 1889 5070; x_wconf 84' lang='lat' dir='ltr'><strong>uiare,</strong></span> <span class='ocrx_word' id='word_1_743' title='bbox 1910 5023 1999 5059; x_wconf 89' lang='lat' dir='ltr'><strong>seu</strong></span> <span class='ocrx_word' id='word_1_744' title='bbox 2030 5010 2342 5083; x_wconf 71' lang='lat' dir='ltr'><strong>calnnmiari,</strong></span> <span class='ocrx_word' id='word_1_745' title='bbox 2378 5013 2512 5064; x_wconf 86' lang='lat' dir='ltr'><strong>idem</strong></span> <span class='ocrx_word' id='word_1_746' title='bbox 2546 5015 2797 5083; x_wconf 80' lang='lat' dir='ltr'><strong>significat</strong></span> <span class='ocrx_word' id='word_1_747' title='bbox 2816 5016 2915 5083; x_wconf 82' lang='lat'><strong>73</strong></span> <span class='ocrx_word' id='word_1_748' title='bbox 2932 5035 2989 5069; x_wconf 84' lang='lat' dir='ltr'><strong>ac</strong></span> <span class='ocrx_word' id='word_1_749' title='bbox 3016 5010 3157 5071; x_wconf 77' lang='lat' dir='ltr'><strong>litem</strong></span> <span class='ocrx_word' id='word_1_750' title='bbox 3185 5024 3259 5071; x_wconf 76' lang='lat' dir='ltr'><strong>in-</strong></span> 
     </span>
    </p>
   </div>
   <div class='ocr_carea' id='block_1_104' title="bbox 1734 5079 3253 5147">
    <p class='ocr_par' dir='ltr' id='par_1_104' title="bbox 1734 5079 3253 5147">
     <span class='ocr_line' id='line_1_105' title="bbox 1734 5079 3253 5147; baseline 0.01 -22"><span class='ocrx_word' id='word_1_751' title='bbox 1734 5084 1954 5147; x_wconf 62' lang='lat' dir='ltr'><strong>tentare,</strong></span> <span class='ocrx_word' id='word_1_752' title='bbox 1978 5092 2068 5127; x_wconf 89' lang='lat' dir='ltr'><strong>seu</strong></span> <span class='ocrx_word' id='word_1_753' title='bbox 2102 5093 2191 5147; x_wconf 85' lang='lat' dir='ltr'><strong>pro</strong></span> <span class='ocrx_word' id='word_1_754' title='bbox 2220 5079 2389 5147; x_wconf 83' lang='lat' dir='ltr'><strong>aliqua</strong></span> <span class='ocrx_word' id='word_1_755' title='bbox 2425 5082 2699 5143; x_wconf 86' lang='lat' dir='ltr'><strong>repetenda</strong></span> <span class='ocrx_word' id='word_1_756' title='bbox 2733 5081 2780 5131; x_wconf 93' lang='lat' dir='ltr'><strong>in</strong></span> <span class='ocrx_word' id='word_1_757' title='bbox 2809 5079 2906 5147; x_wconf 68' lang='lat' dir='ltr'><strong>jus</strong></span> <span class='ocrx_word' id='word_1_758' title='bbox 2935 5101 3137 5139; x_wconf 85' lang='lat' dir='ltr'><strong>vocare.</strong></span> <span class='ocrx_word' id='word_1_759' title='bbox 3168 5090 3253 5139; x_wconf 73' lang='lat' dir='ltr'><strong>Vi-</strong></span> 
     </span>
    </p>
   </div>
   <div class='ocr_carea' id='block_1_105' title="bbox 1731 5142 2580 5213">
    <p class='ocr_par' dir='ltr' id='par_1_105' title="bbox 1731 5142 2580 5213">
     <span class='ocr_line' id='line_1_106' title="bbox 1731 5142 2580 5213; baseline 0.005 -18"><span class='ocrx_word' id='word_1_760' title='bbox 1731 5142 2213 5213; x_wconf 53' lang='lat' dir='ltr'><strong>desisﬁlossarium</strong></span> <span class='ocrx_word' id='word_1_761' title='bbox 2246 5142 2580 5213; x_wconf 77' lang='lat' dir='ltr'><strong>Cztllgiantlm.</strong></span> 
     </span>
    </p>
   </div>
   <div class='ocr_carea' id='block_1_106' title="bbox 1757 5210 3253 5289">
    <p class='ocr_par' dir='ltr' id='par_1_106' title="bbox 1757 5210 3253 5289">
     <span class='ocr_line' id='line_1_107' title="bbox 1757 5210 3253 5289; baseline 0.011 -30"><span class='ocrx_word' id='word_1_762' title='bbox 1757 5280 1768 5289; x_wconf 40' lang='lat'><em>.</em></span> <span class='ocrx_word' id='word_1_763' title='bbox 1800 5219 1822 5245; x_wconf 81' lang='grc' dir='ltr'>ο</span> <span class='ocrx_word' id='word_1_764' title='bbox 1862 5210 1982 5289; x_wconf 58' lang='lat' dir='ltr'><strong>ilice</strong></span> <span class='ocrx_word' id='word_1_765' title='bbox 2024 5220 2135 5289; x_wconf 77' lang='lat' dir='ltr'><strong>erat</strong></span> <span class='ocrx_word' id='word_1_766' title='bbox 2175 5210 2423 5267; x_wconf 67' lang='lat' dir='ltr'><strong>Eudoxize</strong></span> <span class='ocrx_word' id='word_1_767' title='bbox 2456 5216 2696 5268; x_wconf 87' lang='lat' dir='ltr'><strong>llunerici</strong></span> <span class='ocrx_word' id='word_1_768' title='bbox 2729 5222 2903 5289; x_wconf 60' lang='lat' dir='ltr'><strong>uxoris</strong></span> <span class='ocrx_word' id='word_1_769' title='bbox 2932 5235 3104 5280; x_wconf 86' lang='lat' dir='ltr'><strong>soror,</strong></span> <span class='ocrx_word' id='word_1_770' title='bbox 3138 5238 3253 5286; x_wconf 75' lang='lat' dir='ltr'><strong>qum</strong></span> 
     </span>
    </p>
   </div>
   <div class='ocr_carea' id='block_1_107' title="bbox 1728 5279 3251 5355">
    <p class='ocr_par' dir='ltr' id='par_1_107' title="bbox 1728 5279 3251 5355">
     <span class='ocr_line' id='line_1_108' title="bbox 1728 5279 3251 5355; baseline 0.009 -28"><span class='ocrx_word' id='word_1_771' title='bbox 1728 5279 1879 5330; x_wconf 83' lang='lat' dir='ltr'><strong>simul</strong></span> <span class='ocrx_word' id='word_1_772' title='bbox 1909 5293 2022 5355; x_wconf 81' lang='lat' dir='ltr'><strong>cum</strong></span> <span class='ocrx_word' id='word_1_773' title='bbox 2061 5280 2165 5355; x_wconf 69' lang='lat' dir='ltr'><strong>ipsa</strong></span> <span class='ocrx_word' id='word_1_774' title='bbox 2190 5295 2469 5355; x_wconf 78' lang='lat' dir='ltr'><strong>earumque</strong></span> <span class='ocrx_word' id='word_1_775' title='bbox 2500 5295 2663 5355; x_wconf 74' lang='lat' dir='ltr'><strong>matre</strong></span> <span class='ocrx_word' id='word_1_776' title='bbox 2692 5300 2719 5335; x_wconf 91' lang='lat' dir='ltr'><strong>a</strong></span> <span class='ocrx_word' id='word_1_777' title='bbox 2764 5284 3063 5355; x_wconf 77' lang='lat' dir='ltr'><strong>Genscrieo,</strong></span> <span class='ocrx_word' id='word_1_778' title='bbox 3092 5279 3251 5341; x_wconf 51' lang='lat' dir='ltr'><strong>nam&quot;</strong></span> 
     </span>
    </p>
   </div>
   <div class='ocr_carea' id='block_1_108' title="bbox 1726 5346 3251 5417">
    <p class='ocr_par' dir='ltr' id='par_1_108' title="bbox 1726 5346 3251 5417">
     <span class='ocr_line' id='line_1_109' title="bbox 1726 5346 3251 5417; baseline 0.009 -22"><span class='ocrx_word' id='word_1_779' title='bbox 1726 5358 1892 5417; x_wconf 68' lang='lat' dir='ltr'><strong>capta,</strong></span> <span class='ocrx_word' id='word_1_780' title='bbox 1951 5346 2000 5395; x_wconf 94' lang='lat' dir='ltr'><strong>in</strong></span> <span class='ocrx_word' id='word_1_781' title='bbox 2053 5346 2276 5417; x_wconf 68' lang='lat' dir='ltr'><strong>Africam</strong></span> <span class='ocrx_word' id='word_1_782' title='bbox 2320 5350 2535 5401; x_wconf 85' lang='lat' dir='ltr'><strong>abducta</strong></span> <span class='ocrx_word' id='word_1_783' title='bbox 2591 5352 2775 5403; x_wconf 77' lang='lat' dir='ltr'><strong>fuerat.</strong></span> <span class='ocrx_word' id='word_1_784' title='bbox 2807 5354 2877 5404; x_wconf 84' lang='lat' dir='ltr'><strong>De</strong></span> <span class='ocrx_word' id='word_1_785' title='bbox 2910 5355 2984 5404; x_wconf 84' lang='lat' dir='ltr'><strong>his</strong></span> <span class='ocrx_word' id='word_1_786' title='bbox 3028 5357 3168 5417; x_wconf 83' lang='lat' dir='ltr'><strong>plura</strong></span> <span class='ocrx_word' id='word_1_787' title='bbox 3204 5361 3251 5411; x_wconf 84' lang='lat' dir='ltr'><strong>in</strong></span> 
     </span>
    </p>
   </div>
   <div class='ocr_carea' id='block_1_109' title="bbox 1726 5413 3250 5489">
    <p class='ocr_par' dir='ltr' id='par_1_109' title="bbox 1726 5413 3250 5489">
     <span class='ocr_line' id='line_1_110' title="bbox 1726 5413 3250 5489; baseline 0.01 -27"><span class='ocrx_word' id='word_1_788' title='bbox 1726 5413 2107 5489; x_wconf 74' lang='lat' dir='ltr'><strong>commentario</strong></span> <span class='ocrx_word' id='word_1_789' title='bbox 2135 5418 2393 5489; x_wconf 68' lang='lat' dir='ltr'><strong>historico</strong></span> <span class='ocrx_word' id='word_1_790' title='bbox 2423 5420 2589 5489; x_wconf 83' lang='lat' dir='ltr'><strong>capite</strong></span> <span class='ocrx_word' id='word_1_791' title='bbox 2616 5420 2665 5471; x_wconf 79' lang='grc'>6.</span> <span class='ocrx_word' id='word_1_792' title='bbox 2712 5420 2808 5471; x_wconf 85' lang='lat' dir='ltr'><strong>Pro</strong></span> <span class='ocrx_word' id='word_1_793' title='bbox 2838 5413 3064 5472; x_wconf 76' lang='lat' dir='ltr'><strong>Placidia</strong></span> <span class='ocrx_word' id='word_1_794' title='bbox 3110 5424 3250 5477; x_wconf 80' lang='lat' dir='ltr'><strong>Lori-</strong></span> 
     </span>
    </p>
   </div>
   <div class='ocr_carea' id='block_1_110' title="bbox 1724 5482 2547 5544">
    <p class='ocr_par' dir='ltr' id='par_1_110' title="bbox 1724 5482 2547 5544">
     <span class='ocr_line' id='line_1_111' title="bbox 1724 5482 2547 5544; baseline 0.006 -12"><span class='ocrx_word' id='word_1_795' title='bbox 1724 5482 1869 5533; x_wconf 83' lang='lat' dir='ltr'><strong>cltius</strong></span> <span class='ocrx_word' id='word_1_796' title='bbox 1898 5495 2104 5544; x_wconf 86' lang='lat' dir='ltr'><strong>semper</strong></span> <span class='ocrx_word' id='word_1_797' title='bbox 2134 5482 2285 5535; x_wconf 88' lang='lat' dir='ltr'><strong>habet</strong></span> <span class='ocrx_word' id='word_1_798' title='bbox 2332 5482 2547 5538; x_wconf 72' lang='lat' dir='ltr'><strong>Placido.</strong></span> 
     </span>
    </p>
   </div>
   <div class='ocr_carea' id='block_1_111' title="bbox 2915 5643 2952 5700">
    <p class='ocr_par' dir='ltr' id='par_1_111' title="bbox 2915 5643 2952 5700">
     <span class='ocr_line' id='line_1_112' title="bbox 2915 5643 2952 5700; baseline 0 0"><span class='ocrx_word' id='word_1_799' title='bbox 2915 5643 2952 5700; x_wconf 87' lang='lat'><strong>7</strong></span> 
     </span>
    </p>
   </div>
  </div>
