3814 6228
535 286 634 338 ῗυδ

1815 273 2112 328 VICTORIS
2153 272 2442 328 VITENSIS

3574 275 3672 334 201

541 406 738 460 quoque
769 406 861 459 per
896 392 1148 444 notarium
1189 403 1360 451 suum,
1390 386 1598 440 nomine
1624 383 1792 454 [edit.,
1821 379 2055 449 Vitarcd]
2083 385 2131 441 A
2159 380 2430 434 Pecuniam
2471 383 2604 448 apud
2649 398 2766 436 eum
2812 399 3071 452 nunquam
3120 385 3372 440 mansisse
3415 387 3670 454 probatur.

540 480 740 544 Vitarit,
772 479 994 532 odietqu
1023 479 1158 546 quod
1189 477 1390 546 publice
1421 477 1699 543 legeretur,
1729 472 1863 523 hunc
1891 471 2056 523 conti-

541 583 667 621 nens
698 568 899 622 modum
932 586 944 619 :
981 585 998 617 t
1034 568 1192 621 Jussit
1213 567 1358 619 vobis
1387 565 1628 620 dominus
1656 573 1834 616 noster
1863 561 1951 630 [aL
1983 561 2058 612 di-

541 655 679 723 cere]
705 655 823 716 dici,
850 657 966 721 quia
997 654 1274 720 imperator
1298 653 1494 715 Zenon,
1523 660 1575 703 et
1599 649 1914 702 nobilissima
1939 649 2053 700 Pla-

541 744 694 807 cidia,
722 759 811 809 per
839 743 1186 796 Alexandrum
1226 742 1392 793 virum
1431 741 1685 792 illustrem
1721 737 2055 803 scripserunt,

543 840 772 895 petentes
819 840 871 881 ut
916 830 1143 882 Ecclesia
1183 826 1510 893 Carthaginis
1560 823 1825 891 religionis
1871 831 2058 873 vestra:

541 920 803 985 proprium
845 918 1142 986 episcopum
1192 917 1399 969 haheat.
1478 913 1585 965 Hoc
1627 913 1736 965 fieri
1789 910 2057 978 pratcepit;

541 1013 699 1072 atque
738 1005 813 1056 eis
852 1005 1137 1071 rescripsit,
1170 1003 1248 1056 vel
1294 1001 1474 1070 legatis
1508 1002 1571 1052 ab
1608 1001 1683 1052 eis
1706 1000 1916 1052 directis
1959 997 2060 1049 dici

541 1093 710 1160 jussit,
739 1101 794 1143 ut
820 1091 951 1144 sicut
978 1091 1237 1155 petierunt
1270 1090 1415 1141 vobis
1455 1089 1758 1153 episcopum
1787 1099 1940 1153 quem
1973 1098 2062 1136 vo-

544 1181 741 1232 lueritis
769 1179 1045 1241 ordinetis;
1069 1179 1164 1231 sub
1193 1192 1255 1229 eo
1287 1186 1484 1234 tenore.
1509 1185 1564 1227 ut
1586 1184 1772 1227 nostrae
1802 1173 2064 1240 religionis

541 1268 766 1336 episcopi
796 1268 881 1333 qui
907 1265 1042 1333 apud
1069 1262 1564 1330 ConstantinOpolim
1595 1272 1714 1314 sunt
1739 1271 1792 1313 et
1814 1275 1902 1328 per
1935 1259 2063 1311 abas

545 1354 832 1421 provincias
859 1352 1106 1414 Orientis,
1134 1367 1197 1404 ex
1223 1351 1334 1418 ejus
1378 1361 1632 1417 przecepto
1672 1349 1888 1401 liberum
1919 1345 2063 1398 arbi-

545 1440 697 1491 trium
750 1438 970 1492 habeant
1008 1438 1062 1491 in
1111 1428 1354 1491 Ecclesiis
1405 1436 1543 1497 suis,
1583 1435 1767 1502 quibus
1806 1434 2064 1486 νοΙιιι-τὶιιι

546 1525 731 1592 linguis
785 1525 973 1592 pepulo
1025 1534 1050 1560 ⁸
1093 1532 1341 1585 tractare,
1404 1532 1456 1574 et
1515 1522 1676 1588 legem
1723 1518 2062 1574 Christianam

543 1615 714 1668 colere
738 1630 751 1664 :
776 1612 1207 1680 quemadmodum
1240 1627 1330 1663 vos
1353 1610 1455 1672 hic,
1482 1611 1561 1664 vel
1590 1614 1636 1662 in
1667 1609 1782 1661 aliis
1806 1607 2061 1668 ecclesiis,

2156 471 2251 522 nisi
2287 470 2420 523 forte
2458 473 2542 524 tali
2587 473 2710 522 hora
2747 472 3042 537 offerretur,
3075 475 3282 541 quando
3312 475 3416 540 jam
3458 480 3533 531 sol
3574 477 3672 530 diei

2154 559 2417 624 explicans
2446 573 2675 621 cursum,
2711 559 2975 612 nocturnis
3014 561 3240 614 tenebris
3266 563 3504 616 ordinem
3532 563 3674 617 daret

2155 656 2207 699 et
2237 649 2421 699 locum.
2455 647 2671 700 Tantum
2704 647 2795 718 [αι.
2814 650 3019 699 additur
3043 649 3164 720 sibi]
3194 653 3493 704 reservabat
3519 669 3674 718 quatt-

2157 742 2262 785 tum
2315 735 2413 786 diei
2459 734 2740 797 sufficeret,
2786 751 2889 787 tton
2941 746 3186 804 quantum
3232 738 3484 806 cupiditas
3527 755 3676 804 expe-

2157 823 2454 880 tisset.-Deo
2481 832 2658 876 nostro
2681 825 2900 876 Subinde
2921 826 3150 893 quotidie
3171 827 3396 893 ingentia
3418 839 3469 879 et
3491 828 3676 894 majora

2156 911 2399 962 donante.
2447 912 2549 963 Sed
2588 926 2702 964 cum
2741 913 2872 964 fama
2910 913 3023 981 eius
3060 924 3198 967 esset
3232 914 3423 979 ubique
3461 917 3676 968 celebris

2157 1008 2312 1064 atque
2352 999 2644 1061 manifesta,
2691 1010 2962 1067 coeperunt
3002 1002 3196 1055 exinde
3223 1002 3530 1055 Arianorum
3571 1006 3676 1067 epi-

2157 1088 2300 1155 scopi
2325 1087 2513 1141 invidia
2544 1089 2684 1156 gravi
2717 1091 2965 1155 torqueri.
2990 1092 3324 1156 quotidianis,
3347 1101 3401 1144 et
3427 1093 3677 1158 praecipue

2161 1175 2186 1212 δ
2210 1175 2404 1243 Cyrila,
2431 1191 2546 1228 eum
2575 1177 2844 1230 calumniis
2873 1179 3201 1232 insectantes.
3219 1179 3352 1243 Quid
3381 1181 3680 1246 plurimum?

2160 1264 2453 1331 Suggerunt
2493 1266 2594 1331 regi
2625 1266 2688 1317 de
2725 1265 2813 1316 illo
2855 1273 2908 1317 ιιι
2947 1281 3096 1318 suum
3131 1281 3452 1333 nequaquam
3483 1267 3680 1319 sederet

2163 1353 2424 1414 thronum,
2454 1367 2621 1418 neque
2644 1352 2704 1403 ad
2736 1352 2822 1405 Dei
2858 1353 3102 1419 populum
3136 1354 3346 1407 verbum
3368 1355 3558 1407 faceret
3589 1353 3681 1423 ιε

2161 1447 2487 1491 consuetum.
2532 1438 2725 1491 Deinde
2754 1440 2852 1506 (ut)
2878 1453 3208 1506 quoscunque
3236 1455 3406 1493 mares
3433 1442 3514 1494 vel
3543 1443 3681 1494 femi-

2163 1543 2254 1579 nas
2284 1529 2333 1580 in
2360 1529 2530 1581 habitu
2563 1530 2778 1581 barbaro
2818 1530 3115 1583 incedentes
3152 1531 3202 1582 in
3244 1531 3459 1583 ecclesia
3485 1530 3678 1598 conspi-

2163 1627 2324 1682 ceret,
2367 1618 2683 1686 prohiberet.
2728 1619 2813 1672 Ilic
2854 1620 3120 1685 respondit
3163 1628 3218 1672 ut
3256 1620 3448 1672 decuit.
3499 1621 3682 1672 Domus

543 1716 656 1768 quae
683 1701 734 1753 iu
763 1699 1045 1768 provinciis
1070 1699 1325 1752 Africanis
1351 1699 1642 1750 constitutae
1670 1706 1809 1758 sunt,
1841 1695 2059 1747 liberum

2171 1709 2249 1759 Dei
2277 1709 2514 1759 omnibus
2542 1717 2703 1774 patet,
2731 1709 2982 1760 intrantes
3012 1709 3180 1759 nullus
3203 1709 3388 1774 poterit
3417 1707 3677 1775 repellere.

541 1789 810 1844 arbitrium
833 1789 925 1858 [aL
957 1788 1231 1856 habebitis]
1262 1789 1481 1848 habetis,
1515 1787 1564 1838 in
1607 1787 1841 1837 ecclesiis
1880 1783 2065 1836 vestris

544 1879 728 1933 missas
753 1894 927 1946 agere,
957 1880 1035 1930 vel
1068 1889 1308 1940 tractare,
1340 1891 1390 1928 et
1416 1891 1528 1942 quae
1559 1875 1683 1942 legis
1715 1884 1901 1928 vestrae
1925 1882 2062 1935 sunt,
2108 1877 2116 1888 '

543 1965 972 2034 quemadmodum
1000 1966 1172 2029 vultis,
1206 1963 1397 2017 facere.
1448 1965 1572 2016 Nam
1604 1966 1649 2017 si
1679 1965 1774 2018 hoc
1800 1965 1937 2016 circa
1976 1976 2067 2016 eos

546 2069 646 2107 non
669 2056 819 2107 fuerit
865 2052 955 2122 [aL
983 2051 1321 2121 reservatum]
1351 2053 1700 2113 observatum,
1730 2061 1832 2103 tam
1861 2051 2064 2117 episco-

548 2158 643 2210 pus
686 2142 770 2208 qui
811 2143 1078 2193 ordinatus
1125 2141 1280 2192 fuerit
1320 2155 1471 2206 quam
1513 2139 1708 2198 clerici.
1753 2139 1842 2191 sed
1886 2148 1938 2190 et
1979 2137 2066 2189 alii

543 2231 769 2298 episcOpi
795 2245 911 2281 cum
937 2229 1137 2282 clericis
1164 2228 1288 2290 suis,
1314 2232 1400 2295 qui
1430 2228 1480 2279 in
1507 2228 1762 2280 Africanis
1787 2226 2064 2293 provinciis

545 2327 684 2383 sunt,
711 2319 1026 2384 juhehuutur
1054 2319 1186 2368 inter
1203 2316 1405 2368 Mauros
1434 2316 1587 2367 mitti.
1622 2337 1637 2364 ι
1672 2314 1816 2378 Quod
1839 2315 2066 2364 edictum

545 2409 664 2459 dum
704 2407 852 2460 nobis
884 2406 1240 2469 praesentibus,
1273 2411 1458 2469 quarto
1493 2403 1698 2454 decimo
1736 2402 2064 2452 calendarum

544 2497 683 2565 (edit.
701 2509 758 2557 tt,
776 2493 1042 2545 Juniarum
1056 2492 1325 2557 lJuliarum
1350 2491 1602 2541 universae
1619 2487 1864 2540 Ecclesiae
1880 2487 2069 2552 legere-

545 2596 645 2644 tur,
662 2596 869 2649 gemere
889 2581 1138 2645 cmpitnus
1161 2579 1510 2640 mussitantes,
1538 2593 1599 2628 co
1619 2577 1752 2644 quod
1777 2576 2069 2628 meditanti-

547 2675 641 2722 bus
660 2670 806 2721 dolos
828 2669 1076 2719 malorum
1100 2675 1235 2720 esset
1257 2666 1424 2718 futura
1446 2665 1736 2732 persecmio
1755 2674 2063 2731 prmparata.

548 2758 705 2810 Et-ita
737 2757 904 2824 legato
929 2755 1127 2807 dixisse
1171 2755 1490 2820 probamur:
1528 2772 1544 2803 ι
1582 2756 1634 2807 Si
1666 2757 1731 2806 ita
1771 2765 1870 2818 est,
1907 2755 2065 2805 inter-

547 2845 722 2909 positis
766 2845 845 2898 his
887 2843 1268 2897 conditionibus
1318 2843 1640 2908 periculosis,
1689 2843 1798 2893 ba‘c
1833 2841 2065 2893 Ecclesia

543 2936 839 3001 episcopum
889 2949 989 2985 non
1037 2933 1321 2985 delectatur
1372 2931 1580 2984 habere.
1646 2931 1743 3000 [αι.
1780 2926 2064 2994 ϐυὴενίιθι]

2166 1796 2386 1848 Maxime
2409 1796 2525 1860 quia
2564 1795 2742 1861 ingens
2778 1797 2942 1848 fuerat
2976 1797 3249 1850 multitudo
3277 1805 3575 1850 nostrorum
3604 1810 3682 1848 ca-

2165 1883 2497 1946 tholicorum,
2541 1885 2589 1936 in
2623 1883 2799 1936 habitu
2839 1884 3040 1936 illorum
3083 1884 3454 1948 incedentium,
3487 1885 3554 1936 ob
3595 1883 3683 1937 hoc

2163 1972 2296 2040 qu--tl
2328 1971 2499 2024 domui
2539 1972 2693 2037 regiae
2728 1971 3043 2024 serviebant.

2232 2059 2315 2111 IV.
2357 2058 2719 2111 Persecution;
2747 2060 2907 2111 initia.
2938 2088 3008 2099 —-—
3051 2061 3116 2112 At
3144 2059 3228 2112 ubi
3265 2059 3331 2111 ab
3364 2059 3576 2112 homine
3603 2058 3685 2111 Dei

2165 2150 2267 2200 tale
2314 2162 2618 2214 responsum
2663 2148 2897 2211 accepit,
2937 2149 3113 2198 statuit
3157 2147 3208 2199 in
3254 2148 3416 2212 portis
3456 2148 3685 2199 ecclesia)

2163 2235 2402 2286 collocari
2435 2243 2656 2286 tortores
2685 2251 2696 2282 :
2729 2235 2813 2300 qui
2849 2234 3081 2286 videntes
3110 2235 3348 2286 feminam
3379 2235 3459 2285 vel
3488 2247 3684 2286 mascu-

2167 2322 2270 2372 lum
2312 2323 2360 2372 in
2409 2321 2585 2386 specie
2628 2335 2736 2373 sua:
2782 2321 2950 2394 gentis
2996 2321 3340 2384 ambulantes,
3381 2322 3520 2374 illico
3565 2323 3685 2388 palis

2167 2408 2450 2460 minoribus
2491 2407 2713 2459 dentatis
2743 2407 2895 2474 jactis
2943 2409 2991 2459 in
3034 2409 3222 2472 capite,
3265 2408 3600 2473 crinibusque
3639 2411 3685 2460 in

2165 2499 2357 2552 eisdem
2389 2499 2661 2566 colligatis,
2693 2512 2754 2550 ac
2783 2497 3136 2550 vehementius
3174 2497 3508 2565 stringentes,
3540 2499 3685 2550 simul

2165 2602 2278 2638 cum
2309 2587 2506 2652 capillis
2546 2601 2750 2637 omnem
2793 2586 3083 2653 pelliculam
3127 2587 3308 2652 capitis
3361 2587 3683 2638 auferebam.

2167 2675 2406 2726 Nounilli
2437 2684 2628 2734 autem,
2655 2675 2773 2725 dum
2806 2676 2900 2725 hoc
2933 2675 3102 2736 fieret,
3139 2675 3310 2727 statim
3351 2675 3532 2727 oculos
3561 2676 3685 2727 ami-

2167 2767 2362 2822 serunt,
2402 2759 2486 2809 alii
2533 2773 2642 2824 Ipso
2668 2759 2846 2810 dolore
2873 2759 3098 2812 defuncti
3129 2767 3268 2812 sunt.
3295 2759 3539 2813 Mulieres
3567 2776 3687 2813 vero

2169 2857 2284 2913 post
2320 2846 2451 2897 hanc
2498 2860 2720 2911 pmnatn,
2753 2845 3004 2910 Clplllbus
3037 2846 3168 2911 pelle
3207 2846 3410 2898 nudatis
3449 2861 3688 2912 praecone

2170 2945 2426 3000 praeeunte
2454 2948 2543 2999 pcr
2572 2934 2781 2996 plateas,
2813 2933 2875 2984 ad
2907 2936 3253 2986 ostensionem
3285 2934 3442 2985 totius
3469 2931 3687 2986 civitatis

544 3024 806 3076 Gubernat
850 3037 961 3075 eam
1007 3022 1270 3086 Christus,
1315 3022 1402 3089 qui
1453 3037 1658 3086 semper
1703 3021 1940 3088 dignatus
1987 3019 2134 3079 estC
2165 3023 2500 3076 ducebantur.
2542 3023 2686 3087 Quod
2729 3022 2824 3074 sibi
2871 3025 3031 3090 magis
3071 3037 3184 3089 quas
3230 3023 3579 3090 patiebantur,
3617 3023 3688 3076 Iu-

545 3113 849 3178 gubernare.
886 3129 903 3160 ι
952 3111 1112 3174 Quam
1163 3111 1541 3177 suggestionem
1590 3111 1785 3176 legatus
1827 3109 2064 3174 accipere

547 3189 788 3265 neglexit.
834 3197 995 3251 Simul
1025 3207 1075 3251 et
1117 3201 1354 3265 pupulus,
1394 3207 1447 3249 ut
1489 3209 1606 3250 tunc
1650 3200 1811 3259 fieret,
1839 3207 1894 3249 ut
1937 3198 2065 3263 ignis

544 3291 756 3358 exarsit,
799 3291 944 3356 cujus
991 3299 1101 3341 erat
1147 3292 1341 3342 clamor
1391 3273 1750 3352 intolerabilis,
1792 3292 1876 3356 qui
1926 3290 2062 3341 nulla

547 3387 716 3444 posset
744 3380 943 3431 ratione
973 3379 1162 3428 sedari.

614 3468 699 3519 Ill.
740 3467 946 3533 Eugenii
987 3467 1206 3516 virtutes.
1238 3493 1304 3501 —
1339 3465 1586 3516 Ot-dinato
1624 3466 1794 3530 itaque
1823 3465 2067 3528 episcopo

548 3555 802 3621 Eugenio,
834 3555 945 3605 viro
974 3562 1150 3604 sancto
1183 3553 1392 3618 Deoque
1425 3561 1656 3619 accepto,
1687 3553 1920 3604 sublimis
1951 3562 2065 3605 nata

546 3652 625 3696 est
653 3643 845 3705 lzetitia,
878 3649 928 3693 et
955 3642 1193 3706 gaudium
1225 3641 1541 3692 cumulatum
1573 3650 1653 3692 est
1684 3641 1926 3692 Ecclesiae
1957 3641 2062 3692 Dei.

551 3730 784 3782 Exsultat
828 3727 1102 3779 multitudo
1145 3728 1394 3778 catholica
1433 3727 1527 3778 sub
1568 3727 1784 3778 barbara
1828 3728 2064 3779 domina-

548 3820 702 3880 tione,
736 3816 800 3868 de
822 3817 1143 3868 ordinatione
1182 3816 1436 3881 pontiﬁcis
1472 3817 1713 3880 reparati.
1746 3816 1872 3867 Nam
1907 3817 2067 3867 maxi-

551 3920 662 3958 mus
719 3920 965 3957 numerus
1016 3905 1259 3970 juveuum
1312 3915 1465 3966 atque
1535 3904 2064 3961 adolescentularum.

545 3995 748 4046 sibimet
777 3996 825 4046 in
861 4009 1136 4047 commune
1176 3993 1524 4060 congaudens,
1565 3993 1902 4044 attestabatur
1930 3995 2063 4057 quod

549 4098 804 4150 nunquam
849 4085 1063 4134 vidisset
1107 4085 1404 4148 episcopum
1455 4083 1505 4133 in
1553 4083 1738 4132 throno
1778 4083 2063 4133 sedentem.

549 4169 705 4221 Porro
757 4171 843 4222 ille
897 4170 970 4219 vir
1012 4170 1130 4229 Dei,
1179 4168 1419 4219 sacerdos
1470 4169 1728 4231 Eugenius
1775 4168 1932 4233 cmpit
1979 4182 2068 4232 per

543 4257 986 4307 conversationem
1019 4269 1228 4314 operum
1271 4255 1522 4302 bonorum
1555 4253 1864 4303 venerabilis
1896 4263 1948 4303 et
1980 4268 2065 4305 re-

2166 3125 2310 3166 erum
2338 3112 2614 3165 maximum
2643 3111 3029 3177 computabant.
3062 3112 3288 3176 Quorum
3319 3125 3411 3162 nos
3441 3111 3688 3176 plurimos

2165 3202 2429 3262 novimus,
2476 3216 2572 3252 nec
2619 3201 2811 3252 scimus
2849 3200 3070 3264 aliquem
3121 3213 3297 3250 eorum
3344 3207 3485 3259 tunc,
3533 3200 3685 3250 etiam

2168 3290 2332 3354 poenis
2372 3286 2694 3352 urgentibus,
2733 3300 2762 3335 a
2792 3292 2934 3336 recto
2966 3285 3148 3335 itinere
3187 3284 3465 3336 destitisse.
3515 3287 3583 3336 At
3611 3287 3689 3335 ubi

2167 3376 2267 3426 isto
2314 3375 2466 3425 modo
2511 3373 2625 3424 fidei
2674 3372 2952 3437 infringere
2993 3386 3093 3439 non
3145 3371 3305 3423 valuit
3363 3371 3454 3438 [aL
3508 3371 3690 3438 ullum]

2169 3477 2390 3522 murum,
2421 3461 2611 3526 cogitat
2637 3471 2689 3510 ut
2714 3468 2902 3510 nostra:
2933 3457 3198 3526 religionis
3228 3459 3463 3512 homines
3495 3461 3549 3524 in
3577 3462 3688 3513 aula

2168 3553 2278 3616 ejus
2302 3549 2584 3611 constituti,
2620 3563 2785 3614 neque
2809 3549 3044 3610 annonis,
3075 3563 3239 3614 neque
3267 3548 3544 3614 stipendiis
3573 3551 3686 3601 soli-

2170 3643 2231 3692 tis
2257 3641 2565 3706 potirentur.
2603 3640 2808 3700 Addidit
2839 3654 3040 3706 quoque
3067 3649 3118 3692 et
3149 3640 3408 3692 laboribus
3435 3656 3532 3693 eos
3572 3657 3688 3694 (που-

2171 3740 2337 3780 terere
2364 3727 2656 3779 rusticanis.
2690 3727 2870 3792 Dirigit
2898 3729 3034 3778 viros
3063 3728 3308 3792 ingenuos
3333 3736 3384 3779 et
3411 3727 3690 3780 admodum

2168 3817 2415 3868 delicatos
2466 3813 2527 3864 ad
2579 3827 2816 3878 campum
2864 3811 3184 3873 Uticensem,
3231 3821 3284 3863 ut
3330 3813 3425 3863 sub
3461 3817 3692 3865 ardentis

2169 3907 2291 3957 solis
2340 3905 2596 3966 incendio,
2647 3903 2867 3968 cespites
2915 3902 3157 3953 messium
3206 3900 3540 3953 desecarent.
3602 3902 3690 3954 Ubi

2167 4007 2346 4044 omnes
2375 4006 2487 4043 cum
2514 3989 2699 4057 gaudio
2725 3998 3014 4056 pergentes,
3037 3989 3096 4040 in
3120 3987 3338 4039 Domino
3363 3987 3660 4040 laetabantu:
3678 4029 3690 4041 .

2173 4085 2222 4132 In
2257 4094 2472 4147 quorum
2503 4079 2838 4132 contubernio
2880 4079 3086 4146 quidam
3129 4079 3223 4130 fuit
3262 4078 3456 4131 aridam
3499 4077 3694 4132 habens

2170 4181 2408 4225 manum,
2450 4181 2563 4232 qua:
2606 4183 2696 4231 per
2734 4182 2896 4218 annos
2943 4168 3348 4233 quamplurimos
3398 4167 3604 4219 nullum
3651 4168 3692 4218 ei

2172 4253 2478 4320 prmstiterat
2507 4254 2825 4317 obsequium.
2856 4256 2948 4315 Qui
2987 4269 3102 4306 cum
3148 4256 3398 4307 veraciter
3421 4267 3695 4308 excusaret

548 4340 800 4393 verendus
850 4339 1041 4400 haberi,
1075 4343 1228 4389 etiam
1269 4339 1332 4389 ah
1361 4343 1433 4389 eis
1463 4341 1548 4403 qui
1582 4339 1704 4388 l'oris
1732 4349 1882 4400 sunt;
1913 4349 1964 4390 et
2002 4340 2068 4390 ita
2099 4333 2146 4388 D
2171 4356 2226 4390 se
2273 4339 2472 4402 operari
2521 4353 2620 4388 non
2669 4352 2848 4403 posse,
2902 4341 3059 4404 magis
3103 4341 3355 4392 violenter
3393 4341 3578 4404 jussus
3621 4353 3694 4394 est

548 4442 664 4478 esse
694 4429 926 4478 omnibus
956 4440 1150 4493 gratus,
1184 4436 1256 4486 ut,
1290 4427 1329 4477 si
1368 4431 1442 4475 fas
1479 4438 1635 4486 esset,
1674 4427 1895 4477 animam
1923 4441 2068 4478 suam

552 4529 641 4579 pro
669 4514 845 4566 eodem
872 4517 1136 4567 universos
1165 4530 1353 4580 ponere
1375 4517 1676 4566 delectaret.
1704 4516 2070 4582 Eleemosynas

551 4616 751 4667 quoque
781 4603 908 4653 tales
942 4618 1031 4668 per
1069 4618 1183 4653 eum
1222 4604 1468 4654 Dominus
1499 4604 1735 4668 dignatus
1773 4615 1852 4655 est
1882 4604 2068 4663 facere.

550 4705 602 4741 ιιι
651 4691 947 4743 incredibile
998 4693 1229 4744 videatur
1272 4702 1410 4742 tanta
1456 4709 1571 4744 eum
1623 4694 1944 4760 impendere,
1985 4695 2069 4746 ubi

553 4779 814 4839 Ecclesia,
877 4789 1034 4832 totum
1092 4781 1319 4832 barbaris
1388 4784 1713 4845 tenentibus,
1774 4799 1867 4836 nec
1921 4783 2070 4833 unius

550 4866 741 4917 nummi
772 4866 956 4918 habure
987 4870 1316 4932 cognoscitur
1361 4868 1675 4922 facultatem.
1723 4871 2070 4922 Humilitatem

551 4958 597 5004 in
628 4954 734 5012 illo,
768 4954 1051 5015 caritatem,
1085 4957 1327 5018 pietatem
1360 4957 1601 5008 divinitus
1631 4960 1994 5018 condonatam,
2024 4959 2070 5009 si

550 5044 812 5105 quisquam
864 5040 1067 5104 incipiat
1117 5041 1345 5101 laudare,
1405 5058 1504 5092 non
1558 5046 1742 5108 poterit
1787 5045 2068 5110 explicare.

615 5165 637 5190 ι
681 5157 782 5206 llac
809 5168 931 5203 voce
968 5167 1166 5206 veteres
1194 5158 1544 5218 exprimebant
1572 5159 1932 5212 instructiones
1970 5175 2059 5212 seu

547 5223 932 5292 adhortationes
962 5224 1022 5268 ad
1053 5224 1290 5284 populum
1313 5262 1324 5278 ,
1361 5240 1482 5288 quas
1517 5225 1678 5276 Grmci
1713 5228 1861 5292 vulgo
1881 5229 2062 5278 "homi-

551 5293 640 5338 lias
668 5290 942 5346 dicebant,
975 5300 1026 5336 ut
1074 5292 1286 5349 ipsemet
1322 5292 1488 5342 Vtetur
1532 5307 1679 5353 supra
1728 5290 1963 5354 exposuit
2004 5297 2061 5344 Ii-

551 5357 640 5405 bro
667 5372 678 5404 l
701 5395 714 5413 ,
747 5373 883 5406 num.
919 5356 980 5427 3,
1017 5356 1098 5404 ubi
1132 5355 1386 5427 initer‘alia
1418 5362 1579 5427 sancti
1617 5362 1880 5415 Augustini
1905 5376 2059 5427 opera

551 5432 778 5474 trarfnftts
818 5425 1076 5488 populares
1110 5438 1226 5485 quos
1267 5423 1424 5474 (.‘rccci
1464 5426 1688 5476 humilius
1717 5439 1918 5491 vocant,
1943 5423 2060 5482 ine-

553 5498 734 5538 morat.

2174 4441 2406 4492 pergere.
2439 4426 2537 4477 Sed
2570 4426 2653 4475 ubi
2683 4425 2742 4475 ad
2768 4425 2934 4476 locum
2963 4433 3168 4476 ventum
3200 4436 3299 4488 est,
3326 4433 3377 4477 et
3401 4430 3694 4492 praesertim

2172 4530 2264 4580 pro
2299 4530 2360 4566 eo
2399 4514 2594 4565 orando
2642 4515 2996 4572 ingemuerunt
3046 4529 3257 4577 omnes,
3293 4516 3485 4582 pietate
3525 4518 3695 4569 divina

2173 4606 2253 4651 illa
2295 4602 2433 4652 arida
2474 4603 2744 4653 incolumis
2778 4602 3059 4653 confessori
3099 4605 3333 4654 restituta
3371 4612 3447 4653 est
3487 4619 3696 4656 manus.

2174 4691 2300 4740 llinc
2329 4689 2434 4754 jam
2454 4689 2690 4740 Hunerici
2731 4690 3020 4753 persecutio
3055 4688 3246 4740 doloris
3284 4696 3435 4756 atque
3466 4695 3696 4756 parturi-

2174 4778 2324 4828 tionis
2350 4784 2538 4828 nostra:
2563 4778 2779 4840 sumpsit
2816 4777 3035 4828 initium.

2244 4865 2302 4915 ν.
2348 4863 2620 4913 Hunericus
2640 4865 2699 4913 in
2722 4880 2832 4915 suos
2857 4866 3009 4917 stravit.
3033 4893 3100 4902 —-
3123 4863 3235 4931 Ipse
3260 4875 3430 4917 autem
3461 4867 3552 4932 qui
3585 4881 3697 4917 sese

2173 4957 2273 5019 jam
2318 4951 2510 5003 dudum
2552 4952 2786 5004 omnibus
2834 4953 2998 5004 lenem
3044 4954 3357 5014 ostenderat.
3389 4955 3699 5008 desiderans

2178 5052 2289 5109 post
2325 5040 2518 5092 obitum
2545 5054 2692 5090 suum
2723 5040 2856 5104 filiis,
2887 5043 3020 5107 quod
3049 5053 3068 5079 ε
3095 5059 3193 5096 non
3220 5045 3452 5111 contigit,
3479 5060 3696 5112 regnum

2243 5157 2266 5194 δ’
2305 5157 2389 5208 Sic
2413 5165 2471 5227 ut
2510 5155 2792 5227 plurimum_
2814 5157 3073 5227 scribitur.
3103 5159 3202 5210 Alii
3244 5157 3451 5225 Gyrila,
3487 5169 3580 5212 aut
3605 5162 3699 5227 (ἶν-

2167 5227 2311 5275 rileas
2339 5263 2352 5285 ,
2379 5225 2533 5288 aliqui
2574 5234 2724 5274 etiam
2755 5224 3004 5291 Cyrillus;
3037 5237 3085 5277 et
3111 5227 3181 5277 sic
3206 5224 3332 5277 infra
3357 5224 3696 5291 quotiescun-

2168 5309 2265 5409 qua:
2297 5305 2479 5341 nomen
2525 5291 2656 5341 istud
2697 5305 2938 5344 occurrit.
2984 5296 3052 5345 De
3091 5295 3186 5344 hoc
3224 5297 3382 5345 semel
3427 5297 3698 5348 tnonuisse

2166 5379 2222 5411 su
2265 5360 2404 5409 iciat.

2177 5376 2404 5410 illIIICIaI.

2241 5438 2259 5463 ε
2302 5425 2535 5476 Nondum
2567 5441 2738 5477 revera
2769 5428 3069 5490 contigerat,
3099 5442 3212 5478 cum
3237 5426 3367 5477 hanc
3399 5427 3689 5480 Historiam

2169 5494 2418 5547 scriberet
2447 5493 2635 5553 Victor,
2667 5508 2800 5544 anno
2821 5495 3016 5545 scilicet
3042 5495 3169 5557 487;
3199 5493 3288 5546 sed
3310 5505 3490 5554 postea
3525 5503 3696 5547 tamen
