3814 6228
32 94 352 306 τ

63 341 138 392 ens
205 313 212 324 ’
929 330 1011 382 ns
1047 324 1548 383 PERSECUTIONE
1589 318 1953 376 vanosuca
1995 320 2114 372 un.
2159 320 2197 370 u

1877 186 1896 212 0

3031 317 3136 371 205

62 455 253 504 statuere,
271 439 655 502 Theodericum
681 439 884 492 fratrem
916 437 1146 502 ﬁliosque
1173 435 1303 502 ejus,
1332 441 1357 469 ι
1386 435 1519 486 Gen-
1551 440 1595 494 Α
1625 440 1771 498 pater
1800 430 2024 482 moriens
2057 436 2382 482 sacramento
2412 431 2715 496 interpos'to
2743 432 3133 484 commendave-

66 532 247 598 tnnisque
280 530 456 600 fratris
499 526 825 580 nihilominus
866 525 994 576 filios
1033 522 1314 575 crudeliter
1357 522 1518 587 cmpit

64 619 233 688 insequi.
270 619 499 683 Quorum
550 616 742 668 nullum
785 614 1094 674 dimitteret,
1141 611 1239 664 nisi
1283 614 1330 663 el
1377 625 1518 663 mors

64 709 249 761 desiderii
305 708 386 758 sui
451 708 761 758 voluntatem
823 707 1063 753 au‘errct.
1121 699 1291 751 Primo
1349 700 1520 751 sciens

63 813 224 850 uxorem
246 795 548 850 Theudorici
589 793 756 844 fratris
797 800 1034 849 astutam,
1067 780 1241 850 credo,
1282 803 1346 839 ne
1388 789 1518 840 forte

63 884 248 935 maritum
276 891 360 934 aut
389 881 637 947 majorem
664 878 840 938 lilium,
873 876 964 946 [al.
995 874 1103 944 qui]
1142 876 1261 942 quia
1293 875 1518 941 prudens

61 983 97 1024 et
124 973 295 1036 sapiens
332 954 622 1030 videbatur,
672 965 898 1020 consiliis
940 963 1227 1016 acrioribus
1270 962 1519 1014 adversus

61 1075 276 1126 tyrannum
323 1067 581 1122 armaret,
632 1055 846 1109 crimine
892 1054 1154 1118 imposito,
1198 1050 1366 1118 gladio
1403 1064 1516 1103 eam

63 1148 229 1200 interfici
251 1146 408 1213 jubet.
474 1145 746 1210 Postquam
771 1141 1020 1194 occiditur
1055 1149 1106 1193 et
1144 1140 1227 1192 ille
1265 1137 1398 1190 filius
1426 1136 1516 1206 [αι.

61 1235 228 1303 magnis]
275 1247 486 1301 magnus
537 1232 724 1284 litteris
759 1231 1054 1291 institutus,
1104 1227 1188 1279 cui
1235 1224 1515 1279 secundum

60 1324 417 1374 constitutionem
448 1319 474 1357 δ
499 1317 771 1380 Geiserici,
813 1331 876 1369 eo
903 1315 1037 1382 quod
1079 1313 1244 1381 major
1281 1313 1518 1366 omnibus

57 1419 174 1471 esset,
208 1425 406 1477 regnum
448 1411 585 1460 inter
623 1418 832 1473 nepotes
867 1405 1188 1472 potissimum
1215 1402 1514 1455 debebitur.

59 1499 312 1550 Accenditur
380 1497 553 1549 adhuc
611 1494 872 1546 crudelius
934 1492 1125 1558 aliquid
1198 1501 1514 1555 perpetrare.

61 1589 219 1635 ist-ante
254 1583 398 1649 vulgo
435 1583 485 1634 in
518 1579 685 1632 media
713 1579 919 1631 civitate
947 1592 1038 1643 pro
1066 1575 1306 1642 gradibus
1336 1574 1516 1638 plateae

57 1685 180 1731 novae,
205 1671 493 1736 episcopum
523 1682 633 1720 sine
663 1666 944 1731 religionis,
977 1663 1183 1715 nomine
1201 1661 1512 1722 iocundum,

1617 529 1697 571 rat
1720 532 1881 591 :quos
1911 517 1996 568 ille
2020 516 2290 568 immemor
2313 514 2453 580 fidei,
2480 525 2531 570 et
2555 517 2864 571 sacramenti
2891 518 3132 582 violator,

1615 606 1834 658 diversis
1869 605 2035 671 pinnis
2062 609 2115 656 et
2157 601 2404 656 incendiis
2445 605 2736 657 trucidavit.
2778 603 2907 656 Nam
2955 603 3131 657 lleldi—

1615 709 1731 746 cum
1776 692 2072 761 quemdam,
2115 705 2268 758 quem
2309 699 2454 758 pater
2486 692 2597 757 ejus
2633 692 2966 758 praepositum
2993 689 3132 744 fece-

1617 792 1696 833 rat
1729 781 1891 847 regni,
1931 782 2036 842 jam
2073 773 2368 830 veteranum
2407 786 2560 842 atque
2589 791 2861 842 annosum,
2889 792 3004 830 cum
3031 778 3127 831 de-

1617 869 1805 920 decore
1829 868 1996 934 capite
2033 866 2318 928 truncavit;
2363 865 2577 932 ejusque
2613 880 2825 918 uxorem
2864 881 2978 918 cum
3007 866 3129 926 alia,

1617 955 1825 1008 nomine
1868 965 1890 991 °
1937 955 2254 1016 Theucaria,
2301 955 2350 1005 in
2399 953 2571 1007 medio
2617 955 2840 1008 civitatis
2885 955 3129 1008 incendit.

1616 1049 1841 1109 Quarum
1867 1059 2086 1111 corpora
2111 1059 2200 1110 per
2223 1044 2361 1096 vicos
2387 1053 2438 1095 et
2468 1047 2660 1110 plateas
2689 1045 2824 1097 trahi
2849 1045 3126 1104 mandavit,

1617 1150 1730 1198 quae
1771 1144 1875 1186 tota
1915 1133 1999 1186 die
2031 1121 2274 1202 jacentis,
2305 1141 2509 1198 rogatus
2541 1146 2569 1184 a
2612 1133 2720 1185 suis
2757 1133 3012 1200 episcopis
3048 1133 3130 1184 vix

1620 1235 1833 1286 vespere
1878 1221 2084 1287 sepeliri
2130 1219 2406 1273 concessit.
2448 1217 2633 1271 Camut
2672 1233 2892 1286 namque
2936 1219 3129 1271 Heldici

1619 1311 1848 1373 fratrem,
1876 1308 1997 1375 quia
2032 1293 2096 1360 ad
2125 1307 2398 1361 ecclesiam
2432 1322 2610 1361 eorum
2651 1307 2968 1374 confugerat,
2996 1308 3133 1361 occi-

1617 1398 1738 1449 dere
1785 1411 1889 1449 non
1938 1396 2129 1462 potuit;
2173 1410 2326 1463 quem
2373 1402 2541 1448 tamen
2588 1396 2638 1447 in
2676 1395 2789 1447 loco
2828 1394 3128 1447 latrinarum

1615 1485 1779 1556 [Lor.,
1801 1483 2040 1552 obscuro]
2067 1484 2291 1538 obsceno
2324 1482 2597 1547 conclusit,
2622 1484 2884 1548 multoque
2910 1497 3028 1536 eum
3057 1484 3125 1533 ibi

1616 1583 1847 1638 tempore
1892 1572 2082 1639 degere
2119 1572 2314 1623 statuit.
2372 1571 2554 1624 Postea
2594 1586 2709 1626 com
2746 1572 2979 1637 caprario
3008 1584 3133 1637 quo-

1615 1660 1730 1709 dam
1758 1667 1809 1709 et
1839 1660 2048 1723 rustico,
2085 1658 2148 1709 ad
2177 1655 2432 1710 faciendas
2469 1658 2683 1710 scrobes
2707 1657 2871 1710 vineis
2897 1658 3130 1724 profutu-

54 1771 165 1820 quem
193 1766 212 1792 ε
240 1754 578 1824 patriarcbatn
627 1753 914 1805 vocitabant
932 1789 947 1814 ,
993 1751 1238 1817 praecepit
1277 1749 1514 1802 incendio
1549 1752 1589 1807 Β
1616 1761 1696 1796 ras
1721 1745 2081 1798 eondemnavit
2113 1763 2124 1797 :
2153 1758 2285 1812 quos
2306 1745 2459 1797 etiam
2489 1744 2770 1798 duodecies
2798 1760 2888 1812 per
2914 1760 3126 1810 annum,

53 1847 343 1908 concremari,
375 1844 444 1895 ob
483 1843 581 1896 hoc
621 1843 756 1908 quod
794 1843 844 1894 in
885 1842 1039 1895 domo
1063 1839 1367 1893 Theudorici
1395 1853 1513 1906 ger-

55 1933 154 1982 mani
194 1933 315 1998 regis
365 1931 757 1998 acceptissimus
811 1930 1126 1990 habebatur;
1185 1926 1333 1993 cujus
1385 1927 1516 1978 forte

53 2017 240 2085 tuflragio
263 2029 544 2071 memorata
581 2018 764 2070 domus
791 2031 1002 2084 regnum
1035 2024 1236 2081 poterat
1258 2015 1512 2066 obtinere.

55 2109 90 2158 in
135 2124 219 2175 quo
265 2109 541 2176 impietatis
596 2109 794 2162 scelere
845 2107 1072 2158 futurum
1126 2105 1276 2158 nobis
1333 2104 1516 2156 adesse

55 2199 352 2260 prospeximus
389 2196 605 2257 malum,
633 2197 828 2246 aientes
858 2194 1076 2246 invicem
1111 2191 1301 2258 singuli
1330 2190 1510 2242 nobis:

54 2285 121 2344 Qui
145 2284 183 2333 iu
209 2298 292 2336 suo
319 2285 384 2336 ita
408 2283 635 2337 crudelis
658 2283 868 2336 eﬁ‘ectus
895 2294 974 2335 est
1000 2281 1288 2341 sacerdote,
1311 2281 1514 2347 quando

55 2381 195 2421 ucstra
220 2371 468 2437 religioni,
494 2372 574 2423 vel
607 2371 755 2422 nobis
786 2371 1073 2437 parciturus
1096 2377 1176 2420 est
1205 2369 1334 2420 iste?
1373 2362 1516 2419 Tunc

55 2456 316 2510 ctGentonis
343 2460 597 2526 majorem
643 2458 824 2519 lilium,
869 2458 1076 2510 nomine
1115 2455 1360 2522 Godagis,
1396 2468 1512 2508 cum

56 2561 189 2606 uxore,
207 2546 384 2613 absque
405 2545 595 2599 solatio
616 2546 758 2598 servi
781 2554 867 2597 aut
887 2545 1085 2596 ancillae
1109 2543 1303 2596 crudeli
1333 2543 1517 2595 exsilio

55 2633 263 2698 delegavit.
292 2633 526 2686 Fratrem
556 2646 680 2684 vero
706 2632 1107 2696 Theodoricum,
1139 2642 1254 2700 post
1298 2632 1518 2685 occisio-

57 2735 138 2770 netu
164 2723 317 2774 uxoris
345 2731 396 2775 et
428 2720 542 2784 lilii,
567 2720 754 2773 nudum
781 2727 933 2788 atque
956 2721 1257 2772 destitutum
1283 2721 1518 2774 similiter

56 2807 261 2872 relegavit.
299 2811 420 2862 Post
456 2809 608 2874 cujus
647 2817 864 2876 mortem
906 2808 1066 2860 filium
1103 2809 1192 2876 qui
1227 2821 1516 2876 supererat,

56 2893 318 2960 inttntulum,
339 2898 580 2963 duasque
604 2895 732 2947 tilias
759 2897 854 2964 15
877 2895 989 2961 ejus
1005 2895 1226 2959 adultas,
1251 2896 1517 2962 impositas

56 2984 186 3042 asinis,
231 2985 421 3052 longius
469 2984 746 3050 aflligendo
790 2983 1022 3049 projecit.
1069 2983 1170 3036 Sed
1212 2993 1266 3035 et
1303 2983 1519 3036 comites

1618 1835 1665 1885 id
1704 1846 1802 1896 eSt,
1836 1850 1927 1900 per
1955 1834 2186 1901 singulos
2211 1847 2434 1893 menses,
2475 1832 2687 1900 flagellis
2713 1833 3002 1886 crudelibus
3025 1833 3130 1888 dis-

1614 1923 1841 1988 Sipabut;
1871 1928 1954 1974 vix
1977 1923 2178 1976 modico
2201 1936 2367 1990 aquae,
2389 1922 2669 1990 cibariique
2689 1922 2835 1988 panis
2858 1936 3124 1976 concesso.

1617 2012 1721 2062 lloc
1761 2026 1849 2078 per
1876 2013 2104 2078 quinque
2141 2013 2221 2064 vel
2255 2012 2471 2077 amplius
2514 2011 2745 2079 perpessi
2780 2021 2900 2064 sunt
2934 2026 3128 2076 annos;

1612 2108 1795 2174 quibus
1823 2106 1932 2158 haec
1963 2106 2211 2173 supplicia
2241 2107 2489 2171 proficere
2520 2115 2755 2173 poterant
2785 2107 2848 2159 ad
2881 2117 3127 2161 aeternam

1615 2196 1926 2260 mercedem,
1960 2195 2003 2248 si
2031 2194 2270 2248 catholici
2313 2193 2550 2257 fuissent,
2583 2203 2636 2247 et
2662 2193 2782 2247 fidei
2809 2210 2918 2248 suae
2948 2197 3131 2248 merito

1615 2284 1710 2336 ista
1742 2285 2048 2350 perferrent.
2091 2283 2190 2335 Sed
2222 2283 2338 2335 ideo
2364 2283 2496 2335 istud
2528 2283 2681 2336 silere
2708 2285 3048 2350 nequivimus,
3078 2294 3132 2336 ut

1615 2373 1853 2439 impietas
1894 2373 2031 2438 regis
2071 2371 2222 2423 etiam
2264 2371 2313 2423 io
2351 2371 2460 2422 suis
2495 2370 2706 2422 minime
2748 2371 3014 2434 sileretur;
3043 2373 3128 2438 qui

1616 2478 1716 2514 non
1749 2463 1913 2515 solum
1944 2451 2242 2528 episcOpum
2278 2474 2425 2512 suum
2460 2460 2775 2523 Jocundum,
2804 2467 2860 2511 ut
2895 2461 3130 2526 superius

1615 2551 2103 2615 demonstravimus,
2128 2549 2348 2602 ﬂammis
2371 2548 2591 2614 adussit,
2614 2549 2703 2602 sed
2729 2558 2781 2602 et
2805 2550 3130 2618 presbyteros

1613 2649 1666 2692 et
1707 2640 1951 2692 diaconos
1994 2652 2146 2702 suos,
2196 2638 2245 2690 id
2298 2645 2377 2691 est
2415 2637 2633 2690 Arianos
2659 2675 2675 2698 ,
2727 2638 3130 2704 quamplurimas

1615 2727 1861 2791 incendit,
1910 2741 2004 2780 nec
2047 2741 2149 2779 non
2192 2735 2245 2779 et
2291 2726 2472 2779 bestiis
2511 2726 2843 2792 mancipavit.

1687 2816 1769 2867 VI.
1814 2816 2039 2869 Visiones
2059 2824 2173 2866 ante
2198 2815 2599 2883 persecutionem.
2628 2841 2696 2852 —
2722 2815 3010 2880 Amputatis
3038 2815 3131 2879 igi-

1617 2914 1700 2956 tur
1729 2905 1781 2955 in
1806 2903 1953 2956 brevi
1995 2903 2233 2954 omnibus
2261 2915 2390 2967 quos
2419 2899 2650 2962 timebat,
2681 2908 2734 2952 et
2761 2900 2986 2952 solidans
3006 2902 3126 2964 sibi,

1620 2999 1675 3043 ut
1697 2991 1929 3056 putabat,
1956 3004 2190 3055 regnum,
2220 2988 2355 3055 quod
2390 2988 2546 3040 breve
2571 2985 2800 3038 futurum
2827 2996 2938 3040 erat
2965 2997 3013 3040 et
3043 3003 3129 3042 car

55 3070 389 3134 quamplurimos
433 3079 488 3122 ει
538 3069 735 3122 nobiles
779 3070 945 3134 gentis
989 3082 1095 3120 8118
1139 3069 1514 3134 objectioulbus
1545 3062 1588 3119 Ο
1617 3079 1823 3139 ducum,
1855 3077 1994 3128 omni
2023 3091 2086 3127 εχ
2119 3079 2261 3140 parte
2295 3073 2311 3109 ί
2344 3076 2540 3126 alios";
2573 3083 2727 3141 atque
2755 3087 2986 3135 δεουηιε,
3018 3075 3132 3127 uni-

56 3153 157 3205 ξιιιὶε
179 3157 442 3220 insectans,
476 3157 547 3209 ob
575 3157 672 3207 hoc
698 3156 831 3223 quod
863 3170 1112 3223 germano
1139 3170 1231 3208 suo
1256 3157 1510 3220 faverent,

55 3245 148 3294 nios
173 3245 398 3311 incendit,
440 3247 579 3298 alios
617 3245 787 3312 gladio
822 3246 1101 3312 jugulavit;
1135 3246 1364 3299 imitator
1406 3249 1516 3301 exi-

55 3345 153 3384 tiens
175 3332 400 3389 Geiserici
436 3337 623 3402 patris,
653 3339 737 3402 qui
771 3335 848 3386 sui
891 3334 1061 3386 fratris
1104 3349 1314 3388 uxorem
1357 3336 1515 3403 ligato

55 3422 224 3482 pandere
249 3423 492 3488 lapidum,
528 3423 581 3474 in
608 3420 632 3457 ἀ
656 3425 963 3489 Ampsagam
994 3423 1202 3476 ﬂuvium
1227 3425 1513 3478 Cirtensem

55 3504 264 3573 famosum,
286 3511 540 3577 jactando
570 3511 838 3574 demersit,
869 3522 921 3563 et
957 3517 1072 3576 post
1101 3527 1278 3565 necem
1311 3514 1509 3578 matris,

54 3594 162 3644 etiam
187 3595 302 3648 filios
347 3597 638 3650 interfecit.
682 3595 782 3649 Sed
822 3605 874 3650 et
910 3598 1100 3651 multos
1138 3600 1185 3650 ei
1225 3599 1517 3653 Geisericus

53 3769 225 3838 contigit,
267 3772 474 3838 quando
514 3772 776 3823 defunctis
821 3771 1186 3824 Guntamttntlo
1231 3781 1282 3825 et
1332 3775 1516 3828 Trasa-

55 3837 216 3901 mundo,
239 3837 550 3900 llilderictts,
585 3839 817 3891 Hunerici
847 3855 910 3890 ex
945 3840 1170 3891 Eudoxia
1216 3842 1348 3894 filius
1371 3886 1384 3905 ,
1425 3860 1479 3895 re
1507 3872 1516 3876 ι

52 3917 161 3965 gnum
183 3908 430 3971 obtinuit,
488 3920 776 3974 pacemque
827 3906 1047 3974 reddidit
1096 3907 1336 3957 Ecclesia:
1379 3911 1513 3960 Afri-

51 3983 259 4093 εωθιῚῖ
290 3975 451 4027 fusius
488 3971 736 4025 dicemus
760 3974 811 4024 ln
845 3971 1227 4023 Cmnmentario
1268 3974 1510 4026 historico

53 4047 172 4093 ante

53 4047 172 4100 capite

99 4113 118 4137 ⁸
132 4107 209 4156 Alii
225 4106 446 4158 scribunt
465 4103 730 4157 Centauris.
748 4101 986 4165 Orthod.,
1011 4102 1270 4156 Germanis.
1289 4104 1376 4158 Sic
1392 4120 1506 4158 eum

51 4183 201 4233 quoque
222 4175 435 4238 appellat
458 4173 749 4234 Procopius
768 4170 897 4222 libro
917 4186 933 4222 ι
956 4172 1022 4223 de
1044 4173 1184 4223 Bello
1214 4173 1509 4233 Vandalico.

52 4239 108 4304 tibi
133 4244 264 4290 setnel
298 4249 348 4290 et
375 4240 570 4292 iterum
604 4248 922 4290 memoratur
944 4279 958 4299 ,
997 4249 1209 4304 eratque
1251 4243 1512 4294 secundus

51 4303 256 4370 Genseriei
282 4307 429 4359 filios.
463 4313 536 4360 At
565 4305 763 4356 fallitur
790 4306 885 4358 iste
918 4318 1117 4366 auctor,
1140 4309 1223 4370 qui
1258 4313 1370 4360 loco
1399 4310 1508 4360 lau-

51 4369 136 4420 dato
155 4370 437 4425 Theodorum
460 4415 476 4438 ,
511 4375 816 4442 siciquippe
845 4369 1215 4428 Theodericum
1258 4378 1508 4442 appellat,

52 4451 283 4498 postremus:
319 4452 438 4493 natu
463 4457 535 4494 ex
574 4441 827 4494 Geizerici
861 4443 1010 4507 filiis,
1035 4445 1257 4493 neuti-ius
1282 4459 1424 4495 sexus
1450 4445 1510 4492 li-

51 4508 359 4575 terisrrliais,
411 4519 537 4561 ante
586 4520 807 4575 mortem
854 4511 1010 4575 patris
1054 4513 1203 4560 vitam
1251 4512 1512 4574 explevisse

1619 3177 1763 3216 versa
1790 3163 1886 3214 tela
1911 3161 2097 3212 furoris
2126 3161 2173 3212 in
2221 3161 2604 3227 persecutiones
2634 3161 2875 3214 Ecclesiae
2913 3161 3132 3216 catholi-

1617 3267 1710 3315 cte,
1743 3253 1948 3316 rugiens
1991 3250 2123 3302 sicut
2151 3248 2250 3310 leo,
2283 3250 2557 3301 convertit.
2589 3251 2721 3301 Ante
2760 3251 3129 3315 persecutionis

1620 3350 1785 3391 tamen
1817 3346 2193 3404 tempestatem,
2236 3335 2408 3386 multis
2449 3334 2794 3400 praeeuntibus
2845 3336 3126 3394 visionibus

1617 3437 1671 3481 et
1714 3427 1895 3492 signis,
1943 3425 2216 3478 imminens
2258 3423 2665 3476 demonstratum
2701 3421 2868 3476 fuerat
2912 3425 3120 3477 malum.

1619 3516 1745 3568 Nam
1776 3515 1936 3568 ferme
1963 3523 2081 3566 ante
2109 3512 2370 3564 biennium
2392 3526 2544 3580 quam
2574 3511 2740 3573 ﬁeret,
2771 3512 2896 3565 vidit
2919 3513 3125 3580 quidam

1621 3613 1645 3650 ι
1671 3602 1845 3654 Fausti
1869 3601 2140 3654 ecclesiam
2162 3598 2319 3651 solito
2347 3600 2396 3651 in
2426 3609 2609 3652 ornatu
2639 3599 2934 3666 fulgentem,
2961 3601 3129 3654 cereis

1621 3791 1760 3843 pare.
1793 3776 1921 3828 llinc
1955 3787 2128 3844 natum
2159 3774 2209 3827 in
2253 3775 2510 3844 nonnullis
2537 3776 2847 3841 regionibus,
2874 3791 3002 3844 quas
3023 3780 3124 3833 ali-

1617 3845 1821 3911 quando
1850 3844 1922 3895 illi
1948 3843 2187 3904 coluere,
2233 3843 2532 3911 patriarchas
2563 3858 2746 3911 nomen
2765 3885 2780 3907 ,
2809 3845 2942 3908 quod
2967 3848 3121 3899 etiam

1616 3909 1808 3971 posteri
1851 3911 2095 3961 Ecclesiae
2123 3909 2390 3960 catholicas
2433 3909 2744 3960 reconciliati
2782 3911 3122 3966 retinuerunt.

1618 3976 1743 4026 Vide
1775 3975 1869 4025 hac
1890 3977 1954 4024 de
1984 3990 2038 4024 re
2076 3974 2184 4024 fuse
2225 3983 2277 4024 et
2299 3973 2500 4026 erudite
2533 3976 2870 4026 disserentem
2901 3977 3122 4030 Ludovi-

1613 4056 1728 4092 cum
1762 4041 2158 4108 'l‘lioinassinttm
2187 4039 2408 4108 Oratorii
2452 4038 2700 4108 Gallicani
2724 4041 3083 4108 presbyterum
3103 4084 3120 4108 ,

1613 4109 1698 4161 lib.
1728 4121 1918 4184 t‘novfe
1945 4115 1998 4184 et
2034 4106 2255 4184 antiquae
2281 4105 2524 4182 Ecclesia:
2549 4105 2860 4174 Disciplina,
2888 4105 3035 4174 parte
3079 4105 3118 4175 t,

1607 4191 1720 4241 cap.
1748 4175 1836 4235 ‘ll,
1867 4174 2059 4224 Latinae
2085 4174 2340 4224 editionis.
3105 4174 3108 4175 ⁷

1678 4241 1704 4278 ά
1743 4243 1828 4294 Sic
1857 4240 2149 4306 legendum.
2180 4239 2300 4302 Alii,
2338 4239 2603 4307 Ausagam.
2637 4240 2842 4307 Flavius
2872 4242 2954 4294 ille
2981 4258 3118 4298 nunc

1612 4313 1771 4385 patria
1802 4311 1968 4385 lingua
1995 4309 2179 4385 dicitur
2194 4306 2494 4385 Sitifegmati.
2513 4308 2597 4374 qui
2615 4306 2838 4385 Africam
2866 4313 3119 4385 progriam

1609 4375 1635 4428 ἐι
1669 4377 1963 4429 Mauritania
1983 4384 2204 4440 separat.
2231 4376 2308 4442 Oli
2328 4375 2437 4441 ejus
2461 4375 2691 4426 fortassis
2717 4375 3116 4442 magnitudinem

1611 4448 1661 4496 lu
1692 4445 1838 4497 Colb.
1886 4442 1920 4493 Ξ
1957 4451 2009 4494 et
2036 4442 2239 4510 in__edit.
2273 4440 2501 4510 Bhenani
2541 4443 2758 4508 famosus
2794 4440 3124 4510 cognomina-

1612 4522 1714 4575 tur,
1735 4511 1851 4562 aliis
1873 4520 2041 4561 tamen
2065 4508 2250 4559 dicitur
2267 4509 2502 4574 fetulpsus
2526 4521 2611 4559 aut
2628 4508 2879 4573 fecilosusl
2902 4511 3116 4572 Plinius,

53 4574 196 4626 scribit.
218 4575 285 4628 Es
315 4567 412 4628 hoc
437 4578 643 4642 quippe
669 4567 889 4626 Victoris
919 4578 1030 4628 loco
1061 4587 1198 4642 patet
1225 4567 1512 4630 Theodort-
1539 4567 1585 4622 D
1611 4567 1922 4642 Pomponius
1950 4575 2074 4626 Mela
2103 4567 2290 4640 aliique
2316 4567 2580 4635 auctores,
2621 4567 2704 4635 qui
2738 4581 2870 4628 nunc
2906 4567 3116 4630 ﬂuvium

51 4649 133 4690 tum
155 4641 341 4711 ejusque
367 4641 506 4698 filios
535 4641 655 4711 post
689 4643 949 4711 Genserici
979 4641 1194 4696 mortem
1225 4645 1382 4696 fuisse
1420 4660 1508 4696 sue

53 4709 400 4777 Ρεΐὶιῇεσιὶιιιοδ
425 4709 730 4765 llunericus
758 4710 886 4761 adeo
913 4712 1187 4762 crudeliter
1213 4712 1414 4763 afﬂixit.

69 4771 118 4844 ﬁ"
148 4771 569 4844 Ulgléstamento
622 4787 941 4843 pra'ceperat
968 4818 982 4840 ,
1028 4779 1191 4843 inquit
1237 4780 1511 4842 Procopttts

57 4833 310 4897 littrOtHist.
341 4848 593 4904 Vandal..
624 4833 684 4894 'ut
711 4833 916 4908 semper
951 4833 1035 4911 qui
1070 4833 1126 4896 e'x
1157 4845 1263 4896 suis
1295 4833 1514 4910 posteris

59 4911 378 4978 pioorgomnium
410 4927 558 4966 esset
579 4920 766 4970 aetate,
794 4925 1001 4976 regnum
1029 4914 1312 4972 obtineret,
1343 4914 1515 4964 exclu-

58 4975 245 5047 sisetism
276 4982 384 5044 ejus
418 4983 510 5047 qui
541 4987 701 5030 antea
746 4975 1059 5047 regnavisset
1087 4979 1224 5037 filiis.
1254 4981 1295 5031 si
1321 4981 1521 5043 aliquos

59 5039 468 5110 baberentag'natos
495 5049 759 5098 seniores.
785 5039 912 5098 llinc
929 5048 1237 5106 Huntterico,
1273 5061 1372 5098 non
1403 5039 1514 5098 Hil-

59 5107 205 5177 dericus
226 5107 327 5177 ejus
356 5115 516 5175 filius,
543 5113 640 5164 sed
672 5110 1084 5176 Guntamundus,
1114 5113 1298 5166 deinde
1326 5115 1512 5165 Trasa-

61 5175 231 5249 undas
244 5175 403 5245 primo
423 5192 759 5249 successere,
780 5191 950 5240 postea
972 5175 1280 5234 llildericus.
1300 5179 1511 5232 Gilimer

61 5245 202 5316 vultus
219 5245 337 5300 banc
358 5250 528 5316 legem
558 5245 758 5296 violare
772 5259 1040 5316 aggressus
1060 5259 1156 5308 est,
1187 5263 1280 5300 suo
1303 5250 1511 5310 damno,

62 5311 110 5358 Ni
129 5311 318 5380 dicemus
344 5316 392 5365 in
412 5311 817 5380 Commentario
841 5313 1102 5380 liistorico,
1121 5316 1394 5380 fusiusque
1420 5329 1484 5364 ex
1503 5342 1515 5353 -

63 5375 438 5448 Ponit_ProcOpius
470 5383 522 5434 in
557 5378 932 5448 librisduobus
960 5382 1023 5431 de
1054 5382 1193 5433 Bello
1221 5375 1512 5432 Vandalico.

111 5451 128 5478 '
156 5445 397 5503 nam
419 5449 519 5502 fuit
546 5447 693 5513 apud
716 5445 844 5496 istos
861 5449 1090 5512 aliosque
1118 5450 1362 5500 barbaros
1389 5463 1512 5512 pra:-

65 5513 212 5576 dpumn
234 5517 390 5587 gentis
421 5532 536 5572 sua
577 5515 884 5581 episcopum
933 5515 1274 5579 patriarchatn
1322 5529 1516 5568 nuncu-

1613 4653 1924 4706 tnemorant,
1961 4643 2212 4705 nusquam
2241 4642 2315 4694 sic
2341 4655 2457 4692 eum
2489 4643 2837 4708 appellavere:

1684 4722 1705 4747 ο
1745 4711 1864 4762 Haec
1902 4712 1952 4760 in
1981 4723 2106 4760 mss.
2140 4708 2287 4761 Mart.
2307 4748 2320 4768 ,
2351 4708 2524 4761 Germ.
2554 4718 2604 4759 et
2634 4708 2744 4760 Ful.
2783 4709 2970 4762 dicitur
2994 4711 3121 4763 Tlte-

1614 4793 1776 4829 vama
1798 4815 1813 4839 ,
1860 4775 1993 4841 apud
2033 4775 2246 4827 Ortbod.
2278 4785 2326 4828 et
2371 4775 2692 4836 Loricliiuut,
2724 4774 3007 4832 Themaria.
3037 4781 3122 4832 Sit:

1618 4845 1898 4906 Hcldicum,
1945 4843 2032 4910 alii
2063 4841 2323 4910 Hetdicam
2369 4845 2670 4910 appellant,
2720 4852 2770 4894 et
2809 4843 2982 4896 Camut
3012 4852 3123 4910 ejus

1620 4913 1851 4973 fratrem,
1876 4909 2082 4975 quidam
2126 4908 2304 4963 dicunt
2351 4908 2588 4962 Gamutlt.
2628 4910 2915 4976 Loricbius,
2945 4908 3122 4966 Canius

1623 4979 1800 5030 Eildici
1830 4981 2035 5046 fratrem,
2048 5016 2062 5040 ,
2093 4984 2194 5028 etc.

1694 5046 1710 5082 ί
1754 5043 1923 5104 Matt,
1950 5045 2062 5096 Ful.
2093 5052 2144 5095 et
2180 5044 2354 5097 Germ.
2377 5085 2391 5106 ,
2423 5044 2627 5096 otiosus.
2660 5043 2777 5103 Alii,
2802 5047 2938 5098 breve
2964 5048 3122 5113 fuerat

1621 5125 1663 5166 et
1690 5115 1948 5180 caducum,
1971 5113 2109 5180 omni
2127 5126 2186 5163 ea:
2205 5122 2341 5180 parte
2361 5113 2564 5180 otiosus,
2592 5121 2692 5180 etc.

1683 5181 1786 5247 74
1811 5189 1833 5223 8
1871 5177 2399 5247 TresColbq'Mart"
2428 5178 2664 5238 Ortltod.,
2693 5178 2857 5242 Bald.,
2892 5180 3030 5240 Lor.,
3071 5189 3123 5228 et

1617 5245 1814 5305 Surtus,
1847 5247 1919 5296 sic
1946 5245 2149 5314 habent,
2183 5246 2476 5314 fulgentem;
2506 5257 2548 5296 et
2568 5248 2682 5314 dum
2722 5247 3125 5314 rlcetareturtanti

1618 5316 1826 5383 fulgoris
1849 5313 2088 5383 candore,
2113 5311 2488 5383 cereisiquoque
2505 5312 2833 5383 fulgentibus,
2867 5311 3126 5383 palmaque

1620 5380 1926 5440 uelaminum,
1955 5395 2012 5429 ac
2042 5380 2350 5444 lampadibus
2372 5382 2681 5440 rutilantem,
2709 5381 2862 5428 subito
2884 5415 2898 5439 ,
2930 5389 3027 5429 etc.
3064 5380 3127 5430 Et

2210 5463 2268 5498 ue
2297 5446 2386 5498 illa
2407 5447 2679 5498 albatorum
2714 5447 2878 5507 turba,
2906 5454 3008 5497 etc.
3035 5446 3129 5498 Po-

1623 5449 1772 5515 paulo
1799 5446 1926 5497 infra
1958 5463 1969 5496 :
2004 5446 2268 5515 Omnisque
2297 5446 2386 5515 illa
2407 5447 2679 5515 albatorum
2714 5447 3008 5515 turb_a,_etc.
3035 5446 3149 5515 Po»

2203 5524 2323 5578 art.,
2347 5513 2544 5577 Gcrm.,
2563 5512 2700 5576 Ful.,
2727 5520 2780 5566 et
2801 5511 2949 5565 Colb.
2984 5513 3032 5566 l.
3056 5514 3124 5566 At

1622 5519 1816 5568 suimus
1840 5528 1905 5566 ex
1937 5515 1968 5567 4
1999 5527 2125 5567 mss.
