3814 6228
571 241 670 292 εἶίΠ

1840 236 2141 292 VICTORIS
2181 237 2483 294 VITENSIS

3632 239 3727 292 208

573 365 778 418 quoque
803 350 1136 419 fulgentibus,
1168 349 1546 415 palliorumque
1590 349 1845 402 velamine
1890 364 1951 402 ac
1981 350 2111 402 lam-
2138 353 2183 409 Α
2216 367 2372 415 xxvr,
2398 352 2511 417 20).
2549 350 2684 404 Vidit
2711 360 2761 404 et
2791 351 3103 404 venerabilis
3131 349 3320 405 Paulus
3359 349 3623 417 episcopus
3647 365 3726 402 ar-

579 443 793 504 padibus
824 443 1137 493 rutilantem.
1172 441 1234 491 Et
1261 440 1381 490 dum
1410 442 1676 492 lmtarctur
1705 438 1934 492 candere
1984 440 2112 491 tanti

581 530 816 598 fulgoris,
861 532 1054 589 subito,
1098 530 1190 589 ait,
1238 528 1452 579 lmninis
1502 526 1644 579 illius
1689 528 2112 591 concupiscibilis

578 621 859 672 exstinctus
888 627 966 671 est
994 618 1179 684 fulgor,
1222 632 1282 668 ac
1309 616 1539 669 tenebris
1587 614 1983 667 succedentibus
2024 616 2113 664 ad»

578 712 837 766 versarius
864 709 1076 762 naribus
1098 717 1247 759 natus
1274 717 1353 759 est
1373 706 1508 759 fetor
1533 725 1541 757 :
1570 707 1842 773 omnisque
1863 707 1946 758 illa
1974 706 2113 757 alba-

578 812 747 854 torum
786 798 955 855 turba.
986 794 1367 863 expellentibus
1414 792 1723 860 quibusdam
1775 792 2114 859 )EthiOpibus

575 889 769 957 minata
798 897 882 941 est
928 886 1064 937 foras
1094 901 1106 934 :
1140 884 1208 936 ob
1238 884 1335 936 hoc
1361 883 1552 950 jugiter
1598 883 1889 935 lamentans
1915 924 1928 944 ,
1977 881 2112 947 quod

574 991 690 1029 eam
719 978 769 1029 in
811 974 1050 1027 claritate
1079 973 1292 1040 pristina
1338 985 1662 1039 nequaquam
1708 972 1893 1022 viderit
1925 970 2113 1024 iterum

578 1066 891 1118 restitutam.
940 1060 1068 1113 Nam
1100 1059 1351 1112 visionem
1383 1062 1534 1111 istam
1580 1059 1730 1110 nobis
1776 1059 2116 1139 pr;'esentibits

577 1165 760 1207 sancto
806 1152 982 1205 retulit
1027 1149 1277 1216 Eugenio.
1318 1149 1455 1201 Vidit
1495 1158 1546 1202 et
1590 1147 1797 1216 quidam
1848 1148 2117 1215 presbyter

581 1248 745 1312 ipsam
777 1230 949 1296 Fausti
978 1241 1242 1293 basilicam
1272 1239 1517 1293 refertam
1562 1239 1730 1291 turbis
1760 1238 2115 1291 innumerabi-
2146 1258 2157 1267 ·

582 1335 707 1387 lium
737 1330 1065 1397 pepulorum,
1096 1339 1148 1382 et
1177 1337 1293 1395 post
1318 1328 1581 1394 paululum
1609 1339 1934 1390 evacuatam,
1965 1337 2014 1378 et
2038 1342 2120 1379 re-

582 1423 775 1491 pletam
808 1433 1084 1485 porcorum
1126 1404 1456 1469 multitudine
1482 1426 1639 1483 atque
1666 1430 1961 1483 caprarum.
1992 1414 2117 1467 ltettt

581 1511 714 1563 alius
738 1508 865 1561 vidit
892 1522 1065 1560 aream
1095 1506 1347 1559 triticeam
1376 1506 1696 1559 ventilationi
1727 1516 1981 1571 paratam,
2005 1519 2121 1571 gra-

583 1598 663 1651 nis
688 1597 856 1651 adbuc
886 1594 1211 1649 ventilatoris
1236 1594 1433 1660 judicio
1478 1595 1700 1648 necdum
1730 1610 1756 1645 a
1789 1595 1936 1662 palea
1964 1608 2117 1659 sepa-

2213 441 2390 494 borem
2440 456 2605 508 usque
2633 440 2695 492 ad
2740 440 2903 493 caelos
2940 441 3098 492 ramis
3128 439 3431 492 florentibus
3456 447 3724 498 extensatn,

2210 544 2326 595 quae
2355 530 2509 581 etiam
2537 530 2782 582 dilatione
2803 542 2893 580 sua
2924 542 3131 580 omnem
3165 528 3255 597 [αι.
3280 530 3413 579 deest
3439 525 3586 595 pene]
3609 541 3729 593 pene

2213 617 2439 670 Africam
2469 619 2738 684 opacabat.
2768 620 2830 669 Et
2859 632 2974 669 cum
3004 617 3232 670 universi
3262 617 3374 681 ejus
3395 617 3729 684 magnitudine

2214 718 2265 759 ot
2288 707 2621 773 speciositate
2656 708 2980 774 gauderent:
3006 721 3129 760 ecce
3158 707 3351 771 subito,
3395 706 3577 771 inquit,
3606 710 3731 759 venit

2212 797 2391 848 asinus
2421 797 2696 857 violentus,
2729 797 2814 864 qui
2844 797 3107 849 defricans
3132 796 3387 850 cervicem
3418 810 3561 849 suam
3588 808 3731 861 super

2212 885 2371 937 robur
2401 885 2631 937 radicum
2662 886 2796 951 ejus,
2829 888 3056 951 impulsu
3085 900 3181 938 suo
3210 899 3326 936 cum
3356 883 3550 952 ingenti
3576 885 3731 936 sonitu

2215 973 2354 1024 illam
2403 968 2693 1026 mirabilem
2742 974 2982 1027 arborem
3024 974 3163 1027 elisit
3208 974 3272 1025 ad
3319 982 3529 1026 terram.
3571 972 3733 1027 Sedet

2214 1062 2528 1128 Quintianus
2568 1061 2593 1098 ἀ
2648 1063 2967 1116 honorabilis
3006 1065 3280 1132 episcopus
3320 1063 3448 1115 vidit
3496 1076 3552 1117 se
3594 1077 3731 1128 super

2215 1150 2489 1217 quemdam
2522 1142 2755 1205 montem.
2781 1164 2939 1216 stare,
2960 1154 3026 1206 de
3046 1168 3148 1219 quo
3172 1153 3522 1218 conspiciebat
3542 1166 3731 1219 gregem

2218 1238 2674 1291 innumerabilium
2722 1241 2895 1292 ovium
2945 1238 3036 1309 [aL
3078 1240 3279 1291 additur
3322 1238 3571 1309 suarum],
3602 1249 3652 1293 et
3691 1242 3733 1289 in

2218 1329 2391 1381 medio
2416 1329 2591 1396 gregis
2611 1328 2730 1381 duze
2755 1338 2905 1381 erant
2926 1330 3041 1381 ollae
3065 1329 3276 1380 nimium
3300 1327 3594 1385 bullientes.
3616 1328 3735 1381 Ade-

2219 1426 2333 1468 rant
2359 1425 2531 1470 autem
2552 1417 2725 1469 ovium
2752 1416 3033 1478 occisores,
3067 1418 3152 1484 qui
3182 1431 3359 1470 earum
3404 1430 3590 1468 carnes
3628 1416 3735 1467 ollis

2222 1508 2561 1561 bnllientihus
2587 1507 2979 1574 demergebant.
3035 1508 3096 1560 Et
3132 1521 3248 1560 cum
3279 1508 3349 1561 ita
3388 1508 3555 1571 lieret,
3583 1506 3735 1559 omnis

2221 1598 2306 1650 illa
2336 1598 2636 1664 magnitudo
2657 1598 2829 1664 gregis
2871 1605 3177 1663 consumpta
3206 1605 3303 1665 est.
3354 1596 3493 1649 Reor
3517 1610 3610 1663 ego
3636 1595 3736 1647 illas

583 1688 708 1741 ratis
734 1704 746 1740 :
775 1695 829 1741 et
856 1686 977 1739 dum
1011 1685 1235 1753 ingentis
1265 1699 1470 1748 massae,
1501 1686 1620 1737 licet
1646 1684 1898 1746 confusae,
1921 1683 2121 1749 magni—
2152 1676 2193 1731 Β
2221 1686 2351 1739 duas
2380 1687 2533 1748 ollas,
2568 1696 2591 1722 ο
2622 1686 2922 1740 Siccensem
2948 1696 3001 1739 et
3031 1687 3310 1739 Larensem
3336 1686 3465 1739 duas
3486 1700 3600 1740 esse
3630 1687 3737 1739 ciri-

582 1777 835 1830 tudinem'
860 1777 1158 1835 miraretur,
1190 1774 1365 1827 subito
1410 1788 1531 1826 ecce
1579 1773 1731 1826 turbo
1753 1775 1966 1827 veniens
1994 1784 2123 1827 tem-

583 1864 835 1931 pestatis,
895 1863 1144 1929 sonivago
1206 1861 1331 1913 ﬂatu
1403 1863 1559 1927 cmpit
1626 1862 1905 1913 adventum
1972 1876 2121 1915 suum

582 1962 831 2021 surgente
872 1951 1087 2018 pulvere
1132 1950 1515 2002 demonstrare.
1562 1950 1721 2015 Cujus
1750 1954 1944 2018 impetu
1976 1954 2119 2017 palea

584 2044 673 2097 illa
700 2042 872 2096 omnis
896 2043 1110 2094 omnino
1139 2042 1347 2102 volavit,
1373 2042 1762 2095 remanentibus
1780 2044 1976 2109 granis.
2001 2041 2123 2094 Post

585 2133 696 2185 haec
721 2130 861 2183 venit
884 2129 1092 2197 quidam
1125 2144 1393 2199 procerus,
1421 2129 1694 2196 splendido
1724 2132 1890 2195 vultu,
1918 2130 2123 2182 habitu-

582 2242 683 2294 que
710 2226 873 2279 nitido
905 2226 1125 2292 fulgens,
1168 2224 1253 2292 qui
1280 2224 1435 2291 coepit
1466 2238 1623 2291 grana
1655 2238 1817 2276 vacua
1848 2225 2119 2276 macilenta

583 2326 737 2385 atque
763 2317 1039 2384 similagini
1062 2317 1278 2383 reproba
1308 2316 1575 2383 purgando
1597 2316 1871 2380 projicere.
1893 2315 2017 2379 Quae
2035 2315 2122 2365 diu

589 2406 688 2475 16
711 2406 1037 2461 examinans.
1065 2405 1148 2456 vix
1171 2404 1580 2469 magnitudinem
1602 2403 1741 2454 illius
1768 2417 1977 2467 massze,
2004 2403 2133 2467 licet,

584 2496 833 2560 probatur,
867 2494 931 2546 ad
960 2507 1205 2546 acervum
1236 2501 1407 2543 tamen
1436 2491 1672 2557 perduxit
1701 2491 1967 2558 exiguum.
1998 2492 2122 2543 Item

581 2582 716 2635 alius
743 2584 814 2633 ait
843 2600 853 2631 :
886 2580 1064 2633 Stabat
1108 2580 1316 2646 quidam
1368 2579 1647 2645 praecelsus
1681 2593 1837 2646 super
1869 2589 2121 2642 montem,

580 2672 669 2739 qui
694 2679 718 2706 ι
748 2670 1018 2738 Ziquensis
1042 2668 1255 2729 dicitur,
1279 2678 1331 2721 et
1356 2668 1611 2721 clamabat
1633 2669 1845 2722 dextera
1870 2670 2087 2735 levaque
2111 2689 2122 2721 :

583 2740 818 2828 Migraie,
860 2759 1098 2826 migrate.
1135 2758 1282 2809 Alius
1311 2757 1583 2824 conspexit
1614 2744 1849 2825 rugiente
1878 2759 2011 2810 cmlo
2048 2768 2127 2810 at-

581 2864 682 2918 que
710 2848 915 2902 turbato
944 2846 1255 2915 sulphureas
1286 2846 1308 2882 δ
1343 2848 1528 2912 nubes,
1555 2846 1791 2912 ingentes
1822 2847 2019 2915 lapides
2043 2847 2125 2914 ja-

582 2941 742 2993 culari
774 2957 786 2991 :
821 2939 907 3006 qui
939 2938 1136 3005 lapides
1178 2936 1299 2989 dum
1331 2936 1644 2990 cecidissent
1683 2937 1733 2989 in
1764 2946 1977 2994 terram.
2012 2938 2124 3002 plus

582 3030 1017 3089 accendebantur,
1045 3037 1099 3079 et
1119 3028 1403 3093 majoribus
1426 3028 1649 3080 flammis
1672 3027 1945 3093 ardebant,
1970 3037 2125 3094 atque

583 3125 837 3176 intrantes
869 3121 917 3172 in
970 3120 1248 3186 penetralia
1300 3120 1591 3181 domorum,
1638 3134 1770 3186 quos
1817 3120 2125 3171 invenennt

582 3211 946 3267 incendebant.
998 3209 1092 3273 Qui
1144 3217 1314 3259 autem
1357 3208 1503 3274 vid.t,
1536 3212 1625 3272 ait,
1660 3211 1776 3275 quia
1822 3223 1940 3260 cum
1988 3222 2042 3260 se
2070 3208 2120 3259 in

584 3302 805 3372 quodam
833 3301 1073 3363 cubiculo
1098 3297 1476 3355 abscondisset,
1502 3300 1835 3350 miseratione
1863 3297 2033 3348 divina
2061 3297 2125 3349 ad

583 3408 705 3444 eum
735 3392 943 3442 flamma
969 3404 1071 3441 non
1102 3389 1268 3455 potuit
1295 3390 1568 3451 pervenire
1597 3404 1609 3435 :
1641 3401 1759 3438 reor
1778 3395 1837 3437 ut
1862 3386 1985 3438 illud
2009 3400 2127 3451 pro-

585 3480 847 3546 pheticum
872 3478 1221 3543 compleretur
1246 3490 1257 3523 :
1284 3473 1472 3525 Claude
1504 3475 1684 3525 ostium
1715 3482 1874 3533 tuum,
1900 3482 1945 3525 et
1969 3486 1988 3510 ο
2018 3474 2131 3525 abs-

584 3568 793 3620 condere
837 3565 1231 3633 aliquantulum,
1278 3566 1431 3615 donec
1474 3572 1688 3615 transeat
1719 3564 1796 3615 ira
1841 3562 1934 3615 Dei
1975 3563 2125 3630 (Ioui.

584 3740 729 3796 Colb.
779 3742 908 3794 alter
942 3756 1038 3809 pro
1076 3740 1355 3791 albatorum
1392 3737 1883 3809 liabet‘oblalorum.
1917 3736 2118 3801 Chifll.,

586 3812 750 3867 Bald..
780 3810 918 3871 Snr.,
946 3806 999 3862 et
1037 3808 1269 3861 Rhenan.
1295 3845 1310 3869 ,
1336 3822 1451 3857 cum
1482 3806 1630 3859 Colb.
1661 3808 1833 3867 tertio,
1867 3808 2121 3860 beatorum

585 3880 859 3933 Lorichius
894 3878 1144 3929 abbatum.
1176 3878 1247 3928 De
1281 3875 1455 3927 Fausti
1485 3876 1705 3928 ecclesia
1736 3890 1889 3941 supra
1920 3878 2121 3943 egimus

585 3958 704 4002 nota
729 3947 797 4002 25
817 3946 947 4017 (Col.
977 3948 1169 4017 191,11.
1198 3944 1268 4012 ι’).

653 4026 678 4053 ι·
718 4012 1027 4070 Memoratur
1073 4015 1254 4067 civitas
1315 4012 1647 4078 Ziquensium
1698 4014 1748 4065 in
1798 4012 2013 4077 Africa,
2070 4013 2119 4065 in

584 4086 800 4151 epistola
827 4084 1153 4147 Constantini
1177 4083 1342 4151 Magni
1372 4082 1433 4132 ad
1466 4082 1797 4151 Probianum,
1829 4083 1958 4133 sicut
1989 4093 2041 4134 et
2068 4084 2117 4133 in

586 4150 893 4219 P’urgationc
914 4151 1196 4203 Caeciliani.
1220 4150 1478 4219 Caeterum
1520 4150 1789 4201 Lorichius
1818 4151 1973 4203 habet
1995 4190 2006 4210 ,
2041 4166 2122 4201 su-

588 4234 679 4288 pra
698 4217 919 4288 moment
943 4220 1138 4288 Domini
1157 4257 1178 4288 ,Α
1201 4220 1284 4280 qui
1309 4217 1705 4288 Ziqttensisﬁtc.

656 4285 683 4323 δ
720 4286 870 4338 Colb.
896 4286 951 4348 ‘2,
978 4284 1118 4343 Ful.,
1146 4286 1343 4341 Germ,
1377 4283 1545 4337 Mart..
1579 4284 1837 4342 llltcnan.,
1867 4284 2041 4343 Orth.,
2069 4293 2121 4335 et

592 4352 731 4416 Snr.,
750 4352 941 4403 habent
962 4351 1109 4401 nubes
1132 4366 1242 4417 quo:
1268 4352 1483 4416 ingentes
1512 4360 1757 4417 cwperunt
1781 4350 1991 4415 lapides.
2016 4360 2121 4401 etc.

590 4406 761 4481 Colb.,
783 4421 835 4481 1,
854 4406 1159 4485 Sulphureas
1183 4406 1670 4484 ingcn‘lesqttenubes,
1695 4425 1797 4470 etc.
1830 4406 2120 4479 Lorichius,
2154 4406 2199 4461 D

592 4492 810 4540 turbatas
836 4489 1127 4556 sulphureas
1155 4490 1450 4551 nubes,qute
1478 4485 1702 4549 ingentes
1725 4496 1993 4556 cmperunt,
2024 4498 2125 4538 etc.

666 4570 686 4595 ε
725 4555 870 4610 Colb.
897 4554 931 4608 2
962 4567 1013 4610 et
1043 4557 1299 4617 Rhenum,
1330 4557 1573 4605 absconde
1597 4564 1643 4605 te
1664 4554 1921 4619 pusillum,
1947 4564 2051 4606 etc.

663 4627 690 4664 ά
732 4627 877 4678 Hunc
913 4625 1057 4678 Colb.
1089 4628 1111 4677 1
1139 4632 1191 4676 et
1210 4624 1332 4676 editi
1363 4625 1395 4673 2
1428 4622 1802 4683 Quinliniannm
1834 4624 2123 4687 appellant;

596 4710 749 4765 quem
772 4694 1063 4765 Siccensem
1091 4692 1387 4765 episco'ium
1410 4691 1566 4744 fuisse
1588 4700 1772 4765 censet
1784 4692 1857 4765 13a
1862 4692 2046 4765 ςίιῃξιις
2076 4692 2125 4765 i_n_

601 4760 736 4818 nolis
765 4763 829 4815 ad
866 4762 1282 4828 Martyrolomum
1318 4761 1605 4811 Romanum
1635 4761 1719 4814 die
1746 4760 1815 4811 ‘25
1860 4760 2001 4821 Maii,
2044 4760 2125 4811 ubi

597 4850 716 4887 cum
742 4832 932 4883 sanctis
962 4830 1109 4881 Lucio
1130 4839 1181 4881 et
1218 4828 1424 4880 Iuliano
1456 4831 1502 4878 in
1535 4832 1893 4888 persecutione
1927 4829 2128 4879 Vanda.

597 4905 691 4954 lica
717 4913 898 4964 passus
922 4898 1124 4950 dicitur.
1156 4897 1258 4949 Sed
1285 4897 1349 4948 de
1376 4896 1453 4947 his
1477 4897 1686 4949 inferius
1707 4900 1847 4963 plura
1869 4896 2123 4956 dicemus,

596 4970 681 5022 ubi
724 4968 790 5021 de
842 4968 1194 5032 persecutione
1228 4964 1590 5027 Guntabundi,
1641 4968 1693 5017 in
1732 4966 2126 5020 Commentario

599 5038 847 5089 historico
868 5036 1033 5097 capite
1063 5035 1146 5086 10.

669 5114 691 5140 ε
730 5104 817 5155 Sic
843 5100 989 5153 Colb.
1022 5104 1075 5161 2,
1104 5102 1279 5153 Germ.
1304 5142 1316 5163 ,
1349 5101 1487 5151 Part.
1513 5141 1525 5160 ,
1553 5101 1699 5152 Mart.
1720 5143 1732 5159 ,
1761 5116 1878 5153 cum
1907 5100 2127 5153 Ortltod.

604 5182 653 5224 el
681 5171 941 5224 Lorichio.
974 5170 1073 5221 Sed
1106 5171 1249 5221 Colb.
1286 5173 1307 5219 1
1339 5179 1390 5220 et
1435 5168 1568 5233 Ful.,
1600 5180 1712 5231 post
1744 5170 2010 5221 Lareusem
2040 5170 2129 5221 ad-

603 5243 727 5291 dunt
774 5237 1003 5288 Laribus.
1055 5238 1117 5286 At
1163 5236 1309 5287 Colb.
1358 5236 1697 5306 1_._thcnan.,
1726 5236 1920 5306 Chilfl.,
1958 5239 2128 5306 Bign.,

606 5308 756 5377 83Ιάζ
776 5316 827 5357 et
856 5305 997 5366 Snr.,
1037 5306 1183 5377 ollas,
1216 5307 1345 5377 sicca
1382 5304 1606 5377 Veneria,
1638 5314 1683 5354 et
1716 5305 1939 5377 Laribus,
1977 5304 2124 5369 duas,

602 5384 703 5424 etc.
727 5374 861 5423 Sunt
883 5380 1051 5421 autem
1078 5371 1225 5423 Sicca
1248 5371 1461 5423 Veneria
1491 5380 1541 5421 et
1568 5371 1725 5423 Lares
1751 5371 1983 5427 civitates
2013 5377 2127 5427 duae

604 5439 725 5490 olim
755 5437 1087 5508 episcOpales
1121 5442 1170 5489 in
1198 5437 1364 5508 Africa
1395 5440 1767 5508 proconsulari.
1802 5443 1994 5494 Prioris
2021 5444 2129 5508 epi-

603 5504 1114 5570 scottus’subscripsit
1142 5504 1367 5570 epistolae
1384 5506 1644 5571 synodicx
1668 5508 1870 5561 Patrum
1895 5504 2124 5577 ejusdem

2226 1786 2375 1837 tates,
2402 1775 2452 1827 in
2478 1775 2669 1842 quibus
2699 1776 2979 1828 multitudo
3009 1776 3177 1843 prima
3215 1775 3383 1829 fuerat
3426 1785 3737 1844 congregata.

2223 1874 2325 1918 et‘a
2355 1865 2544 1933 quibus
2573 1865 2871 1918 incendium
2904 1864 3107 1917 initium
3136 1866 3394 1930 sumpsit;
3424 1875 3512 1917 aut
3542 1865 3737 1918 Huneri-

2223 1972 2339 2009 cum
2372 1970 2567 2024 regem,
2596 1964 2648 2009 et
2674 1955 2902 2023 Cyrilam
2943 1954 3239 2023 episcopum
3262 1955 3395 2021 ejus.
3423 1955 3523 2010 Sed
3548 1954 3611 2007 de
3634 1955 3738 2007 mul-

2224 2044 2288 2096 tis
2318 2044 2620 2107 visionibus,
2648 2043 2764 2111 quia
2811 2042 3052 2096 brevitati
3102 2041 3477 2095 consulendum
3505 2043 3617 2105 fuit,
3646 2041 3739 2092 iure

2222 2134 2414 2185 dixisse
2446 2133 2690 2183 sufficiat.

2292 2222 2401 2274 VII.
2447 2222 2731 2273 Persecutio
2753 2221 2937 2289 gravis.
2960 2247 3030 2258 -ι
3056 2219 3189 2283 Quid
3226 2218 3356 2270 ultra
3379 2220 3402 2269 ‘l
3428 2217 3616 2270 Censet
3656 2216 3740 2281 pri-

2226 2326 2312 2365 mo
2339 2320 2589 2379 tyrannus
2611 2310 2851 2378 jussioae
2872 2307 3109 2368 terribili,
3144 2317 3197 2359 ut
3222 2323 3376 2360 nemo
3405 2308 3454 2359 iu
3483 2309 3593 2374 ejus
3620 2308 3740 2375 pala-

2224 2405 2295 2456 tio
2340 2386 2630 2464 militaret,
2664 2408 2830 2467 neque
2881 2400 3110 2468 publicas
3155 2410 3333 2467 ageret
3378 2399 3631 2461 actiones,
3661 2398 3742 2449 nisi

2224 2506 2340 2545 sese
2370 2491 2618 2544 Arianum
2652 2490 2880 2543 fecisset.
2911 2490 3143 2552 Quorum
3193 2490 3375 2554 ingens
3406 2501 3648 2538 numerus
3674 2487 3738 2534 vi-

2223 2594 2349 2646 gore
2378 2580 2591 2641 invicto,
2640 2594 2705 2631 ne
2754 2578 2906 2630 ﬁdem
2941 2577 3203 2642 perderet,
3231 2575 3469 2628 militiam
3508 2587 3741 2641 tempora-

2227 2671 2324 2721 lem
2356 2669 2561 2734 abjecit.
2603 2668 2743 2732 Quos
2771 2676 2947 2735 postea
2976 2666 3215 2720 domibus
3260 2665 3543 2732 projectos,
3588 2662 3739 2717 omni-

2227 2775 2329 2827 que
2367 2760 2655 2812 substantia
2704 2760 3042 2823 exspofiatos,
3094 2758 3146 2811 in
3199 2759 3396 2812 insulas
3439 2757 3663 2810 Siciliam
3701 2762 3743 2804 et

2228 2849 2518 2903 Sardiniam
2551 2850 2815 2915 relegavit.
2846 2847 2864 2885 τ
2889 2849 3021 2914 Quin
3048 2850 3202 2901 etiam
3232 2859 3461 2902 statuere
3492 2863 3582 2915 per
3603 2856 3742 2900 lotam

2228 2939 2455 2992 Africam
2500 2942 2782 3003 festinavit,
2832 2950 2882 2991 ut
2930 2948 3226 2993 nostrorum
3270 2938 3628 3005 episcoporum
3669 2934 3743 2987 dc-

2154 3006 2197 3066 C
2228 3028 2519 3081 functorum
2549 3030 2705 3082 fisc:ts
2725 3030 2823 3081 sibi
2854 3029 3196 3082 substantiam
3223 3028 3530 3082 vindicaret.
3552 3027 3643 3088 Qui
3666 3042 3743 3076 au-

2226 3130 2326 3172 tem
2358 3120 2602 3173 defuncto
2632 3121 2913 3173 succelere
2949 3126 3172 3184 poterat,
3205 3133 3305 3171 non
3340 3128 3461 3171 ante
3499 3118 3741 3168 ordinaru-

2230 3218 2332 3272 tur,
2377 3212 2473 3262 nisi
2504 3212 2628 3263 fisco
2667 3210 2825 3277 regali
2876 3210 3187 3277 quingentos
3231 3209 3426 3261 solidos
3468 3208 3741 3259 obtulisset.

2232 3302 2334 3352 Sed
2364 3301 2460 3353 hoc
2487 3301 2785 3360 aedificium,
2814 3301 2895 3351 ubi
2927 3307 3230 3353 construere
3252 3296 3420 3367 [Lor.,
3443 3294 3603 3364 visus]
3622 3296 3744 3347 nisus

2232 3399 2310 3440 est
2331 3388 2588 3450 diabolus,
2613 3391 2786 3441 statim
2817 3387 2943 3441 illud
2967 3388 3234 3441 destruere
3260 3389 3501 3455 dignatus
3522 3401 3592 3439 est
3618 3384 3745 3439 Chri-

2232 3487 2361 3529 slus.
2402 3478 2697 3543 Suggerunt
2740 3478 2787 3529 ei
2816 3477 3089 3530 domestici
3122 3477 3221 3542 sui,
3248 3476 3517 3531 dicentes:
3544 3476 3599 3527 Si
3626 3472 3740 3526 istud

2237 3566 2521 3619 lirmaverit
2546 3566 2828 3634 praeceptio
2850 3575 3042 3629 vestra,
3071 3564 3235 3617 nostri
3260 3563 3513 3632 episcopi,
3536 3562 3619 3630 qui
3642 3568 3745 3613 sunt

2228 3740 2504 3805 provinciae
2531 3740 2593 3792 ad
2632 3738 2846 3793 Paulum
2889 3736 3518 3804 Constantinopolitanum
3560 3735 3744 3801 episco-

2228 3824 2497 3876 pum,quaa
2524 3810 2654 3862 lecta
2679 3818 2761 3860 est
2778 3812 2825 3859 in
2846 3806 3067 3876 concilio
3095 3806 3435 3876 Lateranensi
3460 3808 3557 3876 sub
3578 3812 3747 3876 sancto.

2226 3871 2464 3932 Martiae.
2494 3887 2597 3930 act.
2638 3877 2700 3940 2,
2738 3877 2822 3929 ubi
2864 3875 3127 3928 Candidus
3168 3873 3449 3928 Siccensis.
3490 3873 3551 3925 Et
3596 3871 3741 3940 adfuit

2223 3960 2373 4000 conc.
2425 3944 2670 4015 Carthag.
2723 3960 2859 3998 anno
2907 3944 3009 3997 526
3043 3943 3247 4015 Vitulus
3285 3943 3558 4015 episcopus
3591 3939 3740 4015 plebis

2227 4015 2488 4069 Larensis.
2522 4017 2595 4068 Ex
2623 4010 2843 4079 utraque
2872 4015 2991 4065 item
3014 4013 3139 4064 urbe
3166 4010 3415 4077 episcopi,
3448 4019 3553 4063 tum
3576 4011 3740 4079 catho-

2231 4084 2343 4145 liti,
2377 4094 2482 4135 tum
2516 4077 2796 4135 Donatista:
2822 4123 2836 4144 ,
2864 4081 3123 4135 cnllationi
3170 4079 3419 4142 Carthag.
3458 4077 3739 4132 interfuere.

2228 4152 2278 4200 In
2308 4166 2367 4201 ea
2404 4153 2592 4217 quippe
2628 4149 3022 4202 Fortunatiauus
3051 4150 3307 4215 episwpus
3332 4146 3569 4201 Ecclesite
3591 4145 3743 4217 eat/tor

2226 4220 2333 4268 ficte
2350 4215 2595 4270 Siccensis
2615 4234 2755 4283 smpe
2782 4220 3119 4269 interlocutus
3144 4227 3245 4276 est,
3266 4225 3320 4267 et
3338 4220 3492 4279 cap't.
3515 4216 3613 4268 159
3637 4215 3741 4283 sult-

2225 4288 2453 4353 scripsit.
2488 4286 2677 4337 Paulus
2698 4282 2829 4337 vero
2858 4288 2969 4349 ejus
3008 4284 3473 4353 adversariuicap.
3523 4284 3654 4345 198,
3678 4282 3744 4333 in—

2227 4365 2303 4404 ter
2336 4350 2478 4406 alios
2524 4354 2815 4405 Donatistas
2846 4354 3131 4403 reCcnsilus
3162 4360 3263 4402 est.
3302 4350 3553 4402 Victorius
3583 4360 3738 4402 autem

2230 4422 2455 4473 Larensis
2508 4422 2770 4488 episc0pus
2822 4434 2937 4471 cum
2984 4417 3249 4488 ﬂonarato
3286 4417 3409 4488 ejus
3463 4417 3743 4488 adversario

2231 4505 2344 4550 cap.
2395 4489 2484 4540 131
2522 4484 2846 4551 comparuit,
2889 4496 2939 4538 et
2975 4485 3255 4537 Honoratus
3284 4484 3470 4537 iterum
3500 4501 3615 4548 cap.
3638 4485 3740 4535 197.

2232 4556 2403 4608 Adfuit
2442 4566 2494 4607 et
2543 4556 2827 4608 Restitutus
2866 4555 3139 4617 episcOpus
3173 4553 3459 4605 Laritensis
3498 4552 3741 4604 Donatista

2229 4640 2344 4690 cap.
2377 4624 2498 4675 208.
2526 4625 2598 4676 De
2625 4624 2802 4675 harum
2826 4624 3025 4674 urbium
3050 4622 3148 4674 situ
3175 4620 3377 4690 erudite
3394 4622 3605 4690 disserit
3633 4620 3744 4671 lien-

2233 4689 2370 4745 ricns
2398 4693 2626 4745 Norisius
2660 4693 2707 4742 in
2740 4691 3197 4743 Observationibus
3225 4689 3477 4742 adversus
3510 4689 3741 4742 Joannem

2230 4761 2534 4813 Garnerium
2565 4799 2580 4823 ,
2620 4773 2747 4824 quas
2789 4761 3018 4811 consule.
3066 4760 3293 4824 Denique
3321 4758 3371 4810 in
3393 4758 3615 4812 concilio
3638 4754 3745 4809 Car-

2236 4831 2373 4893 thag.
2413 4832 2508 4881 sub
2538 4838 2715 4880 sancto
2748 4828 3009 4894 Cypriane
3036 4829 3343 4881 sententiam
3378 4842 3469 4894 pro
3510 4824 3745 4879 haereticis

2236 4897 2611 4962 rebaptizandis
2635 4897 2750 4949 tulit
2779 4896 2953 4947 Castus
2984 4913 3014 4945 a
3049 4896 3193 4949 Sicca
3222 4912 3363 4948 nmn.
3390 4896 3477 4949 28.
3512 4896 3637 4949 Eam
3674 4906 3744 4943 ur-

2236 4965 2349 5017 bem
2398 4977 2571 5017 notam
2601 4966 2825 5017 reddidit
2854 4964 3047 5016 famosa
3070 4963 3331 5018 Urbanum
3364 4964 3500 5019 inter
3524 4974 3575 5017 et
3604 4962 3743 5028 Apiac

2238 5036 2369 5085 rium
2398 5035 2774 5087 controversia.
2826 5032 3093 5085 Ililarense
3130 5034 3375 5099 oppidum
3396 5074 3411 5097 ,
3442 5042 3495 5085 et
3519 5031 3744 5099 Siccense

2239 5111 2491 5155 memorat
2519 5104 2837 5169 Angusdnus
2876 5102 3092 5169 epismla
3138 5096 3261 5155 229.
3310 5105 3387 5154 An
3420 5114 3544 5151 vero
3574 5096 3743 5151 Paulus

2239 5182 2290 5224 ct
2328 5174 2663 5237 Quintianus,
2706 5171 2787 5223 hic
2826 5186 2855 5222 a
2886 5170 3093 5223 Victore
3124 5171 3394 5223 memorati
3414 5172 3435 5230 ,’
3463 5169 3642 5237 barum
3668 5177 3743 5214 ur-

2241 5232 2375 5292 bium
2429 5241 2651 5305 episcopi
2700 5240 2907 5298 fuerint,
2938 5242 3188 5291 ineortum
3220 5251 3296 5291 est
3318 5278 3333 5299 ,
3362 5252 3479 5290 cum
3511 5236 3563 5305 id,
3586 5232 3743 5305 Victor

2235 5301 2479 5369 reticeat,
2524 5301 2618 5358 nec
2656 5310 2732 5359 hae
2769 5308 2883 5359 dure
2922 5309 3073 5360 sedes
3123 5309 3174 5359 in
3225 5306 3411 5359 Africa:
3449 5304 3641 5357 Notitia
3670 5301 3745 5349 Ita-

2236 5378 2467 5426 linantur.

2306 5442 2322 5477 τ
2364 5441 2447 5493 Sic
2470 5440 2613 5496 Orth.
2653 5451 2704 5492 et
2734 5444 3020 5495 Loricltius.
3050 5443 3307 5496 .»\tll1art..
3337 5442 3513 5492 Germ.
3542 5446 3594 5489 et
3620 5434 3741 5492 Ful..

2235 5510 2375 5569 Quod
2399 5513 2560 5563 etiam.
2588 5512 2792 5570 thteri.
2815 5512 3027 5570 quodam
3055 5522 3270 5569 tempore
3295 5518 3532 5566 statuere.
3559 5514 3652 5560 etc.
