3814 6228
129 256 209 308 209
1005 242 1088 294 DE
1125 234 1626 293 PERSECUTIONE
1664 234 2043 288 VANDALICA
2082 233 2208 287 LIB.
2249 235 2308 286 ll.

3131 215 3241 295 aio

129 368 166 413 in
203 358 407 427 partibus
448 355 684 410 Thraciae
722 362 776 405 et
813 351 929 402 aliis
980 348 1277 414 regionibus
1319 345 1606 408 constituti,
1636 345 1680 403 Α
1709 346 1842 397 versi
1891 346 1938 395 in
1969 344 2263 397 Siccensem
2305 351 2355 394 et
2398 342 2677 396 Larensem
2728 346 2991 413 civitates,
3034 358 3086 400 ut
3118 348 3241 405 illuc

128 448 265 515 pejora
292 443 529 511 incipient
574 441 698 508 pati.
730 436 980 505 Praecepit
1022 436 1209 489 deinde
1236 449 1411 488 sacras
1442 432 1602 501 virgi-

125 551 197 589 nes
232 532 534 600 congregari,
582 529 809 596 dirigens
854 525 1118 579 Vandalos
1143 538 1261 576 cum
1288 536 1396 576 sua:
1440 522 1607 589 gentis
1650 574 1651 577 η

122 622 437 677 obstetricibus
462 606 529 672 ad
555 628 580 655 ⁸
610 615 931 684 inspicienda
967 623 1020 668 et
1065 612 1438 667 contrectanda
1481 626 1608 664 con-

123 726 180 764 tra
220 712 320 780 jura
365 706 689 763 verecundia:
740 703 1030 758 verecunda
1079 702 1332 770 pudoris,
1380 700 1465 752 ubi
1510 715 1607 753 nec

123 810 276 853 matres
316 798 544 859 aderant,
578 809 670 847 nec
712 794 882 860 aliqua
922 792 1299 844 catholicarum
1346 799 1608 841 matrona-

126 903 225 940 rum.
254 888 379 951 Quas
403 884 492 953 [αι.
526 878 839 948 cruciantes]
868 883 1173 945 torquentes
1200 878 1343 946 gravi
1380 892 1603 944 suspen-

125 982 204 1037 dio,
230 987 365 1043 atque
389 974 613 1042 ingentia
656 971 883 1040 pondera
915 970 1137 1037 pedibus
1165 969 1495 1037 colligantes,
1529 968 1606 1018 la-

128 1066 347 1133 minasque
391 1064 511 1116 ferri
565 1062 751 1129 ignitas
798 1060 978 1126 dorso,
1035 1059 1223 1121 ventri,
1266 1057 1507 1109 mamillis
1556 1066 1608 1108 et

128 1156 325 1207 lateribus
351 1151 699 1221 apponebant.
721 1149 920 1214 Quibus
962 1149 1099 1201 inter
1125 1146 1375 1214 supplicia
1405 1144 1609 1197 diceba-

129 1258 217 1299 tur:
241 1244 388 1297 Dicite
415 1244 661 1310 quouiain
688 1241 917 1307 episcotii
944 1240 1210 1291 vobiscum
1234 1235 1605 1310 concumbunt,

130 1344 169 1386 et
196 1333 346 1386 clerici
372 1331 553 1394 vestri;
586 1343 801 1398 quarum
828 1329 1111 1381 acerbitate
1150 1338 1420 1392 pmnarum
1451 1316 1607 1389 pluri-

132 1436 213 1474 mas
237 1431 342 1474 tunc
366 1421 557 1473 scimus
580 1420 888 1471 exstinctas.
924 1416 1049 1468 Alia:
1074 1428 1190 1482 qua:
1219 1419 1605 1474 remanserunt,

130 1512 288 1564 cutibus
323 1507 676 1562 arescentibus
725 1505 871 1559 factae
916 1491 1040 1557 su’nt
1078 1516 1269 1555 curvae.
1301 1500 1609 1553 Nitebamur

128 1601 233 1655 enim
257 1601 477 1654 semitam
505 1598 742 1652 invenire
767 1610 859 1662 per
881 1595 1031 1659 cujus
1075 1591 1299 1661 aditum,
1330 1590 1605 1658 publicam,

1703 442 2037 485 occurrentes
2068 431 2265 493 Mauri,
2296 429 2393 482 sibi
2441 430 2650 483 trod-tus
2681 432 2743 484 ad
2787 436 3021 487 eremum
3053 437 3241 503 perdu-

1703 528 1901 574 cerent.
1930 520 2368 587 Supervenieutes
2399 518 2549 585 igitur
2577 519 2794 572 comites
2820 522 2924 576 duo
2954 524 3239 579 subtilitate

1703 610 1984 663 damnabili
2008 652 2022 674 ,
2070 608 2275 662 blandis
2302 608 2625 661 sermonibus
2667 624 2783 661 cum
2811 609 2899 662 Dei
2926 612 3241 667 confessori-

1706 698 1798 750 bus
1826 712 1979 765 agere
1999 706 2270 763 cmperunt
2308 712 2323 749 :
2360 695 2491 759 Quid
2515 695 2677 760 vobis,
2722 697 2983 764 inquiunt,
3013 700 3235 764 videtur,

1705 798 1760 839 ut
1792 789 1857 838 ita
1906 788 2193 853 pertinaces
2233 785 2347 837 sitis
2376 825 2388 848 ,
2435 792 2487 837 et
2516 784 2708 837 domini
2756 785 2917 838 nostri
2966 791 3238 855 prmeeptis

1704 875 1920 931 minime
1948 875 2337 943 obtemperetis,
2369 873 2453 939 qui
2479 888 2593 927 esse
2622 874 2852 941 poteritis
2878 875 2932 928 in
2960 887 3238 944 conspectu

1707 966 1843 1033 regis
1888 964 2225 1019 honorabiles
2245 1006 2257 1028 ,
2308 965 2349 1017 si
2381 964 2495 1032 ejus
2522 965 2775 1017 festinetis
2802 964 2972 1037 facere
2998 968 3238 1021 volunta-

1708 1059 1849 1110 tem?
1888 1058 2075 1110 Statim
2120 1057 2223 1109 illis
2254 1056 2450 1124 ingenti
2473 1056 2845 1111 vociferatioue
2875 1058 3235 1121 clamantibus,

1707 1156 1759 1201 et
1785 1148 2079 1201 dicentibus
2112 1166 2125 1199 :
2159 1147 2439 1201 Christiani
2485 1163 2681 1211 sumus,
2729 1149 2973 1202 catholici
3016 1165 3193 1203 sumus
3224 1166 3235 1201 ε

1707 1236 2013 1291 Trinitatem
2060 1253 2218 1290 unum
2282 1238 2440 1297 Deum
2504 1237 2869 1291 inviolabiliter
2911 1239 3237 1303 confitemur,

1707 1324 2040 1377 includuntur
2086 1326 2307 1392 graviori
2339 1326 2577 1391 quidem,
2627 1326 2716 1378 sed
2762 1326 2931 1379 adhuc
2960 1326 3126 1379 latiori
3155 1341 3240 1379 cu-

1707 1416 1907 1477 stodia;
1949 1416 2037 1468 ubi
2064 1416 2211 1467 nolis
2241 1417 2388 1479 copia
2419 1416 2641 1469 dabatur
2669 1417 2913 1480 introire;
2953 1427 3004 1470 et
3028 1419 3241 1471 verbum

1707 1503 2077 1555 admonitionis
2126 1503 2369 1556 fratribus
2417 1503 2626 1567 facere,
2680 1515 2730 1556 et
2777 1504 2950 1557 divina
2998 1508 3243 1575 mysteria

1708 1591 1999 1645 celebrare.
2028 1590 2103 1644 lbi
2131 1600 2183 1644 et
2213 1590 2451 1643 infantuli
2479 1590 2625 1643 fuere
2654 1593 3047 1659 quamplurimi,
3076 1593 3240 1663 [Lor..

128 1694 233 1745 sicut
266 1692 395 1754 fecit,
443 1686 638 1742 laceret
685 1684 1122 1753 persecutionem.
1167 1682 1233 1736 Et
1270 1684 1336 1735 ita
1385 1681 1599 1742 faciens,
1631 1664 1829 1749 Bqui]
1874 1695 2004 1748 quos
2046 1680 2323 1749 genitrices
2369 1690 2603 1734 materno
2648 1682 2997 1748 sequebantur
3034 1682 3241 1747 aﬂ'ectu,

130 1778 238 1833 nullo
273 1776 415 1830 modo
452 1773 767 1843 investigare
796 1773 963 1843 potuit
988 1770 1252 1841 quomodo
1287 1770 1478 1825 Christi
1512 1771 1605 1823 Ec-

127 1868 295 1922 clesiam
322 1865 618 1919 macularet.

184 1958 259 2029 ιῚ
284 1956 398 2011 Vlil.
426 1955 622 2009 Fideles
640 1957 691 2008 in
716 1954 947 2008 exsilium
968 1954 1116 2019 pulsi.
1133 1950 1411 2017 —Quibus
1432 1960 1602 2005 autem

128 2063 360 2117 prosequar
383 2046 681 2100 ﬂuminibus
698 2045 1067 2114 lacryinarum,
1085 2041 1292 2110 quando
1308 2042 1603 2107 episcopos,

129 2136 405 2205 presbyteros
427 2174 441 2199 ,
470 2134 720 2189 diaconos
747 2143 798 2186 et
826 2133 923 2184 alia
959 2132 1207 2185 Ecclesiae
1251 2131 1481 2184 membra
1508 2168 1525 2192 ,
1555 2129 1605 2182 id

127 2233 207 2284 est,
228 2232 423 2291 quatuor
471 2222 630 2275 millia
676 2228 963 2288 nongentos
997 2219 1023 2257 ιι
1048 2218 1375 2289 septuaginta
1402 2234 1514 2281 sex,
1543 2218 1606 2271 ad

127 2312 318 2363 exsiliqu
342 2312 498 2365 eremi
524 2309 833 2363 destinavit?
867 2310 916 2361 iu
943 2309 1132 2375 quibus
1168 2318 1319 2363 erant
1348 2306 1610 2376 podagrici

125 2416 247 2463 quam
272 2401 459 2468 plurimi
485 2440 497 2458 .
527 2400 612 2452 alii
660 2408 871 2467 propter
895 2408 1099 2452 aetatem
1133 2391 1383 2452 annosam
1414 2396 1611 2450 lumine

128 2490 348 2554 temporali
395 2487 598 2555 privati.
650 2487 703 2539 lu
751 2501 970 2554 quorum
1015 2495 1129 2539 emt
1176 2499 1394 2539 numero
1429 2486 1611 2538 beatus

129 2577 242 2630 Felix
267 2587 285 2614 ο
302 2579 628 2631 Διὼὶτίωηυε
658 2578 956 2644 episcopus,
981 2576 1181 2629 habens
1200 2575 1305 2642 jam
1332 2576 1380 2627 in
1405 2578 1610 2644 episco-

128 2676 222 2732 patu
245 2668 560 2735 quadraginta
585 2676 809 2735 quatuor
828 2680 1013 2732 annos,
1031 2667 1119 2734 qui
1148 2667 1400 2735 paralysis
1430 2666 1613 2719 morbo

127 2772 351 2822 percussus
373 2798 390 2825 ,
436 2772 535 2812 nec
562 2757 820 2811 sentiebat
842 2760 1143 2826 quidquam.
1173 2772 1270 2811 nec
1308 2757 1512 2823 penitus
1540 2758 1614 2810 lo-

126 2849 349 2911 quebatur.
378 2847 449 2902 De
489 2863 594 2915 quo
642 2863 738 2901 nos
766 2849 990 2901 maxime
1019 2848 1306 2916 cogitantes
1332 2848 1469 2915 quod
1510 2862 1614 2900 non

124 2947 268 2999 posset
290 2937 519 3004 iumento
563 2937 763 3003 portari
787 2975 801 2997 ,
850 2939 1201 3002 suggessimus
1244 2945 1356 2988 uta
1385 2936 1492 2988 suis
1522 2950 1612 2988 rex

1703 1770 1729 1807 δ
1780 1773 1898 1826 alite
1946 1771 2268 1839 gaudentes,
2315 1772 2427 1825 aliae
2476 1773 2681 1847 tristes,
2721 1772 2834 1824 aliae
2885 1771 3240 1837 retrahentes;

1706 1864 1822 1917 aliae
1844 1863 2139 1932 gaudebant
2163 1878 2220 1916 se
2242 1870 2497 1932 martyres
2521 1862 2807 1930 peperisse,
2822 1862 2939 1915 aliae.
2960 1856 3242 1928 moliendo,

1705 1954 1898 2007 diluvio
1940 1953 2363 2020 rebaptizationis
2394 1953 2687 2006 nitebantur
2713 1968 2740 2005 a
2770 1952 3100 2006 confessione
3128 1952 3243 2006 fidei

1707 2057 1975 2097 revocare.
2008 2042 2212 2094 Nullum
2242 2050 2413 2095 tamen
2447 2051 2567 2095 tunc
2610 2056 2705 2095 nec
2735 2041 3085 2096 blandimenta
3110 2043 3244 2098 vices

1706 2142 1868 2195 runt,
1902 2146 1999 2184 nec
2043 2130 2268 2183 carnalis
2299 2131 2465 2196 pietas
2490 2132 2712 2198 aliquem
2744 2132 3012 2185 inclinavit
3038 2132 3103 2186 ad
3146 2143 3246 2187 ter-

1709 2238 1839 2275 ram.
1868 2222 1995 2275 Nam
2022 2220 2257 2288 quaedam
2300 2211 2419 2272 tunc
2462 2222 2583 2285 quid
2614 2223 2794 2274 fecerit
2832 2237 2990 2285 anus,
3024 2223 3244 2277 breviter

1710 2314 1905 2367 referre
1932 2312 2177 2365 delectat.
2208 2311 2336 2364 Dum
2370 2312 2467 2364 iter
2496 2325 2769 2379 ageremus
2809 2326 2927 2365 cum
2961 2314 3048 2365 Dei
3088 2328 3245 2365 exer-

1711 2402 1813 2454 citu
1843 2400 2155 2454 comitantes
2180 2438 2193 2461 ,
2224 2408 2274 2453 et
2302 2397 2435 2452 forte
2464 2399 2624 2465 magis
2652 2400 2888 2451 noctibus
2918 2414 3243 2465 promovere-

1713 2504 1826 2542 mus
1851 2497 2062 2557 propter
2086 2488 2212 2541 solis
2238 2488 2499 2550 ardorem,
2517 2488 2866 2555 conspicimus
2888 2489 3242 2543 mulierculam

1713 2580 1974 2633 sacculum
2000 2619 2013 2640 ,
2046 2587 2098 2630 et
2137 2578 2234 2630 alia
2264 2579 2571 2630 vestimenta
2618 2586 2908 2644 portantem
2938 2618 2952 2640 ,
2982 2593 3136 2630 tnanu
3166 2578 3246 2630 iu-
3272 2612 3273 2617 η

1715 2667 1969 2720 famulum
2019 2682 2179 2719 unum
2236 2675 2536 2729 tenentem,
2578 2674 2731 2732 atque
2780 2664 2861 2718 his
2920 2666 3249 2719 sermonibus

1715 2757 2075 2810 consolantem
2104 2771 2117 2806 :
2142 2754 2325 2817 Curre,
2358 2753 2567 2806 domine
2598 2766 2763 2805 meus.
2796 2752 2950 2805 Vides
2979 2753 3247 2807 universos

1715 2854 1924 2901 sanctos
1968 2844 2229 2912 quomodo
2274 2852 2532 2910 pergunt,
2578 2853 2631 2894 et
2678 2842 2925 2895 feetiuant
2954 2843 3148 2896 hilares
3177 2845 3241 2894 ait

1716 2936 2000 2991 coronam?
2037 2935 2201 2998 Quam
2230 2948 2324 2984 nus
2349 2945 2467 2984 cum
2509 2932 2895 2997 ίηοτερπρηιηε
2920 2972 2933 2995 ³
2980 2935 3122 2999 quod
3156 2915 3255 2991 it“-

127 3001 358 3088 peteretur,
384 3034 438 3077 ut
484 3001 669 3077 saltem
718 3040 835 3076 eum
884 3001 1106 3091 propere
1134 3024 1440 3076 moriturum
1481 3022 1609 3075 Car-
1639 3001 1684 3061 C
1715 3033 1931 3091 portuna
1957 3022 2241 3083 videretur,
2268 3030 2356 3071 aut
2381 3020 2507 3071 viris
2528 3034 2623 3085 pro
2651 3033 2775 3074 sexu
2804 3023 2968 3090 jungi,
2998 3033 3085 3075 aut
3109 3038 3251 3078 exer-

126 3113 282 3181 tbagini
320 3128 433 3169 csse
472 3114 706 3182 juberet,
752 3114 870 3181 quia
902 3114 967 3166 ad
996 3114 1233 3165 exsilium
1267 3113 1404 3165 nulla
1436 3123 1611 3179 posset

123 3205 285 3258 ratione
319 3205 545 3273 perduci.
590 3205 787 3271 Quibus
820 3205 887 3256 ita
921 3203 1083 3256 fertur
1111 3211 1363 3271 tyrannus
1385 3216 1503 3254 cum
1536 3203 1611 3252 fu-

124 3305 217 3346 rore
234 3294 441 3348 dixisse:
467 3296 521 3347 Si
548 3293 759 3347 animali
787 3294 971 3345 sedere
992 3307 1095 3343 non
1123 3300 1311 3358 potest,
1332 3291 1614 3359 jungantur

126 3379 250 3434 boves
272 3384 519 3448 indomiti,
543 3386 627 3451 qui
656 3397 772 3436 eum
804 3382 1100 3448 colligatum
1132 3381 1341 3433 funibus
1364 3383 1615 3434 trahendo

126 3472 361 3536 perducant
405 3491 507 3543 quo
556 3491 654 3543 ego
703 3474 945 3543 praecepi.
990 3474 1153 3537 Quem
1203 3489 1263 3526 ex
1312 3482 1615 3525 transverso

125 3574 249 3628 super
301 3566 580 3618 burdonetn
632 3564 902 3625 vinctum,
953 3564 1096 3629 quasi
1158 3562 1434 3629 quemdam
1490 3563 1614 3631 ligni

126 3661 340 3714 truncum,
372 3665 478 3708 toto
507 3656 698 3707 itinere
729 3653 1079 3717 portabamus.

176 3742 249 3795 IX.
285 3743 409 3796 Mira
456 3745 580 3812 ﬁdes
610 3742 935 3795 mulierculae.
978 3771 1044 3808 -τ-
1080 3742 1473 3809 Cougrcgantur
1500 3742 1613 3793 uni-

175 3900 196 3927 ⁸
225 3891 359 3946 Colb.
392 3894 440 3951 1,
470 3892 620 3944 Mart.
666 3899 720 3941 et
748 3889 894 3940 Orth.
925 3904 1041 3940 cum
1074 3889 1335 3949 Lorichio,
1368 3890 1434 3937 ad
1455 3890 1616 3952 inspi—

124 3959 311 4010 ciendum
334 4002 348 4023 ,
392 3969 437 4010 et
470 3957 877 4023 contrectandum
915 3966 1090 4005 contra
1108 3959 1195 4017 jus
1240 3956 1544 4005 verecundia:
1573 3966 1615 4004 et

123 4030 307 4087 pudoris,
336 4022 434 4091 ubi,
452 4035 554 4076 etc.
583 4024 774 4075 Harum
802 4022 1055 4091 virginum
1074 4023 1390 4091 memoriam
1412 4023 1616 4091 recolit

124 4088 497 4161 Martyrologium
522 4091 811 4161 Romanum
834 4090 937 4159 75
956 4088 1047 4161 die
1062 4088 1470 4161 l6ADecembris.

176 4162 197 4196 δ
214 4156 291 4213 Sic
314 4156 424 4215 cat.
447 4160 503 4223 2,
535 4158 708 4224 Marb,
728 4156 931 4221 Germf,
957 4156 1093 4221 Ful.,
1127 4158 1289 4221 Pol’L,
1323 4158 1615 4223 Loricbius,

123 4227 400 4287 etOrtbod..
433 4243 550 4282 cum
582 4227 963 4296 Martyrologiis
985 4227 1203 4293 Adonis,
1231 4227 1612 4292 Usuardi,Not-

1711 3111 1835 3165 citui
1860 3110 2051 3163 Christi
2093 3107 2300 3172 sociari,
2333 3110 2603 3177 respondit
2637 3127 2651 3163 :
2691 3110 3011 3175 Benedicite,
3042 3114 3251 3166 benedi-

1712 3200 1813 3255 cite
1838 3241 1852 3265 ,
1884 3212 1937 3252 et
1980 3208 2126 3250 orate
2158 3210 2250 3262 pro
2294 3211 2377 3250 me
2404 3240 2417 3261 ,
2463 3208 2515 3249 et
2560 3212 2653 3263 pro
2692 3200 2792 3251 isto
2823 3202 3037 3266 parvulo
3065 3212 3253 3267 nepote

1715 3304 1862 3351 meo;
1902 3289 2041 3356 quia,
2076 3286 2174 3339 etsi
2207 3286 2487 3353 peccatrix.
2528 3286 2630 3337 lilia
2663 3300 2775 3338 sum
2801 3286 3065 3353 quondam
3096 3296 3119 3323 ο
3152 3288 3253 3339 Zu-

1716 3381 1897 3432 ritauac
1926 3375 2153 3430 civitatis
2180 3376 2425 3442 episc0pi.
2458 3373 2550 3426 Cui
2582 3388 2676 3429 nos
2718 3391 2729 3425 :
2776 3374 2840 3428 Et
2868 3390 3029 3442 quare
3068 3375 3133 3428 ita
3163 3379 3251 3429 ah-

1718 3472 1855 3538 iecte
1882 3469 2136 3529 ambulas,
2173 3466 2250 3518 vel
2278 3479 2378 3533 qua
2424 3466 2622 3518 ratioixe
2660 3464 2727 3518 de
2761 3472 2862 3517 tam
2890 3464 3043 3532 longo
3071 3466 3255 3520 itinere

1722 3562 1823 3613 huc
1852 3573 2065 3627 pergere
2090 3554 2499 3610 demonstraris?
2536 3555 2661 3618 Quae
2687 3554 2951 3621 respondit
2974 3552 3135 3607 :Cum
3160 3556 3255 3609 hoc

1723 3648 1937 3715 parvulo
1965 3660 2116 3698 servo
2154 3655 2328 3695 vestro
2353 3643 2414 3694 ad
2447 3642 2681 3695 exsilium
2730 3656 2904 3708 pergo,
2937 3658 3001 3694 ne
3032 3643 3257 3697 inveniat

1726 3755 1844 3793 eum
1892 3739 2057 3790 solum
2105 3735 2346 3786 inimicus
2372 3774 2387 3797 ,
2426 3742 2477 3784 et
2506 3747 2531 3781 a
2561 3733 2639 3781 via
2671 3731 2899 3783 veritatis
2940 3741 3146 3783 revocet
3193 3730 3257 3782 ad

1722 3901 1841 3951 cap.
1868 3886 1986 3935 1'28.
2020 3886 2179 3937 Porro
2210 3884 2357 3935 Felix
2387 3883 2469 3951 hic,
2490 3898 2518 3933 a
2555 3882 3042 3951 Victore'laudatus,
3077 3884 3119 3933 is
3147 3884 3256 3948 ipse

1721 3950 1840 4005 esSe
1871 3953 2093 4012 videtur,
2124 3953 2208 4015 qui
2240 3952 2287 4001 in
2318 3950 2505 4003 Notitia
2536 3950 2778 4000 Africana
2817 3951 2950 3999 inter
2976 3964 3254 4015 proconsu-

1724 4020 1855 4074 lares
1886 4019 2156 4086 episcopo:
2180 4033 2321 4069 num.
2354 4019 2385 4067 2
2414 4016 2712 4086 Αὸανὶιοηιιδ
2738 4017 2945 4077 dicitur,
2979 4032 3089 4086 qua
3110 4018 3175 4069 de
3199 4034 3255 4070 re

1722 4090 1839 4142 vide
1868 4085 2015 4140 uetas
2042 4087 2095 4138 ln
2126 4086 2389 4138 Notitiam.
2420 4085 2540 4149 Ejus
2562 4094 2607 4136 et
2632 4094 2936 4137 ceterorum
2970 4088 3052 4137 hic
3081 4085 3255 4139 lauda-

1726 4169 1897 4212 torum
1927 4156 2228 4209 memoriam
2253 4153 2725 4223 .recoluntvulgata
2757 4152 3121 4223 martyrologia
3170 4154 3256 4209 die

1727 4228 1793 4280 12
1813 4226 2075 4287 Octobris,
2100 4222 2267 4277 Graeci
2296 4238 2416 4277 vero
2440 4224 2469 4275 7
2496 4222 2835 4288 Septembris.

125 4295 227 4362 hri,
252 4309 344 4352 etc.
372 4304 436 4353 At
463 4297 617 4351 Colb.
650 4296 676 4349 1
703 4291 732 4362 ,⁷
751 4291 1012 4356 Rhenum,
1043 4291 1247 4360 Surius,
1273 4298 1415 4350 Bald.
1434 4298 1621 4351 Belfor.
1650 4291 1703 4351 D
1782 4295 1821 4332 ’ά
1850 4295 2115 4349 ιονὶειιὶυς
2137 4304 2189 4347 et
2220 4294 2457 4347 Rhenau.
2484 4308 2583 4344 non
2610 4293 2800 4345 habent
2822 4292 2939 4362 alia
2977 4293 3159 4348 tristes.
3190 4293 3256 4347 Et

125 4380 217 4435 cum
238 4366 446 4423 Barunio
473 4367 523 4420 iu
554 4364 918 4435 Martyrologio
945 4365 1202 4434 Romano,
1224 4366 1492 4435 Sexaginta
1512 4383 1620 4422 rex.

124 4433 265 4489 Chifll.
292 4447 344 4491 et
374 4438 522 4505 Bigu.
557 4432 1095 4503 Sexaginta'quatuor.

182 4515 201 4541 ο
221 4506 298 4562 Sic
323 4504 468 4560 Colb.
503 4508 557 4567 '5.
583 4506 802 4558 Orthod.
834 4517 885 4555 et
909 4506 1136 4569 Lorich.,
1162 4504 1349 4572 quibus
1371 4506 1627 4558 accedunt

127 4572 269 4642 Marb,
294 4575 404 4630 Ful.
429 4586 483 4629 et
507 4575 715 4635 Germ.,
750 4573 856 4633 ubi,
889 4572 1197 4624 Abiritanur.
1241 4574 1405 4637 l'ort.,
1439 4572 1625 4625 Harbi-

127 4641 301 4697 τίωω.
332 4648 399 4698 At
424 4642 597 4703 cram.
630 4643 782 4703 edit.,
816 4641 1167 4693 Abderilunus.
1197 4642 1455 4706 Rhenum,
1498 4642 1617 4694 Sur.

128 4719 170 4777 et
187 4712 259 4765 alii
284 4713 427 4775 editi,
450 4712 788 4764 Abdiritanus.
816 4709 977 4762 Pcrro
1004 4712 1053 4762 in
1087 4710 1254 4762 Africa
1284 4712 1408 4762 urbs
1432 4711 1622 4777 duplex

130 4776 361 4859 fuit
384 4782 558 4843 dicta;
590 4794 808 4859 quarum
838 4781 1007 4859 altera.
1033 4780 1182 4859 Abbri‘r
1213 4779 1377 4859 illajus
1414 4776 1621 4859 diceba-

130 4855 210 4917 tur.
236 4847 811 4917 U_triusqueepiscopus
838 4847 1097 4900 collationi
1127 4847 1521 4917 Carthaginiensi
1538 4848 1624 4917 ad-

131 4913 222 4984 fuit,
250 4913 395 4970 Felix
423 4913 637 4982 scilicet
669 4917 926 4982 epiawpus
960 4917 1109 4967 Abbir
1152 4914 1323 4984 Hujus
1352 4929 1467 4981 cap.
1503 4916 1618 4984 155,

131 4982 196 5035 ubi
218 4985 376 5040 nullus
418 4986 487 5038 ibi
530 4986 691 5037 fuisse
723 4984 985 5037 Donatista
1011 4982 1309 5044 dicitur;‘et
1338 4998 1453 5048 cap.
1499 4983 1621 5047 2L5,

131 5053 401 5107 Annibonius
421 5052 694 5105 catholicus
717 5054 975 5119 episcopus
1004 5053 1345 5106 Abbirilensis.
1388 5053 1623 5105 Concilio

131 5130 266 5177 autem
292 5120 689 5188 Carthagineusi
728 5133 864 5171 anno
889 5121 990 5172 419
1022 5121 1329 5187 subscripsit
1363 5119 1619 5171 Candidus

131 5191 350 5256 cpiscopus
366 5187 670 5249 Germaniae,
701 5188 788 5253 qui
810 5187 935 5256 alias
967 5188 1159 5241 ibidem
1191 5188 1495 5256 simpliciter
1524 5190 1621 5238 Ab-

130 5254 333 5314 biritatuts
358 5258 570 5321 dicitur,
621 5256 733 5321 ejus
762 5255 960 5308 scilicet
985 5257 1147 5317 urbis,
1180 5259 1232 5311 ni
1275 5254 1443 5318 fallor,
1474 5257 1621 5319 cujus

130 5341 341 5383 successit:
386 5329 451 5381 ab
479 5322 1044 5380 Abba-Germaniciano
1076 5325 1295 5379 habetur
1321 5329 1370 5377 in
1402 5325 1622 5377 concilio

130 5392 332 5468 Carthag.
361 5397 460 5452 {sub
490 5403 676 5468 sancto
693 5392 1118 5468 Cypriano,_num
1147 5394 1234 5447 16.
1262 5395 1341 5468 sb
1369 5394 1447 5445 his
1478 5391 1619 5468 urbi-

133 5464 205 5517 bus
232 5460 422 5523 diversa
461 5464 680 5529 omnino
721 5460 835 5514 erat
878 5460 1071 5511 Abdera
1110 5476 1199 5514 seu
1240 5464 1443 5525 Abzcra,
1477 5461 1624 5527 cujus

132 5536 363 5605 Wisst
391 5532 707 5591 Fructuosus
749 5538 1065 5584 memoratur
1096 5530 1145 5583 in
1173 5532 1348 5585 collat.
1378 5530 1620 5595 Cartltag.

1728 4365 1880 4428 infra,
1906 4365 2171 4416 moliendo.
2208 4363 2355 4415 Coll).
2390 4365 2439 4424 l,
2490 4363 2787 4415 mariendos.
2819 4361 3081 4426 Bhenan.,
3111 4364 3254 4428 Sur.,

1725 4437 1872 4501 ltign.
1904 4446 1955 4486 et
1979 4432 2147 4501 Baldﬂ
2180 4433 2464 4501 morituros.

1798 4498 1821 4540 ἒ
1844 4505 2045 4563 Germ.,
2092 4499 2231 4562 Ful.,
2271 4510 2324 4554 et
2351 4500 2567 4553 Orthod.
2599 4513 2715 4552 cum
2747 4498 3009 4563 Lorichio,
3040 4501 3257 4554 Zurina-

1725 4588 1820 4625 me.
1854 4573 2003 4624 Mart.
2031 4567 2325 4622 Zurinatiw.
2356 4570 2505 4621 Colb.
2532 4569 2579 4629 1,
2603 4566 2888 4630 Turitame;
2913 4568 3059 4631 Sur.,
3089 4570 3257 4633 Quiri-

1728 4650 1874 4691 tanaz.
1911 4640 1960 4689 lu
1992 4636 2166 4689 Indice
2192 4638 2472 4690 Oxoniensi
2499 4637 2605 4704 jam
2634 4636 2859 4704 laudato~
2879 4637 3016 4689 Zura
3044 4640 3257 4692 incerta:

1730 4708 2008 4776 provinciae
2034 4706 2245 4757 dicitur.
2270 4708 2338 4759 At
2366 4722 2432 4759 ex
2456 4701 2728 4776 collatione
2741 4701 3149 4776 _Carthaginensi
3178 4708 3256 4773 di-

1727 4772 1920 4836 scimus
1950 4789 2062 4826 cam
2079 4790 2140 4825 ex
2163 4776 2515 4840 proconsulari
2540 4774 2716 4826 fuisse.
2739 4772 2941 4826 Etenim
2956 4772 3075 4827 cum
3100 4772 3254 4838 Quin—

1726 4854 1822 4908 tus,
1858 4854 1904 4896 ut
1939 4844 2155 4909 vulgatae
2186 4844 2441 4895 editiones
2472 4843 2679 4901 habent,
2713 4856 2827 4892 nam
2860 4858 2906 4891 v.
2938 4855 2986 4893 c.
3015 4844 3256 4896 Baluzius

1727 4913 1880 4966 habet
1906 4908 2002 4974 Qui
2030 4908 2205 4973 supra,
2228 4926 2321 4977 pro
2350 4910 2565 4963 Paulino
2592 4910 2798 4961 Zurensi
2822 4909 3011 4963 litteras
3039 4915 3255 4964 nescim-

1727 4992 1789 5046 te,
1821 4983 1906 5047 qui
1941 4995 2169 5044 praesens
2189 4982 2387 5043 aderat,
2409 4996 2465 5033 se
2493 4978 2859 5043 subscripsisse
2887 4978 3068 5033 fuisset
3094 4990 3250 5030 testa-

1727 5060 1807 5102 tus
1829 5046 1877 5101 in
1910 5048 2184 5101 collatione
2210 5047 2451 5116 Carthag.
2472 5064 2588 5115 cap.
2611 5049 2725 5107 135,
2752 5046 3097 5114 Paulinusque
3123 5049 3250 5113 ipse.

1724 5119 2012 5169 catholicus
2039 5118 2335 5184 episcopus,
2382 5133 2439 5171 se
2484 5119 2672 5169 habere
2702 5117 2950 5167 unitatem
2993 5116 3254 5183 professus

1719 5186 1927 5249 fuisset,
1955 5185 2230 5238 llabetdeus
2256 5189 2495 5239 diaconus
2529 5186 2769 5236 Primiani
2797 5186 3013 5251 episcOpi
3042 5184 3255 5234 Cartha-

1721 5257 1953 5322 ginensis
1982 5256 2141 5321 partis
2181 5256 2384 5320 Donati,
2418 5257 2543 5306 dixit
2580 5270 2597 5305 :
2630 5253 2887 5319 Presbyter
2919 5262 2989 5322 est
3025 5252 3129 5303 illic
3166 5269 3255 5304 nov

1725 5320 1847 5376 iter.
1876 5320 2111 5375 Dimtesis
2138 5334 2304 5376 nostra
2330 5336 2419 5377 ωε.
2456 5324 2776 5377 Recensetur
2798 5331 2848 5373 et
2876 5320 3056 5370 eodem
3088 5322 3255 5384 capite

1723 5391 2035 5460 collationis,
2063 5402 2118 5443 ut
2142 5393 2249 5460 jam
2275 5394 2502 5449 diximus
2530 5409 2583 5447 ιι.
2611 5392 2699 5456 59,
2747 5391 2973 5442 Donatus
2998 5390 3255 5457 episcopus

1725 5462 1878 5530 plebis
1908 5459 2185 5515 Buritance.
