3814 6228
180 282 261 334 213

1047 273 1127 326 DE
1165 272 1670 328 PERSECUTIONE
1710 273 2078 329 VANDALICA
2119 276 2243 329 LIB.
2286 277 2347 329 li.

3168 278 3264 333 ΞΗ

176 393 408 450 Ece'esiam
456 391 567 457 Dei,
593 398 649 442 ut
688 389 778 458 qui
832 390 1279 456 membrmaliqua
1324 390 1640 455 absciderat,
1670 395 1718 452 Α
1745 393 1968 447 medium
1994 395 2271 449 imminens
2290 398 2574 459 calamitas,
2608 399 2702 449 nisi
2733 407 2853 450 uta
2888 408 3070 453 sancto
3098 398 3266 467 Enge-

174 493 302 535 totum
335 479 557 533 laniando
583 478 826 546 perderet
851 492 1061 544 corpus.
1091 477 1216 530 Nam
1243 478 1328 532 die
1368 478 1645 532 Ascensiu-

169 570 232 624 uis
269 567 466 628 Domini,
507 566 676 632 legato
726 565 951 618 Zenonis
1002 564 1332 630 imperatoris
1388 574 1415 600 ⁸
1445 566 1647 633 Regino

168 664 402 717 iresente,
427 654 697 722 legendum
732 654 783 705 in
818 652 987 706 media
1015 654 1238 707 ecclesia
1265 655 1517 721 episcOpo‘
1544 654 1645 708 Eu-

163 748 287 812 genio
310 742 469 811 dirigit
515 737 853 810 praeceptum,
904 740 988 794 tali
1043 751 1224 793 tenore
1256 744 1642 809 conscriptum:

163 830 272 899 quod
304 830 441 883 etiam
479 828 730 881 universae
759 827 947 881 Africa:
998 827 1084 897 [αι.
1109 827 1333 897 veredis]
1363 828 1644 883 veredariis

162 918 441 973 canentibus
467 914 773 968 destinavit.

478 1036 715 1075 BUNCRICI
755 1035 900 1074 κεειε
937 1036 1249 1073 ΡΒΒϐΕΡΤυδΙ
1260 1059 1273 1072 .

163 1133 345 1201 Eugenio
369 1131 745 1213 Carthaginiensi
761 1172 776 1193 ,
790 1208 793 1209 ν
805 1132 1088 1213 (ceterisque
1100 1133 1357 1213 episcopis
1381 1133 1638 1213 catholicis

206 1200 277 1269 per
314 1200 581 1252 uniuersam
611 1200 835 1269 Africam
858 1200 1156 1262 constitutis,
1178 1200 1443 1269 directum,
1472 1211 1523 1254 ut
1572 1202 1639 1253 ad

205 1267 320 1347 ﬁdei
347 1284 445 1321 sua
498 1268 801 1321 reddendam
855 1269 1093 1321 rationem
1148 1267 1498 1338 Carthaginem
1553 1285 1636 1321 ve-

205 1346 339 1390 ηιαπι.

210 1463 224 1496 ι
257 1445 350 1499 liex
372 1444 595 1498 llunerix
625 1445 967 1501 Vandalornm
984 1457 1036 1501 et
1056 1448 1360 1511 Alanorum,
1381 1446 1637 1501 universis

155 1548 364 1601 episcopis
386 1548 719 1591 omonstants.

208 1642 224 1674 ι
251 1624 347 1678 Non
370 1625 552 1687 semil,
578 1625 670 1677 sed
697 1624 887 1691 saepius
913 1633 1117 1678 constat
1142 1641 1258 1679 esse
1280 1627 1596 1692 prohibitum
1616 1666 1631 1692 ,

1747 482 1831 534 nio
1870 483 2203 550 rationabilis,
2236 486 2277 537 si
2308 500 2397 539 cur
2423 487 2700 541 barbarum
2734 488 3041 552 molliretur,
3083 504 3267 557 sugge-

1745 571 1903 624 renda
1938 572 2167 635 daretur,
2195 574 2282 627 tali
2323 581 2461 627 textu
2488 576 2799 638 conscripta.

2118 676 2295 715 SANCTI
2336 677 2539 715 EUGENII
2576 676 2869 716 RESPONSIO.

1856 770 2177 838 Saggerenda
2198 770 2446 822 Hunerico
2464 771 2567 837 regi
2582 771 2700 822 data
2710 771 2769 823 ab
2795 771 3015 838 Eugenio
3036 770 3261 838 episcopo

1839 837 2201 903 .‘artlmginensi,
2248 849 2299 891 ut
2329 840 2395 891 ad
2421 838 2732 890 collationem
2760 840 2820 890 de
2846 839 3117 890 communis
3145 837 3262 903 ﬁdei

1808 921 1954 958 causa
1976 905 2244 959 habendam
2264 907 2410 959 etiam
2432 908 2747 959 transmarini
2773 907 2991 975 episcopi
3009 912 3257 958 vocentur.

1805 1030 1823 1061 ι
1856 1013 2067 1076 Quoties
2096 1014 2283 1067 anima:
2322 1015 2405 1068 vel
2453 1015 2573 1075 vitae
2610 1022 2816 1067 aeternae
2871 1029 2931 1067 ac
2963 1014 3081 1067 fidei
3107 1013 3257 1067 Chri-

1736 1102 1919 1154 stiana:
1955 1117 2106 1156 causa
2140 1111 2408 1169 tractatur,
2442 1104 2698 1171 intrepide
2728 1102 2882 1172 (sicut
2920 1104 3105 1170 regalis
3136 1118 3256 1170 pro-

1735 1189 1961 1241 videntia
2004 1190 2381 1258 compromisit)
2428 1205 2640 1244 necesse
2668 1202 2747 1245 est
2774 1200 2828 1244 ut
2850 1190 2984 1253 quod
3013 1191 3257 1257 competit

1733 1291 2057 1346 suggeratur.
2083 1278 2256 1344 Nuper
2278 1291 2505 1346 potestas
2530 1282 2669 1348 regia
2692 1295 2785 1345 per
2804 1278 2893 1347 lat.
2911 1275 3253 1343 Witaredum]

1733 1368 1942 1420 Witarit
1994 1369 2253 1420 notarium
2284 1370 2587 1434 parvitatem
2639 1384 2804 1421 meam
2855 1367 3137 1419 admonere
3178 1366 3255 1418 di-

1730 1464 1880 1525 gnata
1925 1463 2031 1517 est;
2077 1456 2163 1522 qui
2187 1452 2213 1490 ά
2239 1455 2390 1508 nobis
2417 1457 2480 1509 de
2509 1457 2693 1508 merito
2741 1469 2803 1509 ac
2838 1454 3086 1533 {eligione
3114 1453 3253 1515 ﬁdei,

1731 1551 2045 1615 praeceptum
2077 1542 2187 1608 ejus
2217 1543 2268 1595 in
2299 1544 2522 1598 ecclesia
2552 1552 2806 1611 praesente
2836 1544 2977 1595 clero
3022 1549 3077 1595 et
3105 1542 3255 1608 plebe

1731 1635 2007 1688 recensuit.
2053 1632 2125 1686 Ex
2176 1631 2321 1698 cujus
2365 1642 2541 1683 tenore
2575 1632 2912 1699 cognovimus
2964 1629 3027 1681 ad
3076 1636 3255 1683 omnes

154 1722 195 1766 ut
217 1714 258 1767 in
279 1714 487 1768 sortibus
519 1714 867 1767 Vandalorum
896 1716 1195 1769 sacerdotes
1222 1719 1380 1771 veStri
1406 1733 1633 1772 conveu-
1661 1713 1707 1773 Β
1733 1724 2069 1789 coepiscopos
2098 1735 2242 1774 meos
2282 1730 2593 1787 praeceptum
2624 1720 2821 1783 regium
2849 1717 3086 1769 similiter
3114 1732 3252 1769 ema-

155 1811 218 1854 ιω
251 1801 439 1876 minime
479 1801 830 1867 celebrarent;
855 1818 922 1857 ne
967 1819 1058 1858 sua
1107 1807 1407 1860 seductione
1432 1809 1629 1861 animus

154 1885 460 1941 subverterent
478 1888 820 1944 Christianas.
850 1891 1015 1956 Quam
1046 1908 1153 1946 rem
1181 1906 1488 1961 spernentes
1520 1897 1630 1962 plu-

154 1977 259 2041 rimi,
283 1993 409 2034 nunc
435 1980 623 2047 reperti
647 1991 773 2055 sunt
803 1991 982 2035 contra
1008 1983 1337 2037 interdictum
1370 1986 1625 2049 missasJu

153 2066 333 2121 sortibus
354 2067 693 2123 Vandalorum
724 2070 923 2139 egisse;
971 2082 1267 2125 asserentes
1289 2086 1346 2126 se
1375 2072 1625 2140 integram

154 2160 337 2227 regulam
362 2159 665 2216 Christiana:
692 2178 754 2216 ac
794 2179 930 2217 vera:
960 2165 1077 2219 lidei
1106 2174 1304 2220 tenere.
1337 2168 1403 2220 Et
1428 2169 1548 2235 quia
1576 2168 1627 2221 in

157 2249 383 2312 provinciis
409 2264 438 2304 a
471 2252 575 2304 Deo
602 2254 753 2306 nobis
779 2258 1045 2309 concessis
1066 2256 1367 2309 scandalum
1398 2271 1515 2311 esse
1534 2270 1630 2311 no-

158 2335 303 2402 lumus,
332 2340 441 2393 ideo
480 2340 570 2395 Dei
602 2341 946 2409 providentia,
992 2359 1107 2397 cum
1136 2360 1393 2399 consensu
1422 2357 1627 2400 sancto-

154 2428 604 2495 rumepismporum
657 2441 954 2484 nostrorum
996 2433 1096 2485 hoc
1137 2447 1231 2485 nos
1269 2435 1511 2488 statuisse
1549 2450 1631 2488 co-
1664 2422 1671 2428 ’

153 2514 360 2580 gnoscite,
410 2526 465 2569 ut
492 2515 554 2568 ad
598 2517 734 2569 diem
778 2518 1111 2583 calendarum
1154 2519 1181 2556 ιι
1224 2520 1625 2575 Februariarum

157 2602 343 2662 proxime
369 2602 685 2667 futurarum,
712 2605 903 2657 omissa
927 2606 1067 2658 omni
1096 2609 1428 2662 excusatione
1451 2607 1628 2661 formi-

154 2686 277 2750 dinis,
292 2703 458 2745 omnes
479 2691 843 2760 Carthaginem
867 2694 1103 2759 veniatis,
1124 2704 1179 2750 ut
1196 2697 1261 2751 de
1289 2700 1488 2752 ratione
1508 2698 1625 2752 ﬁdei

154 2787 243 2828 cum
282 2779 453 2832 nostris
505 2782 890 2835 venerabilibus
942 2785 1200 2852 episcOpis
1243 2786 1450 2853 possitis
1493 2788 1627 2841 inire

154 2864 424 2932 conﬂictum;
463 2876 516 2922 et
545 2870 697 2923 lidrm
724 2874 1169 2937 omousianorum,
1199 2890 1352 2942 quam
1394 2875 1627 2930 delendi-

154 2955 215 3016 tis,
241 2954 298 3009 de
321 2955 405 3025 [αι.
430 2958 673 3037 diversis}
697 2960 882 3011 divinis
911 2961 1191 3026 Scripturis
1213 2964 1418 3030 proprie
1438 2979 1625 3031 appro-

1732 1826 1902 1870 nasse.
1936 1820 1991 1863 ut
2037 1810 2124 1863 die
2152 1814 2429 1864 constituta
2484 1822 2577 1874 pro
2615 1806 2961 1872 diSputatione
3008 1805 3123 1857 ﬁdei
3161 1820 3252 1858 ve-

1730 1904 1918 1964 niatur,
1942 1898 2074 1967 quod
2093 1913 2187 1953 nos
2210 1898 2575 1953 venerabiliter
2596 1898 2857 1962 accepisse
2878 1896 3249 1965 suggessimus.

1728 1990 1821 2041 Cui
1846 1987 2060 2054 prmlato
2086 1988 2287 2039 notario
2317 1988 2579 2039 humilitas
2606 2000 2718 2038 mea
2761 1984 3034 2052 suggessit,
3061 1981 3250 2035 debere

1726 2078 1880 2130 etiam
1912 2075 2368 2128 transmarinarum
2416 2075 2645 2125 omnium
2692 2072 2931 2139 partium,
2965 2072 3049 2137 qui
3079 2069 3251 2122 nubis-

1729 2182 1845 2221 cum
1870 2169 1992 2218 sunt
2014 2167 2063 2218 in
2090 2180 2185 2217 una
2211 2165 2459 2232 religione
2481 2165 2558 2217 vel
2581 2166 2942 2217 communione
2963 2172 3249 2223 consortes,

1727 2269 2032 2324 agnoscere;
2060 2255 2177 2321 quia
2202 2252 2389 2317 ubique
2418 2267 2577 2320 regno
2604 2252 2716 2318 ejus
2744 2254 3103 2319 obtemperant
3133 2251 3252 2302 uui-

1726 2344 1859 2399 νει·δί
1893 2342 2163 2394 :‘maxitne
2190 2339 2325 2408 quod
2372 2341 2530 2393 totius
2580 2340 2753 2390 mundi
2784 2339 2851 2390 sit
2902 2353 3058 2391 causa
3082 2378 3094 2398 ,
3148 2351 3249 2399 non

1728 2432 1963 2494 Specialis
2025 2428 2405 2496 provinciarum
2474 2426 2828 2481 Africanarum
2896 2426 3250 2477 tantummodo

1729 2522 1793 2575 Et
1818 2524 1932 2589 quia
1960 2519 2187 2574 secundo
2218 2534 2467 2587 reSponso
2497 2516 2869 2585 suggerendam
2910 2532 2994 2568 me
3039 2514 3248 2581 promisi

1727 2613 2042 2673 oblaturum,
2088 2611 2275 2663 merito
2303 2611 2603 2677 suppliciter
2633 2608 2722 2678 [at'.
2752 2606 2957 2676 precor]
2989 2621 3106 2673 peto
3136 2621 3249 2660 ma-

1724 2700 2069 2768 gnificentiam
2124 2698 2286 2759 tuam,
2316 2708 2370 2751 ut
2411 2700 2472 2750 ad
2518 2695 2712 2750 domini
2764 2707 2816 2749 et
2860 2695 3247 2751 clementissimi

1726 2790 1863 2857 regis
1888 2804 2039 2843 aures
2059 2796 2395 2842 memoratam
2420 2786 2799 2852 suggestionem
2829 2799 2995 2837 meam
3024 2785 3249 2849 perferre

1726 2879 1985 2946 digneris;
2008 2892 2109 2945 quo
2137 2878 2247 2942 ejus
2266 2875 2535 2929 clementia
2559 2875 2831 2940 dignanter
2859 2880 3124 2939 agnoscat,
3155 2886 3248 2923 nos

1726 2968 2126 3031 disiiutationem
2176 2965 2321 3031 legis,
2351 2977 2465 3015 cum
2515 2962 2604 3013 Dei
2652 2961 2906 3027 adjutorio
2961 2963 3247 3013 nullatenus
3338 2946 3345 2957 ’

156 3038 389 3110 betis,quo
416 3048 573 3110 possit
594 3048 806 3112 agnosci
833 3046 877 3099 si
921 3048 1171 3115 integram
1200 3050 1348 3102 [idem
1382 3052 1619 3105 teneatis.
1648 3039 1692 3097 C
1724 3055 1982 3107 declinare
2019 3053 2098 3104 vel
2130 3053 2337 3119 lugere;
2368 3053 2457 3113 sed
2492 3049 2603 3102 sine
2632 3050 2981 3102 universilatis
3011 3064 3245 3115 assensu,

156 3125 280 3196 Hujus
300 3145 459 3187 autem
497 3134 654 3188 edicti
680 3145 913 3189 tenorem
944 3139 1195 3192 universis
1238 3139 1328 3210 [aL
1357 3142 1622 3207 coepisco-

156 3214 227 3285 pis]
246 3219 479 3288 episcopis
510 3223 611 3275 tuis
635 3238 728 3290 per
758 3226 1047 3277 universam
1078 3218 1303 3279 Alﬁcam
1330 3229 1623 3281 constitutis

155 3302 397 3361 direximus.
432 3310 555 3362 Data
583 3310 681 3364 sub
722 3311 806 3365 die
846 3312 1046 3365 decimo
1070 3312 1224 3366 tertio
1266 3316 1511 3369 calendas
1534 3316 1625 3371 Ju-

157 3394 248 3457 nias,
265 3412 387 3451 anno
404 3404 623 3466 septimo
648 3404 790 3469 regni
817 3402 1082 3455 liunerici.
1122 3421 1137 3451 ι
1384 3416 1403 3426 κ

200 3483 311 3538 XIV.
335 3486 713 3556 Cognoscentes
741 3491 893 3559 igitur
920 3491 1007 3559 qui
1036 3491 1332 3560 aderamus,
1366 3494 1621 3561 simulque

157 3570 368 3641 legentes,
419 3581 699 3635 contritum
742 3591 823 3633 est
848 3583 1107 3647 extemplo
1158 3596 1249 3636 cor
1284 3591 1540 3648 nostrum,
1569 3595 1621 3637 et

156 3669 448 3723 countenebrati
468 3680 590 3722 sunt
617 3671 753 3723 oculi
782 3671 975 3735 nostri;
1006 3679 1060 3724 et
1084 3686 1207 3725 vere
1230 3682 1347 3725 tunc
1368 3673 1479 3726 dies
1505 3672 1622 3726 festi

156 3757 274 3807 nostri
297 3761 521 3811 conversi
553 3770 671 3810 sunt
693 3759 743 3811 iu
784 3759 1004 3822 luctum,
1032 3769 1085 3811 et
1108 3764 1306 3814 cantica
1337 3760 1388 3813 in
1426 3762 1623 3814 lamen-

155 3842 376 3912 tationem,
418 3847 538 3899 dum
576 3848 729 3901 edicti
758 3858 907 3901 tenor
937 3850 1188 3902 indicaret
1222 3848 1409 3901 futuras
1446 3864 1621 3914 perse-

155 3932 583 3997 cutionislurorcm;
609 3945 663 3986 et
687 3936 969 4001 prresertim
996 3937 1078 3987 ubi
1095 3936 1229 3987 dixit
1248 3953 1259 3984 :
1277 3934 1339 3985 In
1353 3937 1618 4002 provinciis

155 4029 174 4063 α
191 4016 266 4071 Deo
288 4022 415 4072 nobis
434 4024 676 4072 concessis
702 4022 992 4072 scandalum
1018 4037 1119 4073 esse
1148 4022 1409 4075 nolumus:
1432 4033 1452 4061 ο
1470 4025 1618 4090 quasi

155 4102 301 4159 liceret
332 4123 346 4160 :
384 4108 435 4160 In
459 4108 735 4173 provinciis
767 4108 955 4160 nostris
1004 4108 1287 4163 catholicos
1309 4124 1425 4164 esse
1468 4110 1619 4164 nolu-

156 4204 246 4247 mus.
271 4195 556 4251 Tractatum
586 4206 666 4251 est
702 4197 826 4266 quid
865 4197 1030 4251 ﬁeret.
1070 4198 1276 4253 Nullum
1312 4200 1509 4254 invenit
1534 4214 1618 4255 re-

1722 3157 1816 3197 nos
1846 3157 1947 3195 non
1973 3141 2166 3193 debere
2196 3139 2491 3191 asserendre
2539 3138 2656 3191 lidei
2687 3146 2877 3191 nostra:
2906 3153 3085 3190 causas
3105 3153 3247 3191 assu-

1723 3245 1885 3285 mere.
1907 3230 2051 3294 Quod
2083 3228 2301 3293 petimus
2328 3235 2381 3278 ut
2405 3225 2745 3291 benignitate,
2767 3239 2865 3292 qua
2888 3235 3059 3276 tantus
3078 3235 3176 3288 est,
3199 3236 3249 3277 et

1719 3318 1917 3386 justitia
1965 3317 2234 3383 sapientia:
2281 3328 2389 3366 sure
2434 3313 2676 3379 dignetur
2724 3326 2977 3367 annuere.
3010 3312 3133 3363 Data
3184 3314 3247 3363 ab
3304 3348 3313 3352 η

1724 3407 1952 3476 Eugenio
1980 3409 2223 3472 episcopo
2260 3403 2500 3458 Ecclesim
2546 3402 2817 3456 catholica:
2847 3401 3192 3468 Carthaginis.
3226 3423 3244 3452 ι

1793 3497 1904 3550 XV.
1942 3496 2204 3566 Rejicitur.
2228 3522 2296 3534 --
2325 3494 2427 3546 Sed
2454 3508 2572 3545 cum
2604 3492 2716 3546 Ιηξο
2745 3493 3005 3559 suggestio
3034 3505 3064 3542 a
3100 3492 3248 3543 Itcnlu

1722 3586 1953 3654 Eugenio
1980 3584 2272 3645 offerretur,
2300 3583 2389 3636 ille
2414 3583 2498 3649 qui
2524 3582 2629 3649 jam
2657 3590 2971 3647 conceperat
2996 3583 3249 3641 do'orem,

1722 3674 1998 3743 urgebatur
2026 3673 2353 3739 iniquitatem
2383 3672 2590 3739 gravius
2618 3673 2909 3739 parturire;
2948 3680 2998 3723 et
3040 3672 3109 3723 ita
3134 3685 3250 3724 san~

1720 3774 1804 3817 cto
1828 3763 1939 3816 viro
1965 3762 2199 3830 Eugenio
2239 3763 2483 3828 episCOpo
2524 3764 2617 3827 per
2648 3770 2671 3798 ε
2700 3760 2964 3813 Cubadum
3000 3762 3250 3827 praeposi-

1723 3860 1829 3901 tum
1875 3850 2019 3916 regni
2064 3852 2141 3901 sui
2175 3850 2449 3901 mandasse
2491 3848 2700 3899 videtur
2730 3866 2740 3897 :
2774 3848 2946 3900 Subde
2986 3848 3109 3898 mibi
3140 3850 3247 3897 uui-

1720 3949 1926 3987 versum
1951 3936 2129 3987 orbem
2164 3946 2435 3996 terrarum,
2468 3945 2521 3985 ut
2554 3932 2649 3985 sub
2678 3941 2931 3998 potestate
2970 3948 3081 3985 mea
3115 3942 3247 3985 totus

1720 4022 1942 4076 mundus
1968 4022 2253 4087 redigatur,
2281 4031 2332 4073 et
2359 4021 2506 4079 facio.
2531 4037 2562 4071 ο
2594 4022 2963 4088 Eugeui,qnud
2988 4023 3137 4073 dicis.
3169 4023 3245 4075 Ad

1717 4108 1851 4177 quod
1899 4107 2075 4163 beatus
2104 4107 2365 4175 Eugenius
2414 4105 2677 4173 respondit
2711 4118 2764 4158 ut
2808 4106 2899 4177 [αι.
2932 4108 3121 4177 decuit]
3153 4124 3245 4175 po-

1719 4200 1816 4252 tuit
1842 4214 1855 4250 :
1887 4195 2036 4261 Quod
2063 4196 2339 4264 rationem,
2368 4196 2553 4263 inquit,
2584 4211 2684 4249 non
2711 4196 2884 4261 habet,
2907 4197 3005 4250 dici
3030 4212 3132 4251 non
3152 4198 3247 4252 de-

200 4373 384 4445 fllart.,
417 4377 588 4445 Fulg.,
622 4375 823 4439 Germ.,
851 4389 969 4445 cum
1001 4375 1244 4439 Orthod.,
1284 4377 1428 4439 Sur.,
1479 4376 1617 4430 Lori—
1646 4380 1694 4438 D
1716 4375 2103 4437 Ianuariarum;
2124 4374 2227 4445 qui
2250 4383 2417 4445 tamen
2451 4372 2801 4445 intra_babent
2836 4372 3244 4445 Eabruariarum.

157 4438 315 4514 cbiget
337 4438 546 4510 Bell’orf,
574 4438 689 4514 rege
714 4438 830 4496 non.
856 4442 1001 4514 Colb.
1033 4446 1083 4507 i,
1114 4438 1436 4514 regenostro.
1468 4446 1613 4512 Bign.

156 4509 344 4591 tirﬂa‘l‘dq
370 4509 554 4591 regina.
584 4509 1335 4591 Rhenum,legatus...zfegina
1357 4509 1612 4579 prtcsente.

253 4572 388 4639 Certe
420 4572 679 4643 Eudoxia,
726 4572 1071 4633 Valentiniani
1116 4572 1429 4632 illiavRomte
1468 4593 1613 4645 capta

157 4640 389 4718 “libuerico
417 4640 691 4718 nupserat;
722 4648 811 4701 sed
824 4648 931 4718 jam
958 4640 1612 4718 aufugeraticonstantino-

158 4711 282 4777 905m,
303 4728 357 4771 ut
379 4711 539 4773 refert
558 4716 806 4769 Zonaras.
826 4711 955 4767 Eam
980 4711 1101 4767 cum
1123 4717 1306 4767 marito
1329 4719 1478 4769 anuis
1498 4731 1618 4769 sex-

157 4773 475 4849 Etim-vixisse
502 4784 659 4837 tradit
686 4782 1004 4849 Nicephorius
1029 4782 1115 4835 lib.
1150 4797 1217 4833 xv
1250 4782 1461 4845 Histor.,
1493 4798 1607 4849 cap.

158 4837 204 4892 l2
223 4862 234 4897 :
256 4837 378 4906 unde
394 4837 719 4906 retinendam
749 4837 867 4904 esse
893 4850 1167 4903 lectionem
1198 4837 1460 4916 vulgatam,
1485 4837 1609 4902 cen-

158 4920 302 4989 εφαι-
323 4921 520 4973 Etenim
538 4920 770 4989 Reginus
796 4932 972 4989 comes
994 4919 1167 4989 potuit
1197 4927 1318 4971 tunc
1343 4919 1393 4970 in
1434 4917 1608 4989 liti-ica

160 4971 269 5036 Mtte
290 4971 659 5053 legatus.Eum
681 4971 871 5054 nempe
893 4971 1031 5039 Alri's
1060 4986 1219 5051 probe
1248 4996 1423 5037 notum
1452 4985 1612 5038 fuisse

160 5054 419 5120 Ml,un
446 5064 623 5120 postea
670 5056 717 5108 in
756 5054 981 5109 Orientis
1025 5054 1254 5119 partibus
1282 5057 1610 5118 constitutus,

120 5178 127 5179 ,
159 5118 407 5191 iﬂptiones
426 5118 626 5191 aliquot
652 5123 803 5176 beato
824 5118 1095 5191 Fulgentio
1119 5124 1392 5175 solvendas
1425 5137 1610 5188 prepo-

161 5182 536 5259 tuit,qnibusillé
557 5182 987 5259 responditepist.
1018 5191 1110 5252 18;
1142 5200 1195 5242 et
1220 5200 1335 5255 post
1361 5182 1608 5259 Eu'lgentii

162 5258 317 5325 mortem
366 5255 661 5325 Ferrandus
705 5255 971 5323 diaconus,
1022 5268 1075 5312 ut
1102 5258 1331 5325 ejusdem
1364 5255 1609 5310 Ferrandi

161 5323 395 5379 ointentum
433 5323 503 5377 de
529 5322 629 5375 hoc
660 5322 961 5389 argumento
987 5322 1222 5381 testatur.
1264 5326 1390 5379 Illud
1417 5326 1607 5379 editum

163 5390 523 5461 uts‘Cbimetio
550 5404 673 5461 cum
696 5394 909 5461 caeteris
934 5394 1169 5461 ejusdem
1195 5395 1421 5449 auctoris
1446 5395 1610 5461 operi—

163 5450 806 5527 httpLDivionegbnejGw.

204 5518 354 5586 δοοιι».
382 5528 441 5595 2,
459 5518 823 5594 'Ful.,Germ.,
849 5526 1019 5596 Marb,
1048 5529 1339 5594 Loricbius,
1364 5529 1609 5591 etOrtb...

1722 4446 1781 4495 Et
1813 4446 1940 4495 infra
1985 4457 2078 4509 pro
2107 4442 2287 4493 Junius
2328 4442 2530 4504 Germ.,
2574 4442 2708 4503 FUL,
2756 4449 2810 4494 cl
2838 4441 3013 4506 Orth.,
3053 4444 3243 4497 habent

1717 4511 1901 4563 Julias.
1936 4512 2107 4572 Marb,
2142 4525 2194 4560 Ill
2227 4510 2324 4561 cal.
2347 4509 2530 4562 Iulias.

1789 4590 1811 4617 ο
1838 4580 1988 4641 Quasi
2013 4579 2191 4630 diceret
2214 4592 2229 4627 :
2252 4575 2313 4627 In
2337 4579 2598 4643 provinciis
2627 4578 2825 4639 nostris,
2850 4577 3120 4630 catholicos
3142 4594 3244 4632 esse

1720 4648 1968 4698 nolumus.
2020 4645 2140 4696 llaec
2180 4646 2368 4697 desunt
2414 4647 2462 4697 in
2504 4646 2733 4698 Colbert.
2764 4646 3010 4709 i,Mart.,
3040 4645 3241 4710 Germ.,

1717 4714 1979 4774 Lolicbio,
2006 4720 2061 4764 et
2085 4712 2301 4767 Orthod.
2340 4713 2402 4766 Et
2426 4712 2576 4774 inira,
2601 4714 2683 4763 ubi
2704 4728 2763 4763 ex
2798 4712 2947 4765 Colb.
3000 4717 3023 4767 l
3073 4717 3242 4780 posui.

1716 4795 1852 4847 mus,
1879 4782 1973 4833 nisi
1999 4790 2049 4831 ut
2080 4796 2108 4829 a
2136 4792 2321 4843 sancto,
2354 4794 2454 4834 etc.
2489 4782 2725 4847 Plerique
2753 4783 2873 4832 editi
2913 4784 3101 4835 habent
3144 4785 3239 4834 nisi

1715 4865 1745 4898 a
1769 4859 1958 4909 sancto,
1995 4858 2097 4900 etc.
2126 4849 2313 4901 Cmteri
2347 4850 2454 4902 fere
2486 4862 2611 4899 mss.
2646 4862 2761 4899 cum
2802 4848 2947 4901 Orib.
3005 4860 3055 4903 et
3094 4850 3239 4901 [ιω-ἱ-

1714 4916 1853 4978 chio,
1893 4915 2034 4985 Tunc
2072 4927 2240 4968 sancto
2273 4918 2492 4985 Eugenio
2520 4916 2829 4985 rationabilis
2860 4934 3011 4967 caiisa
3041 4921 3141 4969 risu
3172 4925 3238 4970 est

1714 4985 1757 5034 si
1786 5000 1869 5036 cor
1896 4984 2155 5035 barbarum
2178 4984 2450 5045 moliretur,
2480 4984 2811 5050 suggerendo,
2843 4987 2885 5034 si
2916 4988 3119 5053 legenda
3148 4989 3236 5037 a'a-

1714 5058 1847 5103 retur
1867 5052 1956 5101 tali
1982 5062 2114 5104 textu
2132 5055 2333 5117 epistola
2360 5056 2653 5115 conscripta.

1782 5117 1981 5172 dCoib.
2020 5120 2075 5181 2,
2114 5120 2252 5182 Ful.,
2281 5119 2476 5182 Germ.,
2516 5120 2685 5179 Mart.,
2726 5118 2889 5180 Port.,
2928 5128 2977 5171 et
3020 5118 3233 5171 Ortbud.

1711 5200 1828 5241 cum
1877 5187 2136 5253 Loricliio,
2188 5190 2321 5239 nobis
2350 5191 2521 5240 merito
2560 5187 2813 5255 religionis
2838 5203 2894 5237 ac
2922 5188 3058 5251 ﬁdei.
3089 5186 3231 5243 Colb.

1716 5255 1912 5323 tertius,
1942 5256 2006 5306 de
2032 5258 2208 5308 merito
2235 5256 2487 5323 religionis
2509 5256 2626 5319 ﬁdei
2653 5256 2757 5313 eius
2776 5270 2894 5323 pne:
2912 5266 3096 5323 cptum.

1785 5322 1975 5391 ι26011).
2000 5324 2051 5386 1,
2071 5338 2186 5377 cum
2210 5325 2404 5391 aliquot
2428 5322 2601 5391 editis,
2626 5322 2883 5383 ()budum;
2914 5322 3060 5374 Culb.
3084 5325 3227 5391 alter,

1716 5390 1994 5453 Oubadum,
2042 5402 2093 5443 et
2120 5393 2195 5443 sic
2244 5388 2396 5443 infra.
2424 5390 2583 5442 Paulo
2622 5400 2760 5453 ante,
2786 5391 3095 5457 iniquitatem
3122 5388 3219 5457 ora

1710 5460 1816 5511 eius
1847 5459 2112 5524 parturire.
2136 5458 2431 5524 Loricltius,
2471 5469 2522 5511 ut
2553 5460 2859 5527 iniquitatem
2886 5460 3086 5527 gravius
3109 5478 3225 5528 ραν,

1712 5528 1904 5583 turiret.
