3814 6228
598 186 697 243 215

1855 177 2151 233 VICTORIS
2193 177 2486 257 \llTENSlS
3625 182 3711 235 2n;

598 297 721 350 buit.
759 294 841 347 Sic
866 302 945 345 est
972 292 1067 343 hoc
1092 289 1347 356 quomodo
1372 287 1416 341 si
1444 287 1645 340 dicatur
1680 286 1897 351 homini,
1929 297 1987 339 ut
2020 302 2108 353 per
2142 292 2190 347 Α
2210 278 2407 353 quanto
2451 288 2610 356 magis
2638 282 2925 341 communis
2970 302 3143 341 mensa
3170 288 3401 341 ciborum
3445 289 3618 355 poterit
3643 290 3711 342 iu-

593 397 714 435 aera
743 382 935 433 feratur
959 388 1009 432 et
1038 378 1235 440 volitet,
1264 375 1403 443 quod
1448 376 1606 427 moris
1635 388 1736 427 non
1764 384 1844 427 est
1874 378 2111 426 humana:

595 477 810 520 natura).
854 466 966 518 Dixi
992 466 1155 527 enim,
1204 464 1246 515 si
1290 472 1516 516 nostram
1551 462 1725 525 tidem,
1754 478 1869 529 qua:
1911 478 2011 514 una
2062 472 2113 514 et

594 569 712 607 vera
740 553 867 606 ﬁdes
910 560 1019 615 est,
1067 560 1295 618 potestas
1344 550 1480 616 regis
1505 550 2111 615 agnoscere'desiderai,

592 642 758 693 mittat
803 640 867 692 ad
920 641 1113 690 amicos
1160 652 1281 690 suos
1313 652 1326 683 ε
1358 637 1578 689 scribam
1636 646 1688 687 et
1731 652 1826 703 ego
1874 636 2114 689 fratribus

592 730 737 791 meis,
770 737 825 780 ut
850 728 1055 778 veniant
1082 724 1374 789 coepiscopi
1404 726 1527 786 mei,
1555 724 1642 791 qui
1674 724 1821 775 vobis
1845 724 2111 776 nobiscum

589 833 913 871 communem
946 816 1097 868 ﬁdem
1128 826 1355 867 uosuam
1398 815 1603 865 valeant
1642 816 2020 875 demonstrare,
2063 824 2113 865 et

592 907 845 973 prmeipue
874 906 1101 958 Ecclesia
1131 904 1381 964 Romana,
1404 917 1517 968 quae
1545 910 1568 936 α
1595 912 1749 965 caput
1773 911 1852 953 est
1884 904 2112 953 omnium

593 997 959 1049 Ecclesiarum.
994 994 1069 1046 Ad
1102 994 1212 1045 lucc
1236 992 1475 1044 Cubadus
1508 1009 1519 1040 ε
1551 990 1684 1056 Ergo
1704 998 1778 1053 tu,
1802 1000 1854 1043 et
1874 992 2114 1043 dominus

591 1100 737 1138 meus
764 1100 874 1145 rex,
904 1083 1103 1135 similes
1134 1081 1292 1133 estis?
1323 1080 1583 1146 Eugenius
1626 1078 1903 1145 episcopus
1940 1080 2073 1131 dixit
2099 1099 2109 1129 :

592 1175 697 1243 Ego
722 1171 904 1226 similis
931 1172 1037 1237 regi
1084 1185 1185 1221 non
1233 1183 1376 1231 sum;
1406 1168 1495 1220 sed
1525 1167 1628 1218 dixi
1664 1186 1676 1219 :
1707 1165 1763 1220 Si
1807 1182 1980 1219 veram
2028 1183 2117 1220 co-

588 1277 835 1330 gnoscere
863 1260 1120 1313 desiderat
1150 1259 1301 1311 ﬁdem
1320 1297 1334 1320 ,
1360 1257 1553 1309 scribat
1592 1256 1773 1308 amicis
1793 1256 1921 1319 suis,
1953 1263 2007 1307 ut
2033 1256 2114 1309 di-

591 1353 757 1419 rigant
798 1361 1001 1403 nostros
1043 1348 1331 1400 catholicos
1369 1348 1672 1412 episcopos;
1722 1358 1773 1397 et
1820 1360 1916 1412 ego
1946 1346 2116 1397 scribo

589 1439 909 1507 coepiscoiiis
937 1438 1086 1500 mi-is,
1116 1436 1233 1501 quia
1278 1435 1547 1487 catliolicie
1578 1434 1697 1487 lidei
1730 1435 1984 1487 universae
2016 1450 2112 1485 una

589 1541 667 1583 est
694 1544 867 1583 causa.
894 1529 1001 1581 Huc
1042 1528 1224 1594 agebat
1250 1527 1534 1592 Eugenius.
1578 1540 1681 1576 non
1707 1526 1841 1589 qiiol
1873 1524 2114 1577 deessent

2217 374 2462 440 quinare,
2508 388 2623 426 cum
2670 374 2804 426 dicat
2854 376 2989 428 idem
3024 373 3299 441 Apostolus
3331 392 3343 425 :
3372 388 3483 427 cum
3520 376 3709 431 nefariis

2217 476 2312 514 nec
2332 463 2501 513 cibum
2534 461 2724 513 habere
2746 476 3072 515 communem
3105 461 3155 524 (1
3183 461 3298 513 Cor.
3330 477 3381 523 v,
3410 463 3524 525 il)?

2286 549 2442 601 XVII.
2486 548 2666 615 Ingens
2713 550 3028 601 miraculum.
3059 578 3127 589 —-
3160 549 3261 603 Sed
3301 564 3417 602 cum
3462 549 3587 616 ignis
3617 550 3705 617 jam

2217 637 2592 703 persecutionis
2638 634 3039 700 accenderetur,
3090 644 3143 689 et
3191 635 3397 688 ﬂamma
3446 634 3704 689 infestantis

2217 725 2403 787 ubique
2429 722 2563 790 regis
2589 722 2825 785 arderet,
2862 724 3089 776 ostendit
3110 725 3245 777 Deus
3274 734 3449 778 noster
3475 724 3702 791 quoddam

2215 813 2515 864 miraculum
2574 827 2666 875 per
2708 826 2913 864 servom
2962 826 3109 864 suum
3174 813 3378 865 ﬁdelem
3428 812 3702 878 Eugenium,

2213 900 2349 966 quod
2400 902 2663 965 praeterire
2708 916 2807 952 non
2837 900 3020 955 debeo.
3056 901 3170 953 Fuit
3198 901 3248 953 in
3292 901 3471 954 eadem
3498 902 3704 965 civitate,

2216 989 2265 1040 id
2298 998 2375 1041 est
2403 988 2729 1055 Carthagine,
2762 990 2966 1056 quidam
2993 1005 3159 1043 caecus
3197 991 3394 1043 civibus
3437 992 3707 1058 civitatique

2217 1075 2533 1137 notissimus,
2562 1078 2768 1129 nomine
2798 1079 2960 1131 Felix.
2994 1080 3087 1132 llic
3138 1080 3375 1132 visitatur
3417 1093 3447 1129 a
3495 1080 3705 1137 Domino.

2216 1165 2504 1232 diciturque
2531 1166 2577 1217 ei
2609 1177 2759 1220 nocte
2788 1182 2880 1234 per
2923 1168 3086 1219 visum
3110 1207 3123 1229 ,
3156 1177 3177 1201 α
3207 1167 3318 1220 dies
3346 1169 3482 1219 enim
3510 1167 3707 1233 Epipba.

2216 1254 2418 1308 niorum
2446 1256 2778 1310 illucescebat
2808 1272 2820 1308 :
2852 1255 3048 1322 Surge,
3078 1255 3206 1307 vade
3226 1255 3290 1308 ad
3319 1269 3521 1308 servum
3561 1271 3706 1307 meum

2217 1343 2505 1411 Eugenium
2534 1345 2856 1412 episcopum,
2883 1353 2937 1397 et
2959 1345 3100 1397 dices
3124 1344 3194 1406 ei,
3232 1343 3353 1411 quia
3380 1357 3476 1410 ego
3502 1352 3549 1395 te
3574 1342 3631 1393 ad
3654 1345 3705 1393 il-

2216 1432 2318 1483 lum
2359 1432 2542 1485 direxi.
2576 1433 2639 1485 Et
2677 1432 2765 1485 illa
2796 1430 2923 1485 liora
2973 1446 3073 1500 qua
3120 1430 3382 1483 benedicet
3424 1429 3623 1491 fontem,
3660 1442 3708 1480 ut

2219 1520 2539 1586 baptizentiir
2590 1520 2897 1574 accedentes
2945 1523 3009 1573 ad
3053 1504 3224 1582 ﬁdem,
3255 1522 3514 1587 contlnget
3555 1520 3711 1573 oculos

590 1620 638 1671 in
670 1618 837 1671 Africa
871 1618 956 1683 qui
987 1616 1072 1667 adi
1087 1616 1403 1666 ersariorum
1433 1615 1633 1679 objecta
1663 1614 1992 1675 refellerent,
2024 1613 2113 1665 sed
2145 1604 2189 1659 B
2219 1616 2329 1659 tum
2351 1647 2364 1669 ,
2393 1618 2444 1660 et
2482 1610 2798 1675 aperientur.
2851 1618 2904 1663 et
2945 1609 3143 1663 videbis
3188 1610 3381 1662 lumen.
3409 1609 3501 1673 Qui
3546 1608 3623 1660 tali
3646 1608 3700 1660 vi

591 1716 644 1758 ut
673 1706 743 1756 illi
770 1708 1050 1765 venissent,
1084 1704 1169 1767 qui
1212 1703 1368 1754 alieni
1399 1705 1461 1751 ab
1487 1717 1664 1754 eorum
1692 1701 1980 1761 dominatu,
2008 1716 2114 1752 ma-

590 1793 748 1858 iorem
801 1790 1035 1840 liduciam
1080 1788 1332 1839 libertatis
1365 1787 1633 1847 liabet-ent,
1684 1790 1978 1852 pariterque
2024 1803 2116 1851 tip-

591 1873 869 1945 pressionis
900 1887 1089 1929 nostrae
1133 1878 1419 1929 calumnias
1450 1875 1709 1927 universis
1757 1876 1905 1927 terris
1935 1885 1985 1928 et
2024 1889 2113 1941 po-

592 1968 722 2035 pulis
752 1968 1063 2017 nuntiarent.
1396 2034 1399 2039 η

661 2054 790 2107 XVI.
813 2052 874 2104 In
898 2054 1147 2119 episcopos
1175 2051 1452 2101 saevitia.—
1468 2050 1553 2103 llle
1576 2060 1747 2102 autem
1770 2052 1856 2118 qui
1873 2053 2114 2105 nectebat

590 2140 735 2191 dolos
759 2180 771 2201 ,
802 2139 981 2191 audire
1015 2139 1179 2189 noluit
1208 2138 1461 2189 rationem
1489 2179 1500 2201 ,
1532 2151 1689 2201 agens
1716 2139 2114 2203 argumentatio-

591 2212 741 2279 nibus
771 2229 987 2288 crebris,
1020 2236 1076 2278 ut
1102 2240 1441 2291 quoscunque
1480 2226 1841 2290 episcoporum
1884 2222 2145 2276 audierat‘

588 2318 837 2381 eruditos,
859 2316 1015 2367 variis
1043 2314 1466 2367 insectationibus
1486 2313 1717 2379 agitaret.
1743 2311 1855 2364 Jam
1885 2315 1948 2363 ad
1976 2312 2113 2364 exsi-

591 2411 711 2459 liuiii
761 2407 787 2443 ι)
834 2406 1145 2458 Vibianene
1187 2404 1415 2455 secundo
1471 2404 1810 2455 Donatianum
1863 2402 2113 2467 impositis

590 2505 796 2548 centum
843 2493 1210 2560 quinquag’nta
1263 2491 1483 2544 fustibus
1533 2492 1741 2543 miserat
1790 2492 2106 2557 episc0pum,

596 2589 693 2653 21
724 2599 922 2636 necnon
952 2594 1001 2634 et
1031 2581 1409 2634 Sufetulensein
1440 2580 1765 2644 Ρτςιυείιιίυιη,
1803 2581 1965 2631 virum
1988 2579 2112 2631 satis

594 2688 817 2726 acutum.
837 2675 978 2727 Tunc
998 2684 1051 2726 et
1074 2674 1391 2725 venerabiles
1413 2675 1754 2735 blansuetum,
1778 2672 2109 2734 Germanum,

594 2764 887 2825 Fusculum,
919 2770 969 2811 et
1014 2761 1203 2811 inultos
1245 2760 1373 2810 alios
1405 2758 1681 2823 instigavit.
1717 2758 1843 2810 Dum
1875 2758 1983 2809 huic
2028 2758 2114 2823 ge-

594 2858 793 2911 runtur,
822 2850 1040 2913 imperat
1062 2858 1117 2899 ut
1136 2863 1250 2898 cum
1272 2858 1458 2897 nostrti-
1480 2846 1739 2911 religimiii
1762 2847 1883 2898 viris
1908 2847 2110 2898 illorum

2216 1697 2364 1748 sione
2405 1698 2771 1765 commonitus,
2800 1705 2986 1763 putans
3009 1712 3083 1759 se,
3127 1696 3386 1764 quomodo
3408 1695 3605 1756 assolet.
3630 1695 3705 1747 de-

2216 1785 2319 1835 ludi
2352 1800 2441 1849 per
2484 1786 2775 1848 somnium,
2809 1800 3020 1852 surgere
3069 1786 3229 1837 noluit
3258 1800 3444 1838 czccus.
3474 1785 3567 1838 Sed
3607 1799 3710 1836 cuin

2216 1874 2399 1925 iterum
2432 1884 2701 1939 urgeretur
2726 1873 2777 1925 in
2805 1887 3076 1937 somnum,
3116 1874 3354 1927 similitrr
3385 1886 3437 1927 ut
3475 1875 3535 1926 ad
3564 1874 3707 1940 Euge-

2212 1965 2351 2015 nium
2385 1976 2639 2032 pergeret,
2668 1964 3013 2030 compellitur.
3048 1964 3244 2016 Rursus
3274 1966 3513 2031 negligit,
3554 1965 3709 2016 tertio-

2212 2068 2311 2117 que
2356 2052 2656 2105 festinanter
2682 2062 2732 2104 et
2761 2053 2987 2116 graviter
3030 2054 3347 2116 increpatiir.
3380 2052 3569 2102 Excitat
3604 2065 3707 2115 pue‘

2214 2155 2327 2191 rum
2368 2141 2453 2205 qui
2501 2141 2550 2197 ei
2595 2140 2777 2192 solitus
2828 2149 2942 2191 erat
2989 2154 3195 2192 manum
3244 2140 3522 2205 porrigere.
3564 2137 3715 2199 Pergit

2213 2226 2375 2281 veloci
2407 2228 2634 2296 agilitate
2659 2230 2721 2280 ad
2756 2228 2929 2280 Fausti
2956 2229 3247 2290 basilicam;
3274 2238 3407 2289 orat,
3432 2236 3483 2282 et
3520 2228 3718 2280 veniens

2212 2334 2328 2369 cum
2360 2318 2651 2384 iungentibus
2682 2318 2945 2385 lacrymis’,
2994 2318 3221 2385 suggerit
3248 2318 3451 2369 cuidam
3477 2315 3500 2351 ἀ
3526 2314 3713 2368 subdia-

2213 2422 2343 2460 οηηο
2375 2409 2577 2459 nomine
2610 2405 2889 2475 Peregrin
2916 2416 2971 2458 ut
3015 2422 3131 2460 eum
3168 2407 3410 2473 episcopo
3457 2408 3717 2467 nuntiaret,

2214 2497 2445 2548 indicans
2490 2510 2547 2547 se
2595 2496 2784 2548 habere
2828 2496 3035 2562 aliquod
3080 2495 3270 2548 secreti
3297 2509 3460 2561 genus
3494 2494 3717 2545 iutimau~

2212 2585 2356 2634 dum.
2406 2583 2632 2635 Audiens
2680 2584 2953 2648 episcOpus
2998 2582 3155 2649 jussit
3200 2572 3460 2634 hominem
3505 2581 3713 2633 introire.

2212 2670 2322 2722 .Iam
2345 2669 2482 2722 enim
2505 2671 2570 2721 ob
2592 2670 2940 2721 celebritatem
2965 2669 3278 2728 festivitatis,
3300 2669 3475 2737 hymni
3499 2667 3717 2720 nocturni

2213 2773 2305 2826 per
2357 2767 2511 2809 totam
2542 2758 2811 2809 ecclesiam
2848 2764 3065 2809 canente
3101 2758 3286 2823 populo
3335 2755 3716 2821 concrepabant.

2214 2845 2409 2898 lndicat
2436 2859 2603 2897 caecus
2634 2844 2842 2897 antistiti
2875 2846 3111 2899 ordinem
3134 2845 3343 2899 visionis
3364 2859 3491 2908 suae,
3510 2843 3720 2910 dicitque

595 2950 821 2986 tttcnSam
851 2936 1021 2985 nullus
1060 2948 1383 2986 communem
1416 2932 1660 2998 haberet,
1691 2948 1854 3000 neque
1880 2949 1995 2986 cum
2025 2952 2112 2987 ca.
2138 2923 2183 2982 C
2216 2935 2284 2986 illi
2310 2953 2322 2985 :
2350 2934 2457 2986 Non
2481 2944 2530 2986 te
2551 2933 2805 2986 dimittam
2829 2934 2925 2986 nisi
2950 2934 3097 2996 mihi,
3127 2934 3305 2986 sicuta
3327 2930 3523 2986 Domini
3560 2930 3726 2999 jussus

596 3025 797 3075 tliolicis
825 3024 1034 3073 omnino
1070 3029 1423 3073 vescizrentur.
1455 3024 1578 3086 Quae
1609 3037 1690 3075 res
1735 3038 1837 3075 non
1863 3023 1989 3091 ipsis
2017 3027 2113 3077 ali-

597 3114 731 3173 quod
757 3112 992 3178 prmstitit
1015 3112 1345 3173 bcnelicium,
1380 3114 1470 3164 sed
1516 3114 1663 3164 nobis
1688 3116 1965 3166 maximum
1988 3132 2115 3168 con-

597 3200 711 3251 tulit
730 3201 946 3251 lucrum.
975 3199 1099 3250 Nam
1123 3199 1164 3248 si
1193 3213 1365 3249 sermo
1387 3213 1586 3259 eorum,
1616 3200 1821 3252 dicente
1844 3204 2114 3264 Apostolo,

595 3289 724 3339 sicut
770 3300 956 3340 cancer
1003 3286 1277 3337 consuevit
1321 3301 1528 3352 serpere
1577 3285 1658 3355 (II
1707 3287 1838 3339 Tim.
1895 3304 1952 3354 tt,
2008 3290 2117 3357 17),

665 3408 686 3433 ο
718 3398 803 3447 Sic
830 3398 951 3447 olim
992 3396 1280 3463 Cyprianus
1316 3395 1595 3465 Romanam
1630 3396 1901 3449 Ecclesium
1929 3400 2114 3465 princi-

595 3467 752 3531 palem
770 3466 1081 3534 appellabat,
1107 3466 1257 3527 epist.
1362 3464 1483 3514 edit.
1502 3469 1691 3534 (ηοω,
1710 3466 1837 3534 alias
1856 3464 1942 3531 55,
1961 3484 2113 3534 quem

598 3528 779 3583 imitati
807 3542 921 3580 sunt
948 3533 1030 3581 a'ii
1061 3532 1282 3581 Africani
1314 3532 1740 3597 Patres.0ptatus
1762 3528 1847 3585 lib.
1877 3528 1913 3587 tt
1934 3528 2116 3586 adver—

595 3614 683 3651 sus
720 3599 1144 3657 l’armeiiiannin,
1181 3598 1495 3661 Augustinus
1524 3600 1733 3662 passim,
1761 3611 1814 3652 et
1848 3604 1953 3653 alii.
1993 3602 2115 3654 Vide

596 3667 873 3718 Mahillouii
917 3666 1076 3714 nostri
1120 3665 1472 3725 prmlationem
1505 3663 1554 3714 in
1587 3667 1866 3732 Liturgiam
1896 3668 2116 3720 Gallica-

596 3750 733 3785 nam.
767 3734 1016 3783 tjtetcruin
1050 3732 1209 3782 .li'ilius
1246 3746 1371 3797 papa
1401 3732 1452 3781 in
1483 3734 1698 3796 epistola
1729 3735 1790 3785 ad
1822 3737 2112 3789 Orientales

593 3804 863 3868 episcenos
890 3804 1222 3866 conqueritur
1244 3814 1298 3851 se
1328 3801 1393 3850 ab
1420 3800 1478 3850 iis
1501 3802 1562 3849 ad
1595 3803 1872 3855 concilium
1891 3805 2110 3855 advoca-

597 3882 701 3922 tum
730 3886 828 3920 non
862 3870 1035 3920 luisse.
1064 3868 1188 3919 Vide
1221 3868 1496 3920 Sozomen.
1529 3868 1616 3920 lib.
1651 3885 1702 3921 ut
1744 3871 1871 3923 llisl.
1900 3873 2107 3935 eccles.,

594 3954 709 4001 cap.
740 3938 818 3988 l0.
853 3937 1147 4000 Fulgentius
1166 3946 1217 3986 et
1246 3936 1419 3987 caeteri
1442 3936 1664 4002 episcopi
1690 3940 1893 3990 exsules
1922 3941 1969 3989 in
1995 3940 2114 3991 Sar-

594 4006 755 4067 dinia,
784 4006 1000 4068 epistola
1034 4005 1093 4055 l5
1125 4005 1188 4053 ad
1217 4002 1489 4055 Venerium
1519 4014 1572 4054 et
1606 4007 1875 4067 Joannem,
1905 4007 2118 4057 laudant

596 4074 882 4124 llnrmisda:
906 4072 1158 4135 pontilicis
1204 4071 1419 4133 Romani
1452 4073 1625 4125 verba,
1661 4083 1711 4121 ut
1740 4074 2013 4124 ostendant
2052 4075 2116 4123 de

595 4139 755 4193 gratia
806 4139 1042 4189 omnibus
1096 4150 1211 4185 esse
1268 4135 1566 4193 tenendum,
1612 4138 1731 4201 quid
1768 4138 2011 4202 Romana,
2042 4141 2114 4191 in—

596 4208 799 4265 quiunt,
830 4205 881 4254 id
912 4214 1000 4262 est,
1028 4203 1273 4252 catholica
1299 4205 1441 4253 sentit
1462 4211 1680 4253 etscrvat
1708 4203 1945 4256 Ecclesia.

668 4274 690 4309 δ
723 4273 808 4323 Sic
836 4271 958 4324 editi
984 4273 1091 4321 fere
1109 4284 1308 4331 omnes,
1335 4272 1429 4321 nisi
1462 4272 1595 4335 quod
1627 4272 1815 4323 habent
1854 4274 2116 4325 Vibianen-

595 4358 713 4391 item.
752 4340 897 4392 Colb.
936 4343 953 4389 l
1002 4336 1289 4389 Vibianense
1334 4342 1621 4389 secundum.
1674 4341 1818 4393 Sicut
1859 4342 2113 4404 etMart.,

596 4409 710 4461 Ful.
747 4419 797 4459 et
841 4407 1015 4459 Germ.
1045 4424 1056 4458 :
1088 4408 1177 4458 sed
1209 4410 1301 4472 qui
1346 4409 1472 4458 inira
1506 4424 1596 4471 pro
1619 4414 1900 4474 episcommt
1929 4412 2116 4462 habent

596 4479 870 4545 episcopos,
898 4477 1043 4545 quasi
1081 4478 1288 4545 secundi
1324 4477 1550 4535 nomine,
1585 4481 1854 4541 CplSt'OpllS
1887 4479 1969 4530 hic
2005 4482 2115 4545 qui-

596 4548 711 4594 dam
740 4560 767 4594 a
792 4544 993 4594 Victore
1016 4543 1375 4608 desigiiarelur
1393 4544 1672 4595 Doiiaiiauo
1694 4548 1939 4597 sociatus.
1964 4543 2117 4599 Siini-
2158 4547 2165 4555 '

600 4613 713 4661 liter
758 4612 973 4662 Orthod.
1026 4624 1072 4661 et
1114 4609 1381 4661 Lnrirliius
1412 4611 1639 4661 habent;
1684 4613 1995 4674 l’inianvnse,
2042 4632 2117 4665 se-

522 4742 527 4747 .
600 4680 832 4737 cundum,
874 4676 1207 4747 Donatiamtm
1235 4678 1471 4737 impositis
1509 4690 1785 4732 centum...
1825 4684 2114 4747 episcopos;

600 4759 642 4796 et
669 4750 756 4796 sub
794 4745 1031 4810 fetulense
1061 4749 1341 4808 pra’stdiuni
1388 4762 1569 4806 rerum,
1595 4760 1809 4810 acutum,
1855 4745 1956 4802 etc.
1988 4745 2113 4807 Sed

600 4815 681 4865 lliB
710 4816 955 4883 lectiones
985 4815 1393 4883 mendosissiura:
1417 4824 1552 4883 sunt.
1582 4813 1795 4868 Unicum
1817 4820 2005 4883 quippe
2034 4818 2116 4870 hic

602 4880 954 4933 tantun-mndo
980 4880 1231 4950 designari
1258 4881 1592 4950 Utillallsilllllll
1610 4880 1928 4950 ερὶδοηρῄηιξ
1945 4880 2116 4945 Ἰίαυθι

601 4966 659 5001 ex
692 4959 904 5001 vetustis
932 4946 1311 5013 iiiartyrologiis
1330 4948 1563 5008 Usuardi,
1607 4946 1818 5007 Adonis.
1852 4965 1905 5005 et
1929 4954 2115 5007 Nntke-

601 5021 663 5081 ri,
699 5019 746 5067 in
772 5017 956 5082 quibus
988 5015 1067 5065 die
1095 5016 1125 5066 6
1155 5016 1475 5080 Septembris
1504 5017 1645 5068 solus
1674 5019 1980 5071 Donatianus
1994 5038 2110 5073 cum

603 5086 730 5153 intra
755 5082 1022 5153 recensitis
1042 5084 1331 5153 celebratur
1357 5085 1432 5133 his
1460 5084 1629 5153 verbis
1655 5103 1665 5133 :
1817 5088 2114 5140 Sanctorum

604 5152 889 5212 Domitiani,
936 5149 1207 5219 Prwsidii,
1242 5150 1510 5219 Mansuett,
1552 5149 1780 5203 German—1‘
1809 5165 1853 5204 et
1889 5156 2111 5219 Fusculi,

601 5221 704 5281 qni,
732 5228 855 5279 etc.,
888 5232 990 5287 qilIO
1019 5228 1136 5287 item
1153 5217 1242 5287 die
1271 5218 1320 5267 in
1356 5219 1584 5287 Humano
1613 5222 1971 5287 Martyrologio
2007 5217 2115 5275 me;

605 5286 1063 5353 morantur.Porro
1085 5286 1132 5334 in
1150 5284 1334 5353 Notitia
1368 5285 1604 5336 Africana
1628 5284 1845 5353 quatuor
1870 5284 2109 5342 Diinatia-

606 5365 698 5401 nos
723 5353 991 5425 episcopos
1022 5350 1835 5425 invenioill’eselitanuntscilicet
1862 5368 1913 5409 et
1936 5358 2111 5425 Tegla-

606 5433 799 5470 nemcm
827 5420 880 5469 in
920 5417 1173 5481 Numidia,
1226 5417 1469 5470 Eliensem
1504 5420 1557 5474 in
1603 5420 1883 5488 Byzacena,
1914 5435 1965 5479 et
1998 5417 2113 5479 Usi-

2145 4182 2193 4239 D

2217 3038 2304 3081 es,
2350 3022 2634 3074 reddideris
2663 3021 2843 3074 oculos
2883 3036 3048 3074 meos.
3078 3020 3171 3075 Cui
3196 3030 3408 3075 sanctus
3439 3021 3717 3089 Engeuins:

2218 3113 2419 3165 Recede
2446 3127 2474 3162 a
2505 3127 2587 3165 me
2607 3150 2621 3173 ,
2655 3110 2839 3173 frater;
2881 3119 3121 3177 peccator
3158 3124 3272 3163 sum
3302 3120 3356 3163 et
3396 3109 3649 3175 indignus,
3677 3116 3721 3158 et

2218 3216 2373 3266 super
2399 3213 2579 3251 omnes
2609 3199 2840 3250 homines
2866 3199 3194 3262 delinquens,
3226 3206 3281 3249 ut
3318 3205 3459 3263 pote,
3480 3204 3531 3249 et
3555 3191 3636 3265 qui
3675 3195 3719 3247 in

2223 3293 2331 3342 lucc
2358 3303 2588 3355 tempora
2620 3299 2855 3341 servatus
2879 3302 3014 3339 sum.
3046 3287 3136 3340 lile
3166 3299 3338 3339 autem
3372 3298 3553 3340 tenens
3571 3300 3719 3355 genua

2218 3402 2477 3454 nadensem
2508 3401 2558 3452 in
2587 3399 2885 3451 Mauritania
2915 3398 3237 3452 Caesariensi.
3266 3398 3542 3450 Prtesiilius
3567 3406 3719 3450 autem

2218 3471 2301 3521 hic
2339 3471 2603 3527 laudatus,
2637 3468 2680 3520 is
2728 3469 2837 3533 ipse
2862 3467 3053 3532 estqui
3082 3468 3270 3516 dicitur
3304 3465 3648 3527 Suffetulemis
3677 3466 3716 3513 in

2216 3538 2405 3587 Notitia
2437 3537 2676 3587 Africana
2720 3535 2855 3586 inter
2882 3536 3152 3597 epismpos
3184 3535 3486 3598 Byzacente,
3528 3534 3655 3584 sicut
3680 3543 3719 3581 et

2218 3603 2502 3653 Mansuetus
2540 3602 2869 3667 Afufeniensis
2904 3609 2963 3667 et
3010 3599 3283 3651 Germanus
3318 3599 3718 3667 Peradamirnst't,

2218 3670 2265 3720 iu
2290 3670 2469 3722 eadem
2495 3666 2861 3729 provinciam
2892 3666 3161 3718 Fusculnm
3193 3668 3420 3732 reperire
3450 3683 3548 3717 nmi
3577 3666 3719 3723 licuit,

2218 3738 2314 3788 nisi
2342 3737 2472 3788 forte
2489 3736 2643 3787 fuerit
2665 3734 2905 3786 Filtiosus
2931 3734 3285 3800 Aggaritonus,
3308 3734 3355 3786 in
3374 3735 3553 3786 eadem
3582 3734 3721 3800 Byzao

2218 3820 2344 3857 cena
2390 3806 2650 3869 provincia
2699 3812 3031 3855 memoratus.
3076 3800 3228 3869 Qerte
3272 3817 3365 3866 pro
3396 3800 3639 3855 Fest-ultu
3679 3800 3719 3852 iu

2222 3873 2436 3926 Usuarili
2468 3873 2785 3937 antographo
2822 3872 3039 3922 habetur
3068 3868 3327 3921 Fului/us.
3672 3908 3673 3911 η

2291 3952 2308 3976 ε
2334 3942 2387 3992 lii
2416 3940 2561 3991 Colb.
2599 3942 2645 3993 l.
2679 3952 2926 3991 annorum
2961 3939 3169 3991 circiter
3194 3938 3313 4000 800,
3346 3938 3530 3989 eadem
3574 3952 3710 3990 manu

2219 4022 2321 4069 quo
2351 4016 2517 4057 textus
2547 4008 2654 4072 ipse
2684 4007 2929 4069 scriptum
2952 4015 3031 4058 est
3058 4004 3109 4056 in
3141 4008 3371 4071 margine
3396 4023 3409 4057 :
3442 4006 3579 4057 Nata
3606 4006 3719 4071 quod

2219 4076 2268 4126 in
2292 4074 2371 4124 die
2399 4087 2541 4123 sacra
2589 4072 2983 4134 Epiplianiorum
3022 4076 3156 4131 apud
3204 4076 3431 4139 antiquos
3469 4073 3722 4139 baptismi“

2222 4145 2372 4202 ﬁeret.
2402 4140 2539 4191 Idem
2573 4139 2725 4195 habet
2754 4143 2803 4189 in
2846 4141 3056 4204 capituli
3105 4140 3254 4189 titulo
3283 4141 3439 4193 editio
3486 4138 3718 4197 Loricliii,

2220 4217 2431 4274 excepta
2483 4207 2578 4258 hac
2622 4206 2824 4268 vocula,
2869 4216 3004 4257 nota.
3055 4206 3196 4257 ilzmc
3242 4222 3365 4258 vero
3409 4206 3721 4274 consuetudi-

2221 4273 2663 4341 neiii'iinprobant
2693 4274 2905 4327 Siricius
2951 4287 3082 4339 papa
3112 4274 3161 4322 in
3206 4274 3424 4337 epistola
3472 4275 3537 4326 ad
3566 4273 3720 4325 Hime-

2220 4346 2352 4397 rium
2375 4344 2815 4395 Tarraconensem
2854 4341 3172 4406 episcopum,
3211 4351 3264 4391 et
3308 4353 3522 4394 sanctus
3551 4342 3647 4392 Leo
3679 4343 3720 4389 in

2218 4415 2369 4477 epist.
2398 4414 2460 4464 16
2490 4411 2612 4462 edit.
2661 4410 3058 4473 Qiiesnellianaa,
3092 4409 3171 4477 ad
3202 4408 3392 4461 Sicilia:
3440 4411 3716 4477 episcopos.

2218 4475 2403 4547 quibus
2433 4488 2610 4547 postea
2638 4480 2722 4530 alii
2756 4478 3045 4547 pontiﬁces,
3083 4489 3131 4528 et
3162 4476 3223 4547 iii_
3256 4478 3411 4547 variis
3461 4475 3719 4547 provinciis

2216 4542 2399 4616 synodi
2433 4542 2814 4616 'ailhzeserunt.
2846 4546 2956 4597 Alii
3012 4555 3181 4616 tinien
3310 4545 3422 4595 a‘iis
3462 4542 3716 4610 provinCiis

2217 4613 2520 4668 servabatur
2537 4614 2877 4675 consuetudo,
2922 4614 3056 4677 quod
3089 4613 3151 4664 ile
3198 4613 3366 4663 Africa
3396 4626 3591 4665 certum
3632 4622 3714 4662 est.

2220 4684 2358 4736 ldem
2406 4684 2457 4736 in
2488 4683 2836 4735 Orientalibus
2878 4680 3157 4745 prOViiiciis
3202 4681 3529 4732 observatum
3578 4680 3717 4730 fuisse

2218 4753 2381 4816 liquet
2407 4762 2511 4803 tum
2542 4766 2602 4804 ex
2637 4751 2931 4803 Graecorum
2966 4749 3298 4814 Eucliologiu,
3333 4760 3438 4800 tum
3476 4766 3536 4803 ex
3582 4748 3715 4799 Prata

2217 4820 2463 4885 spirituali
2493 4819 2708 4871 Joannis
2737 4817 2941 4885 Moschi
2962 4831 3075 4881 Cap.
3110 4817 3223 4885 l7l,
3246 4818 3377 4884 apud
3424 4816 3713 4885 Coteleriuin

2220 4884 2357 4938 tomo
2374 4887 2413 4939 ll
2438 4887 2881 4939 Moonmentorum
2913 4884 3149 4935 Ecclesiae
3170 4884 3381 4945 Grsecie,
3405 4887 3490 4937 ubi
3518 4884 3716 4937 refertur

2217 4970 2419 5007 sacrum
2452 4955 2640 5005 fontem
2670 4952 2883 5018 singulis
2911 4952 3057 5002 annis
3101 4954 3148 5002 in
3197 4952 3318 5005 \‘ico
3365 4955 3618 5018 τιυηιιιηη,Δ
3644 4947 3715 4995 die

2218 5023 2351 5075 [esto
2379 5015 2830 5085 Theophaniorum
2861 5030 3045 5082 sponte
3081 5021 3269 5072 sudare
3302 5015 3509 5073 solitum
3556 5015 3712 5070 fuisse.

2218 5100 2271 5143 ut
2298 5106 2359 5143 ex
2383 5106 2441 5141 ea
2471 5104 2597 5153 aqua
2624 5088 2904 5151 baptismus
2932 5088 3293 5140 conﬁceretur.

2284 5158 2309 5193 ά
2347 5150 2769 5214 Εᾱίιίζϋὶαεοὶιο.
2812 5155 3041 5207 Priorem
3074 5157 3342 5208 lectionem
3392 5150 3708 5220 prmtulimuS.

2219 5241 2334 5293 qua:
2359 5226 2574 5293 videtuc
2591 5223 2801 5293 istorum
2818 5232 3106 5293 temporum
3128 5224 3411 5289 disciplinae
3440 5220 3593 5293 magis
3612 5225 3711 5293 esse

2217 5288 2515 5346 conformis.
2544 5290 2854 5343 Subdiaconi
2886 5291 3075 5354 quippe
3115 5302 3262 5344 extra
3305 5288 3582 5343 sacrarium
3622 5288 3710 5333 sta-

2215 5362 2355 5427 bant,
2388 5376 2449 5415 ex
2479 5359 2696 5413 concilio
2728 5358 3033 5412 Laodiceae.
