3814 6228
73 276 153 327 ἭἹ

74 390 180 449 ejus,
205 380 329 433 aliud
360 393 464 431 non
486 380 707 439 dicebat,
737 375 833 427 nisi
860 374 982 426 illud
1011 373 1147 440 quod
1173 374 1277 439 jam
1304 371 1543 425 dixerat:
1574 376 1624 431 Α

75 468 393 533 Sicutjussuin
420 475 503 519 est
531 463 691 517 redde
717 460 839 515 mihi
867 460 1045 513 oculos
1072 472 1234 511 meos.
1268 460 1550 511 Attendens

76 568 244 621 quoque
262 552 519 619 Eugenins
541 548 932 603 inverecundam
956 548 1332 608 credulitatem,
1360 554 1413 599 et
1432 546 1551 612 quia

75 643 155 705 jam
178 648 365 705 tempus
392 636 625 706 urgebat.
660 637 821 703 pergit
858 650 974 688 cum
1014 649 1098 695 eo,
1129 636 1408 688 comitante
1436 634 1552 687 otti-

76 729 139 778 cio
155 714 440 778 clericorum
475 724 539 775 ad
560 724 773 775 fontem.
805 721 899 775 Ubi
930 722 1044 773 fixis
1094 721 1309 787 genibus
1335 735 1447 772 cum
1476 722 1554 772 in-

75 816 183 876 genti
208 814 410 880 gemitu,
445 812 652 879 pulsans
679 810 986 876 singultibus
1010 808 1218 871 cmlum,
1242 808 1550 874 crispantem

76 900 299 953 benedixit
319 900 520 950 alveum
546 898 722 959 fontis,
750 906 800 949 et
824 911 939 949 cum
961 896 1213 961 completa
1238 895 1555 947 surrexisset

74 988 297 1050 oratione,
352 992 418 1037 ita
442 999 582 1038 caeco
628 985 928 1051 respondit:
962 985 1073 1037 Jam
1106 984 1195 1055 tibi
1226 983 1351 1046 dixi,
1401 984 1555 1035 frater

78 1077 210 1134 Felix.
239 1088 469 1139 peccator
513 1074 665 1124 homo
704 1087 799 1139 ego
828 1086 973 1135 sum;
1007 1071 1098 1123 sed
1147 1072 1230 1137 qui
1274 1080 1321 1123 te
1350 1070 1555 1123 visitare

75 1161 273 1225 dignatus
297 1171 390 1221 est,
440 1168 651 1223 praestet
680 1159 770 1211 tibi
795 1159 1042 1210 Dominus
1080 1158 1360 1210 secundum
1405 1158 1553 1209 fidem

76 1256 205 1307 tuam,
232 1256 279 1298 et
302 1248 496 1309 aperiat
517 1247 692 1297 oeulos
716 1256 851 1298 tuos.
883 1246 1156 1312 Simulque
1181 1244 1556 1297 vexillocrncis

76 1335 303 1400 consignat
332 1335 508 1387 oculos
534 1335 665 1400 ejus.
701 1336 881 1389 Statim
908 1350 1080 1388 caecus
1108 1338 1272 1387 visum
1290 1374 1306 1399 ,
1338 1335 1557 1387 Domino

75 1423 313 1485 reddente,
343 1423 559 1488 recepit.
590 1423 754 1487 Quem
777 1437 953 1476 secum
974 1464 988 1485 ,
1034 1436 1300 1489 quousque
1328 1422 1556 1473 universi

75 1511 432 1575 baptizarentur,
463 1512 533 1564 ibi
564 1511 780 1564 detinuit
809 1520 835 1547 ι
863 1512 930 1564 ob
968 1511 1085 1572 boc,
1134 1525 1201 1563 ne
1224 1519 1367 1564 tanto
1394 1512 1551 1563 mira-

75 1600 170 1649 0qu
192 1598 397 1666 populus
442 1600 717 1661 excitatus,
770 1596 935 1650 virum
973 1608 1264 1651 contereret
1288 1599 1376 1664 qui
1403 1612 1548 1651 rece-

76 1661 400 1747 peratlumen.
432 1685 515 1737 Fit
561 1692 734 1749 postea
781 1683 1109 1737 manifestum
1156 1661 1401 1739 Ecclesia
1446 1685 1561 1737 uni-
1590 1661 1632 1717 Β

76 1789 224 1825 versa.
250 1772 482 1826 Procedit
507 1774 571 1822 ad
598 1773 759 1826 altare
788 1787 905 1827 cum
938 1774 1166 1841 Eugenio
1186 1814 1199 1837 ,
1240 1776 1372 1827 sicut
1402 1778 1559 1827 moris

76 1870 164 1920 rei,
190 1863 268 1925 qui
296 1860 459 1912 fuerat
504 1874 693 1922 caicus,
728 1874 835 1913 suae
880 1864 1061 1914 salutis
1108 1863 1420 1916 oblationem
1463 1864 1561 1914 0-.-

78 1947 192 1998 mino
227 1948 536 2000 redditurus.
585 1948 746 2013 Quam
794 1948 1069 2015 episcopus
1110 1949 1365 2014 accipiens
1410 1950 1557 2001 altari

78 2035 300 2099 imposuit.
332 2035 411 2088 Fit
437 2036 705 2102 strepitus,
735 2036 919 2102 gaudio
950 2034 975 2071 δ
1009 2046 1335 2101 provocante,
1371 2038 1561 2087 irrevo-
1612 2040 1617 2045 '

79 2127 226 2177 rabilis
251 2129 571 2193 populorum.
600 2127 784 2178 Statim
826 2127 1034 2178 nuntius
1075 2126 1235 2192 pergit
1278 2127 1339 2175 ad
1385 2135 1559 2193 tyran-

80 2231 194 2265 num.
220 2216 425 2281 Rapitur
447 2215 615 2277 Felix,
639 2216 913 2281 inquiritur
935 2217 999 2267 ab
1023 2230 1085 2267 eo
1112 2217 1229 2283 quid
1262 2214 1449 2267 factum
1471 2218 1558 2279 sit,

81 2305 483 2372 ﬁqualiterque
513 2308 767 2371 receperit
795 2306 985 2357 lumen.
1012 2304 1143 2358 Dicit
1170 2305 1256 2357 ille
1288 2320 1350 2356 ex
1378 2304 1560 2357 ordine

82 2398 232 2454 totum,
250 2389 522 2458 dicuntque
551 2392 858 2444 Arianorum
883 2376 1110 2457 episcopi
1134 2408 1144 2440 :
1172 2391 1278 2442 Hoc
1301 2390 1563 2456 Eugenius

84 2494 153 2543 per
176 2482 410 2534 maleﬁcia
442 2480 582 2533 fecit.
616 2480 677 2531 Et
718 2480 834 2547 quia
875 2480 1105 2546 Oppressi
1135 2478 1437 2531 confusione
1483 2480 1559 2531 lu-

82 2582 176 2619 men
199 2583 291 2620 non
319 2578 553 2633 poterant
581 2569 836 2631 nubilare,
876 2584 939 2622 eo
964 2568 1101 2637 quod
1128 2568 1277 2623 Felix
1309 2570 1564 2622 universa:

82 2657 237 2708 civitati
283 2658 581 2710 manifestus
608 2668 748 2711 esset
792 2669 844 2711 et
889 2669 1077 2723 notus;
1108 2668 1281 2713 tamen
1318 2661 1566 2715 volebant

83 2760 207 2807 eum,
232 2749 271 2798 si
300 2748 374 2801 fas
406 2760 566 2812 esset,
611 2764 817 2811 necare,
848 2752 1103 2818 quomodo
1132 2752 1296 2805 Judaei
1345 2754 1567 2806 suscita-

86 2846 168 2885 tum
195 2834 433 2888 Lautum
461 2837 742 2903 cupiebant
770 2840 1009 2892 occidere
1036 2838 1203 2905 (Joan.
1234 2856 1321 2901 xn,
1353 2842 1461 2906 10).

134 2920 291 2975 XVIII.
323 2924 485 2975 Ltztus
515 2934 722 2991 martyr.
752 2954 818 2963 —
847 2928 1305 2993 Appropinquabat
1346 2928 1450 2993 jam
1492 2928 1568 2979 fu-

86 3017 200 3058 turus
240 3009 351 3062 dies
387 3011 472 3061 ille
513 3010 861 3061 calumniosus
906 3011 1237 3063 calendarum
1268 3013 1568 3064 Februaria-

86 3108 193 3157 rum,
235 3097 295 3148 ab
344 3095 527 3149 eodem
581 3104 823 3147 statutus.
872 3097 1199 3149 Conveniunt
1247 3114 1348 3150 non
1402 3103 1567 3152 solum

85 3182 297 3236 universa:
338 3183 551 3250 Africae,
598 3200 776 3237 verum
802 3187 956 3239 etiam
990 3188 1267 3240 insularum
1294 3189 1569 3241 multarum

82 3269 291 3336 episcopi,
312 3270 590 3324 afﬂictione
612 3280 665 3323 et
690 3288 911 3325 maerore
936 3274 1177 3326 confecti.
1212 3275 1293 3326 Fit
1310 3276 1566 3328 silentium

87 3355 233 3407 diebus
256 3359 428 3409 multis
448 3398 460 3419 ,
484 3374 755 3427 quousque
785 3365 975 3427 peritos
998 3378 1227 3431 quosque
1256 3374 1309 3417 et
1332 3365 1569 3418 doctissi-

89 3457 176 3493 mos
198 3448 325 3499 viros
351 3448 441 3517 [οι.
486 3450 674 3501 exinde
717 3454 1003 3519 superaret|
1036 3454 1240 3506 interim
1283 3468 1567 3520 separaret,

90 3532 317 3587 calumniis
353 3538 601 3603 appositis
642 3541 953 3592 enec-andus.
990 3541 1114 3593 Nam
1162 3556 1316 3595 unum
1346 3557 1407 3595 ex
1459 3542 1572 3610 ipso

142 3737 163 3762 ⁸
194 3730 453 3786 Loricliius
478 3732 554 3785 sic
584 3733 739 3786 habet
776 3751 786 3784 ε
831 3734 903 3785 0b
930 3735 1021 3785 hoc
1070 3742 1255 3786 tantum
1281 3737 1574 3788 miraculum

93 3798 269 3861 vapules
283 3802 545 3869 excitatus,
566 3802 889 3863 comprimere
920 3804 1073 3852 virum
1104 3804 1186 3869 qui
1230 3815 1475 3867 receperat
1495 3804 1574 3854 lu-

94 3880 177 3914 men
200 3878 455 3929 ceperunt.
487 3866 571 3918 Fit
610 3880 793 3931 pauca.
822 3879 921 3919 etc.

144 3931 290 3995 liAlii,
328 3945 541 3985 metan'c
577 3945 666 3984 aut
720 3936 997 3983 comitante.
1036 3932 1181 3985 Colb.
1219 3935 1265 3991 ί.
1306 3936 1567 3984 mediante.

92 3998 275 4051 Orthod.
299 4010 352 4053 et
375 4002 666 4060 Loricliins,
694 4010 982 4063 provocante
1006 4000 1495 4061 incestimabilis,etc.

149 4065 271 4133 {llic
298 4068 388 4118 fuit
416 4070 689 4132 episcopus
718 4065 1015 4133 Neptitanus
1046 4068 1093 4119 in
1122 4068 1402 4133 Byzacena,
1431 4081 1486 4121 ut
1506 4084 1567 4123 ex

94 4130 251 4181 Notitia
271 4143 427 4198 patet.
452 4130 459 4132 ἡ
480 4130 618 4185 Idem
644 4130 858 4183 testatur
909 4134 1078 4186 Victor
1105 4130 1465 4189 Tunnonensis
1517 4137 1569 4190 in

94 4198 332 4268 Chronico.
362 4211 415 4252 et
443 4200 667 4253 lsittorus
690 4202 737 4252 in
778 4202 997 4255 Historia
1024 4203 1171 4256 brevi
1200 4202 1567 4268 Vandalorttm,

96 4264 308 4336 εει-ὅθί.
338 4268 459 4335 Ejus
483 4270 780 4321 memoriam
815 4271 965 4322 simul
990 4286 1102 4322 cum
1130 4286 1281 4336 supra
1306 4264 1573 4325 recensitis

96 4332 739 4409 confessoribu§_celelirant
768 4340 966 4409 vulgata
1012 4332 1371 4407 Martyrologiu
1416 4342 1500 4394 die
1543 4340 1575 4393 6

97 4403 396 4465 Septembris.
424 4403 601 4455 Victor
624 4416 792 4458 tamen
822 4403 1181 4459 Tunnonensis
1224 4409 1275 4460 in
1294 4403 1577 4462 'Chronico

99 4468 273 4541 laudato
294 4486 412 4524 eum
438 4472 525 4525 die
553 4486 621 4541 xtt
644 4472 890 4541 calendas
919 4476 1153 4527 Oetobris
1176 4476 1403 4541 glorioso
1441 4491 1575 4527 mur-

100 4536 208 4598 tyrio
229 4550 529 4611 ementitum
584 4536 1313 4611 fuisse_asseverat,flenone
1349 4547 1577 4611 Augusto

100 4606 315 4675 consule:
331 4608 572 4672 Ejusdem
602 4608 761 4657 sancti
794 4609 884 4658 viri
917 4610 1236 4675 apparitione
1264 4606 1453 4663 bellum
1481 4611 1575 4663 ad-

102 4684 251 4745 versus
278 4671 533 4745 Vandalus
562 4689 589 4724 a
614 4676 910 4745 Justiniano
946 4671 1253 4745 imperatore
1282 4689 1579 4745 susceptum

103 4736 233 4807 fuisse
260 4742 440 4792 scribit
466 4744 571 4806 jam
614 4743 846 4795 laudatus
894 4736 1135 4807 Isidorus,
1188 4759 1289 4796 acra
1340 4736 1458 4800 560'.
1502 4746 1580 4797 Ad

102 4805 210 4879 W94
227 4813 389 4879 tamen
414 4805 859 4879 fuisseincitatum
889 4805 1328 4879 adhortationibus
1355 4815 1580 4879 episcopi

104 4875 355 4945 cuiusdam,
385 4880 471 4940 qui
509 4877 594 4928 Dei
628 4879 822 4945 monitu
857 4893 919 4930 ex
959 4878 1170 4932 Oriente
1214 4875 1579 4933 Constantino-

106 4938 523 5011 ρςιιίιειξιεηεξὶειιἈ
553 4944 1059 5011 asserit'l’rocopins
1102 4947 1231 4998 libro
1276 4962 1288 4997 ι
1337 4948 1402 5000 de
1442 4949 1583 4999 Bello

108 5000 365 5083 Fandalico.
401 5000 715 5083 Patrioinfrgt
742 5000 988 5083 restituatis
1016 5016 1101 5064 tati
1122 5016 1338 5080 exemplo
1364 5016 1583 5067 timorem

105 5074 329 5147 “atticus,
490 5074 646 5147 Co_l_b._
683 5079 1019 5147 l,_astimans
1050 5074 1312 5147 quod...;..
1362 5085 1586 5133 timorem

106 5141 318 5218 ιττᾷςεπι.
350 5143 523 5218 Ma_rt.,
556 5140 694 5218 Ful.,
728 5142 923 5218 Germ,
956 5140 1098 5209 Suri,
1145 5150 1358 5202 Orlltod.
1402 5160 1452 5201 et
1482 5150 1584 5201 Lo-

108 5206 288 5281 ticltins,
546 5211 768 5281 tirnorem
793 5213 1024 5265 incuteret
1048 5206 1246 5281 reliquis
1266 5226 1313 5267 et
1334 5220 1579 5269 (rasuram.

158 5276 181 5309 ⁸
318 5279 528 5348 habent.
554 5275 655 5348 lito
675 5286 745 5348 est
765 5294 952 5344 semper
974 5275 1230 5334 tractando
1257 5285 1459 5343 locutio,
1480 5286 1581 5348 ubi,

106 5353 183 5390 etc.
204 5343 424 5416 Et‘infra,
444 5345 787 5416 Cognituribus
806 5343 1200 5401 discernentibus.
1227 5354 1433 5416 Aliquot
1459 5343 1580 5404 mss.

107 5412 292 5484 acditi,
319 5414 709 5488 decernentibus.
740 5414 899 5465 Porro
940 5428 1231 5482 cognitores
1280 5412 1582 5471 dicebantur

108 5480 174 5535 qui
188 5480 606 5549 recognoscendis
630 5482 985 5547 episcotiorum
1008 5480 1276 5541 sententiis
1298 5488 1581 5540 committe-

952 265 1035 318 DE
1076 259 1573 318 PERSECUTIONE
1614 259 1982 314 VANDALICA
2022 259 2141 312 LIB.
2184 260 2243 313 Il.

3058 260 3163 313 2l8

1647 374 1807 427 choro
1836 375 2103 427 doctorum
2151 373 2355 426 nomine
2389 381 2409 409 α
2442 372 2637 425 Laetum
2661 412 2675 436 ,
2722 381 2985 425 strenuum
3013 381 3168 437 atque

1653 462 2007 517 doctissimum
2040 462 2201 514 virum
2226 499 2241 523 ,
2272 468 2384 527 post
2407 460 2678 512 diuturnos
2716 459 2940 511 carceris
2965 459 3170 523 squalo-
3222 480 3223 483 η

1655 564 1738 602 res
1784 550 2022 601 incendio
2068 547 2444 609 concremavit,
2497 548 2763 600 aestimans
2800 548 2890 601 tali
2931 547 3171 612 exemplo

1654 637 1891 705 timorem
1945 636 2236 697 incutiens,
2281 634 2507 701 reliquos
2548 647 2603 686 se
2644 633 2913 686 elisorum.
2941 633 3171 686 Tandem

1654 725 1857 776 venitur
1880 724 1945 775 ad
1966 721 2327 787 diSpututioniS
2352 721 2669 783 conﬂictum,
2698 719 2760 771 ad
2787 720 2954 773 locum
2974 720 3173 773 scilicet

1652 826 1803 877 quem
1836 811 2129 877 delegerant
2160 810 2461 862 adversarii.
2496 810 2758 861 Evitantes
2807 808 2960 874 igitur
3006 808 3171 860 nostri
3210 798 3213 801 ’

1655 898 2039 953 vociferationis
2085 899 2361 960 tumultus,
2392 910 2457 949 ne
2486 896 2615 949 forte
2644 896 2969 961 postmodum
2996 894 3171 946 Ariani

1654 987 1911 1045 dicerent.
1944 986 2078 1053 quod
2104 999 2192 1038 eos
2216 996 2508 1037 nostrorum
2538 984 2853 1051 oppresserit
2878 984 3172 1047 multitudo,

1654 1076 1887 1142 deligunt
1911 1077 1974 1127 de
2017 1090 2074 1127 se
2110 1076 2271 1127 nostri
2302 1074 2388 1140 qtti
2420 1088 2511 1139 pro
2538 1074 2774 1127 omnibus
2804 1075 3175 1139 responderent

1655 1160 1854 1213 decem.
1898 1159 2130 1213 Collocat
2178 1162 2276 1213 sibi
2305 1160 2479 1228 Cyrila
2505 1174 2622 1212 cum
2651 1162 2759 1213 suis
2781 1160 3084 1213 satellitibus
3123 1160 3173 1211 in

1656 1249 1771 1300 loco
1801 1250 2007 1301 excelso
2033 1250 2460 1316 superbissimum
2491 1250 2736 1301 thronum
2768 1249 3054 1302 astantibus
3082 1249 3172 1318 [αι.

1656 1336 1824 1405 nobis]
1853 1337 2062 1390 nostris.
2114 1338 2468 1403 Dixeruntque
2519 1340 2679 1390 nostri
2727 1338 2952 1403 episcnpi
2978 1355 2989 1387 :
3019 1334 3044 1371 ά
3086 1336 3176 1388 llla

1654 1439 1858 1491 semper
1876 1433 1957 1478 est
1974 1433 2115 1491 grata
2140 1424 2370 1485 collatio,
2402 1425 2486 1477 ubi
2515 1426 2740 1492 superba
2758 1440 2860 1477 non
2885 1425 3179 1476 dominatur

1656 1504 1927 1581 potestatis
1950 1513 2139 1576 elatio;
2170 1513 2260 1566 sed
2289 1528 2355 1567 ex
2386 1528 2642 1566 consensu
2667 1514 2927 1566 communi
2952 1515 3177 1574 venitur.

1658 1611 1715 1656 ut
1756 1602 2108 1671 cognitoribus
2153 1601 2598 1664 discernentibus,
2630 1600 2860 1667 partibus
2886 1602 3174 1668 agentibus,

1660 1690 1795 1759 quod
1831 1704 2005 1743 verum
2052 1697 2133 1743 est
2162 1696 2491 1756 agnoscatur.
2521 1688 2667 1741 Nunc
2713 1697 2883 1740 autem
2934 1688 3048 1755 quis
3081 1689 3179 1741 erit

1658 1779 1913 1845 cognitor,
1936 1778 2051 1841 quis
2078 1776 2419 1839 examinator,
2448 1784 2501 1827 ut
2528 1775 2654 1827 libra
2692 1775 2902 1841 iustitia
2930 1783 3019 1826 aut
3046 1774 3179 1827 bene

1660 1868 1857 1933 prolata
1899 1868 2200 1927 conﬁrmet,
2230 1877 2317 1917 aut
2364 1880 2520 1931 prave
2549 1874 2807 1930 assumpta
2851 1862 3083 1916 refellat?
3120 1863 3182 1915 Et

1656 1968 1773 2005 cum
1803 1955 1923 2005 talia
1955 1964 2005 2005 et
2032 1956 2129 2005 alia
2167 1955 2482 2015 dicerentur,
2522 1953 2753 2006 notarius
2798 1953 2932 2020 regis
2962 1968 3180 2019 respon-

1657 2044 1733 2094 dit
1764 2059 1778 2094 :
1811 2042 2106 2094 Patriarclia
2137 2051 2158 2077 ε
2189 2042 2359 2110 Cyrila
2403 2041 2547 2093 dixit.
2582 2042 2659 2092 Ad
2706 2040 2840 2107 quod
2884 2042 3106 2106 superbe
3130 2051 3184 2094 et

1659 2130 1837 2203 illicite
1863 2130 1959 2181 sibi
1990 2143 2174 2179 nomen
2215 2139 2513 2194 usurpatum
2554 2130 2714 2179 “Oall'i
2751 2114 2997 2180 detestati
3039 2128 3183 2180 dixe-

1661 2228 1779 2271 runt
1802 2210 1822 2268 ἐ
1856 2208 2077 2284 Legatur
2125 2217 2276 2268 nobis
2302 2230 2402 2281 quo
2431 2216 2750 2268 concedente
2788 2217 2921 2269 istud
2966 2216 3061 2268 sibi
3092 2232 3183 2267 no-

1662 2322 1779 2358 men
1801 2307 1967 2373 Cyrila
1995 2302 2289 2369 assumpsit.
2324 2303 2387 2353 Et
2408 2303 2594 2354 exinde
2617 2304 2887 2367 strepitum
2912 2302 3180 2352 concitan-

1664 2402 1776 2465 tes,
1822 2394 2126 2447 calumniari
2185 2392 2465 2445 adversarii
2513 2398 2804 2457 coeperunt.
2837 2391 2897 2442 Et
2923 2390 3040 2455 quia
3086 2391 3183 2443 hoc

1662 2482 1825 2534 nostri
1858 2484 2110 2547 petierant
2144 2489 2197 2531 ut
2216 2481 2423 2543 saltem,
2449 2481 2492 2532 si
2536 2479 2831 2532 examinare
2854 2492 2955 2530 non
2978 2477 3181 2540 licebat,

1664 2572 1901 2637 prudenti
1927 2570 2240 2622 multitudini
2268 2570 2350 2622 vel
2378 2580 2679 2637 exspectare
2709 2569 2919 2622 liceret:
2940 2567 3184 2634 jubentur

1664 2658 1888 2708 universi
1919 2656 2007 2709 filii
2032 2656 2299 2709 catholica:
2319 2656 2569 2710 Ecclesiae
2588 2657 2673 2722 qui
2697 2656 2930 2718 aderant,
2955 2656 3184 2708 centenis

1665 2744 1887 2798 fustibus
1912 2744 1999 2813 [αι.
2027 2743 2177 2813 caedi]
2211 2744 2373 2797 tundi.
2398 2744 2542 2796 Tunc
2565 2745 2789 2796 clamare
2815 2744 2971 2807 coepit
3006 2744 3184 2795 beatus

1666 2832 1831 2901 [Lor.,
1867 2832 2140 2899 Eusebius]
2185 2833 2443 2898 Eugenius
2475 2849 2486 2881 :
2520 2830 2704 2882 Videat
2726 2830 2863 2883 Deus
2906 2835 3006 2882 vim
3032 2846 3183 2897 quam

1666 2927 1907 2989 patimur,
1966 2929 2247 2987 cognoscat
2299 2919 2632 2971 afﬂictionem
2681 2930 2735 2973 et
2779 2921 3183 2986 persecutionem

1666 3025 1817 3075 quam
1848 3024 1875 3059 a
1908 3008 2321 3073 persecutoribus
2363 3007 2696 3060 sustinemus.
2722 3008 3072 3076 Conversique
3094 3026 3182 3061 no-

1667 3099 1759 3153 stri
1782 3140 1795 3163 ,
1822 3097 2010 3165 Cyrila:
2047 3097 2329 3147 dixerunt:
2360 3095 2598 3161 Propone
2648 3097 2783 3162 quod
2814 3097 3064 3162 dispertis.
3088 3098 3185 3165 Cy-

1667 3188 1762 3241 rila
1786 3187 1912 3237 dixit
1942 3203 1953 3234 :
1987 3183 2166 3237 Nescio
2192 3183 2371 3235 Latine
2394 3182 2608 3252 [Colb.l
2642 3184 2781 3235 addit
2807 3184 2985 3254 loqui].
3009 3184 3182 3236 Nostri

1669 3277 1895 3343 episcopi
1939 3276 2220 3327 dixerunt:
2249 3275 2463 3339 Semper
2494 3285 2543 3325 te
2583 3273 2759 3325 Latine
2804 3286 2918 3326 esse
2962 3274 3181 3325 locutum

1672 3368 1945 3421 manifesto
1976 3368 2237 3425 novimus;
2261 3364 2412 3417 modo
2442 3366 2672 3416 excusari
2704 3379 2805 3415 non
2833 3362 2989 3416 debes
3010 3406 3025 3430 ,
3057 3379 3187 3429 pra:-

1672 3457 1851 3509 sertim
1874 3456 1991 3520 quia
2022 3463 2073 3506 tu
2105 3454 2255 3520 bujus
2293 3454 2366 3507 rei
2404 3452 2696 3505 incendium
2723 3452 3001 3505 suscitasti.
3031 3452 3093 3503 Et
3117 3453 3188 3505 vi-

1676 3542 1803 3596 deus
1825 3541 2110 3594 catholicos
2139 3528 2411 3607 episcopos
2438 3538 2499 3592 ad
2530 3540 2823 3593 coittlictum
2849 3555 2961 3609 mag
2985 3556 3010 3594 s
3036 3542 3188 3593 fuis~e

1672 3736 1877 3788 bantur.
1909 3735 1980 3788 De
2007 3733 2087 3785 bis
2119 3732 2435 3797 Augustinus
2472 3733 2523 3784 in
2570 3733 2831 3785 breviculo
2873 3731 3185 3785 collationis.

1672 3804 1820 3853 Plura
1844 3818 1965 3853 vero
1996 3802 2147 3853 habet
2169 3800 2394 3853 Morinus
2415 3801 2502 3851 lib.
2531 3816 2545 3851 l
2573 3801 3005 3851 Exercitationutn
3028 3800 3188 3850 eccle-

1669 3870 1812 3919 siast.
1846 3882 1958 3931 cap.
1988 3868 2076 3918 20.
2110 3868 2298 3918 Eorum
2322 3867 2515 3917 mentio
2543 3867 2731 3930 passim
2760 3868 2811 3917 in
2848 3867 3182 3917 conciliorum

1669 3936 1797 3985 actis
1819 3934 2055 3991 habetur,
2084 3948 2143 3984 ex
2172 3934 2357 3998 quibus
2381 3932 2531 3998 facile
2555 3934 2722 3995 quivis
2748 3946 2927 3983 eorum
2956 3932 3183 3983 officium

1670 4002 1969 4063 dignoscere
1984 4000 2088 4067 78
2104 3997 2287 4063 potest.
2314 4000 2377 4051 Et
2394 3997 2546 4061 infra,
2572 4002 2765 4063 prolata
2787 3999 3060 4063 confirmet,
3082 4009 3183 4051 etc.

1668 4068 1781 4121 Fui.
1808 4078 1860 4120 et
1887 4068 2056 4127 Mart.,
2090 4067 2395 4130 conﬁrment,
2433 4069 2725 4130 autprobra
2747 4077 3000 4133 assumpta
3035 4067 3186 4133 refel-

1674 4136 1797 4187 lant.
1831 4136 2306 4199 Germ.,ronﬁrmet
2355 4144 2439 4185 aut
2480 4133 2676 4198 probra,
2722 4144 2823 4187 etc.
2866 4131 3097 4186 Ortltod.’
3138 4141 3189 4187 et

1600 4226 1650 4281 ι)
1678 4202 2210 4281 Loricltiits,_improbe
2229 4211 2481 4281 assumpta
2499 4202 2713 4267 refellat.

1746 4253 2143 4325 S'itdné'iocbin
2162 4253 2487 4325 restituimus
2514 4253 2581 4322 ex
2612 4270 2942 4324 mss.Colb.l
2978 4279 3029 4323 et
3052 4253 3189 4323 Port.

1649 4372 1653 4376 -
1677 4341 2070 4406 lnterpellarnnt
2096 4341 2285 4404 quippe
2312 4340 2570 4401 catholici,
2598 4352 2715 4390 cum
2746 4341 2855 4390 Inec
2883 4341 3055 4396 verba.
3087 4339 3187 4391 Pa-

1676 4409 1896 4460 triarcha
1925 4407 2092 4473 Cyrita
2138 4408 2281 4469 dixit,
2330 4406 2570 4459 Notarius
2611 4408 2979 4466 pronuntiaret.
3036 4406 3193 4460 Ferre

1677 4478 1815 4527 enim
1851 4489 1951 4526 non
1980 4485 2241 4541 poterant,
2278 4484 2331 4526 ut
2370 4475 2455 4527 ille
2483 4473 2704 4541 Cyrilam
2745 4485 3063 4540 nuncuparet
3103 4488 3191 4539 pa-

1680 4544 1977 4602 triarcltam,
2012 4542 2145 4594 unde
2165 4544 2419 4595 sermonis
2458 4544 2619 4607 ipsius
2665 4542 2800 4599 tilum
2847 4541 3191 4608 interrnpere.

1679 4612 1825 4663 Colb.
1857 4609 2286 4675 alter,llltenan.,
2315 4610 2504 4670 (ibim,
2527 4609 2692 4668 Bald.,
2724 4616 2777 4659 et
2803 4608 2971 4675 Bign.,
3001 4611 3191 4661 omissa

1681 4694 1778 4729 una
1811 4679 1960 4746 linea.
1996 4674 2163 4746 Cyrila
2186 4678 2342 4728 dixit:
2378 4677 2609 4746 chatur,
2667 4685 2790 4746 etc:
2812 4674 2975 4746 Aliter
3002 4678 3193 4734 habent

1680 4748 1821 4807 Sur.,
1852 4744 2092 4801 Orthod..
2125 4745 2413 4808 Loricltius,
2443 4743 2627 4797 etcum
2659 4743 2739 4793 eis
2763 4743 2903 4795 Bald.
2938 4746 2989 4797 in
3022 4748 3162 4811 ριοΙιε

1681 4815 1933 4879 gomenis,
1984 4812 2198 4872 scilicet,
2250 4812 2542 4865 Patriarclm
2593 4810 2758 4877 Cyt'ita
2818 4812 2966 4872 dixit,
3007 4810 3193 4878 aliquot

1683 4891 1893 4933 vestrum
1938 4879 2141 4945 superbe
2188 4888 2233 4930 et
2274 4880 2442 4932 illicita
2481 4882 2574 4945 sibi
2622 4894 2795 4929 nomen
2842 4882 3192 4931 catholicorum

1683 4962 1961 5013 usurpasse.
1995 4942 2169 4996 Nostri
2201 4949 2361 4998 testati
2390 4942 2653 4999 dixerunt:
2682 4945 2912 5010 chatur,
2950 4958 3047 4998 etc.
3096 4949 3195 4998 Sed

1684 5017 1734 5067 ni
1765 5016 1933 5073 fallor,
1967 5027 2144 5064 vocem
2166 5014 2532 5066 Catholicorum
2558 5014 2747 5079 absque
2774 5030 2869 5065 nis.
2894 5028 3195 5077 posuerunt,

1720 5083 1820 5133 uod
1847 5082 1975 5135 alias
2006 5095 2191 5133 sensus
2237 5084 2498 5135 videretur
2545 5082 2620 5133 eis
2663 5095 2777 5133 esse
2825 5084 3013 5133 nullus.
3066 5082 3193 5133 Nam

1730 5151 1795 5200 ul.
1823 5158 1875 5200 et
1910 5147 2109 5213 Gertn_.,
2141 5151 2225 5213 qui
2257 5150 2387 5201 hanc
2430 5150 2697 5201 lectionem
2729 5149 2934 5207 habent,
2978 5163 3072 5211 pro
3111 5165 3193 5199 ca-

1685 5217 1977 5267 tholicorum
2006 5215 2195 5269 habent
2240 5218 2555 5285 patriarchae,
2586 5229 2637 5270 et
2672 5218 2816 5269 Colb.
2858 5216 3037 5285 tertius
3076 5230 3192 5266 cum

1684 5285 1863 5345 Comp.
1894 5290 2146 5334 neutram.
2184 5284 2342 5337 Perro
2372 5286 2624 5337 familiare
2653 5292 2782 5345 erat,
2813 5294 2863 5333 ut
2904 5284 3007 5347 jam
3038 5298 3191 5348 supra

1686 5354 2088 5409 observavimus.
2120 5354 2251 5417 apud
2297 5354 2422 5404 istos
2440 5353 2668 5418 aliosque
2713 5352 2974 5409 barbaros,
3008 5353 3190 5411 preci-

1689 5434 1840 5487 puum
1866 5418 2032 5485 gentis
2053 5433 2162 5471 sua:
2188 5421 2485 5488 episcopum
2517 5420 2848 5489 patriarchum
2876 5433 3188 5485 nuncupare.
