3814 6228
656 234 761 291 219

1898 228 2189 284 VICTORIS
2229 226 2522 281 VITENSIS
3498 266 3501 273 .
3694 228 3773 277 ﬁll

654 358 883 417 paratos,
902 346 1148 398 “omnino
1166 343 1373 398 volebat
1390 343 1704 399 audientiam
1723 338 1941 394 diversis
1964 339 2173 392 cavilla-
2198 342 2244 396 Α
2272 339 2574 404 cienterque
2598 335 2965 403 conscriptum,
2991 335 3223 390 dicentes
3250 352 3262 386 :
3294 335 3350 388 Si
3382 342 3612 388 nostram
3641 338 3770 392 fidem

616 451 625 460 ’
662 435 893 492 tionibus
918 432 1194 491 declinare.
1235 432 1382 498 Quod
1428 442 1549 488 ante
1595 429 1761 486 nostri
1801 427 2165 497 pmvidentes,

661 522 881 577 libellum
902 520 967 575 de
993 520 1093 574 fide
1119 522 1557 589 conscripserant,
1596 521 1725 572 satis
1752 516 1997 571 decenter
2022 513 2169 568 sum-

2274 438 2587 493 cognoscere
2635 423 2963 487 desideratis,
3007 425 3119 479 haec
3156 433 3240 479 est
3286 426 3481 479 veritas
3520 439 3671 493 quam
3712 440 3773 483 te-

2271 529 2467 569 nemus.

725 661 752 691 ι
778 653 863 707 Sic
888 652 1041 707 habet
1062 620 1350 706 Lorichius.
1382 657 1446 704 At
1472 650 1560 704 alii
1600 665 1723 703 mss.
1766 656 1818 702 et
1843 646 1925 701 ed.
1955 646 2154 698 omnino
2189 645 2606 713 audientiam..."
2636 644 2921 698 declinavit.

1580 864 2045 969 LIBER
2134 861 2847 968 TERTIUS.

1042 1046 1368 1089 1³80188810
1410 1044 1577 1087 FIDE!
1618 1038 2092 1084 CATHOLICORUM
2135 1039 2166 1079 Ε

2269 1036 2553 1078 COPOBUM
2598 1038 2908 1081 HUNERICO
2953 1041 3091 1083 REGI
3135 1042 3391 1086 ῡΒιΑτλ.

717 1150 819 1221 23
854 1150 893 1205 I.
938 1148 1116 1203 Unitas
1152 1146 1440 1199 substantiis
1476 1143 1585 1196 Dei.
1626 1170 1696 1181 -
1732 1139 1906 1210 Regilli
1946 1138 2166 1208 imperio

650 1243 769 1296 lidei
796 1240 1079 1313 catholicae,
1113 1254 1266 1306 quam
1303 1248 1558 1313 tenemus.
1590 1236 1921 1303 praecipimur
1949 1232 2167 1287 reddere

647 1334 919 1392 rationem,
938 1312 1170 1395 ideoque
1197 1312 1523 1395 aggredimur
1548 1340 1639 1392 pro
1664 1334 1955 1377 nostrarum
1979 1322 2165 1375 virium

648 1409 1001 1493 mediocrilate
1020 1459 1035 1482 ,
1067 1418 1245 1471 divino
1267 1417 1376 1470 fulti
1402 1426 1426 1453 ει
1456 1416 1733 1485 adiutorio,
1762 1429 1879 1481 quae
1902 1413 2166 1466 credimus

638 1510 726 1563 ‘vel
753 1500 1091 1577 praedicamus
1116 1506 1341 1560 breviter
1368 1504 1628 1557 intimare.
1660 1502 1885 1555 Primum
1916 1500 2070 1563 igitur
2102 1498 2167 1551 de

646 1598 841 1650 unitate
880 1594 1179 1647 substantia:
1230 1593 1397 1646 Patris
1452 1601 1506 1646 et
1543 1590 1571 1629 δ
1616 1589 1772 1653 Filii,
1813 1586 1948 1655 quod
2000 1585 2168 1638 Grmci

643 1685 899 1755 ὁμοούσιον
918 1682 1115 1744 dicunt,
1160 1679 1520 1747 exponendum
1550 1678 1699 1732 nobis
1742 1690 1860 1729 esse
1899 1674 2170 1741 cognosci-

645 1788 779 1825 mus.
825 1771 1028 1823 Patrem
1067 1782 1211 1835 ergo,
1240 1774 1293 1819 et
1328 1766 1536 1829 Filium,
1567 1772 1621 1816 et
1646 1763 1894 1828 Spiritum
1933 1768 2166 1813 sanctum

644 1860 713 1910 ita
738 1860 787 1909 in
812 1858 1005 1908 unitate
1043 1852 1258 1907 Deitatis
1287 1854 1616 1920 profitemur;
1644 1860 1700 1903 ut
1725 1858 1777 1903 et
1816 1850 2020 1901 Patrem
2062 1858 2083 1885 ο
2116 1847 2166 1899 in

2341 1135 2401 1190 ll.
2434 1134 2682 1190 Probatur
2700 1152 2761 1191 ea:
2786 1138 3081 1204 Sm‘pturis.
3099 1170 3165 1181 ——
3186 1141 3259 1194 Es
3288 1143 3443 1199 Patre
3465 1154 3638 1200 autem
3658 1160 3768 1201 esse.

2271 1226 2321 1279 id
2350 1235 2427 1280 est
2454 1227 2606 1280 unius
2633 1241 2748 1280 cum
2799 1228 2953 1282 Patre
2996 1231 3329 1295 substantiae,
3376 1233 3458 1287 bis
3489 1236 3771 1289 testimoniis

2270 1314 2605 1381 approbatur,
2646 1318 2890 1383 Apostolo
2910 1308 3129 1373 dicente
3158 1334 3177 1371 :
3208 1320 3305 1383 Qui
3334 1336 3445 1375 cum
3471 1327 3538 1375 sit
3566 1326 3771 1393 splendor

2268 1407 2457 1474 gloriae,
2485 1414 2527 1459 et
2552 1406 2715 1476 ﬁgura
2733 1407 3020 1460 substantiis
3046 1410 3175 1477 ejus,
3196 1425 3369 1477 gerens
3400 1426 3599 1479 quoque
3630 1416 3770 1464 omnia

2268 1495 2410 1548 verba
2430 1496 2624 1548 uirtutis
2661 1510 2765 1548 sum
2806 1494 2984 1565 (Hebr.
3019 1511 3060 1557 ι,
3082 1494 3156 1564 3).
3194 1497 3257 1549 Et
3298 1497 3488 1551 iterum
3521 1498 3632 1564 ipse
3663 1499 3769 1552 Dens

2268 1583 2422 1636 Pater
2443 1583 2823 1636 incretlulorum
2854 1583 3120 1651 perﬁdiam
3145 1584 3448 1653 obiurgans,
3486 1587 3575 1656 qui
3608 1590 3769 1654 pradi-

2268 1673 2434 1725 cantis
2463 1686 2555 1738 per
2594 1666 2872 1739 prophetas
2905 1672 3018 1727 Filii
3051 1689 3230 1727 vocem
3279 1674 3327 1728 in
3376 1690 3467 1729 sua
3510 1678 3769 1730 subStantizi

2271 1768 2571 1812 manentem
2584 1761 2758 1813 audire
2779 1760 3075 1825 noluerunt,
3100 1761 3370 1831 zﬁdixit:
3390 1763 3510 1817 Non
3531 1767 3769 1818 audierunt

2268 1862 2429 1921 uocem
2452 1856 2474 1883 ο
2502 1850 2785 1901 substantiae
2826 1847 2950 1916 (Jer.
2980 1865 3059 1912 Is,
3094 1853 3210 1920 10),
3242 1868 3394 1921 quam
3442 1870 3625 1908 vocem
3669 1858 3767 1907 sub.

642 1966 752 2005 suae
780 1949 1092 2017 proprietate
1118 1959 1355 2015 personae
1379 1943 1682 2006 subsistere,
1701 1951 1753 1995 et
1772 1940 1956 1994 Filium
1982 1940 2167 1992 nihilo-
2198 1924 2240 1981 Β
2268 1938 2470 1990 stantia:
2519 1937 2660 2007 [edit.
2691 1926 2807 1992 cum
2839 1939 2963 2011 tam]
2991 1938 3338 2007 contemptam
3370 1945 3590 1999 terribili
3620 1956 3770 1998 conte-

646 2044 815 2093 minus
860 2040 913 2092 in
954 2038 1162 2109 propria
1197 2047 1403 2091 exstare
1447 2048 1699 2103 persona,
1730 2041 1885 2101 atque
1919 2031 2168 2099 Spiritum

642 2141 877 2183 sanctum
912 2142 1148 2197 persona:
1184 2141 1292 2179 sua:
1344 2126 1711 2192 proprietatem
1756 2122 1982 2176 retinere
2030 2120 2167 2174 fideli

640 2216 966 2271 confessione
1010 2214 1277 2268 fateamur.
1324 2213 1436 2267 Non
1465 2214 1707 2268 eumdem
1737 2219 2033 2265 asserentes
2073 2210 2171 2262 Pa-

641 2310 770 2356 trem
786 2316 935 2369 quem
954 2300 1161 2365 Filium,
1187 2315 1355 2368 neque
1377 2300 1565 2353 Filium
1582 2298 1893 2352 conﬁtentes
1910 2296 1996 2362 qui
2016 2295 2081 2349 Pa
2091 2305 2169 2347 ter

648 2392 837 2455 sit,aut
853 2392 1073 2459 Spiritus
1099 2400 1339 2452 sanctus;
1369 2404 1535 2455 neque
1556 2388 1625 2440 ita
1647 2386 1897 2454 Spiritum
1933 2394 2168 2438 sanctum

643 2478 947 2547 accipimus,
979 2488 1033 2529 ut
1054 2486 1143 2531 aut
1164 2476 1318 2529 Pater
1346 2476 1415 2527 sit
1441 2483 1532 2527 aut
1552 2474 1743 2537 Filius;
1772 2473 1860 2527 sed
1886 2472 2167 2539 ingenitum

643 2565 868 2629 Patrem,
891 2574 945 2618 et
968 2564 1034 2617 de
1054 2565 1201 2619 Patre
1226 2562 1316 2635 [aL
1332 2563 1529 2635 natum]
1556 2563 1782 2633 genitum
1807 2563 2079 2627 Filium,et
2103 2564 2169 2618 de

649 2657 797 2709 Patre
824 2652 915 2708 ettl
946 2654 1074 2708 Filio
1092 2654 1456 2722 procedentem
1475 2654 1722 2722 Spiritum
1744 2656 2168 2720 sanctum,unius
2198 2704 2205 2710 .

641 2742 900 2796 credimus
913 2756 1027 2796 esse
1047 2742 1347 2796 substantia:
1368 2740 1619 2812 [Lor.,et]
1646 2742 1726 2793 vel
1743 2742 1981 2793 essentia:
2007 2756 2022 2793 :
2050 2744 2167 2806 quia

640 2831 853 2897 ingeniti
884 2830 1055 2884 Patris
1081 2838 1134 2883 et
1158 2829 1321 2897 geniti
1346 2828 1464 2881 Filii
1506 2835 1560 2880 et
1590 2826 1917 2893 procedentis
1946 2826 2168 2893 Spiritus

640 2919 803 2971 sancti
834 2933 932 2971 una
956 2927 1037 2971 est
1072 2916 1260 2981 deitas,
1290 2926 1395 2971 tres
1421 2929 1546 2970 vero
1574 2930 1909 2982 personarum
1936 2916 2169 2983 proprie-

644 3015 797 3059 tates.
831 3007 893 3058 Et
920 3007 1039 3073 quia
1081 3017 1260 3059 contra
1293 3006 1427 3059 hanc
1469 3004 1776 3058 catholicam
1805 3005 1887 3059 rel
1915 3006 2166 3072 apostoli-

640 3106 755 3145 cam
808 3092 962 3145 fidem
992 3102 1177 3145 exorta
1217 3091 1431 3145 hazresis
1474 3093 1751 3145 novitatem
1794 3091 2066 3159 quamdam
2089 3094 2167 3146 in-

641 3180 883 3244 duxerat,
910 3194 1148 3235 asserens
1176 3180 1361 3234 Filium
1390 3196 1491 3233 non
1518 3181 1607 3252 [al.
1635 3180 1721 3251 ex]
1752 3182 1817 3236 de
1849 3182 2017 3236 Patris
2044 3184 2165 3236 sub.

606 3263 615 3273 ’
640 3272 827 3323 stantia
842 3268 933 3339 [αι.
962 3267 1158 3340 natum]
1171 3270 1417 3337 genitum,
1446 3269 1537 3323 sed
1560 3285 1624 3323 ex
1647 3271 1800 3323 nullis
1819 3271 2160 3334 exstantibus,

642 3356 692 3409 id
718 3366 798 3411 est
824 3372 885 3408 ex
918 3357 1080 3409 nihilo
1123 3357 1455 3411 substitisse:
1484 3355 1548 3409 ad
1580 3359 1712 3410 hanc
1740 3358 2017 3425 impietatis
2044 3374 2165 3426 pro-

643 3445 946 3505 l'cssioneni,
974 3460 1089 3511 quas
1109 3452 1287 3497 contra
1312 3444 1464 3498 fidem
1495 3452 1798 3509 emerserat,
1829 3446 2163 3501 refellendam

643 3543 697 3583 et
726 3532 926 3596 penitus
952 3529 1278 3593 abolendam,
1308 3531 1564 3597 ὀμοούσιον
1590 3547 1761 3585 sermo
1790 3531 2003 3586 Cra-cus
2030 3538 2166 3601 posi-

647 3630 733 3671 tus
770 3629 881 3677 εει,
923 3617 1061 3683 quod
1116 3617 1479 3683 interpretatur
1524 3624 1676 3672 unius
1736 3623 2037 3674 substantia:
2084 3624 2164 3675 vel

644 3707 903 3768 essentim,
929 3703 1225 3771 signiﬁcans
1256 3704 1440 3757 Filium
1475 3721 1575 3757 non
1602 3721 1666 3759 ex
1712 3707 1801 3773 [al.
1831 3708 2007 3777 nullis]
2049 3710 2166 3760 ullis

643 3792 985 3855 exstantibus,
1026 3804 1125 3845 nec
1151 3806 1217 3845 ex
1260 3794 1360 3845 alia
1400 3794 1719 3856 subSlantia,
1766 3796 1854 3845 sed
1904 3794 1968 3847 de
2017 3796 2169 3849 Patre

645 3898 821 3938 natum
847 3897 983 3935 esse.
1020 3862 1129 3947 'Qui
1158 3897 1282 3935 vero
1324 3890 1470 3949 putat
1510 3881 1771 3951 ὀμοούσιον
1798 3883 2165 3951 auferendum,

641 3990 711 4027 ex
742 3972 901 4025 nihilo
929 3970 1037 4023 vult
1065 3985 1297 4024 asserere
1329 3970 1512 4023 Filium
1546 3970 1828 4025 exstitisse.
1863 3976 1961 4026 Sed
1990 3990 2053 4029 ex
2086 3976 2166 4027 ni-

648 4064 753 4114 hilo
783 4077 884 4115 nun
912 4072 1011 4125 est,
1044 4076 1105 4114 ex
1138 4060 1287 4114 Patre
1310 4060 1425 4113 sine
1452 4060 1609 4113 dubio
1645 4070 1745 4127 est,
1785 4071 1837 4115 et
1878 4074 2021 4117 recte
2057 4065 2168 4134 ὁμοε-

647 4152 831 4209 βύσιον,
860 4149 911 4201 id
939 4157 1019 4201 est
1044 4149 1191 4199 unius
1212 4162 1329 4200 cum
1361 4146 1515 4200 Patre
1539 4146 1862 4211 substantiae,
1888 4152 2046 4204 Filius
2069 4163 2168 4206 est.

720 4311 746 4337 ⁸
775 4302 901 4355 Cod.
928 4298 1281 4353 Laudunensis
1306 4308 1359 4351 et
1388 4297 1493 4359 alii,
1514 4299 1722 4351 auxilio.
1757 4301 1931 4362 Mam,
1962 4300 2167 4368 Gomp.,

653 4369 795 4433 Lor.,
819 4386 867 4424 et
898 4370 1065 4430 0rth.,
1097 4369 1407 4435 ﬁdemquam
1427 4368 1689 4419 credimus.

721 4437 747 4475 δ
777 4440 922 4492 Coll).
955 4440 971 4490 l
1002 4440 1142 4491 addit
1168 4450 1319 4489 manu
1352 4439 1543 4489 recenti
1574 4446 1617 4489 et
1646 4436 1863 4501 Spiritus
1892 4437 2065 4488 sancti.

722 4518 744 4544 °
776 4508 862 4560 Sic
885 4508 1055 4567 Mam,
1090 4507 1289 4569 Germ.,
1333 4504 1471 4571 Ful.,
1515 4516 1567 4559 et
1612 4506 1781 4561 Ubifll.
1831 4508 1897 4558 At
1936 4505 2082 4557 Coll).
2118 4506 2165 4569 l,

652 4579 855 4644 Cotnp..
887 4576 1177 4635 Lorichius,
1207 4586 1270 4644 _et
1307 4574 1549 4644 Ortltod.,
1582 4589 1803 4644 prosum
1832 4575 2163 4644 liabentsua.

650 4640 795 4699 Coll):
828 4644 975 4697 alter.
999 4655 1051 4694 et
1080 4641 1243 4695 Laud.
1274 4656 1390 4693 cum
1420 4642 1586 4699 Bald..
1635 4640 1866 4695 Rhenan.
1900 4652 1950 4693 et
1993 4641 2162 4707 Bign.,

2267 2026 2492 2081 statione
2536 2028 2829 2095 increpans,
2859 2029 2923 2082 ad
2944 2030 3184 2083 eumdem
3212 2032 3518 2099 prophetam
3548 2032 3768 2099 loquitur,

2267 2113 2482 2166 dicens:
2514 2113 2678 2183 Super
2710 2126 2894 2168 montes
2922 2117 3129 2182 accipite
3166 2118 3421 2181 planctum
3441 2157 3456 2181 ,
3480 2125 3527 2170 et
3556 2135 3697 2187 super
3713 2136 3769 2170 sr-

2267 2202 2411 2253 mitas
2434 2202 2614 2255 deserti
2631 2202 2833 2263 luctum,
2859 2205 2974 2268 quia
3003 2206 3313 2270 defecerunt,
3342 2220 3397 2258 eo
3422 2207 3557 2272 quod
3578 2222 3673 2259 non
3692 2210 3769 2258 sint

2268 2289 2514 2354 homines;
2545 2307 2643 2343 non
2669 2292 2931 2345 audierunt
2952 2307 3116 2345 vorem
3146 2292 3433 2346 substantia:
3460 2309 3493 2345 a
3517 2294 3769 2346 volatilibus

2267 2378 2378 2430 cali
2412 2394 2565 2447 usque
2605 2380 2671 2431 ad
2710 2395 2885 2449 pecora
2923 2378 3130 2447 (lbid.).
3173 2380 3238 2434 Et
3274 2395 3479 2434 rursum
3521 2396 3618 2435 eos
3651 2382 3769 2447 quia

2268 2467 2590 2532 professione
2628 2469 2781 2523 unius
2826 2470 3492 2535 substantimdeclinantcs,
3532 2471 3584 2525 in
3612 2472 3769 2526 eadem

2269 2557 2385 2611 fidei
2412 2558 2696 2610 substantia
2725 2567 2863 2612 stare
2891 2559 3184 2624 noluerunt,
3216 2560 3452 2627 increpat
3481 2560 3663 2614 dicens
3688 2577 3700 2609 :
3725 2560 3768 2613 Si

2264 2649 2507 2698 stetissent
2523 2647 2576 2697 in
2597 2646 2865 2699 substantia
2891 2661 3019 2710 mea,
3036 2648 3319 2700 avertissent
3356 2649 3520 2717 utique
3549 2664 3633 2701 eos
3656 2664 3687 2699 α
3711 2652 3769 2698 ria

2266 2749 2358 2785 sua
2398 2733 2561 2796 mala,
2608 2742 2653 2785 et
2686 2749 2717 2784 a
2753 2735 2971 2799 pessimis
3015 2736 3393 2802 cogitationibus
3436 2738 3541 2789 suis
3586 2734 3766 2806 (lerem.

2268 2836 2411 2886 mn,
2440 2821 2551 2889 ‘23).
2582 2821 2647 2874 Et
2698 2823 2880 2875 iterum
2928 2837 3030 2875 non
3060 2832 3203 2876 extra
3241 2825 3585 2877 substantiam
3628 2824 3770 2875 Patris

2268 2907 2453 2962 Filium
2478 2908 2845 2972 confitendum,
2871 2910 2961 2963 sed
2994 2910 3042 2961 in
3068 2910 3247 2964 eadem
3276 2908 3292 2947 π
3330 2912 3463 2963 fideli
3491 2911 3645 2964 oculo
3666 2925 3767 2963 con-

2268 2999 2511 3053 tuendum
2555 3001 2882 3067 apertissime
2922 3000 3246 3064 declaratur,
3292 3000 3414 3053 dum
3460 3000 3651 3054 dicitur
3696 3014 3769 3066 per

2265 3089 2567 3157 prophetam
2597 3105 2610 3142 :
2646 3090 2764 3152 Quis
2791 3090 2917 3142 stetit
2940 3090 2991 3141 in
3013 3090 3286 3142 substantia
3312 3090 3536 3156 Domini,
3568 3099 3614 3143 et
3639 3090 3765 3148 vidit,

2265 3190 2309 3232 et
2346 3180 2528 3233 audivit
2554 3184 2750 3233 verbum
2778 3180 2884 3247 ejus
2915 3178 3096 3245 (Ibil.,
3124 3178 3250 3243 18)?
3294 3178 3463 3230 Patris
3506 3193 3633 3245 ergo
3668 3177 3768 3229 sub-

2264 3270 2505 3323 stantiam
2554 3268 2740 3320 Filium
2772 3280 2889 3320 esse
2930 3266 3245 3334 propheticis
3265 3267 3368 3332 jam
3396 3266 3519 3319 olim
3549 3265 3765 3331 designato

2263 3371 2370 3412 tum
2410 3367 2487 3413 est
2529 3357 2777 3420 oraculis,
2809 3356 3011 3411 dicente
3051 3356 3327 3411 Salomone
3375 3373 3388 3407 :
3437 3355 3761 3409 Substantiam

2263 3451 2391 3501 enim
2414 3461 2457 3501 et
2478 3440 2784 3500 dulcedinem
2809 3457 2964 3510 tuam,
2990 3462 3137 3516 quant
3169 3455 3191 3492 ε
3211 3447 3262 3498 in
3290 3446 3423 3510 ﬁlios
3452 3447 3603 3498 habes
3629 3457 3766 3497 osten-

2265 3538 2411 3588 debas
2444 3536 2596 3601 (Sap.
2624 3551 2737 3599 xw,
2779 3534 2887 3599 Ἦ),
2922 3549 3072 3599 quam
3102 3536 3151 3585 in
3182 3532 3341 3600 ﬁgura
3369 3542 3423 3585 et
3451 3531 3672 3597 imagine
3694 3546 3765 3597 pa-

2265 3626 2344 3677 nis
2365 3627 2593 3677 ccclestis
2613 3625 2802 3689 populo
2826 3623 2978 3675 Israel
3005 3622 3207 3675 caelitus
3234 3631 3446 3687 apparet
3465 3621 3765 3686 proﬂuxisse.

2269 3711 2416 3773 Quod
2445 3710 2555 3777 ipse
2588 3710 2832 3763 Dominus
2856 3710 2906 3762 in
2955 3709 3231 3775 Evangelia
3274 3710 3531 3775 exposuit,
3564 3708 3729 3761 dlcens
3756 3722 3765 3757 :

2263 3798 2388 3857 Non
2436 3799 2631 3866 Moyses
2676 3799 2809 3849 dedit
2834 3798 2965 3849 vobis
3009 3813 3186 3861 partem
3226 3796 3288 3847 de
3332 3796 3485 3861 (telo,
3514 3797 3602 3849 sed
3641 3794 3795 3845 Pa‘er'

2269 3903 2404 3940 meus
2432 3888 2516 3937 dat
2546 3886 2678 3938 vobis
2706 3901 2878 3953 panem
2906 3885 2967 3938 de
2994 3885 3113 3937 calo
3140 3882 3312 3952 (Ioan.
3340 3900 3408 3949 vt,
3435 3882 3557 3948 32);
3592 3897 3646 3938 se
3684 3881 3767 3932 nli-

2268 3992 2368 4044 qne
2408 3992 2589 4041 panem
2637 3975 2747 4041 ipse
2790 3974 2959 4044 [Lor.,
3000 3974 3272 4043 definiens]
3319 3975 3630 4042 designans,
3671 3985 3765 4024 cum

2270 4064 2392 4116 dicit
2446 4081 2457 4114 :
2503 4062 2607 4131 Ego
2650 4080 2758 4115 sum
2804 4065 2947 4131 panis
2998 4064 3131 4115 vivus
3178 4064 3262 4129 qui
3306 4064 3366 4116 de
3412 4066 3533 4116 caalo
3563 4059 3766 4115 descendi

2273 4149 2428 4220 (Ibid.
2451 4150 2558 4215 41).
2597 4150 2674 4220 _De
2709 4166 2811 4215 quo
2852 4152 3004 4203 etiam
3037 4151 3282 4218 propheta
3322 4152 3479 4204 David
3507 4151 3630 4204 dicit
3653 4165 3664 4202 :
3687 4147 3767 4199 Pa-

2271 4302 2402 4354 LXX
2430 4301 2743 4365 lnterpreles.
2767 4303 2908 4367 Quod
2931 4312 3009 4355 est
3029 4319 3225 4356 verum.
3253 4302 3506 4353 Craterum
3522 4316 3617 4367 pro
3642 4315 3767 4363 super

2272 4381 2471 4433 montes,
2502 4383 2625 4427 εις..
2653 4370 2935 4433 Lurichius,
2965 4382 3015 4423 et
3038 4372 3123 4422 alii
3155 4370 3364 4428 habent,
3390 4384 3536 4435 super
3576 4378 3763 4419 montem

2268 4439 2435 4507 accipe
2466 4439 2737 4503 planctum,
2762 4450 2812 4491 et
2841 4453 2932 4503 pro
2960 4441 3201 4499 semitam,
3226 4438 3400 4504 aliqui.
3432 4438 3647 4487 semitas.

2342 4505 2358 4543 ι
2394 4507 2551 4559 Laud.
2570 4517 2619 4559 et
2641 4507 2785 4558 Colb.
2807 4508 2858 4559 2.
2886 4505 3124 4559 Fideliter
3139 4510 3313 4559 mentis
3343 4505 3503 4555 oculo.
3529 4502 3728 4554 Rhenan

2342 4523 2354 4543 ι
2394 4523 2551 4559 Laua.
2570 4523 2619 4559 et
2641 4523 2785 4558 uno.
2807 4523 2858 4564 Ζ,
2886 4523 3124 4559 rtuettter
3139 4523 3313 4559 mentis
3343 4523 3503 4555 oruto.
3529 4523 3765 4556 nuenatt.

2267 4575 2477 4640 ﬁdeliter
2498 4577 2669 4627 mentis
2690 4576 2864 4628 oculis.
2900 4575 3010 4627 Ful.
3043 4576 3219 4629 Germ.
3280 4570 3611 4642 et_0rthotl.,
3655 4568 3766 4642 ﬁdeli

2270 4637 2446 4696 mente.
2478 4644 2623 4697 Colb.
2658 4654 2859 4707 tertius,
2899 4644 3109 4709 fideliter
3135 4650 3313 4717 mente.
3345 4639 3646 4701 Lorichius.
3673 4637 3767 4702 βάτλλ

650 4728 741 4765 sua
758 4714 1081 4777 proprietatis
1093 4724 1320 4774 persona.
1347 4710 1431 4762 Sic
1453 4718 1501 4760 et
1523 4707 1668 4759 Colb.
1697 4712 1874 4761 tertius
1902 4709 1951 4761 in
1977 4699 2161 4776 mai-gi;
2195 4699 2244 4755 D
2269 4722 2444 4764 mente.

656 4796 738 4839 ne,
768 4779 855 4842 qui
885 4779 932 4829 in
965 4789 1102 4829 textu
1136 4778 1307 4841 habet,
1338 4792 1428 4845 sua
1452 4778 1878 4845 propria-Deitatis
1904 4792 2129 4845 persona.

722 4846 747 4882 ά
774 4845 893 4897 Haec
924 4846 1341 4911 particttlaqdeest
1373 4844 1423 4897 in
1448 4844 1603 4893 Latnl.
1630 4854 1680 4895 et
1711 4846 1759 4895 in
1788 4844 2010 4897 editione
2042 4846 2171 4898 Rhe-

656 4916 792 4967 nani.
826 4912 891 4963 At
920 4914 967 4963 in
996 4912 1035 4962 C
1074 4914 1181 4964 lb.l
1218 4913 1314 4963 alia
1340 4925 1490 4961 manu
1520 4914 1708 4975 scripta
1742 4922 1835 4964 est.
1869 4914 1929 4964 Et
1953 4914 2000 4964 in
2026 4929 2167 4965 reca-

653 4980 942 5049 pitulatione
968 4981 1092 5030 intra
1127 4995 1267 5049 num.
1297 4979 1361 5029 21
1394 4992 1497 5029 non
1528 4979 1763 5031 habetur.
1798 4982 1973 5034 Exstat
1999 4992 2167 5033 tamen

655 5054 705 5101 in
726 5051 927 5101 creteris
953 5061 1073 5097 rnss.
1104 5056 1155 5099 et
1183 5048 1355 5099 editis.

724 5129 745 5151 υ
770 5115 929 5183 Laud.
959 5113 1117 5183 addit.
1142 5130 1277 5183 mete.
1311 5112 1442 5183 Infra
1474 5122 1641 5183 autem
1671 5114 1719 5164 in
1740 5115 1923 5180 Comp.
1954 5125 2005 5168 et
2030 5116 2167 5183 apud

652 5182 945 5251 Lorichiunt
973 5182 1045 5232 sic
1072 5180 1315 5251 habetur:
1343 5180 1437 5251 Qui
1462 5196 1567 5231 cum
1594 5182 1655 5251 sit
1678 5186 1906 5249 splendor
1935 5194 1977 5235 et
2004 5180 2167 5251 ﬁgura

650 5250 887 5304 substanti
908 5266 933 5297 τε
960 5253 1063 5316 ejus
1086 5257 1130 5300 el
1154 5250 1477 5316 substantiam
1516 5250 1777 5300 noluerunt
1807 5253 1977 5303 audire
2009 5250 2167 5303 luere-

654 5321 755 5369 tt'ci.
790 5318 923 5368 Dixit
951 5314 1077 5367 alius
1102 5316 1337 5382 prapheta
1369 5332 1387 5367 :
1417 5314 1535 5367 Non
1561 5318 1824 5370 audierunt
1854 5335 2033 5380 vocem,
2064 5327 2165 5371 ctc.

660 5386 765 5437 Vox
793 5386 1005 5435 Inrretici
1048 5386 1192 5436 tlccst
1220 5383 1269 5434 in
1310 5382 1489 5449 Comp.
1524 5384 1684 5434 Porro
1727 5386 1774 5436 in
1826 5383 1972 5438 Colb.
2016 5389 2167 5439 unius

655 5454 881 5512 margine
910 5453 1017 5503 hinc
1053 5453 1204 5505 verba
1237 5452 1517 5504 habentur:
1551 5449 1614 5502 In
1650 5450 1862 5506 Jeremia
1894 5454 2165 5508 secundum

2344 4791 2366 4825 ε
2399 4780 2559 4842 Hujus
2589 4780 2687 4832 loci
2715 4787 2767 4832 et
2794 4779 3034 4841 a‘iorum,
3062 4776 3150 4847 qui
3203 4777 3287 4831 hic
3334 4775 3609 4847 habentur,
3642 4785 3768 4847 egre.

2272 4846 2379 4911 aias
2436 4848 2591 4899 habes
2638 4847 2993 4913 CXDOSiIiOIIBS
3043 4843 3094 4898 in
3132 4846 3264 4898 libro
3290 4860 3381 4898 seu
3441 4843 3767 4913 liesponsione

2274 4916 2375 4981 79
2388 4916 2547 4967 sancti
2574 4911 2825 4980 Fulgentii
2842 4914 2903 4964 ad
2924 4914 3105 4966 decem
3124 4917 3429 4965 Arianorum
3449 4911 3763 4981 objectioneS.

2275 4979 2325 5033 in
2338 4979 2882 5047 responsionescilicet
2900 4982 2961 5034 ad
2980 4992 3210 5047 quartam
3224 4996 3404 5034 eorum
3422 4979 3764 5043 objectionem.

2272 5050 2524 5103 (Laterum
2550 5049 2699 5103 Colb.
2734 5052 2781 5111 l,
2808 5052 2977 5112 Mart.,
3012 5049 3148 5112 Ful.,
3167 5050 3368 5111 Germ.,
3394 5058 3447 5101 et
3470 5050 3641 5107 0rth.,
3669 5054 3763 5093 cum

2274 5118 2530 5179 Lorichio,
2557 5118 2745 5169 habent
2764 5118 2815 5167 in
2838 5114 2991 5169 Filio.
3023 5117 3083 5169 Et
3112 5118 3263 5181 infra,
3283 5132 3374 5185 pro
3402 5132 3549 5183 quam
3573 5116 3641 5175 in,
3659 5117 3763 5163 etc"

2272 5186 2417 5237 Orth.
2445 5197 2495 5237 et
2523 5185 2809 5253 Lorichiue,
2834 5187 2946 5251 quia
2974 5186 3044 5237 in.
3085 5185 3233 5238 Colb.
3268 5188 3315 5247 1,
3357 5185 3444 5253 qui
3486 5185 3555 5253 in,
3590 5191 3642 5232 ut
3668 5187 3763 5250 (ιυξε

2267 5264 2554 5317 sequuntur
2571 5255 2633 5304 tle
2658 5252 2788 5304 Filio
2820 5250 3019 5319 possint
3056 5254 3292 5315 intelligi.
3327 5250 3386 5305 Et
3422 5250 3627 5319 quidem
3669 5256 3763 5316 est-

2302 5334 2390 5438 εἱς
2428 5322 2628 5375 videtur
2673 5318 2857 5375 sensus
2903 5322 3109 5376 illorum
3156 5322 3362 5378 Patrum
3418 5328 3474 5373 ut
3511 5318 3762 5385 legatur"!

2302 5400 2333 5438 ‘l
2358 5404 2423 5438 ιο.

2319 5404 2423 5439 ιιιο.
