3814 6228
561 194 660 248 2%

1798 184 2093 242 VICTORIS
2134 182 2419 237 VITENSIS

3616 190 3723 242 εει

564 304 664 357 rim
717 320 729 356 :
774 303 967 356 Enarra
1014 303 1139 355 milii
1178 304 1383 355 modum
1433 304 1512 354 vel
1556 302 1854 369 qualitatem
1898 298 2087 351 divinae
2116 298 2164 353 Α
2192 292 2307 346 dem
2336 293 2471 346 Filio
2490 293 2649 346 dicit:
2674 294 2899 372 Quicum
2926 300 2989 349 sit
3016 298 3250 361 splendor
3266 272 3459 365 glorise.
3487 309 3529 351 et
3554 302 3721 369 ﬁgura

565 392 932 458 generationis,
958 402 1010 443 et
1034 390 1161 443 tanti
1180 390 1367 444 secreti
1385 404 1631 443 arcanum
1653 388 1893 442 humanis
1918 388 2093 440 verbis

566 481 795 543 enuntia,
820 479 1059 547 quoniam
1082 479 1218 533 unde
1244 490 1395 531 natus
1421 478 1511 539 sit,
1534 493 1637 530 non
1656 467 2109 545 quemadmodum

568 578 717 620 natus
743 568 809 621 sit
837 567 1098 635 requisivi.
1130 567 1311 620 Divina
1340 568 1478 620 enim
1514 566 1783 635 generatio
1827 567 2087 620 inenarrao

570 656 685 709 bilis
724 664 829 719 est,
871 671 975 709 non
1021 656 1337 724 ignorabilis.
1371 654 1498 707 Nam
1542 670 1701 721 usque
1728 655 1857 707 adeo
1882 668 1982 706 non
2014 663 2094 707 est

570 744 899 813 ignorabitis,
930 743 979 796 id
1008 752 1089 802 est
1119 758 1220 796 non
1250 742 1515 810 ignoratur
1543 743 1681 795 unde
1709 742 1797 805 sit,
1829 752 1884 795 ut
1909 751 1962 796 et
1991 742 2091 795 Pa-

574 845 652 883 ter
672 831 737 884 de
764 832 935 897 seipso
962 831 1234 897 genuisse,
1264 841 1314 883 et
1343 830 1503 883 Filius
1546 831 1611 885 de
1650 830 1801 883 Patre
1834 845 1891 884 se
1920 839 2094 883 natum

573 920 859 984 szepissime
891 928 1223 986 protestetur,
1250 920 1385 985 quod
1415 920 1591 971 nullus
1630 919 1842 971 omnino
1883 918 2096 986 ambigit

570 1006 924 1071 Christianus,
963 1008 1097 1060 sicut
1136 1007 1187 1060 in
1236 1007 1520 1076 Evangelio
1549 1008 1951 1071 demonstratur,
1980 1008 2095 1075 ipso

572 1095 704 1149 Filio
732 1097 939 1150 dicente
980 1114 992 1149 :
1039 1098 1134 1161 Qui
1171 1106 1335 1150 autem
1362 1114 1459 1150 non
1489 1098 1665 1160 credit,
1692 1101 1803 1167 jam
1838 1098 2098 1164 judicatus

572 1198 663 1249 est,
685 1186 800 1253 quia
822 1202 921 1237 non
944 1188 1095 1238 credit
1116 1188 1165 1237 in
1184 1188 1379 1239 nomine
1400 1187 1637 1254 unigeniti
1665 1185 1789 1252 Filii
1812 1187 1905 1239 Dei
1920 1184 2094 1255 (Joan.

571 1268 651 1337 tu,
685 1276 787 1341 η).
810 1274 934 1326 Item
964 1274 1190 1327 Joannes
1214 1274 1527 1343 evangelista
1560 1275 1722 1328 dicit:
1754 1275 1857 1343 26
1885 1274 1950 1327 Et
1974 1276 2102 1327 vidi-

572 1379 681 1413 mus
708 1363 918 1429 gloriam
944 1366 1071 1428 ejus,
1102 1364 1313 1431 gloriam
1334 1354 1565 1432 tanquam
1596 1364 1849 1433 Unigeniti
1885 1382 1916 1416 a
1943 1364 2101 1418 Patre

579 1449 755 1517 (Joau.
788 1467 827 1515 ι,
858 1450 968 1518 is).
997 1451 1134 1518 Ergo
1161 1452 1533 1518 professionem
1566 1463 1794 1507 nostram
1819 1453 1964 1507 brevi
1992 1468 2104 1507 ser-

576 1551 731 1591 mone
759 1538 1133 1593 concludimus.
1166 1538 1386 1609 [Laud.,
1418 1539 1589 1611 Sicut]
1620 1542 1673 1597 Si
1705 1556 1828 1597 vere
1854 1541 1921 1596 de
1949 1541 2103 1597 Patre

2192 384 2482 436 substantiis
2523 386 2630 453 ejus
2674 384 2861 454 (Hebr.
2891 402 2936 449 t,
2975 386 3039 453 ‘5)
3078 404 3092 439 :
3132 387 3182 440 in
3214 404 3317 455 quo
3355 387 3641 443 evidentius
3667 402 3720 446 et

2194 483 2485 528 coaeternus
2515 474 2689 539 Patri,
2739 488 2789 529 et
2833 477 3193 541 inseparabilis
3220 494 3247 530 a
3278 478 3468 543 Patre,
3498 488 3550 533 et
3572 483 3725 535 unius

2194 579 2400 618 cum-eo
2427 578 2544 619 esse
2568 565 2872 619 substantia:
2898 568 3227 634 perdocetur,
3264 568 3389 621 dum
3421 568 3521 622 luci
3548 569 3721 637 splen-

2197 652 2294 705 dor
2322 666 2529 720 semper
2548 663 2628 706 est
2649 663 2959 713 coaeternus.
2988 654 3109 708 dum
3141 656 3393 722 splendor
3413 671 3443 709 a
3470 655 3567 726 [aL
3586 656 3723 719 luce}

2197 743 2391 795 lumine
2418 757 2677 809 nunquam
2704 752 2779 796 est
2810 753 3098 809 separatus,
3127 745 3250 798 dum
3276 746 3521 811 Splendor
3547 762 3573 798 a
3600 746 3721 800 luce

2203 840 2224 867 ε
2260 839 2439 881 natura
2484 832 2560 882 vel
2602 830 2888 883 substantia
2920 832 3185 897 nunquam
3210 842 3381 899 potest
3408 847 3524 887 esse
3556 834 3727 886 diver-

2197 933 2306 971 sus.
2339 918 2434 980 Qui
2468 917 2606 969 enim
2636 920 2882 982 splendor
2911 919 3040 973 lucis
3063 929 3172 985 est,
3207 921 3344 975 idem
3376 932 3430 975 et
3454 923 3539 974 Dei
3562 921 3726 975 Patris

2198 1008 2364 1059 virtus
2399 1016 2479 1059 est
2520 1023 2533 1059 :
2577 1009 2925 1073 sempiternus
2950 1022 3074 1076 ergo
3100 1019 3311 1076 pr0pter
3342 1008 3543 1062 virtutis
3566 1019 3724 1063 ater-

2200 1098 2413 1149 uitatem
2438 1136 2451 1156 ,
2485 1097 2840 1162 inseparabilis
2869 1109 3086 1165 propter
3115 1086 3437 1152 claritudinis
3464 1099 3725 1152 unitatem.

2202 1186 2265 1238 Et
2301 1185 2397 1238 hoc
2425 1196 2504 1238 est
2535 1186 2668 1249 quod
2703 1200 2797 1236 nos
2826 1185 3047 1243 fideliter
3092 1186 3414 1252 proﬁtemur,
3448 1187 3626 1240 Filium
3670 1188 3730 1239 de

2203 1275 2367 1328 Patris
2398 1275 2683 1327 subsmntia
2714 1284 2922 1337 natum;
2954 1275 3084 1328 sicut
3112 1276 3221 1340 ipse
3243 1276 3395 1329 Pater
3426 1276 3556 1328 Deus
3582 1290 3730 1342 aper-

2202 1367 2458 1419 tissimum
2508 1365 2747 1431 perhibet
2776 1365 3151 1417 testimonium.
3182 1364 3279 1429 Qui
3310 1373 3371 1417 ut
3399 1366 3465 1416 de
3491 1379 3575 1416 sua
3602 1364 3730 1417 inel-

2200 1455 2373 1508 fabilis
2428 1462 2627 1506 naturae
2672 1454 2958 1507 substantia
3004 1453 3270 1521 proprium
3320 1469 3379 1506 se
3424 1451 3601 1505 Filium
3651 1467 3733 1519 ge-

2203 1542 2378 1595 nuisse
2404 1532 2739 1607 monstraret,
2762 1540 2826 1593 ad
2847 1541 3205 1594 instruendam
3232 1539 3529 1608 fragilitatis
3546 1549 3731 1593 nostra

576 1634 726 1678 natus
751 1636 856 1692 est,
890 1625 1041 1682 unius
1066 1629 1371 1683 substantiae
1397 1638 1504 1693 est,
1535 1639 1587 1684 et
1622 1631 1723 1699 [ιιι.
1764 1630 1914 1700 vere]
1947 1646 2102 1686 verus
2135 1623 2178 1681 Β
2206 1629 2551 1696 imperitiam,
2585 1637 2641 1685 ut
2669 1643 2763 1683 nos
2804 1644 2869 1682 ex
2904 1628 3196 1683 visibilibus
3235 1628 3299 1681 ad
3332 1627 3609 1681 invisibilia
3636 1628 3734 1680 aio

573 1714 737 1785 Filius
756 1727 863 1780 est;
888 1718 977 1769 sed
999 1718 1040 1770 si
1070 1718 1220 1770 unius
1248 1720 1552 1773 substantia:
1583 1734 1684 1772 nun
1714 1728 1812 1782 est,
1837 1733 1933 1772 nec
1950 1734 2102 1773 verus

575 1804 736 1857 Filius
760 1813 869 1866 est;
899 1813 950 1857 et
977 1806 1020 1857 si
1046 1820 1199 1859 verus
1230 1806 1389 1859 Filius
1416 1823 1519 1873 non
1543 1818 1641 1873 est,
1667 1822 1763 1862 nec
1785 1823 1939 1860 verus
1967 1807 2105 1862 Deus

573 1902 672 1945 est.
701 1895 801 1945 Aut
828 1891 873 1945 si
905 1907 1055 1946 verus
1086 1893 1223 1949 Deus
1251 1906 1328 1947 est
1347 1935 1360 1955 ,
1402 1906 1454 1948 et
1484 1908 1653 1948 tamen
1682 1897 1745 1949 de
1777 1894 1946 1950 Patris
1975 1897 2101 1950 sub-

574 1982 761 2033 Slattlia
790 1996 890 2052 non
913 1992 1019 2044 est,
1062 1982 1319 2049 ingenitus
1356 1997 1480 2050 ergo
1508 1994 1559 2036 et
1588 1985 1826 2050 ipsetest.
1850 1984 1951 2038 Sed
1980 1987 2097 2053 quia

574 2072 834 2136 ingenitus
863 2088 963 2125 non
994 2083 1091 2137 est,
1121 2073 1314 2126 factura
1344 2070 1468 2143 ergo
1498 2083 1596 2139 est,
1628 2086 1681 2127 ut
1711 2075 1835 2144 [al.,
1860 2075 2100 2144 putetur]

578 2170 804 2228 putatur,
834 2160 1042 2214 aliunde
1085 2163 1373 2217 subsistens
1394 2204 1407 2226 ,
1450 2165 1493 2217 si
1521 2163 1585 2219 de
1616 2165 1782 2218 Patris
1818 2167 2101 2219 substantia

576 2265 678 2303 non
703 2258 803 2303 est.
836 2250 937 2304 Sed
966 2252 1101 2304 absit
1132 2254 1229 2306 hoc
1259 2254 1324 2305 ita
1366 2254 1601 2307 credere.
1639 2254 1742 2306 Nos
1772 2255 1909 2307 enim
1955 2256 2105 2308 unius

550 2341 879 2395 ‘substantiaz
901 2357 1017 2395 cum
1048 2344 1197 2397 Patre
1219 2343 1405 2397 Filium
1433 2346 1757 2411 proﬁtemur,
1790 2346 2105 2400 detestantes

576 2433 924 2486 Sabellianam
973 2432 1212 2487 haeresim
1233 2473 1248 2497 ,
1279 2449 1394 2503 quae
1432 2435 1499 2488 ita
1539 2444 1768 2489 sanctam
1798 2436 2101 2489 Trinitatem

576 2521 877 2584 confundit,
912 2532 966 2575 ut
1004 2524 1242 2577 eumdem
1271 2525 1409 2577 dicat
1448 2540 1567 2580 esse
1605 2526 1809 2579 Patrem
1838 2518 1988 2594 quem
2024 2527 2101 2578 Fi-

580 2609 741 2676 lium,
774 2611 1123 2680 eumdemque
1162 2613 1342 2666 credat
1383 2628 1499 2667 esse
1547 2614 1793 2681 Spiritum
1832 2623 2063 2666 sanctum
2090 2655 2102 2675 ,

578 2715 681 2753 non
708 2715 921 2753 servans
944 2712 1052 2755 tres
1085 2706 1132 2756 ‘n
1164 2704 1358 2757 unitate
1387 2718 1650 2769 personas.
1728 2692 1743 2698 ⁷

646 2787 765 2842 VII;
785 2788 1002 2856 Ingeniti
1030 2799 1075 2842 et
1104 2792 1253 2860 geniti
1279 2794 1447 2843 eadem
1469 2792 1758 2843 substantia.
1792 2819 1857 2829 -—
1880 2790 1981 2842 Sed
2006 2789 2107 2841 for-

580 2878 713 2930 sitan
742 2879 982 2946 objicitur
1026 2898 1039 2932 :
1082 2881 1210 2933 Cum
1260 2880 1520 2948 ingenitus
1544 2879 1711 2933 rPatcr
1753 2881 1850 2945 sit,
1900 2881 2107 2948 genitus

2204 1726 2371 1787 geret,
2401 1728 2623 1771 terrente
2652 1718 2934 1771 nativitatis
2960 1718 3266 1772 vocabulum
3287 1719 3351 1771 ad
3373 1718 3560 1772 divinat
3576 1732 3732 1786 gena.

2205 1808 2421 1861 rationis
2470 1808 2625 1860 traxit
2666 1808 2989 1874 exemplum,
3017 1806 3197 1860 dicens
3238 1824 3253 1859 :
3304 1806 3382 1860 Eo:
3441 1817 3577 1859 utero
3625 1814 3733 1857 ants

2204 1898 2465 1963 luciferum
2492 1898 2637 1963 genui
2680 1905 2726 1948 te
2755 1895 2885 1963 (Ps.
2916 1912 3028 1960 six,
3059 1894 3147 1965 3).
3192 1888 3323 1962 Quid
3362 1896 3583 1959 clarius,
3613 1894 3731 1962 quid

2204 1987 2517 2040 luculentius
2547 1986 2693 2040 eﬂ‘ari
2725 1986 2975 2039 Divinitas
3016 1985 3354 2054 dignaretur?
3383 1984 3576 2050 Quibus
3607 1984 3734 2036 indi-

2202 2077 2314 2137 ciis,
2347 2076 2533 2143 quibus
2569 2075 2897 2128 existentium
2946 2091 3117 2127 rerum
3163 2075 3419 2140 exemplis
3453 2073 3729 2141 proprietso

2206 2176 2308 2216 tem
2337 2165 2687 2230 generationis
2719 2164 2882 2230 potuit
2911 2164 3181 2226 intimare,
3212 2178 3367 2231 quam
3395 2173 3449 2214 ut
3488 2178 3577 2229 per
3606 2164 3729 2215 uteri

2204 2252 2606 2318 appellationem
2639 2252 3007 2318 proiirietatem
3039 2248 3063 2285 ά
3096 2251 3361 2319 genitricis
3404 2250 3733 2304 ostenderet?

2207 2357 2306 2392 non
2334 2342 2451 2408 quia
2484 2342 2752 2407 corporeis
2774 2340 3089 2404 compositus
3117 2349 3198 2393 est
3216 2340 3485 2402 membris,
3520 2348 3611 2391 aut
3636 2338 3725 2391 ali-

2208 2431 2397 2497 quibus
2440 2440 2641 2483 artuum
2683 2430 3009 2483 lineamentis
3035 2428 3340 2491 distinctus;
3371 2428 3465 2481 sed
3494 2430 3617 2495 quia
3646 2442 3734 2480 nos

2206 2517 2354 2569 aliter
2368 2517 2636 2570 veritatem
2655 2516 2842 2569 divinae
2858 2516 3207 2583 generationis
3224 2513 3401 2567 auditu
3418 2516 3607 2567 mentis
3626 2527 3732 2580 per

2206 2610 2381 2671 cipere
2402 2620 2504 2656 non
2536 2618 2826 2670 possemus,
2846 2604 3166 2656 nisihumani
3186 2604 3315 2655 uteri
3341 2614 3733 2670 provocaremur

2194 2694 2478 2755 ’vocabulo,
2500 2694 2751 2759 utambigi
2776 2694 2905 2744 ultra
2927 2707 3025 2746 non
3040 2700 3229 2758 posset.
3248 2691 3312 2744 dc
3329 2692 3417 2743 Dei
3448 2689 3727 2743 substantia

2211 2791 2381 2832 natum
2411 2794 2556 2841 esse,
2592 2795 2743 2846 quem
2766 2787 2968 2831 constat
2989 2793 3053 2831 ex
3084 2778 3249 2831 Patris
3281 2791 3427 2831 utero
3456 2778 3730 2830 exstitisse.

2232 2874 2237 2879 ’
2279 2868 2379 2937 27
2404 2865 2530 2920 VIII.
2554 2867 2775 2919 lndivisa
2796 2866 2888 2919 Dei
2907 2866 3200 2919 substantia.
3224 2864 3597 2919 —Ctedetites
3616 2879 3731 2932 ergo

580 2965 740 3018 Filius
760 3005 775 3028 ,
821 2982 921 3019 non
969 2970 1076 3021 ﬁeri
1109 2982 1264 3035 posse
1301 2984 1457 3021 unam
1496 2970 1836 3038 eamdemque
1866 2972 2100 3023 substan.
2131 2951 2175 3012 Ο
2210 2956 2370 3011 Deum
2398 2956 2601 3009 Patrem
2627 2958 2689 3009 de
2718 2970 2810 3009 sua
2839 2956 3123 3009 substantia
3141 2954 3528 3021 iinpassibiliter
3551 2954 3730 3008 Filium

581 3057 703 3107 tiam
735 3058 889 3124 geniti
920 3069 1072 3126 atque
1100 3060 1311 3126 ingeniti
1346 3076 1358 3110 :
1390 3074 1505 3113 cum
1534 3061 1706 3127 utique
1726 3064 1767 3114 si
1802 3062 1938 3115 sicut
1966 3062 2110 3130 inge-

583 3146 719 3198 bitus
748 3147 901 3200 Pater
930 3159 1039 3213 est,
1074 3150 1331 3216 ingenitus
1379 3162 1517 3203 esset
1556 3151 1747 3213 Filius,
1795 3160 1917 3204 tunc
1947 3156 2110 3221 magis

580 3235 783 3287 divorsa
831 3246 1001 3302 posset
1031 3251 1147 3289 εετυ
1185 3238 1505 3301 substantia,
1535 3241 1652 3306 quia
1687 3241 2036 3308 unusquisque
2080 3256 2107 3294 a

581 3330 752 3394 seipse
782 3328 1067 3381 subsistens
1091 3345 1414 3383 communem
1444 3331 1779 3384 substantiam
1807 3348 1924 3385 cum
1946 3337 2110 3386 altero

583 3434 683 3468 non
714 3417 947 3469 haberet.
979 3416 1107 3469 Cum
1132 3434 1253 3471 vero
1278 3420 1535 3485 ingenitus
1560 3421 1713 3473 Pater
1743 3421 1808 3474 de
1835 3422 2027 3489 seipso,
2061 3423 2108 3473 id

583 3515 659 3556 est
701 3504 766 3556 de
804 3518 865 3556 eo
892 3504 1027 3570 quod
1069 3506 1179 3571 ipse
1222 3517 1335 3568 est,
1359 3514 1395 3583 ὶα
1426 3510 1467 3559 si
1496 3508 1617 3575 quid
1646 3502 1770 3560 illud
1792 3520 1870 3562 est
1901 3520 1987 3560 aut
2008 3512 2110 3564 dici

585 3603 751 3658 potest
781 3595 921 3659 (imo
952 3596 1065 3659 quia
1117 3604 1169 3647 ut
1216 3605 1296 3648 cst
1340 3596 1441 3650 dici
1471 3599 1682 3651 omnino
1729 3600 2109 3666 non‘putcst),

588 3683 770 3735 Filium
802 3687 1089 3749 generavit,
1122 3695 1331 3749 apparet
1360 3701 1510 3737 unam
1534 3701 1649 3739 esse
1678 3688 1932 3753 gignenlis
1962 3688 2109 3753 geni-

550 3812 555 3819 .
586 3777 727 3840 tique
753 3774 1090 3826 substantiam
1111 3812 1125 3837 ,
1156 3774 1272 3840 quia
1306 3774 1463 3826 Deum
1492 3774 1556 3828 de
1588 3774 1715 3838 Deo,
1747 3778 1918 3828 lumen
1948 3779 2011 3829 de
2037 3778 2114 3829 Iu-

586 3867 722 3918 mine
770 3864 953 3917 Filium
985 3879 1100 3917 esse
1128 3865 1383 3919 veraciter
1409 3867 1729 3933 proﬁtemur.
1774 3866 1899 3919 Nam
1944 3868 2108 3921 lucem

584 3970 701 4007 esse
738 3956 940 4008 Patrem
980 3956 1201 4009 Joannes
1244 3956 1509 4023 apostolus
1553 3958 1697 4009 testis
1742 3968 1848 4024 est,
1883 3958 2061 4010 dicens
2098 3976 2107 4009 :

590 4044 720 4106 Quia
749 4043 879 4096 Deus
900 4045 986 4096 lux
1012 4054 1113 4107 est,
1160 4055 1207 4097 et
1232 4044 1440 4097 lenebra:
1470 4050 1519 4097 in
1547 4063 1602 4097 eo
1631 4062 1729 4097 non
1760 4058 1873 4099 sunt
1910 4047 2026 4097 ullae
2061 4044 2113 4115 (1

587 4132 737 4183 Joun.
766 4149 809 4195 t,
840 4133 953 4199 54).
991 4134 1114 4203 Item
1146 4134 1210 4186 de
1238 4134 1372 4184 Filio
1400 4135 1472 4185 ait
1504 4150 1517 4185 :
1552 4134 1612 4183 Et
1648 4136 1745 4185 vita
1767 4144 1867 4184 erat
1896 4135 1983 4185 tua:
2018 4134 2111 4183 Ito-

588 4224 804 4283 minum,
852 4232 897 4271 et
936 4228 1021 4271 [ατε
1062 4223 1114 4271 in
1154 4221 1363 4272 tenebris
1390 4221 1516 4273 lucet
1534 4261 1549 4285 ,
1578 4231 1622 4272 et
1649 4224 1855 4273 tenebra:
1879 4238 1987 4273 eam
2013 4239 2109 4274 non

2207 3065 2507 3120 generasiie,
2537 3065 2637 3103 non
2668 3051 2891 3103 dicimus
2929 3050 3091 3115 ipsam
3128 3047 3467 3101 substantiam
3493 3054 3587 3098 aut
3614 3046 3731 3099 divi-

2209 3156 2319 3193 sam
2348 3155 2465 3193 esse
2505 3140 2555 3193 in
2596 3140 2745 3201 Filio,
2789 3147 2874 3190 aut
2918 3136 3315 3189 diminutionem
3372 3133 3653 3201 pertulisse
3690 3132 3735 3182 in

2212 3229 2398 3291 Patre;
2422 3240 2473 3280 et
2504 3243 2594 3293 per
2624 3228 2722 3278 hoc
2754 3224 3009 3292 passionis
3038 3224 3267 3291 potuisse
3295 3221 3422 3274 vitio
3450 3220 3729 3287 subjaeere.

2210 3317 2357 3371 Absit
2386 3316 2522 3370 enim
2554 3329 2588 3366 a'
2624 3314 2790 3376 nobis,
2824 3323 2876 3366 ut
2905 3312 3023 3364 talia
3056 3311 3138 3365 vel
3174 3309 3472 3375 opinemur,
3500 3308 3584 3362 vel
3611 3306 3734 3373 cogi-

2211 3419 2401 3467 temus,
2443 3404 2520 3458 vel
2555 3403 2827 3456 credamus
2871 3400 2935 3454 de
2967 3401 3111 3452 Deo:
3148 3399 3267 3466 quia
3320 3413 3416 3451 nos
3456 3396 3734 3463 perfectum

2215 3498 2443 3555 Patrem,
2472 3493 2758 3558 perlectum
2790 3490 2975 3542 Filium
2998 3489 3111 3541 sine
3133 3488 3211 3539 sui
3241 3485 3611 3548 diminutione,
3634 3484 3734 3534 sine

2212 3586 2382 3651 aliqua
2408 3584 2745 3641 derivatione,
2776 3580 2887 3631 sine
2916 3577 3053 3630 omni
3084 3575 3297 3628 omnino
3328 3573 3586 3639 passionis
3609 3570 3737 3623 inlir-

2212 3678 2394 3727 mitate
2429 3674 2671 3741 genuisse
2700 3671 2918 3722 lideliter
2948 3666 3268 3732 profitemur.
3299 3662 3424 3715 Nam
3454 3662 3543 3729 qui
3572 3660 3737 3726 objicit

2216 3768 2341 3828 Duo,
2371 3763 2505 3831 quiid
2532 3763 2573 3814 si
2604 3763 2667 3814 de
2694 3761 2867 3827 seipso
2915 3745 3107 3824 genuit,
3136 3753 3405 3843 divisionis
3426 3752 3612 3804 vitium
3636 3763 3737 3843 per-

2215 3857 2345 3915 tulit,
2379 3864 2544 3922 potest
2590 3851 2763 3904 dicere
2792 3850 2909 3915 quia
2942 3855 2995 3900 et
3036 3846 3265 3898 laborem
3306 3836 3493 3905 sensit,
3544 3836 3737 3907 quando

2213 3948 2450 4001 universa
2482 3941 2732 4005 condidit,
2770 3948 2823 3993 et
2861 3938 2928 3991 ob
2970 3937 3070 3991 hoc
3100 3935 3184 3988 die
3229 3934 3451 3999 septima
3500 3930 3570 3985 ab
3611 3926 3736 3981 omni

2212 4051 2371 4101 Opere
2399 4049 2491 4085 suo
2514 4030 2782 4097 requievit.
2827 4028 2926 4082 Sed
2956 4041 3050 4079 nec
3081 4025 3129 4077 in
3158 4021 3458 4091 generando
3486 4018 3555 4073 de
3577 4017 3738 4083 seipse

2216 4123 2508 4192 passionem
2538 4119 2617 4169 vel
2646 4116 3039 4168 diminutionem
3071 4115 3297 4179 aliquam
3344 4108 3534 4173 sensit,
3569 4119 3663 4159 nec
3695 4102 3736 4153 in

2214 4210 2484 4264 condendo
2542 4208 2781 4257 universa
2837 4203 3190 4268 fatigationem
3246 4201 3472 4265 aliquam
3521 4192 3734 4263 pertulit.

589 4310 1056 4378 comprehenderunt
1083 4308 1255 4375 (Joan.
1286 4323 1331 4374 t,
1363 4310 1417 4375 4,
1450 4311 1535 4378 5).
1570 4309 1631 4362 Ει
1657 4309 1789 4362 infra
1821 4327 1834 4361 :
1874 4310 1993 4361 Erat
2037 4310 2116 4371 lu-
2146 4285 2193 4342 Ῐ)
2219 4303 2449 4365 Namque
2471 4306 2525 4349 υι
2551 4292 2841 4349 “malum
2881 4290 3032 4344 ηθδίε
3056 4288 3246 4378 mihi”
3270 4284 3630 4378 εεηετξιῑοηξε
3656 4284 3739 4332 Ῑ¹¹¹⁰

593 4418 699 4452 men
724 4416 907 4462 verum,
935 4400 1066 4467 quod
1092 4400 1343 4453 illuminat
1363 4415 1554 4452 omnem
1574 4400 1819 4453 hominem
1850 4402 2114 4454 venientem

590 4495 639 4543 in
671 4494 798 4543 hunc
825 4493 1059 4543 mundum
1088 4491 1267 4559 (Ibid.,
1298 4492 1381 4556 9).
1416 4491 1561 4545 Unde
1592 4502 1804 4559 apparet
1836 4492 2038 4546 Patrem
2065 4503 2117 4547 et

595 4582 776 4634 Filium
824 4582 973 4633 unius
1011 4596 1124 4633 esse
1163 4581 1495 4644 substantiae,
1528 4581 1649 4633 dum
1678 4582 1807 4634 lucis
1835 4596 1885 4633 et
1908 4582 2116 4636 luminis

591 4671 921 4737 ilinrsanon
956 4680 1121 4736 potest
1145 4684 1259 4722 esse
1288 4670 1573 4722 substantia
1611 4669 1743 4735 ejus,
1778 4671 2115 4739 scilicetqua:

516 4767 522 4773 '
592 4760 657 4812 de
683 4775 737 4812 sc
765 4760 958 4827 gignit,
989 4771 1035 4813 et
1068 4776 1181 4828 quae
1221 4760 1245 4796 δ
1289 4760 1353 4813 de
1383 4774 1437 4813 se
1465 4762 1705 4828 gignente
1734 4762 1925 4815 existit.
1963 4762 2114 4814 Deni—

592 4865 691 4917 que
719 4865 784 4902 ne
811 4850 997 4916 aliquis
1040 4852 1172 4904 inter
1214 4851 1417 4902 Patrem
1461 4860 1511 4900 et
1552 4849 1732 4901 Filium
1761 4851 2113 4903 diversitatem

594 4939 839 4993 naturalis
892 4939 1097 4992 luminis
1139 4923 1458 5001 introducat,
1495 4939 1610 4990 ideo
1636 4942 1910 5005 Apostolus
1940 4941 2004 4993 de
2029 4956 2117 4994 eo-

664 5137 1008 5198 oLoricbius,
1054 5135 1110 5188 Si
1144 5138 1341 5204 quidem
1382 5134 1506 5185 illud
1536 5141 1621 5185 aut
1662 5136 1757 5186 dici
1802 5146 1991 5204 potest,
2022 5140 2121 5189 imo

594 5210 708 5272 quia
734 5219 786 5259 ut
820 5208 917 5258 dici
943 5205 1137 5256 omnino
1172 5221 1269 5256 non
1299 5212 1487 5269 potest,
1519 5213 1618 5255 etc.
1648 5204 1811 5257 Bbcn.
1853 5216 1908 5259 ut
1947 5217 2119 5261 nostra

595 5276 742 5336 cdit.,
772 5278 868 5328 nisi
891 5275 1020 5342 quod
1049 5288 1140 5339 pro
1170 5275 1364 5342 omnino
1393 5272 1546 5342 habet
1576 5274 1755 5342 omnia.
1967 5286 1977 5295 '

669 5343 691 5377 ιι
722 5347 772 5395 In
802 5340 1057 5410 plerisque
1085 5344 1227 5395 deest
1253 5355 1320 5391 se.
1344 5340 1613 5392 Lorichius
1637 5340 1789 5394 habet
1813 5344 1874 5394 de
1900 5344 2123 5414 gignente

715 5422 804 5462 (at.

715 5429 804 5462 illi.

596 5429 867 5535 co'ianlb.
904 5482 951 5537 I.
982 5484 1216 5535 naturalis
1242 5480 1545 5534 substantia.
1582 5480 1725 5532 Mart.
1756 5490 1803 5532 et
1825 5480 1972 5533 Ortlt.
2004 5494 2118 5532 cum

2218 4392 2529 4463 passibilitas
2559 4396 2581 4422 ο
2612 4386 3077 4440 demonstraretur,
3127 4376 3289 4430 Deum
3332 4390 3397 4429 ex
3423 4374 3533 4428 Deo
3579 4371 3739 4423 lumen

2218 4460 2381 4553 ηομ,
2416 4476 2503 4547 del
2533 4493 2593 4529 ex
2624 4473 2817 4527 lumine
2848 4469 3031 4523 Filium
3058 4464 3404 4536 profitendum
3422 4460 3737 4553 accepimus.

2215 4542 2267 4630 si
2299 4542 2423 4639 ergo
2452 4542 2503 4633 aii
2528 4562 2805 4621 efﬁcientia
2829 4560 3044 4614 visibilis
3066 4572 3125 4611 ac
3145 4554 3392 4609 mundani
3419 4549 3634 4603 luminis
3655 4542 3743 4597 tale

2216 4663 2412 4732 aliquid
2444 4660 2727 4717 invenitur,
2752 4664 2816 4706 ut
2846 4651 3041 4705 lumine
3070 4663 3132 4701 ex
3178 4646 3375 4699 lumine
3420 4650 3658 4737 sumpto,
3698 4644 3741 4686 el

2221 4770 2313 4823 per
2336 4748 2611 4821 quamdam
2653 4740 3005 4812 generationis
3036 4735 3370 4823 nativitatem
3399 4739 3605 4823 exorto,
3645 4735 3742 4820 ipsa

2221 4820 2431 4898 luminis
2458 4836 2626 4901 origo,
2656 4846 2772 4900 quae
2794 4845 2855 4881 ex
2887 4844 2943 4879 se
2969 4827 3145 4878 lumen
3176 4820 3314 4876 aliud
3341 4820 3509 4887 dedit,
3541 4829 3639 4872 nec
3660 4826 3738 4866 Int-

2223 4934 2334 4994 nui,
2367 4944 2461 4983 nec
2490 4926 2651 4979 ullum
2684 4922 2893 4974 omnino
2917 4916 3281 4969 detrimentum
3306 4911 3587 4967 ministrati
3610 4922 3673 4961 ex
3696 4913 3743 4954 δα

2225 5130 2486 5188 Loricliio,
2509 5133 2689 5177 natura
2709 5136 2763 5171 ac
2786 5119 3073 5171 substantia.
3101 5115 3308 5188 Cu‘mp.,
3330 5113 3569 5188 splendor
3592 5123 3622 5159 a
3651 5106 3743 5157 luce

2224 5185 2281 5255 ac
2308 5185 2599 5252 substantia.
2628 5191 2885 5251 “lienam,
2909 5197 3085 5240 natura
3106 5185 3411 5255 substantias.
3598 5244 3626 5255 Δ.
3690 5238 3701 5255 9

2245 5251 2271 5317 ί*
2294 5251 2323 5305 d7
2347 5269 2537 5320 Omnes
2560 5260 2708 5322 ιιιδὲ.,
2724 5256 3074 5330 prmtercolb.
3106 5254 3126 5304 I
3150 5261 3201 5330 et
3223 5251 3388 5330 Ροςι..
3406 5251 3736 5330 generatim“.

2227 5319 2367 5393 sicut
2386 5345 2439 5388 et
2462 5319 2939 5385 editiones-veteres
2966 5322 3199 5393 Rhenani
3226 5319 3549 5393 et_L_orichii.

2750 5373 3455 5463 "libo—titan:Lorichius
3495 5393 3549 5439 et
3579 5373 3729 5433 Orlh-i

2226 5476 2580 5527 insinuaretur.
