3814 6228
91 319 169 371 9.Ξὸ

882 316 883 319 “
954 257 1037 366 DE
1074 300 1576 363 PERSECUTlONE
1617 298 1990 379 νΑΝῡΑιιιαᾼ
2031 298 2151 351 LIB.
2194 298 2276 351 Ill.

3099 297 3209 353 225

92 423 262 475 luminis
303 420 491 485 perpeti
545 418 734 488 [lt/ign.
782 415 1071 484 contingat]
1123 413 1291 481 potuit
1324 427 1336 461 :
1377 417 1567 476 quanto
1595 407 1641 464 Α
1673 406 1906 482 inmitti).
1931 408 2035 475 28
2056 406 2488 488 Superferebatur
2505 414 2674 460 autem
2693 405 2917 472 Spiritus
2934 408 3025 461 Dei
3046 422 3203 473 super

92 515 249 567 rectius
271 518 319 563 et
345 510 529 562 melius
560 510 623 560 de
652 508 814 560 divini
845 518 896 561 et
939 504 1212 558 ineffabilia
1245 501 1451 553 luminis
1482 512 1574 549 na-

92 615 183 654 tura
204 600 493 654 credendum
523 609 621 659 eSt,
654 597 791 664 quod
814 611 872 649 ex
895 596 1062 661 seipsa
1097 594 1269 646 lumen
1294 602 1571 655 generans,

92 691 225 744 minui
248 689 445 741 omnino
466 700 567 738 non
598 686 794 751 potuit?
820 684 962 737 Unde
984 683 1197 748 aequalis
1227 690 1307 732 est
1329 678 1465 731 Patri
1492 676 1577 729 Fi-

92 782 175 833 lius
196 794 283 832 non
311 785 452 829 natus
479 791 542 828 ex
584 784 840 841 tempore,
883 772 973 826 sed
1006 770 1233 838 gignenti
1262 775 1573 826 coreternus,

92 870 201 921 sicut
220 866 443 932 splendor
466 864 530 915 ab
560 864 679 930 igne
705 859 926 929 genitus,
950 856 1180 924 gignenti
1217 852 1580 904 manifestatur

92 969 325 1024 aquatius.
367 953 486 1003 Haec
524 951 589 1002 de
630 950 796 1002 Patris
828 955 880 999 et
914 945 1029 999 Filii
1060 943 1375 1011 aequalitate,
1407 938 1484 990 vel
1514 936 1581 989 de

90 1045 349 1097 substantiae
389 1039 605 1101 unitate,
654 1042 907 1102 quantum
956 1031 1224 1085 brevitatis
1268 1029 1397 1081 ratio
1434 1026 1579 1087 sivit,

92 1131 250 1182 dixisse
273 1125 505 1179 Sufﬁciat.

148 1218 220 1271 IX.
245 1216 449 1281 Spiritus
478 1221 679 1265 sanctus
715 1218 786 1262 est
826 1208 969 1260 Patri
1010 1216 1057 1260 et
1103 1204 1238 1257 Filio
1264 1201 1583 1255 consubstan-

92 1308 217 1361 tialis.
243 1335 305 1345 -—
333 1306 576 1372 Superest
601 1312 659 1353 ut
679 1299 871 1368 aliquid
894 1298 959 1351 de
981 1296 1179 1362 Spiritu
1202 1302 1402 1355 sancto,
1429 1303 1581 1356 quem

92 1394 207 1447 Patri
238 1407 292 1445 ac
333 1392 462 1444 Filio
481 1386 977 1442 consubstantialem
1023 1383 1305 1440 credimus,
1344 1390 1584 1444 coaequa-

94 1485 178 1537 lem
202 1490 248 1535 et
278 1488 584 1534 coaeteruum
617 1477 874 1539 dicamus,
905 1483 958 1528 et
984 1471 1292 1525 testimoniis
1334 1467 1588 1535 approbe-

94 1587 205 1624 mus.
234 1570 359 1622 Licet
384 1568 520 1620 enim
552 1568 662 1618 brec
691 1563 980 1616 veneranda
1007 1561 1237 1613 Trinitas
1266 1557 1501 1625 personis
1525 1569 1587 1609 ac

93 1659 345 1713 nominibus
363 1656 601 1711 distincta
631 1654 718 1716 sit,
753 1667 853 1705 non
878 1661 1051 1703 tamen
1074 1649 1141 1701 ob
1172 1650 1271 1700 hoc
1299 1660 1328 1697 a
1354 1660 1411 1698 se
1432 1653 1586 1712 atque

1674 506 1858 559 aquas,
1888 504 2064 561 utpOte
2084 483 2305 557 creator,
2333 493 2521 547 virtute
2543 496 2783 560 potentias
2804 509 2914 547 sua:
2936 494 3207 544 continens

1674 595 2000 638 creaturam:
2028 592 2083 636 ut
2122 598 2183 635 ex
2216 584 2294 635 his
2325 584 2438 636 viva
2469 584 2639 635 omnia
2682 585 3047 651 producturus,
3096 584 3208 652 ipse

1675 676 1893 727 rudibus
1920 674 1947 711 ι)
1980 675 2219 728 elementi
2246 674 2401 741 signis
2431 678 2634 739 propria
2668 676 2890 727 fomenta
2920 686 3209 743 praestaret,

1675 773 1727 814 et
1757 763 1862 829 jam
1890 771 2013 815 tunc
2042 765 2288 833 mySterio
2315 764 2570 817 emicante
2616 764 2940 831 baptismatis
2964 766 3209 820 virtutem

1677 851 2100 905 sanctiﬁcationis
2143 853 2357 919 liquoris
2410 864 2592 905 natura
2639 854 2951 919 perciperet,
2980 854 3074 925 [aL
3107 858 3213 922 pri-

1679 936 1942 1006 mamque]
1976 939 2239 1006 primaque
2262 939 2324 992 ad
2351 940 2505 992 vitam
2529 954 2747 1006 corpora
2771 942 2994 992 animata
3024 945 3214 1008 produ-

1676 1038 1840 1090 ceret,
1865 1027 2022 1080 David
2063 1028 2280 1095 proinde
2312 1028 2416 1082 Deo
2447 1018 2729 1095 aspirante,
2766 1039 3015 1083 testatur:
3052 1028 3213 1081 Verbo

1681 1115 1884 1167 Domini
1912 1116 2020 1169 caeli
2042 1117 2227 1183 ﬁrmati
2247 1128 2379 1178 sunt,
2405 1128 2449 1169 et
2480 1117 2673 1186 Spiritu
2692 1119 2789 1169 oris
2808 1123 2913 1188 ejus
2939 1120 3096 1171 omnis
3114 1121 3214 1171 vir-

1680 1215 1756 1258 tus
1783 1221 1951 1257 eorum
1979 1204 2347 1271 (Psatgxxxu,
2379 1207 2453 1275 6).
2483 1206 2613 1259 Vide
2639 1222 2796 1275 quam
2830 1209 2976 1275 plena
3001 1209 3066 1259 sit
3096 1208 3215 1262 bre-

1684 1298 1834 1359 vitas,
1876 1304 1928 1348 et
1974 1309 2126 1361 quam
2154 1296 2293 1349 clare
2334 1296 2386 1348 in
2434 1305 2813 1349 sacramentum
2836 1288 2866 1335 Vc
2900 1297 3221 1351 unitatisre-

1682 1383 1865 1436 currit.
1904 1376 2118 1437 Patrem
2166 1386 2213 1437 in
2259 1383 2497 1447 Domina,
2540 1386 2593 1438 in
2643 1385 2791 1438 Verbi
2843 1387 3218 1455 significatione

1684 1470 1871 1525 Filium
1920 1466 2147 1538 ponens;
2190 1474 2440 1540 Spiritum
2470 1479 2705 1527 sanctum
2750 1476 2994 1528 Altissitni
3042 1490 3102 1529 ex
3134 1492 3220 1530 are

1686 1560 2020 1626 nuncupavit.
2043 1562 2106 1613 Et
2136 1576 2201 1613 ne
2228 1564 2370 1614 vocis
2399 1563 2559 1616 editio
2588 1563 2917 1629 acciperetur
2950 1566 3001 1617 in
3038 1565 3218 1636 Verbo,

1687 1650 1846 1702 corios
1876 1664 1965 1715 per
1990 1664 2107 1702 eum
2131 1652 2319 1703 asserit
2342 1667 2457 1705 esse
2479 1653 2729 1708 firmatos.
2760 1656 2833 1709 Ne
2858 1667 3030 1723 autem
3060 1666 3223 1711 status

93 1767 115 1802 a
140 1762 218 1803 sua
233 1746 504 1800 :ete'rnitate
525 1743 823 1807 discrepare
843 1738 1101 1792 credenda
1120 1751 1231 1799 eet;
1253 1735 1341 1788 sed
1374 1745 1586 1785 manens
1618 1731 1661 1789 Β
1685 1735 1712 1773 d
1743 1737 1794 1820 in
1836 1737 2029 1806 Spiritu
2060 1748 2345 1804 putaretur,
2377 1739 2607 1793 caelestis
2641 1742 2693 1793 in
2724 1756 2787 1794 eo
2816 1742 3021 1795 virtutis
3059 1746 3223 1811 pleni-

92 1849 195 1889 snte
231 1835 403 1887 srecttta
438 1830 681 1883 divinitas
718 1830 771 1880 in
808 1828 978 1889 Patre,
1011 1837 1065 1880 et
1102 1826 1257 1901 Filio,
1303 1833 1355 1876 et
1391 1820 1588 1888 Spiritu

92 1934 264 1986 sancta,
290 1936 404 1975 vere
436 1936 496 1973 ac
530 1920 739 1988 proprie
773 1919 1024 1987 creditur,
1060 1932 1154 1969 nec
1183 1915 1341 1968 dividi
1392 1912 1589 1966 nostris

93 2010 566 2079 interpretationibus
602 2018 795 2075 potest,
827 2021 923 2059 nec
962 2019 1142 2058 rursus
1164 2018 1309 2056 versa
1351 2003 1401 2054 in
1434 2013 1589 2053 unam

96 2114 330 2165 personam
366 2093 598 2149 Trinitas
626 2097 733 2161 ipsa
768 2094 1034 2146 confundi.
1084 2092 1203 2143 llaic
1243 2089 1370 2141 fides
1414 2090 1586 2155 plena,

98 2191 191 2242 haec
216 2200 373 2241 nostra
402 2184 681 2239 credulitas
708 2194 806 2236 eet.
840 2184 1037 2237 ldcirco
1061 2180 1188 2233 deos
1227 2194 1323 2232 nec
1343 2176 1589 2230 aestimari

97 2280 303 2347 patimur,
345 2290 437 2329 nec
479 2274 684 2337 vocari;
720 2273 811 2326 Sed
839 2288 997 2325 unum
1041 2272 1199 2324 Deum
1240 2272 1288 2321 in
1334 2270 1591 2335 praedictis

98 2371 299 2433 personis
320 2382 378 2419 ac
398 2365 693 2419 nominibus
714 2363 1042 2443 confitemur.
1063 2360 1434 2414 lneuarrabilis
1455 2359 1589 2411 enim

97 2458 331 2521 Divinitas,
358 2471 459 2509 non
488 2464 543 2507 ut
566 2454 803 2507 concludi
846 2463 935 2506 aut
965 2452 1281 2519 apprehendi
1326 2451 1471 2503 velut
1500 2464 1588 2501 v0-

96 2546 268 2599 cabulis
296 2554 483 2610 posset,
514 2543 650 2595 intra
682 2544 888 2593 nomina
922 2555 1277 2608 personasque
1308 2555 1365 2592 se
1389 2539 1593 2606 praesti-

99 2636 173 2686 tit:
200 2632 280 2686 sed
306 2642 357 2685 ut
386 2632 435 2684 id
457 2632 594 2699 quod
623 2640 734 2681 erat
770 2646 885 2682 esse
920 2638 1258 2691 nosceretur,
1302 2628 1593 2693 intelligen-

98 2723 202 2774 tiam
226 2723 295 2775 sui
321 2737 380 2775 ex
409 2730 578 2791 parte,
612 2735 763 2788 quam
786 2734 976 2787 capere
1018 2720 1256 2772 humana:
1288 2722 1479 2772 mentis
1503 2733 1595 2769 an-

99 2810 259 2877 gustia:
286 2810 645 2878 praevalebant,
679 2808 1011 2861 credentibus
1038 2808 1202 2871 dedit,
1240 2806 1490 2875 propheta
1518 2806 1593 2858 di-

99 2908 260 2951 cente:
292 2897 397 2949 Nisi
416 2898 743 2955 credideritis,
770 2904 792 2930 α
816 2912 914 2946 non
946 2896 1227 2963 intelligetis
1252 2893 1395 2956 (Isai.
1423 2909 1509 2953 vn,
1539 2893 1591 2954 9.

97 3002 180 3038 sec.
204 2984 367 3053 LXX).
392 2985 501 3039 Una
531 2993 612 3037 est
633 2982 769 3050 ergd'
782 2983 1051 3035 Trinitatis
1071 2984 1257 3044 deitas,
1281 2992 1333 3035 et
1360 2984 1409 3035 in
1441 2982 1593 3049 hujus

1688 1826 1918 1879 tudinem
1956 1825 2353 1881 demonstravit.
2394 1828 2520 1881 Nam
2562 1830 2648 1882 ubi
2684 1831 2864 1896 uirtus,
2897 1832 2965 1884 ibi
3008 1846 3223 1885 necesse

1686 1923 1768 1967 est
1794 1928 2014 1980 persona
2043 1914 2358 1979 subsistens;
2383 1916 2466 1967 ubi
2490 1918 2667 1981 omnis,
2692 1935 2792 1970 non
2821 1918 2992 1971 ablata
3019 1934 3045 1969 a
3075 1919 3223 1973 Patre

1687 2012 1740 2055 et
1769 2002 1925 2065 Filio,
1951 2003 2044 2055 sed
2074 2014 2431 2057 consummata
2459 2004 2779 2072 significatur
2800 2006 2851 2060 in
2880 2006 3073 2075 Spiritu
3104 2022 3223 2059 san-

1690 2101 1776 2143 cto
1804 2108 1817 2142 :
1842 2086 1943 2143 non
1969 2101 2023 2143 ut
2060 2092 2201 2145 solus
2232 2094 2419 2147 habeat
2450 2097 2586 2163 quod
2616 2097 2667 2149 in
2698 2097 2851 2151 Patre
2878 2108 2931 2149 et
2955 2098 3084 2151 Filio
3120 2108 3221 2162 est,

1689 2182 1777 2234 sed
1810 2193 1862 2233 ut
1891 2192 2053 2235 totum
2083 2182 2267 2236 habeat
2288 2199 2403 2237 cum
2436 2195 2676 2254 utroque.

1760 2262 1847 2323 Xl.
1882 2270 1999 2324 Tres
2028 2288 2249 2338 persona:
2270 2274 2320 2324 in
2344 2290 2444 2325 uno
2474 2276 2689 2327 nomine.
2716 2305 2783 2315 --
2808 2277 2870 2331 Et
2901 2278 3085 2331 iterum
3107 2292 3222 2331 cum

1691 2360 1755 2411 de
1801 2360 2069 2414 vocatione
2133 2362 2363 2427 gentium
2418 2362 2667 2417 Dominus
2719 2365 3034 2431 loqueretur,
3082 2370 3217 2419 intra

1693 2464 1848 2501 unum
1884 2449 2174 2502 Divinitatis
2208 2464 2394 2503 nomen
2428 2451 2681 2519 (Patrem,
2722 2453 2905 2505 Filium
2937 2455 3007 2525 et)
3054 2456 3220 2522 Spiri-

1695 2548 1801 2593 tum
1846 2550 2080 2592 sanctum
2120 2541 2429 2608 praedicans,
2462 2544 2527 2593 ait
2565 2560 2577 2593 :
2623 2543 2809 2594 Euntcs
2836 2545 3004 2596 docete
3054 2562 3221 2598 omnes

1691 2640 1875 2697 gentes,
1906 2632 2207 2697 baptizantes
2229 2647 2311 2684 eos
2334 2632 2385 2683 in
2409 2633 2603 2683 nomine
2623 2631 2790 2684 Patris
2819 2644 2862 2684 et
2892 2632 3013 2684 Filii
3034 2642 3077 2685 et
3109 2635 3225 2701 Spi-

1692 2718 1817 2769 ritus
1854 2720 2009 2770 sancti
2054 2718 2263 2786 (Matth.
2314 2734 2502 2785 xxviii,
2554 2720 2729 2786 i9).Et
2769 2720 2954 2774 iterum
2998 2722 3227 2777 coelestia

1692 2804 1972 2859 Corinthiis
1995 2808 2281 2874 prmdicans
2298 2811 2595 2877 Apostolus,
2628 2810 2738 2863 haec
2758 2810 2987 2863 subdidit
3010 2826 3025 2863 :
3052 2810 3228 2865 Gratia

1696 2895 1896 2949 Domini
1925 2899 2080 2950 nostri
2109 2898 2229 2949 Jesu
2254 2897 2458 2963 Christi,
2484 2909 2531 2951 et
2558 2900 2737 2950 caritas
2772 2898 2879 2957 Dei,
2910 2906 2957 2950 et
3001 2914 3222 2951 commu-

1692 2987 1874 3039 nicatio
1892 2990 2053 3038 sancti
2079 2986 2295 3053 Spiritus
2319 3004 2430 3038 cum
2457 2988 2679 3039 omnibus
2708 2986 2839 3038 vobis
2874 2986 2922 3054 (Ι
2953 2986 3067 3040 Cor.
3112 3002 3223 3051 xm,

98 3074 304 3126 vocabuli
332 3072 681 3140 appellatione
709 3072 1019 3137 significatio
1046 3080 1125 3123 est
1163 3072 1317 3123 unius
1355 3070 1596 3124 substan—
1622 3056 1666 3115 (ἶ
1694 3074 1805 3141 εὖ).
1840 3075 1905 3126 Ει
1945 3083 2000 3125 ut
2039 3076 2271 3140 apertius
2303 3076 2356 3126 in
2403 3076 2499 3127 hac
2525 3060 2778 3129 Trinitate
2816 3077 3063 3130 unitatem
3104 3079 3225 3131 Sub-

99 3166 186 3222 tam,
223 3176 316 3214 non
360 3162 513 3213 unius
562 3172 818 3226 personae.
876 3155 953 3208 Ad
996 3170 1148 3222 quam
1199 3170 1308 3207 rem
1359 3155 1597 3207 fidelibus

98 3250 500 3319 comprehendam
551 3249 601 3299 in
650 3246 1003 3299 testimonium
1056 3245 1133 3297 sui
1186 3244 1438 3296 Diviuitas
1484 3243 1593 3307 ipsa

99 3342 248 3394 multis
261 3352 307 3391 et
336 3338 662 3392 creberrimis
686 3334 1147 3388 contestationibus
1184 3348 1387 3400 semper
1414 3331 1595 3384 adfuit.

100 3428 251 3481 Liceat
286 3444 405 3495 ergo
444 3427 717 3480 brevitatis
760 3424 1068 3490 compendio
1107 3439 1170 3477 ex
1217 3424 1394 3477 multis
1435 3436 1599 3489 pauca

100 3516 321 3582 proferre,
358 3519 597 3585 quoniam
626 3514 719 3585 [αι.
748 3514 891 3585 vere]
930 3529 1048 3567 vera
1081 3514 1321 3581 probatio
1355 3512 1600 3579 majesta-

100 3608 169 3670 tis,
195 3606 384 3659 tametsi
408 3605 562 3657 habet
592 3604 941 3670 pluralitatem
968 3604 1403 3662 testimoniorum,
1429 3602 1599 3668 plura-

100 3691 218 3745 litate
233 3704 395 3746 tatnen
417 3707 522 3745 non
546 3690 763 3758 indiget,
786 3691 1029 3758 quoniam
1052 3689 1281 3743 credenti
1308 3702 1468 3756 pauca
1495 3687 1601 3741 suf-

99 3780 269 3835 ﬁniunt.

151 3869 210 3924 Χ.
231 3870 499 3938 Scripturis
529 3870 785 3935 probatur.
814 3897 880 3914 -γ-
911 3867 1137 3921 Primum
1169 3869 1322 3935 igitur
1352 3870 1418 3923 de
1445 3869 1603 3923 Vete-

98 3959 474 4015 ris'l'estamenti
503 3958 653 4012 libris
674 3959 1003 4026 postmodum
1024 3959 1177 4011 etiam
1199 3956 1351 4019 Novi,
1370 3959 1595 4024 Patrem,

98 4045 279 4110 Filiam,
306 4057 357 4099 et
397 4047 650 4114 Spiritum
697 4052 932 4098 sanctum
970 4046 1119 4096 unius
1146 4044 1446 4097 docebimus
1483 4060 1600 4099 esse

96 4136 386 4200 substantia,
418 4135 553 4187 libro
576 4132 795 4186 Genesis
814 4133 892 4185 sic
921 4131 1200 4186 inchoante
1224 4150 1237 4185 :
1270 4132 1332 4185 In
1355 4136 1598 4204 principio

90 4225 192 4293 fecit
214 4221 344 4275 Deus
371 4223 547 4275 calum
577 4232 623 4273 et
660 4232 840 4273 terram
864 4238 881 4284 ;
909 4231 1040 4273 terra
1069 4232 1229 4273 autem
1258 4233 1359 4274 erat
1388 4224 1601 4275 invisibi-

98 4314 162 4374 lis,
185 4322 225 4366 et
250 4313 596 4380 incornposita,
627 4321 671 4363 et
694 4312 904 4365 tenebris
933 4322 1071 4365 erant
1092 4330 1240 4380 super
1264 4315 1513 4383 abyssum,
1555 4325 1599 4367 et

1695 3163 1899 3215 stantia
1928 3162 2204 3226 fateamur,
2235 3162 2361 3217 illud
2406 3164 2560 3217 etiam
2606 3166 2756 3217 nobis
2783 3176 2863 3218 est
2900 3168 3221 3234 intuendum,

1696 3251 1955 3318 quomodo
1984 3251 2137 3312 Deus,
2170 3265 2287 3303 cum
2325 3252 2388 3304 de
2422 3253 2597 3303 mundi
2626 3262 2679 3305 et
2716 3254 2937 3306 hominis
2964 3257 3227 3309 creatione

1696 3341 2012 3406 disponeret,
2052 3350 2432 3393 sacramentum
2489 3340 2755 3392 Trinitatis
2796 3342 3103 3404 ostenderit,
3148 3344 3227 3395 di-

1697 3444 1819 3481 cens
1846 3445 1857 3478 :
1900 3425 2165 3479 Faciamus
2194 3427 2441 3478 hominem
2480 3429 2541 3478 ad
2572 3429 2833 3496 imaginem
2866 3438 2910 3479 et
2938 3430 3226 3481 similitudi-

1697 3534 1805 3569 nem
1833 3526 2048 3568 nostram
2077 3514 2225 3584 (Gen.
2256 3530 2290 3581 ι,
2315 3514 2421 3583 26).
2444 3513 2568 3567 Cum
2587 3515 2710 3568 dicit
2736 3525 2971 3580 nostram,
3000 3519 3227 3570 ostendit

1698 3609 1873 3675 utique
1901 3622 2003 3659 non
2034 3608 2214 3667 unius;
2246 3620 2362 3659 cum
2390 3620 2513 3658 vero
2547 3606 2812 3673 imaginem
2851 3617 2895 3658 et
2942 3608 3226 3659 similitudi-

1698 3712 1828 3759 nem,
1868 3705 1890 3731 θ
1923 3694 2119 3763 profert
2164 3695 2543 3761 :equalitatem,
2587 3694 2945 3747 distinctiones
2987 3709 3227 3761 persona-

1699 3800 1814 3837 rum
1846 3786 2098 3845 insinuat;
2132 3792 2190 3839 ut,
2214 3782 2264 3835 in
2286 3784 2469 3835 eodem
2491 3796 2650 3849 apere
2670 3784 2739 3835 sit
2766 3782 3027 3836 Trinitatis
3052 3797 3226 3852 aperta

1650 3944 1653 3945 ν
1698 3871 1943 3939 cognitio,
1977 3871 2027 3923 in
2058 3884 2161 3939 quo
2193 3885 2288 3922 nec
2317 3870 2586 3937 pluralitate
2616 3869 2707 3939 [al.
2738 3871 2914 3941 causa]
2949 3886 3094 3926 cassa
3124 3883 3224 3938 est,

1699 3977 1795 4014 nec
1822 3962 2107 4015 similitudo
2142 3959 2475 4021 dissentiens,
2504 3961 2624 4012 dum
2654 3969 2705 4013 et
2740 3962 3109 4027 consequentia
3151 3963 3227 4016 sic

1698 4048 2013 4115 loquuntur:
2044 4047 2111 4099 Et
2138 4046 2263 4097 dixit
2293 4044 2447 4107 Deus,
2475 4055 2529 4097 et
2562 4047 2677 4111 fecit
2707 4042 2860 4107 Deus,
2892 4054 2943 4098 et
2980 4046 3228 4099 benedixit

1700 4134 1833 4187 Deus
1852 4133 2002 4202 (Gen.
2028 4131 2086 4201 ι).
2117 4133 2185 4197 Et
2209 4145 2420 4189 necesse
2448 4140 2527 4184 est
2557 4142 2612 4183 ut
2643 4132 2920 4184 cri-a'ionis
2960 4133 3117 4186 totius
3138 4148 3227 4185 au-

1700 4233 1813 4276 ctor
1861 4224 1995 4275 Deus
2031 4237 2162 4274 unus
2201 4222 2286 4273 sit.
2331 4220 2495 4283 Quam
2542 4219 2655 4271 fidei
2713 4220 2964 4273 rationem
3017 4223 3225 4301 antiqua

1701 4312 1921 4378 denique
1945 4324 2033 4377 per
2060 4310 2267 4379 Moysen
2295 4308 2585 4360 benedictio
2611 4307 2806 4375 pandit,
2830 4318 2879 4359 et
2900 4311 3225 4377 comprobat,

99 4372 287 4461 Spiritus
312 4399 399 4453 Dei
412 4372 678 4469 Iferebatur
703 4417 849 4468 super
876 4417 1029 4467 aquas
1056 4372 1201 4469 (Gen.
1234 4418 1269 4463 ι,
1302 4372 1348 4459 1:
1379 4402 1453 4471 2).
1484 4372 1598 4472 μί..
1630 4372 1678 4429 D
1703 4416 1800 4467 qua
1842 4372 2161 4452 Pen-Edim";
2183 4397 2426 4464 ρονυιυπη
2475 4372 2797 4450 “crimen”
2836 4399 2982 4451 "inm
3022 4372 3225 4452 invoca:

99 4489 171 4541 Ille
188 4489 288 4559 qui]
319 4490 405 4543 Ille
421 4490 729 4557 principium
752 4490 838 4555 qui
858 4490 1049 4541 Judmis
1067 4491 1183 4555 quis
1211 4500 1350 4542 esset
1376 4490 1599 4543 interro-

96 4578 303 4645 gantibtts
326 4580 459 4634 dixit
489 4595 501 4629 :
533 4576 868 4644 Principium,
896 4580 978 4640 qui
1008 4587 1051 4629 et
1074 4579 1244 4643 loquor
1270 4578 1399 4629 vobis
1422 4577 1601 4646 (Joan.

150 4764 172 4790 ι
197 4754 284 4807 llic
311 4757 458 4809 locus
486 4761 566 4806 est
594 4752 879 4805 secundum
912 4753 1203 4805 versionem
1234 4753 1588 4819 Septuaginta,

98 4823 165 4873 ubi
187 4822 286 4875 om
310 4830 377 4891 μή
402 4830 583 4891 συνῆτε
609 4836 622 4871 :
656 4820 888 4891 Vulgata,
918 4837 1015 4891 non
1050 4822 1408 4891 permanebitis.
1435 4822 1593 4891 Caste-

97 4902 189 4940 mtn
218 4889 591 4958 utg'plurimum
627 4898 799 4940 textus
829 4889 1108 4955 Scriptura:
1148 4890 1477 4953 proferuntur
1516 4890 1596 4939 hic

96 4971 155 5007 ex.
176 4954 405 5011 versione
449 4954 612 5019 LXX,
657 4954 959 5023 plerumque
1006 4971 1099 5008 nec
1145 4959 1293 5008 istius
1341 4958 1596 5009 versionis

96 5032 209 5090 sunt,
234 5040 326 5079 uec
355 5024 612 5091 Vulgata,
640 5034 697 5076 ut
720 5024 1005 5077 cent‘erenti
1041 5026 1253 5089 patebit.
1287 5025 1369 5077 Sic
1408 5035 1458 5077 et
1485 5026 1594 5077 loca

97 5092 200 5145 Novi
223 5091 543 5146 Testamenti
577 5092 886 5158 quandoque
926 5092 1084 5145 textui
1114 5092 1293 5145 Graeco
1320 5103 1437 5144 sunt
1468 5106 1592 5144 con-

97 5159 269 5222 tenuia,
287 5161 571 5227 aliquando
584 5159 1055 5229 nostrteVulgatae,
1078 5175 1445 5229 nonnunquam
1469 5174 1599 5212 neu-

99 5229 157 5295 tri
170 5232 292 5295 quod
322 5229 411 5282 hic
433 5227 605 5295 semel
627 5228 889 5280 monuisse
911 5231 1035 5280 satis
1063 5234 1147 5279 sit.

150 5293 275 5350 θεία
298 5312 360 5350 ex
399 5294 555 5347 codd.
591 5293 731 5345 Port.
762 5303 812 5345 et
837 5295 993 5347 Laud.
1024 5297 1173 5347 simul
1202 5295 1396 5361 junctis
1420 5294 1595 5359 legen-

98 5362 195 5416 dutn
214 5378 324 5419 esse
349 5365 671 5417 censuimus.
697 5361 819 5411 Nam
845 5362 1007 5414 Laud.
1026 5365 1179 5416 habet
1198 5364 1420 5415 elementi
1441 5364 1595 5429 signis

100 5432 301 5495 (onata.
350 5432 523 5491 P0rt.,
569 5430 818 5498 sternentis
871 5433 1071 5498 propria
1115 5433 1346 5498 fomenta.
1402 5429 1593 5481 Cteteri

100 5515 249 5556 omnes
286 5516 415 5556 mss.
462 5509 519 5552 et
559 5497 683 5549 editi
726 5512 738 5546 :
779 5497 881 5562 ipse
916 5498 1118 5550 rudibus
1157 5499 1437 5559 elementis;
1466 5498 1590 5564 ignis

104 5570 255 5635 proprii
276 5571 497 5640 {cruenta
520 5572 793 5631 pi'wstaret.

1708 4488 2106 4563 tionisjubetur.
2142 4488 2225 4536 Ait
2252 4485 2389 4535 enim
2428 4484 2564 4537 Deus
2592 4484 2653 4535 ad
2695 4485 2903 4551 Moysen
2932 4504 2945 4537 :
2975 4487 3059 4540 Sic
3078 4489 3224 4539 benc-

1708 4579 1838 4629 dices
1866 4574 2098 4641 papulum
2126 4588 2305 4636 meum,
2333 4578 2379 4622 et
2407 4587 2494 4637 ego
2517 4571 2796 4623 benedicam
2825 4572 2938 4637 illos
2969 4588 2989 4626 :
3014 4572 3225 4627 Benedi-

1769 4759 1790 4785 ο
1817 4746 1964 4799 Colb.
1998 4747 2057 4807 l,
2092 4747 2239 4797 Mart.
2269 4755 2319 4798 et
2346 4744 2497 4796 Orth.
2540 4758 2654 4794 cum
2689 4744 2947 4809 Loricltio,
2976 4748 3027 4797 in
3052 4764 3223 4801 sacra-

1698 4826 1857 4867 mento
1884 4817 2046 4886 unitas
2080 4815 2473 4886 recurrit.»Quin
2496 4821 2561 4886 ‘et
2586 4814 2914 4886 paulo-ante,
2956 4831 3047 4881 pro
3080 4819 3225 4886 plena

1695 4886 1927 4944 brevitas,
1959 4882 2229 4935 Loricbius
2250 4883 2423 4945 habet,
2455 4880 2601 4945 plana
2632 4878 2859 4931 brevitas.

1764 4950 1789 4986 ά
1819 4950 1982 5002 Laud.
2012 4951 2163 5003 Mart.
2189 4961 2242 5002 et
2269 4950 2437 5012 0rth.,
2464 4950 2511 4999 in
2535 4948 2763 5013 spiritum
2791 4959 3059 5012 reputctur.
3085 4953 3226 5005 Reti-

1694 5019 1862 5073 nenda
1888 5028 1896 5046 '
1922 5030 2057 5071 .men
2082 5028 2255 5071 nostra
2285 5019 2456 5071 lectio.
2482 5016 2665 5068 Tribus
2685 5022 2821 5068 enim
2852 5019 2960 5069 istis
2990 5023 3218 5082 vocibus,

1696 5087 1929 5151 Domitii,
1963 5085 2123 5138 Verbo
2150 5130 2164 5151 ,
2207 5096 2259 5139 et
2290 5086 2509 5154 Spiritu,
2541 5086 2591 5135 in
2621 5086 2819 5151 psalmo
2851 5086 3085 5148 laudatis,
3120 5096 3223 5139 tres

1695 5154 1963 5207 Trinitatis
1989 5155 2327 5207 sanctissimae
2358 5166 2605 5218 personas
2632 5166 2901 5218 espressas
2924 5156 3079 5206 fuisse
3100 5169 3223 5207 san-

1694 5222 1911 5275 etissimi
1939 5222 2263 5275 confessores
2290 5222 2590 5274 05tendunt.

1765 5298 1781 5324 ε
1817 5290 2165 5343 Plures‘mss.
2213 5306 2327 5343 cum
2375 5289 2528 5342 editis
2566 5289 2799 5352 aliquot,
2844 5288 3215 5341 similitudinem

1695 5358 1898 5422 profert,
1922 5357 2251 5422 aequalitatem
2279 5357 2603 5409 distinctionis
2627 5371 2941 5423 personarum
2979 5355 3219 5410 insinuat.

1695 5425 1759 5475 Et
1788 5422 1938 5483 infra,
1971 5426 2244 5480 similitudo
2268 5426 2575 5489 dissentiens,
2602 5422 2761 5475 Laud.
2789 5422 2939 5476 habet
2962 5424 3219 5478 dissimili-

1692 5493 1811 5543 tudo
1840 5492 2144 5546 dissentiens.
