3814 6228
559 258 659 313 29.7

1812 252 2111 308 VICTORIS
2147 253 2444 309 VITENSIS

3580 257 3685 312 εει

559 376 641 420 cat
668 376 714 419 te
745 364 981 417 Dominus
1009 370 1054 415 et
1080 360 1321 415 custodiat
1346 368 1411 413 te.
1443 358 1701 412 Illumiuet
1734 358 1971 413 Dominus
2001 359 2074 426 {a-
2101 362 2149 418 Α
2177 360 2329 428 longo
2352 363 2688 428 separationis
2714 363 2982 417 intervallo
3011 362 3206 419 divisi?
3227 364 3319 420 sed
3351 375 3467 432 tres,
3497 368 3679 437 inquit,

556 458 684 507 ciem
708 469 847 507 suam
872 461 1013 519 super
1028 460 1092 513 te,
1114 457 1159 501 et
1185 449 1472 500 misereatur
1492 449 1587 501 tui.
1608 448 1813 501 Attollat
1834 447 2075 499 Dominus

563 542 738 607 faciem
768 556 907 590 suam
930 551 1073 602 super
1100 545 1161 599 te,
1189 545 1235 587 et
1276 536 1357 587 det
1384 535 1471 587 tibi
1494 549 1664 603 pacem
1692 533 1873 603 (Num.
1906 549 1976 597 vt,
2007 534 2077 586 2'5

560 630 707 694 δρψ).
754 626 897 690 Quod
938 627 1034 677 hoc
1074 624 1241 691 ipsum
1294 623 1542 690 prepheta
1580 622 1740 676 David
1782 625 2074 684 conllrmat,

559 717 771 771 dicens:
807 713 1069 766 Benedicat
1104 728 1191 765 nos
1231 709 1384 775 Deus,
1420 710 1556 763 Deus
1594 721 1776 775 noster,
1825 711 2076 762 benedicat

559 821 645 856 nos
687 802 835 866 Deus,
864 811 908 855 et
940 810 1157 855 metuant
1191 816 1302 853 eum
1347 816 1511 852 omnes
1550 802 1671 867 fines
1718 810 1859 852 terra
1906 798 2073 867 (Psal.

559 904 696 955 vat,
726 892 803 959 8).
832 890 996 955 Quam
1018 888 1286 942 Trinitatis
1309 888 1557 941 unitatem
1602 902 1839 955 supernas
1870 886 2078 954 angelo-

558 994 673 1031 rum
697 980 910 1031 virtutes
939 977 1052 1047 [ms.
1092 975 1146 1037 2,
1176 977 1226 1029 in
1272 973 1397 1044 uno]
1438 975 1631 1044 hymno
1657 984 1989 1039 venerantur,
2025 984 2079 1029 et

557 1078 637 1119 ter
658 1082 897 1127 numero,
913 1066 1147 1127 Sanctus,
1163 1065 1393 1127 Sanctus,
1410 1064 1655 1135 Sanctus,
1669 1061 1912 1115 Dominus
1925 1061 2075 1127 Deus,

556 1155 757 1206 sabaoth
794 1152 945 1220 (Isai.
986 1167 1057 1215 vr,
1116 1152 1192 1219 5),
1242 1150 1550 1205 iudesiuenti
1595 1160 1815 1204 canente
1866 1166 1978 1213 ore,
2024 1154 2075 1204 in

557 1244 711 1296 unius
744 1241 1004 1308 fastigium
1030 1239 1396 1293 dominatiOnis
1432 1238 1648 1306 gloriam
1685 1238 1796 1306 ejus
1830 1240 2074 1293 exaltant.

557 1329 705 1394 Quod
731 1336 788 1381 ut
812 1328 981 1381 adhuc
1006 1329 1237 1392 apertius
1263 1324 1484 1378 ﬁdeliqu
1511 1325 1751 1379 sensibus
1771 1324 2075 1387 inculcetur,

557 1415 845 1469 caelestium
877 1400 1242 1482 mysteriorum
1271 1415 1534 1467 conscium
1574 1415 1902 1481 producimus
1947 1414 2079 1467 Pau-

557 1501 685 1555 lum.
724 1502 811 1554 Ait
836 1500 977 1554 enim
1013 1518 1028 1554 :
1061 1500 1336 1553 Diuisiones
1376 1510 1541 1554 autem
1580 1501 1907 1555 donationum
1940 1512 2075 1566 sunt,

558 1587 689 1640 idem
741 1598 907 1657 autem
958 1588 1207 1656 Spiritus;
1253 1597 1300 1641 et
1350 1589 1612 1642 divisiones
1662 1591 2077 1644 ministrationum

557 1685 689 1738 sunt,
719 1676 848 1726 idem
866 1685 1031 1727 autent
1061 1673 1334 1740 Dominus;
1362 1685 1407 1728 et
1444 1677 1707 1729 divisiones
1742 1679 2080 1744 operationum

557 1768 689 1827 sunt,
716 1761 845 1813 idem
868 1777 981 1815 vero
1011 1761 1169 1825 Deus,
1196 1764 1281 1830 qui
1314 1771 1549 1831 operatur
1562 1765 1731 1817 omnia
1765 1765 1818 1817 in
1858 1766 2079 1819 omnibus

559 1846 615 1911 (I
638 1847 751 1900 Cor.
784 1864 874 1914 xu,
896 1848 929 1899 4
957 1850 1109 1915 seq.),
1139 1858 1245 1902 etc.
1277 1849 1342 1902 Et
1362 1858 1504 1903 certe
1532 1849 1624 1904 has
1649 1850 1956 1906 divisionum
1985 1853 2081 1906 dii-

560 1936 805 1990 t'erentias
830 1952 923 2003 pro
953 1937 1201 2003 qualitate
1222 1952 1285 1991 ac
1316 1939 1503 1992 merito
1530 1941 1939 2007 participantium
1965 1942 2080 2009 Spi-

560 2026 713 2077 ritum
742 2034 976 2079 sanctum
998 2034 1023 2061 ι
1051 2027 1226 2079 docuit
1251 2027 1477 2094 operari,
1499 2042 1615 2081 cum
1640 2029 1864 2096 ipsarum
1892 2031 2081 2097 gratia-

562 2126 675 2164 rum
703 2110 1017 2165 diiierentias
1046 2113 1342 2181 partiretur,
1372 2115 1422 2167 in
1447 2113 1638 2169 ultimis
1665 2116 1836 2169 intulit
1864 2118 2038 2170 dicens
2061 2135 2076 2173 :

520 2205 525 2215 ‘
562 2198 687 2251 Haec
722 2207 886 2250 autem
934 2201 1100 2251 omnia
1144 2210 1374 2266 operatur
1415 2217 1540 2254 unus
1576 2210 1721 2270 atque
1754 2204 1883 2257 idem
1918 2203 2081 2272 Spiri-

560 2297 659 2350 tus,
690 2287 909 2339 dividens
934 2288 1137 2353 propria
1156 2289 1421 2354 unicuique
1443 2298 1591 2357 prout
1630 2293 1730 2341 vult
1771 2290 1951 2359 (Ibid.,
1970 2294 1993 2343 1
2011 2289 2078 2359 ι).

564 2375 709 2430 Unde
729 2376 899 2429 nullus
924 2376 1243 2443 ambiguitati
1284 2377 1590 2443 relinquitur
1620 2378 1783 2438 locus,
1824 2381 1945 2445 quin
1977 2380 2080 2447 29

558 2463 752 2515 clareat
773 2462 1019 2530 Spiritum
1039 2472 1274 2516 sanctum
1296 2472 1349 2517 et
1368 2464 1525 2517 Deum
1549 2478 1685 2529 esse,
1712 2475 1764 2518 et
1782 2480 1887 2518 suae
1901 2470 2081 2519 volun-

560 2554 677 2604 tatis
705 2560 993 2615 auctorem,
1018 2552 1102 2618 qui
1127 2560 1311 2604 cuncta
1336 2554 1563 2617 Oper-ari,
1585 2561 1640 2606 et
1664 2554 1947 2606 secundum
1965 2569 2081 2622 pro-

562 2639 687 2705 pria:
718 2640 994 2691 voluntatis
1021 2638 1289 2693 arbitrium
1310 2638 1502 2693 divina
1528 2640 1925 2707 dispensationis
1941 2641 2077 2696 dona

561 2726 735 2793 largiri
762 2726 1083 2795 apertissime
1107 2726 1507 2780 demonstratur.
1537 2727 1666 2794 Quia
1706 2729 1788 2802 ubi
1841 2729 2078 2783 volunta-

559 2816 633 2865 ria
657 2816 936 2881 gratiarum
975 2813 1268 2867 distributio
1310 2815 1632 2881 praedicatur,
1681 2830 1781 2869 non
1812 2820 1981 2884 potest
2002 2818 2079 2869 vi-

558 2902 670 2954 deri
711 2902 939 2955 conditio
974 2902 1275 2963 servitutis:
1317 2901 1370 2955 in
1400 2912 1639 2956 creatura
1681 2903 1818 2956 enim
1854 2907 2076 2957 servitus

563 2988 888 3056 intelligenda
914 2998 1014 3055 est,
1046 2989 1096 3041 in
1123 2962 1372 3043 Trinitate
1398 3004 1523 3044 vero
1541 2991 1821 3045 dominatio
1844 2993 2074 3047 acliber-
2101 2962 2148 3024 ο

561 3085 657 3127 tas.
692 3078 755 3127 Et
784 3088 837 3129 ut
877 3077 1045 3130 adhuc
1085 3078 1195 3131 luce
1226 3078 1415 3139 clarius
1449 3078 1600 3131 unius
1637 3078 1919 3133 divinitatis
1958 3095 2075 3133 esse

559 3178 674 3215 cum
704 3164 853 3217 Patre
870 3176 922 3218 et
949 3164 1077 3218 Filio
1102 3157 1342 3231 Spiritum
1363 3176 1594 3219 sanctum
1612 3166 2078 3233 doceamus,Joan-

557 3252 635 3304 nis
652 3255 976 3320 evangelista:
997 3254 1285 3307 testimonio
1304 3256 1689 3318 comprobatur.
1711 3253 1797 3308 Ait
1820 3270 2075 3321 namque:

558 3342 676 3393 Tres
708 3353 820 3394 sunt
849 3344 935 3409 qui
959 3342 1285 3393 testimonium
1320 3342 1571 3410 perhibent
1620 3344 1673 3394 in
1718 3343 1861 3406 caelo,
1903 3341 2076 3405 Paier,

563 3429 791 3491 Verbum,
820 3438 867 3479 et
894 3428 1109 3495 Spiritus
1145 3438 1363 3488 sanctus,
1391 3437 1437 3479 et
1457 3427 1484 3464 δ
1512 3430 1562 3479 bi
1592 3441 1687 3480 tres
1716 3444 1866 3479 unum
1892 3438 2005 3480 sunt
2027 3426 2079 3496 (1

559 3516 709 3567 Joan.
740 3532 791 3577 v,
823 3517 899 3581 7).
934 3525 955 3552 ι
980 3513 1236 3580 Nunquid,
1263 3514 1355 3576 ait,
1389 3522 1494 3567 tres
1520 3515 1569 3566 in
1590 3513 1841 3567 differenti
1871 3517 2081 3581 aequali-

558 3613 661 3655 tate
705 3604 944 3667 sejuncti,
976 3612 1061 3655 aut
1087 3601 1400 3669 quibuslibet
1434 3600 1797 3656 diversitaturn
1834 3604 2080 3670 gradibus

632 3912 655 3938 ⁸
682 3900 854 3955 cnim.
884 3913 935 3955 et
957 3903 1063 3965 alii,
1087 3902 1283 3956 docens.
1315 3901 1587 3955 Loricltius
1608 3917 1731 3956 vero
1769 3904 1946 3969 habet,
1978 3906 2071 3957 do-

557 3972 656 4023 cuit
685 3973 899 4038 aperari,
931 3982 977 4022 et
1004 3978 1054 4021 ut
1083 3974 1154 4023 sic
1175 3973 1401 4039 ipsarum,
1418 3973 1709 4039 gratiarum.
1736 3985 1836 4025 etc.

626 4039 651 4074 δ
687 4042 736 4089 lu
768 4040 882 4091 cod.
906 4039 1051 4091 Colb.
1080 4052 1333 4091 annorum
1363 4038 1571 4090 circiter
1597 4040 1696 4091 700
1724 4040 1834 4091 haec
1862 4040 2077 4091 habetur

555 4106 845 4159 observatio
875 4108 925 4157 in
962 4109 1191 4171 margine
1219 4122 1231 4155 :
1268 4106 1401 4156 Nota
1434 4106 1483 4155 in
1526 4108 1729 4171 epistola
1769 4108 1891 4157 beati
1919 4106 2078 4157 Joan-

555 4175 630 4225 nis
658 4174 725 4223 ita
749 4173 1022 4240 legendum.
1050 4172 1302 4223 Caeterum
1329 4172 1441 4221 ιιωο
1469 4175 1645 4240 verba,
1674 4172 1791 4222 Tres
1817 4183 1927 4240 sunt
1956 4175 2041 4237 qui
2062 4213 2074 4231 ,

556 4251 681 4295 etc.,
710 4237 822 4303 qua}:
844 4240 893 4289 in
925 4240 1182 4289 nonnullis
1209 4250 1473 4288 sacrorum
1506 4237 1783 4287 Bibliorunt
1810 4239 2074 4289 codicibus

2173 464 2324 501 unum
2350 458 2483 502 sunt.

2244 536 2352 589 XII.
2384 535 2575 589 Creatio
2600 537 2723 603 ipsis
2767 546 2835 590 est
2884 540 3173 593 communis.
3201 568 3271 579 —
3299 540 3365 593 Ut
3391 548 3562 593 autem
3588 540 3680 593 ad-

2175 622 2273 674 huc
2317 624 2479 690 magis
2521 626 2779 691 magisque
2823 628 2984 679 sancti
3013 627 3237 693 Spiritus
3277 642 3393 681 cum
3442 628 3591 680 Patre
3634 637 3684 683 et

2173 707 2305 761 Filio
2332 723 2431 762 una
2457 707 2621 779 [Lor.,
2650 710 2893 781 dignitas]
2921 713 3163 766 divinitas
3192 715 3241 766 in
3269 714 3505 766 creandis
3529 715 3682 767 rebus

2171 800 2411 853 omnibus
2450 802 2879 866 demonstretur,
2904 805 3066 857 habes
3109 814 3393 858 creatorem
3435 804 3679 872 Spiritum

2170 902 2403 944 sanctum
2425 892 2475 944 in
2504 891 2632 945 libro
2654 892 2785 945 Job:
2811 892 3046 961 Spiritus,
3075 893 3257 962 inquit,
3282 893 3586 957 diuinus‘est,
3604 895 3683 960 qui

2171 980 2283 1048 fecit
2314 995 2425 1041 me;
2449 990 2498 1033 et
2525 979 2743 1047 Spiritus
2786 978 3139 1050 Omnipotentis
3172 982 3257 1050 qui
3294 982 3427 1033 docet
3465 997 3541 1034 nte
3573 980 3683 1047 (Job

2172 1083 2357 1130 nam,
2386 1068 2497 1137 24).
2531 1068 2594 1121 Ει
2620 1068 2777 1121 David
2805 1069 2930 1121 dtcit
2958 1087 2971 1120 :
3001 1068 3180 1122 Emitte
3208 1069 3448 1136 Spiritum
3472 1081 3613 1123 tuum
3641 1080 3683 1123 et

2171 1156 2480 1220 creabantur,
2515 1166 2562 1210 et
2587 1157 2840 1211 renovabis
2863 1158 3037 1227 [aciem
3061 1166 3203 1211 terra
3226 1156 3392 1226 (Psal.
3420 1171 3542 1220 ctu,
3574 1156 3679 1225 '50).

2170 1243 2225 1297 Si
2249 1241 2440 1297 creatio
2464 1255 2516 1297 et
2537 1245 2807 1297 renovatio
2836 1258 2928 1312 per
2954 1243 3201 1307 Spiritum
3226 1244 3346 1304 erit.
3376 1245 3489 1297 sine
3519 1242 3680 1297 dubio

2170 1338 2224 1383 et
2244 1331 2548 1400 principium
2599 1332 2876 1385 creationis
2898 1331 3033 1384 sine
3059 1330 3255 1400 Spiritu
3281 1346 3383 1384 non
3422 1330 3535 1384 fuit.
3572 1331 3685 1383 Poet

2170 1418 2480 1471 creationem
2510 1418 2664 1485 igitur
2704 1417 2886 1472 ostend
2923 1431 3040 1471 mus
3060 1456 3078 1484 ,
3107 1417 3226 1485 quia
3248 1408 3499 1470 'viviiicat
3532 1418 3686 1470 etiam

2172 1502 2396 1571 Spiritus
2422 1514 2651 1567 sanctus,
2689 1505 2823 1558 sicut
2859 1503 3012 1558 Pater
3034 1514 3089 1558 et
3125 1503 3303 1557 Filius.
3345 1504 3599 1569 Equidem
3626 1504 3687 1555 de

2172 1604 2389 1657 persona
2417 1592 2579 1644 Patris
2604 1590 2763 1645 refert
2787 1591 3066 1660 Apostolus
3097 1606 3111 1643 :
3142 1589 3313 1643 Testor
3341 1590 3392 1643 in
3420 1599 3681 1658 conspectu

2108 1664 2152 1721 Β
2178 1677 2301 1743 Dei,
2321 1679 2403 1745 qui
2435 1678 2646 1745 rioiﬁcat
2669 1680 2834 1730 omnia
2862 1676 2921 1748 (ι
2953 1678 3078 1730 Tim.
3106 1691 3154 1731 ιι
3174 1715 3189 1739 ,
3230 1677 3338 1748 15).
3370 1676 3541 1730 Vitam
3570 1690 3695 1760 vero

2176 1764 2264 1818 dat
2286 1765 2538 1818 Christus.
2570 1764 2714 1829 Oves,
2743 1764 2930 1832 inquit,
2950 1779 3070 1815 mete
3089 1777 3253 1816 uocem
3277 1777 3434 1815 meam
3458 1760 3687 1824 audiunt,

2173 1859 2219 1903 et
2247 1867 2335 1921 ego
2359 1852 2508 1903 vitam
2527 1859 2759 1903 aeternam
2786 1852 2850 1901 do
2876 1848 2978 1902 illis
3002 1848 3176 1919 (Joan.
3210 1865 3260 1912 ι,
3286 1848 3377 1910 27.
3404 1848 3519 1915 28).
3546 1845 3687 1900 Vivi-

2177 1936 2389 1991 ticamur
2410 1950 2535 1990 vero
2563 1952 2590 1988 a
2618 1937 2813 2004 Spiritu
2840 1945 3039 2001 sancto,
3072 1936 3182 2004 ipso
3197 1934 3402 2005 dicente
3432 1933 3686 1987 Domino:

2178 2025 2393 2095 Spiritus
2418 2032 2487 2076 est
2508 2025 2592 2091 qui
2615 2025 2824 2091 oioiﬁcat
2850 2021 3020 2093 (Joau.
3047 2037 3119 2086 vt,
3149 2024 3256 2088 64).
3288 2022 3421 2076 Ecce
3437 2036 3544 2074 una
3571 2018 3689 2073 vivi-

2176 2113 2345 2167 ticatio
2372 2113 2539 2166 Patris
2577 2122 2630 2166 et
2674 2113 2790 2167 Filii
2834 2123 2887 2166 et
2931 2113 3151 2179 Spiritus
3178 2113 3343 2164 sancti
3387 2116 3572 2178 aperta
3602 2110 3690 2163 de-

2175 2209 2454 2254 monstrata
2484 2210 2582 2253 εει.

2244 2288 2373 2341 XIII.
2433 2287 2771 2342 Prcscieutia.
2808 2314 2877 2325 --
2924 2284 3307 2340 Pmsctentiam
3358 2298 3536 2339 rerum
3584 2299 3690 2338 ont-

2176 2378 2316 2430 nium
2346 2379 2397 2430 in
2429 2377 2534 2430 Deo
2561 2390 2696 2440 esse,
2730 2384 2784 2429 et
2810 2375 3129 2429 occultorum
3158 2374 3543 2441 cognitionem,
3576 2373 3689 2427 llcet

2177 2482 2328 2521 nemo
2370 2464 2693 2519 Christianus
2721 2464 2959 2533 ignoret,
2998 2470 3169 2516 tamen
3196 2476 3259 2516 es
3300 2461 3529 2516 Danielis
3568 2460 3692 2513 libro

2176 2555 2561 2609 monstrandum
2577 2560 2675 2607 est.
2696 2552 2844 2615 Deus,
2866 2551 3049 2619 inquit,
3063 2550 3147 2617 qui
3157 2550 3456 2604 occultorum
3472 2550 3690 2619 cognitor

2176 2661 2246 2709 es,
2282 2646 2365 2712 qui
2399 2643 2628 2710 prtescius
2659 2658 2707 2694 es
2728 2641 2940 2694 omnium
2961 2648 3220 2704 antequam
3239 2646 3506 2691 nascantur
3538 2634 3691 2705 (Dan.

2176 2747 2295 2792 xm.
2324 2731 2432 2798 42).
2461 2731 2581 2783 Haec
2600 2728 2777 2782 eadem
2808 2726 3125 2794 prescientia
3153 2727 3206 2778 in
3233 2723 3438 2778 Christo
3466 2733 3566 2787 cst,
3596 2724 3690 2778 sic-

2177 2829 2230 2872 ut
2262 2818 2420 2873 refert
2457 2816 2779 2885 Evangelista
2810 2834 2822 2865 :
2854 2814 2927 2867 Ab
2969 2814 3110 2865 initio
3146 2821 3310 2864 autem
3336 2812 3518 2864 sciebat
3550 2810 3690 2864 Iesus

2174 2908 2283 2977 quis
2311 2914 2433 2960 esset
2469 2920 2578 2958 eum
2620 2904 2915 2967 traditurus,
2937 2900 3010 2952 vel
3028 2901 3113 2970 qui
3132 2910 3291 2953 essent
3316 2915 3414 2952 non
3436 2897 3530 2969 [aI.
3563 2901 3689 2951 deest

2177 2994 2301 3064 non]
2330 2995 2577 3046 credentes
2600 2992 2649 3044 in
2675 3006 2785 3044 eum
2811 2987 2982 3057 (Joan.
3015 3003 3097 3051 v1,
3123 2987 3233 3051 65).
3260 2986 3406 3052 Quod
3432 2987 3503 3040 sit
3523 2993 3688 3040 autem

2174 3086 2493 3139 occtiltorum
2539 3080 2793 3148 cognitor,
2838 3093 2905 3131 ex
2931 3078 3027 3130 hoc
3072 3076 3399 3129 manifestum
3440 3082 3543 3141 est,
3575 3088 3687 3126 cum

2178 3174 2394 3226 obscura
2425 3170 2635 3223 Consilia
2660 3167 2952 3219 Judteorutn
2982 3164 3255 3217 traducens
3281 3162 3487 3215 diccbat
3515 3179 3531 3217 :
3564 3161 3689 3226 Quid

2177 3261 2402 3328 cogitatis
2430 3270 2637 3321 nequam
2681 3256 2735 3306 in
2774 3253 2998 3305 cordibus
3036 3250 3203 3302 vestris
3233 3248 3444 3319 (Matth.
3485 3247 3689 3329 13.5)?

2180 3344 2431 3399 Similiter
2471 3339 2713 3407 praescire
2762 3333 2932 3391 omnia
2970 3336 3222 3403 Spiritum
3268 3347 3538 3401 sanctum,
3586 3338 3689 3402 ipse

2183 3428 2527 3487 manifestavit
2551 3425 2729 3481 dicens
2755 3424 2819 3477 ad
2843 3426 3104 3491 apostolos
3131 3438 3146 3477 :
3176 3424 3299 3475 Cum
3320 3423 3504 3475 merit
3528 3422 3689 3489 Spiri-

2182 3528 2259 3570 tus
2283 3516 2524 3578 veritatis,
2548 3513 2736 3566 docebit
2756 3528 2840 3565 sos
2864 3512 3050 3573 omnia,
3074 3520 3118 3563 et
3144 3522 3344 3563 ventura
3378 3511 3687 3563 muntiabit

2184 3606 2313 3659 vobis
2337 3604 2511 3674 (Joan.
2537 3616 2624 3655 stu
2642 3640 2658 3664 ,
2689 3601 2795 3669 16).
2825 3599 2921 3665 Qui
2951 3607 3163 3653 ventura
3190 3598 3497 3652 annuntiare
3524 3596 3688 3667 perbi-

2176 3918 2288 3956 rum
2319 3903 2557 3956 eumdem
2588 3901 2755 3953 locum
2795 3898 2967 3951 laudat
3009 3896 3307 3965 Fulgentius
3347 3896 3400 3949 in
3449 3895 3586 3949 libro
3623 3895 3685 3947 de

2175 3972 2445 4028 Trinitate.
2470 3980 2522 4023 et
2544 3971 2594 4021 in
2615 3968 2716 4019 alio
2734 3968 2981 4019 adversus
3000 3967 3197 4018 Pintam
3220 3965 3524 4031 episcopum
3545 3966 3687 4017 Aria.

2178 4054 2297 4089 num
2342 4040 2533 4103 scripto
2570 4054 2582 4086 :
2625 4049 2914 4103 quanquam
2961 4034 3108 4088 istius
3152 4044 3415 4085 auctorem
3462 4032 3685 4103 alium_:t

2180 4100 2459 4169 Fulgentis
2479 4100 2667 4163 fuisse,
2700 4100 2795 4165 ipsi
2826 4115 2993 4155 tamen
3022 4102 3289 4167 aequalem.
3320 4110 3568 4169 coruscant
3595 4100 3687 4169 viri

2176 4166 2381 4221 eruditi.
2425 4171 2548 4221 Vide
2579 4169 2854 4220 Mabillouii
2889 4170 3223 4233 appendicem
3243 4171 3285 4231 ,Ξ
3310 4166 3372 4218 ad
3409 4166 3687 4229 Liturgiam

2178 4238 2514 4295 Gallicanum,
2549 4250 2661 4299 pag.
2689 4250 2888 4287 cchvt.
2910 4236 3101 4288 Tamen
3145 4238 3452 4299 Augustinus
3491 4234 3625 4285 libro
3655 4250 3685 4283 ll

558 4296 919 4357 translatorum
957 4304 1255 4355 inﬁdelitate
1291 4304 1544 4355 excidisse
1589 4304 1919 4367 conqueritur
1956 4319 2074 4355 s:in-
2105 4296 2151 4351 D
2176 4312 2351 4356 contra
2382 4296 2731 4361 Maximinum,
2752 4315 2865 4366 cap.
2886 4296 3297 4363 22,nutn.3,ubi
3320 4302 3429 4351 Ιιεεο
3448 4300 3605 4353 verba
3628 4314 3686 4352 ex

558 4381 671 4423 ctus
695 4372 1055 4436 Hieronymus,
1076 4373 1154 4421 vel
1176 4370 1339 4435 quivis
1353 4370 1482 4421 alius
1494 4379 1673 4423 auctor
1695 4371 1779 4435 qui
1798 4372 1893 4421 sub
1921 4369 2073 4436 hujus

556 4440 662 4505 80
686 4440 847 4489 sancti
870 4438 1095 4490 doctoris
1117 4439 1321 4490 nomine
1347 4438 1608 4505 prologum
1632 4440 1788 4490 edidit
1811 4439 1859 4489 in
1882 4438 2074 4502 episto-

560 4510 636 4556 lus
687 4508 996 4566 canonicos,
1050 4508 1341 4572 religiosius
1396 4506 1445 4556 in
1499 4506 1762 4557 codicibus
1816 4505 2070 4557 Africanis

556 4584 853 4626 conseivata
885 4574 1038 4625 fuisse
1066 4583 1205 4640 patet
1231 4589 1291 4624 es
1324 4575 1419 4624 hoc
1452 4575 1586 4633 loco,
1618 4574 1702 4623 ubi
1737 4576 1913 4625 Patres
1941 4573 2070 4624 Afri-

556 4644 668 4693 cani
704 4644 751 4693 in
782 4656 935 4692 unum
965 4642 1254 4707 congregati
1297 4656 1390 4705 pro
1420 4641 1698 4692 emittenda
1731 4640 1845 4692 ﬁdei
1878 4642 2071 4705 proles-

555 4710 700 4761 sioue
739 4725 796 4761 ezt
838 4709 1200 4761 adhibueiunt.
1241 4710 1344 4760 Nec
1382 4723 1602 4773 unquam
1635 4722 1693 4759 ea
1736 4710 1800 4760 de
1832 4722 1886 4759 re
1912 4709 2071 4759 recla-

556 4792 722 4827 ntassc
746 4779 956 4841 legimus
982 4778 1219 4837 Arianos.
1241 4777 1326 4842 qui
1348 4778 1499 4839 regali
1524 4785 1643 4826 tunc
1674 4777 1896 4840 potentia
1930 4775 2067 4835 freti,

557 4845 679 4895 nihil
712 4860 810 4896 non
844 4855 1075 4909 poterant
1104 4846 1348 4895 adversus
1376 4842 1678 4895 catholicos.
1705 4843 1835 4907 Quin
1866 4854 1918 4893 et
1946 4842 2062 4892 Ful-

556 4914 755 4976 gentius
782 4914 928 4977 paulo
953 4926 1065 4977 post
1090 4914 1137 4962 in
1172 4912 1300 4963 libro
1321 4920 1497 4961 contra
1522 4912 1739 4962 Arianos
1765 4912 1857 4960 sub
1886 4912 2058 4967 linem,

556 4982 787 5032 eumdem
820 4980 987 5030 locum
1024 4979 1258 5037 adducit,
1294 4992 1394 5028 non
1423 4977 1587 5029 solum
1611 4988 1849 5044 tanquam
1876 4992 1905 5029 e
1930 4977 2067 5028 Scri-

558 5054 699 5109 ptura
723 5056 1000 5111 sumptum,
1032 5047 1120 5098 sed
1150 5056 1199 5097 et
1226 5059 1376 5111 quem
1416 5059 1442 5095 a
1485 5046 1633 5095 beato
1662 5048 1915 5112 Cypriatto
1954 5045 2063 5095 lau-

556 5115 724 5163 datum
748 5116 902 5165 luisse
924 5115 1013 5172 ait.
1038 5116 1132 5165 sub
1154 5112 1428 5165 testimonii
1452 5126 1515 5163 ex
1537 5112 1797 5177 Scriptura
1821 5113 2025 5165 nomine
2048 5128 2059 5160 :

555 5178 842 5244 Cyprianus,
876 5180 1072 5246 inquit,
1108 5181 1210 5231 hiet:
1247 5180 1521 5231 testimonia
1547 5180 1607 5231 de
1636 5180 2061 5246 Scripturisiinse-

559 5250 676 5314 ruit;
706 5247 831 5299 Dicit
862 5245 1101 5298 Dominus
1131 5263 1149 5299 :
1179 5246 1284 5314 Ego
1306 5288 1319 5311 ,
1350 5256 1448 5298 etc.
1484 5247 1547 5298 Et
1572 5255 1755 5300 iterum
1780 5245 1886 5299 :De
1911 5245 2061 5297 Patre

559 5321 605 5359 et
634 5311 765 5381 Filio
799 5325 841 5367 et
874 5315 1065 5381 Spiritu
1105 5311 1269 5365 sancto
1307 5314 1542 5381 scriptum
1566 5326 1634 5366 est
1654 5330 1671 5377 ;
1711 5324 1754 5365 et
1788 5325 1882 5365 tres
1908 5328 2063 5381 unum

559 5386 686 5446 sunt.
710 5379 991 5446 Cyprianus
1019 5391 1189 5434 autem
1219 5395 1335 5433 eum
1363 5380 1584 5433 laudavit
1614 5391 1717 5434 tum
1747 5382 1797 5433 in
1830 5382 1961 5433 libro
1997 5379 2063 5432 de

562 5444 762 5497 Unitate
788 5444 1051 5511 Ecclesiae,
1082 5459 1187 5501 tum
1214 5448 1265 5501 in
1283 5447 1495 5511 epistola
1522 5449 1585 5500 ad
1613 5449 1934 5513 Jubajanum.
1968 5447 2063 5499 lte-

2176 4372 2307 4423 beati
2332 4370 2543 4421 Joannis
2579 4368 2812 4432 epistola,
2843 4366 2961 4418 Tres
2991 4384 3139 4419 unum
3178 4379 3307 4418 sunt.
3341 4366 3573 4427 discutit,
3604 4380 3688 4416 co.

2169 4439 2286 4488 dice
2322 4452 2443 4486 usus
2492 4439 2646 4487 fuisse
2687 4435 2885 4485 videtur
2925 4435 2975 4485 in
3017 4449 3118 4501 quo
3160 4440 3512 4487 testimonium
3558 4435 3685 4485 istud

2174 4503 2359 4562 Putris,
2386 4512 2509 4564 etc.,
2541 4516 2845 4567 expressum
2873 4517 2974 4553 non
3000 4513 3127 4555 erat.
3156 4504 3293 4555 Idem
3322 4501 3599 4553 dicendum
3627 4502 3685 4553 de

2175 4571 2415 4623 Facundo
2451 4572 2804 4621 llerinianensi
2838 4571 2967 4619 libro
3006 4586 3019 4621 t
3064 4586 3154 4637 pro
3193 4568 3685 4637 delensiOIteAtriurti

2170 4641 2527 4703 capitulorum.
2552 4638 2650 4688 Sed
2682 4652 2809 4703 opus
2838 4635 3264 4689 istttthacumlus
3292 4650 3435 4687 extra
3459 4635 3682 4687 Alricum

2169 4704 2610 4770 Constantinopoli
2636 4704 2825 4770 degens
2847 4707 3170 4769 conscripsit.
3196 4706 3374 4757 Mirum
3398 4712 3479 4754 est
3493 4712 3683 4761 autem.

2169 4776 2301 4838 quod
2336 4774 2384 4823 in
2418 4773 2673 4823 nonnullis
2706 4773 2856 4823 etiam
2884 4772 3243 4825 vetustissimis
3282 4770 3557 4824 bibiiorum
3596 4785 3685 4823 co-

2168 4839 2366 4890 dicibus
2397 4853 2519 4890 mss.
2553 4840 2842 4903 prwﬁgatur
2869 4842 3104 4904 prologus
3130 4856 3279 4903 supra
3317 4842 3554 4903 laudatus
3574 4843 3683 4906 epi-

2165 4907 2313 4958 stolis
2343 4908 2620 4963 canonicis,
2646 4916 2696 4958 et
2725 4906 2929 4969 quidem
2960 4906 3056 4957 sub
3076 4910 3237 4960 sancti
3265 4908 3562 4975 Hieronymi
3593 4923 3679 4959 uo-

2166 4979 2334 5038 tnine,
2368 4982 2418 5024 et
2448 4984 2614 5025 tamen
2656 4979 2702 5023 in
2735 4983 2873 5025 textu
2903 4976 3186 5027 versiculus
3219 4976 3304 5027 ille
3346 4977 3573 5029 omissus
3597 4976 3677 5026 sit.

2164 5041 2265 5093 Sed
2306 5042 2438 5091 hanc
2468 5044 2870 5093 controversiam
2894 5043 3180 5095 accuratius
3206 5042 3581 5095 discutiendam
3604 5056 3682 5092 re-

2165 5108 2726 5179 linquiniususndalibus
2757 5112 2965 5173 nostris,
2997 5113 3081 5178 qui
3113 5111 3408 5179 Hieronymi
3436 5111 3678 5176 operibus

2164 5176 2494 5229 recensendis
2523 5190 2727 5241 operam
2758 5188 2963 5228 navant.

2234 5253 2254 5279 ο
2286 5244 2386 5294 Alii
2419 5242 2623 5296 codices
2659 5244 2921 5297 habentia
2944 5241 3511 5309 dilerentiwqualitate.
3541 5241 3676 5295 Lorio

2159 5310 2336 5379 chius“
2359 5309 2699 5375 indi/ferentia:
2738 5311 2993 5379 qualitate.
3025 5310 3331 5375 Rhenanus,
3378 5309 3678 5375 Μωαβιιί

2161 5377 2464 5445 α’ᾳιιιιιὶιαιε.
