3814 6228
35 286 113 341 229

34 402 165 460 betur,
185 394 405 461 praescire
453 395 639 447 omnia
690 407 790 446 non
844 390 1108 444 dubitatur
1154 406 1166 440 :

34 490 275 537 'scrutatur
297 481 600 535 altitudines
619 479 798 542 Dei,et
824 476 966 531 novit
984 475 1156 530 omnia
1184 488 1300 542 qum
1321 476 1371 524 in
1398 471 1505 523 Deo

31 581 137 631 sunt.
172 571 288 623 sicut
329 574 594 621 memorat
630 567 836 631 Paulus,
864 565 1079 617 dicens:
1121 562 1346 628 Spiritus
1371 559 1503 610 enim

32 658 159 709 etauio
179 664 423 716 scrutatur,
453 655 608 706 etiam
637 653 925 705 altitudines
961 649 1055 702 Dei
1077 648 1130 715 (ι
1159 645 1277 699 Cor.
1302 660 1359 709 ιι,
1394 642 1501 709 10).

32 750 123 800 ltettt
148 747 191 798 in
216 746 384 797 eadem
415 746 533 797 loco
570 760 584 798 :
615 742 754 794 Sicut
796 756 939 793 nemo
984 737 1360 792 scit'ltominum
1394 746 1505 795 quia

27 846 110 887 sunt
132 836 343 898 hominis,
371 833 470 884 nisi
498 833 704 897 spiritus
727 834 836 899 ejus
856 829 940 895 qui
960 830 1012 879 in
1039 828 1146 895 ipso
1172 833 1276 888 est;
1306 824 1374 874 i'a
1411 834 1499 872 tte-

27 943 85 976 ruo
103 927 288 989 scitqutc
306 931 415 973 sunt
449 919 579 981 Dei,
610 920 707 970 nisi
740 918 959 986 Spiritus
993 914 1085 967 Dei
1109 913 1297 982 (lbid.,
1321 911 1431 975 11).

76 1010 182 1064 XIV.
204 1010 423 1061 Patentia
444 1007 602 1059 sancti
634 1006 873 1073 Spiritus.
902 1033 972 1043 —
1000 1002 1079 1056 Ad
1110 996 1498 1066 intelligendam

24 1114 117 1150 vero
141 1098 395 1164 pOtentiam
427 1096 662 1161 Spiritus
686 1093 873 1158 sancti,
899 1104 1063 1160 pauca
1084 1088 1150 1142 de
1181 1084 1499 1140 terribilibus

22 1187 302 1253 proferamus.
335 1184 654 1237 Vendiderat
693 1182 1110 1249 possessionem,
1151 1185 1207 1230 nt
1251 1179 1495 1242 scriptum

22 1284 81 1326 est
118 1276 158 1327 in
196 1272 399 1328 Actibus
447 1272 803 1339 apostolorum
851 1268 995 1337 (Cap.
1029 1281 1079 1334 v,
1111 1263 1188 1334 2),
1219 1275 1495 1331 suppressa

893 281 971 336 DE
1010 270 1513 333 PERSECUTIONE
1556 268 1928 322 VANDALICA
1969 268 2093 325 UB.
2136 268 2217 321 lli.

1218 387 1338 455 quia
1393 385 1505 449 ipse
1530 380 1582 438 Α
1600 380 1674 431 ait
1701 395 1716 432 :
1745 378 1963 451 Spiritus
1992 377 2191 431 Domini
2220 377 2424 443 replcsit
2463 378 2628 432 orbem
2660 387 2923 443 terrarum,
2966 386 3012 431 et
3037 377 3131 431 hoc

3024 238 3129 321 I230

1612 467 1745 526 quod
1771 467 1983 519 continet
2007 466 2173 519 omnia
2192 465 2449 519 scientiam
2476 465 2622 519 habet
2645 468 2775 520 uocis
2789 467 2935 537 (δίῳ.
2970 482 3021 533 ι,
3052 468 3125 535 7).

1606 554 1730 608 Item
1755 554 1915 608 David
1943 552 2105 607 dicit:
2132 552 2240 616 Quo
2261 554 2339 605 ibo
2360 571 2389 605 a
2415 553 2609 621 Spiritu
2640 564 2744 618 tuo,
2773 530 2817 607 et
2844 530 3025 624 z'facie
3047 530 3133 606 tua

1603 659 1698 699 atto
1734 643 1956 711 fugiam?
1986 641 2046 697 Si
2073 642 2337 695 ascendero
2361 642 2413 693 in
2433 643 2628 704 caelum,
2662 650 2717 693 tu
2741 642 2848 694 illic
2869 657 2952 705 es;
2980 643 3025 696 si
3042 642 3129 693 de.

1601 732 1836 785 scendero
1857 740 1879 768 ο
1906 733 1958 784 in
1980 730 2228 799 infernum
2248 730 2365 783 ades
2383 745 2411 793 ,5
2433 730 2475 782 si
2510 746 2758 799 sumpsero
2785 746 2965 795 pennas
2994 747 3128 784 meas

1599 818 1651 870 in
1679 819 1936 883 directum,
1966 828 2013 879 et
2045 819 2328 871 habitavero
2351 819 2401 870 in
2431 819 2658 871 extremis
2701 820 2855 871 maris
2884 834 2902 871 :
2949 822 3126 871 etenim

1598 906 1718 959 illuc
1759 923 1931 959 manus
1981 918 2065 958 tua
2094 906 2298 958 deducet
2333 921 2429 968 me,
2453 917 2499 959 et
2525 906 2788 959 continebit
2817 922 2891 959 me
2918 907 3122 959 dextera

1600 1008 1684 1052 tua
1704 997 1869 1067 (Psal.
1886 1014 2132 1063 cxxxvm,
2152 999 2182 1051 7
2215 997 2362 1068 scq.).

1670 1088 1802 1142 XVI.
1864 1088 2067 1143 Habitat
2119 1088 2254 1143 Deus
2314 1090 2364 1142 in
2423 1089 2615 1143 sanctis
2676 1089 2785 1143 suis
2844 1088 3121 1143 secundum

1601 1179 1991 1243 promissionem
2049 1193 2148 1247 qua
2203 1179 2405 1232 dixerat
2450 1193 2465 1230 :
2513 1177 2762 1231 Habitabo
2807 1179 2858 1231 in
2900 1179 2998 1231 illis
3038 1176 3118 1247 (11

1597 1265 1711 1319 Cor.
1743 1266 1937 1335 v1.16).
1966 1267 2113 1332 Quod
2134 1281 2258 1321 vero
2285 1266 2535 1321 Dominus
2563 1266 2714 1323 Iesus
2735 1266 2861 1319 dicit
2882 1267 2930 1319 in
2954 1265 3123 1319 Evan-

22 1372 129 1429 parte
152 1360 365 1430 pecuniae
390 1360 609 1411 dolosus
643 1358 949 1424 discipulus,
979 1356 1233 1421 reliquum
1266 1367 1358 1418 pro
1388 1360 1497 1402 toto
1592 1360 1756 1422 gelio:
1776 1355 1969 1409 Manete
1991 1358 2042 1409 in
2061 1365 2197 1411 meet
2220 1372 2309 1424 ego
2328 1359 2380 1411 in
2398 1357 2530 1409 vobis
2552 1355 3122 1426 (Joan.xv.t),probat

20 1460 108 1504 ante
138 1452 275 1517 pedes
316 1463 521 1517 ponens
560 1438 935 1516 apostolorum,
982 1442 1197 1496 oll‘endit
1247 1440 1492 1503 Spiritum

1609 1457 1691 1496 ioc
1716 1443 1905 1497 Paulus
1932 1444 2109 1499 dicens
2133 1461 2146 1498 :
2175 1446 2251 1497 An
2272 1446 2467 1498 nescitis
2502 1447 2621 1514 quia
2640 1443 2785 1497 Iesus
2806 1442 3031 1497 Christus
3052 1452 3121 1496 est
3182 1452 3193 1474 δ

18 1551 220 1600 sanctum.
245 1552 394 1606 quem
433 1538 653 1603 putabat
694 1549 752 1589 se
801 1534 983 1586 latere.
1006 1530 1109 1584 Sed
1135 1528 1255 1597 quid
1283 1527 1347 1579 ad
1375 1543 1491 1579 eum
1590 1533 1642 1583 in
1661 1532 1792 1583 vobis
1816 1530 1901 1599 (II
1929 1532 2044 1585 Cor.
2070 1546 2181 1593 sui,
2200 1532 2290 1601 5)?
2311 1533 2416 1585 Hoc
2441 1544 2612 1586 autem
2633 1540 2798 1585 totum
2820 1533 2871 1585 in
2899 1531 3122 1599 Spiritus

17 1630 115 1679 dixit
134 1627 361 1680 continuo
396 1625 585 1678 beatus
610 1620 828 1676 Petrus?
852 1619 1067 1681 Anania,
1096 1632 1249 1685 quare
1276 1614 1492 1669 Satanas
1593 1619 1909 1673 habitatione
1934 1620 2261 1685 adimpletur,
2290 1621 2424 1673 sicut
2460 1630 2715 1673 memorat
2740 1618 2965 1673 Joannes
2991 1634 3005 1670 :
3039 1616 3122 1669 E3

16 1716 172 1781 replet-it
191 1731 267 1767 cor
298 1724 439 1766 tuum
468 1722 525 1763 ut
552 1710 828 1764 mentireris
856 1707 1067 1777 Spiritui
1107 1715 1275 1757 sancto
1299 1703 1453 1769 (Ibid.
1475 1741 1491 1767 ,

1609 1711 1706 1775 'toc,
1734 1708 1917 1778 inquit,
1948 1711 2129 1763 scimus
2160 1710 2277 1776 quia
2302 1709 2355 1787 in
2381 1708 2521 1762 nobis
2560 1716 2633 1761 est
2653 1747 2667 1771 ,
2702 1710 2817 1776 quia
2839 1707 2899 1758 de
2927 1706 3119 1771 Spiritu

1592 1814 1680 1850 suo
1709 1798 1843 1849 dedit
1874 1798 2010 1849 nobis
2034 1796 2078 1865 (l
2109 1796 2261 1851 Joan.
2290 1812 2358 1861 tv,
2390 1797 2497 1865 13).
2534 1794 2786 1865 Similiter
2812 1803 2865 1848 et
2894 1794 3115 1847 Paulus:

1594 1885 1810 1939 Nescitis
1837 1887 1953 1953 quia
1985 1862 2215 1953 templum
2248 1884 2335 1937 Dei
2364 1862 2502 1948 estis,
2543 1894 2587 1937 et
2618 1862 2837 1951 Spiritus
2866 1881 2957 1933 Dei
2983 1881 3120 1933 babi-

1594 1980 1665 2022 tat
1690 1973 1741 2023 in
1767 1972 1897 2024 vobis
1923 1971 1972 2039 (Ι
2004 1971 2117 2024 Cor.
2149 1987 2201 2023 ιιι
2219 2010 2233 2033 ,
2257 1970 2383 2039 i6)?
2418 1971 2481 2023 Et
2505 1970 2689 2022 iterum
2716 1969 2839 2022 dicit
2866 1985 2881 2022 :
2909 1966 3114 2035 Gloriﬁ.

1595 2068 1699 2110 cate
1725 2066 1771 2110 et
1800 2067 1989 2123 portate
2020 2057 2177 2110 Deum
2203 2058 2255 2109 in
2276 2072 2481 2123 corpore
2507 2066 2665 2109 uestro
2695 2056 2748 2126 (I
2774 2056 2886 2109 Cor.
2910 2070 2981 2119 v1,
3001 2054 3115 2121 20).

1592 2145 1755 2207 Quem
1778 2145 1972 2195 Deum?
2001 2144 2177 2211 utique
2205 2142 2222 2181 ί
2254 2143 2501 2211 Spiritum
2528 2154 2787 2210 sanctum,
2817 2143 2963 2211 cujus
2985 2150 3116 2197 tem-

1594 2235 1731 2300 plum
1761 2247 1877 2286 esse
1907 2232 2167 2285 videmur.

17 1804 301 1867 3)?Etinlra
329 1820 343 1853 :
376 1801 504 1854 Non
552 1816 604 1852 es
648 1800 878 1851 mentitus
922 1797 1219 1859 hominibus,
1270 1793 1354 1844 sed
1391 1791 1495 1843 Deo

18 1894 163 1959 (ltuit,
201 1893 270 1961 4).
316 1891 490 1958 Atque
543 1874 614 1941 ita
665 1901 940 1956 percussus
980 1887 1173 1937 virtute
1228 1883 1367 1950 ejus,
1413 1881 1494 1933 cui

15 1980 173 2033 mentiri
198 1980 432 2032 voluerat
461 2021 477 2043 ,
529 1976 836 2043 exspiravit.
863 1973 996 2038 Quid
1043 1971 1126 2023 hic
1150 1970 1263 2021 vult
1313 1969 1495 2020 beatus

16 2069 154 2120 Petrus
178 2066 378 2134 intelligi
401 2064 658 2131 Spiritum
681 2061 945 2114 sanctum?
969 2058 1152 2121 Utique
1171 2058 1362 2109 clarum
1395 2061 1493 2116 est,

15 2170 101 2206 cum
118 2154 240 2219 dicit,
267 2152 384 2205 Non
411 2151 652 2217 mentitus
671 2163 722 2199 es
748 2144 1044 2207 hominibus,
1072 2141 1157 2195 sed
1190 2141 1309 2192 Deo.
1336 2138 1498 2191 Mani-

16 2243 157 2295 festum
182 2252 254 2295 est
278 2254 422 2307 ergo,
456 2239 710 2305 quoniam
748 2234 834 2301 qui
878 2228 1127 2285 mentitur
1154 2229 1257 2296 30
1285 2225 1495 2293 Spiritui

13 2342 169 2394 sancto,
187 2331 286 2386 Deo
313 2332 574 2384 mentitur
604 2344 619 2379 :
647 2335 698 2379 et
718 2324 803 2391 qui
824 2322 990 2376 credit
1016 2322 1067 2373 in
1104 2318 1349 2386 Spiritum
1378 2330 1498 2368 san-
1527 2310 1531 2314 ’

12 2434 133 2481 ctum,
151 2420 299 2474 credit
324 2420 374 2470 in
409 2418 598 2471 Deum.
622 2415 747 2467 Tale
767 2410 981 2479 aliquid,
1007 2410 1110 2461 imo
1140 2407 1327 2460 fortius
1349 2405 1498 2472 quid-

12 2508 101 2559 dam
134 2508 357 2561 Dominus
387 2507 441 2559 in
476 2500 757 2570 Evangelio
795 2496 1047 2563 ostendit,
1079 2494 1260 2548 dicens
1291 2510 1305 2547 :
1341 2492 1495 2544 Omne

14 2606 213 2661 peccatum
238 2602 283 2645 et
312 2586 925 2657 blasphemiaqrcmittetur
948 2584 1225 2635 hominibus
1254 2595 1273 2632 :
1291 2581 1376 2648 qui
1402 2596 1495 2630 au-

12 2692 81 2731 tau
102 2681 484 2749 blasphemath
511 2680 568 2730 in
590 2675 834 2745 Spiritum
858 2684 1103 2734 sanctum,
1146 2662 1243 2724 non
1279 2670 1496 2722 remitte-

12 2780 69 2819 ιιι
102 2771 162 2833 ei,
186 2785 329 2837 neque
354 2770 409 2820 in
440 2770 540 2820 hoc
558 2765 771 2829 sccculo,
801 2779 953 2827 neque
994 2763 1044 2814 in
1073 2762 1239 2829 futuro
1280 2758 1493 2823 (Matth.

14 2858 329 2925 su,1’tl,3ti).b
347 2860 489 2911 Ecce
522 2853 743 2909 terribili
771 2851 1025 2906 sententia
1049 2848 1402 2902 irremissibile
1427 2846 1495 2896 di-

11 2950 162 3001 citesse
178 2960 434 3015 peccatum
456 2948 508 2998 ei
536 2946 625 3013 qui
642 2945 691 2996 in
722 2943 965 3006 Spiritum
995 2947 1228 2991 sanctum
1252 2936 1496 3001 blasphe-

14 2999 198 3088 msverit:
219 2999 637 3105 [al.vilumparat]
664 2999 915 3091 Compara
938 3026 1057 3078 huic
1082 3022 1351 3077 sententiis
1372 2999 1493 3073 illud
1524 2999 1567 3060 Ο

16 3126 116 3191 quod
139 3128 366 3192 seriptum
397 3130 485 3176 est
514 3122 565 3173 in
598 3121 728 3172 libro
753 3127 774 3154 ε
798 3116 1085 3182 Regnorum
1116 3129 1130 3165 :
1167 3112 1221 3163 Si
1250 3111 1498 3179 peccando

14 3213 233 3277 putaverit
274 3213 350 3263 uir
385 3212 437 3262 in
472 3210 667 3269 virum,‘
683 3205 887 3256 orabunt
935 3217 1023 3269 pro
1050 3216 1106 3251 eo
1132 3214 1150 3251 :
1179 3199 1219 3250 si
1244 3206 1405 3249 autem
1450 3196 1498 3246 in

14 3298 130 3349 Deum
155 3300 442 3367 peccauerit,
475 3297 591 3363 quis
611 3294 767 3346 orabit
806 3306 896 3357 pro
935 3304 991 3341 eo
1019 3286 1072 3351 (Ι
1103 3288 1227 3356 Reg.
1274 3300 1308 3338 ιι
1330 3326 1343 3349 ,
1369 3282 1497 3348 25)?

12 3385 165 3455 Siergo
187 3389 552 3455 blasphemare
599 3387 650 3437 in
697 3383 945 3450 Spiritum
992 3389 1252 3440 sanctum,
1302 3386 1353 3430 et
1383 3389 1501 3443 pec-

12 3477 161 3530 carein
187 3477 337 3531 Deam
373 3476 583 3539 simile,
620 3474 670 3526 id
700 3482 799 3535 est,
824 3469 1133 3537 inexpiabile
1156 3469 1355 3520 crimen
1385 3476 1458 3516 est
1477 3506 1491 3528 ,

14 3566 87 3629 iam
110 3577 305 3634 quantus
330 3568 402 3618 sit
434 3563 667 3630 Spiritus
693 3567 899 3615 sanctus
926 3557 1279 3625 unusquisque
1308 3570 1501 3622 cogno-

16 3662 102 3705 εειι.

66 3742 150 3795 XV.
183 3742 455 3796 Prcesentia
490 3739 586 3792 Dei
627 3739 818 3806 ubique.
865 3766 933 3777 —-
957 3736 1097 3788 Deus
1126 3733 1263 3801 quod
1312 3732 1504 3798 ubique

14 3830 270 3896 sitprteseus
296 3839 351 3884 et
391 3829 618 3896 impleat
658 3826 852 3888 omnia,
892 3838 984 3876 ore
1028 3822 1274 3875 discimus
1301 3817 1327 3853 ά
1358 3819 1504 3872 Jere—

12 3920 100 3968 uti:
124 3936 136 3970 :
160 3917 280 3987 Ego,
308 3919 480 3983 inquit
499 3954 516 3978 ,
551 3915 684 3967 Deus
713 3912 1091 3979 approximans,
1121 3920 1163 3959 et
1189 3924 1286 3957 non
1304 3907 1365 3956 de
1392 3906 1500 3955 lon-

15 4023 155 4075 ginquo
176 4024 195 4061 :
214 4009 256 4062 si
282 4008 615 4060 absconditus
637 4004 784 4072 fuerit
814 4002 957 4052 homo
986 4002 1037 4051 in
1073 3998 1391 4061 absconditis,
1422 4012 1501 4047 ero

12 4108 57 4155 go
73 4109 145 4160 ego
163 4109 250 4145 nos
294 4092 471 4145 uidebo
515 4090 670 4142 eum?
702 4088 882 4139 Nonne
909 4086 1084 4137 caelum
1108 4093 1151 4135 et
1194 4094 1377 4135 terram
1406 4099 1497 4151 ego

12 4178 149 4245 impleo
169 4179 288 4249 (lyr.
311 4193 475 4239 nni,
508 4176 603 4239 25,
630 4173 759 4243 24)?
786 4173 921 4239 Quid
951 4182 1123 4227 autem
1154 4172 1219 4225 de
1258 4186 1349 4223 sua
1382 4171 1496 4222 ubi-

13 4280 85 4332 que
108 4270 357 4335 pruenti:
400 4268 652 4321 Salvator
693 4265 743 4317 in
785 4263 1063 4329 Evangelio
1090 4261 1249 4315 dicit?
1281 4259 1498 4313 Ubicun-

13 4368 97 4419 qse,
121 4366 211 4423 att,
241 4358 429 4426 fuerint
460 4356 569 4406 duo
600 4355 673 4406 vel
702 4363 798 4405 tres
828 4352 1017 4405 collecti
1060 4352 1113 4402 in
1132 4353 1337 4402 nomine
1365 4365 1499 4412 meo,

13 4444 60 4494 ibi
79 4454 116 4498 et
138 4428 213 4517 ego
236 4464 345 4501 suns
370 4450 428 4499 in
448 4446 619 4497 medio
646 4459 813 4495 eorum
836 4442 1043 4513 (Matth.
1084 4456 1206 4493 xvnt
1229 4480 1242 4503 ,
1283 4438 1395 4505 20).
1432 4439 1504 4491 De

12 4528 161 4595 Spiritu
182 4535 391 4603 adaque
411 4540 628 4593 sancto,
656 4530 792 4597 quod
820 4530 957 4582 adsit
986 4529 1198 4595 ubique,
1229 4529 1356 4579 dicit
1384 4542 1502 4591 pro-

14 4620 131 4681 Pbets
151 4636 213 4676 ex
242 4636 466 4691 persona
500 4620 595 4673 Dei
628 4634 641 4668 :
664 4615 772 4685 Ego
799 4618 849 4668 in
868 4617 1024 4680 vobis,
1051 4626 1094 4667 et
1122 4615 1339 4682 Spiritus
1368 4629 1503 4665 meus

14 4714 83 4753 ttat
100 4708 139 4756 is
158 4710 305 4762 medio
325 4718 558 4763 uestrum
587 4704 793 4766 (Ezech.
827 4720 983 4757 xxxvs
999 4744 1016 4770 ,
1044 4702 1155 4770 27).
1178 4704 1241 4755 Et
1260 4701 1501 4755 Salomon

68 4887 85 4912 '
106 4877 232 4933 Colb.
260 4879 311 4941 1,
341 4879 630 4932 Scrutatur
656 4884 725 4927 est
752 4875 1047 4928 altitudinis.

68 4944 224 5009 βῖιιι..
249 4946 456 5007 Germ.,
490 4945 645 4997 Coll).
679 4947 706 4996 1
727 4982 741 5003 ,
771 4943 1018 5005 0rthod.,
1048 4942 1313 4997 Loricltius
1334 4984 1346 5006 ,
1378 4955 1500 5007 etc.,

23 5012 115 5064 Ecce
137 5012 350 5066 terribilis
375 5012 633 5065 sententia
653 5010 672 5061 .'
702 5009 1061 5072 Irremissibile,
1096 5023 1196 5064 etc.

71 5092 87 5117 ς
110 5079 200 5133 λιι-ί
220 5081 410 5147 πρίω
440 5081 594 5147 hunc
634 5078 833 5147 titulum
862 5079 1006 5147 libris
1037 5080 1227 5144 Regum
1254 5080 1505 5133 attribue-

20 5157 136 5211 runt,
164 5157 215 5201 ut
238 5143 380 5215 patet
405 5159 479 5198 ex
514 5143 841 5215 Tertulliano
882 5145 971 5196 lib.
1010 5143 1267 5215 ttdcoutra
1290 5148 1503 5199 Marcio-

24 5231 134 5277 sem.
160 5211 296 5270 beato
322 5211 631 5280 Augustino
660 5211 872 5280 passim,
902 5212 1121 5280 concilio
1161 5228 1213 5280 ιιι
1238 5213 1503 5279 Carthagi-

24 5284 269 5353 netsi,etc.
302 5278 440 5353 Quin
481 5284 791 5353 etnsanctus
822 5278 1140 5353 Cyprianus,
1165 5279 1352 5353 _Gr:ec‘a
1380 5278 1506 5353 voce

24 5342 269 5421 plerumque
308 5342 477 5421 libros
522 5342 794 5421 Dasileiun
842 5342 1086 5421 appellat.
1126 5346 1261 5399 Idem
1294 5346 1505 5421 iaciunt

23 5411 141 5473 olim
161 5411 380 5473 nonnulli
406 5432 477 5470 ex
500 5413 627 5465 aliis
651 5412 918 5481 provinciis
945 5411 1141 5473 Patres,
1170 5415 1306 5481 quod
1331 5424 1502 5466 tamen

24 5482 260 5552 imm
296 5486 509 5541 videtur
554 5487 770 5533 sanctus
816 5479 1153 5545 Hieronymus
1190 5479 1246 5536 in
1285 5482 1499 5547 prologo

1530 4309 1579 4366 D

1660 2320 1818 2374 XVII.
1859 2321 1984 2372 Nam
2009 2318 2144 2387 quod
2195 2329 2371 2387 arguat
2401 2319 2577 2391 Pater,
2606 2326 2786 2385 arguat
2811 2316 2993 2378 Filius,
3028 2331 3117 2370 ara

1595 2421 1719 2479 guat
1761 2410 1981 2477 Spiritus
2007 2419 2217 2463 sanctus
2243 2410 2312 2462 ita
2339 2396 2658 2475 probandum
2689 2417 2788 2459 est.
2832 2405 2885 2459 ln
2917 2405 3119 2472 psalmo

1593 2498 1988 2567 quadragesimo
2022 2510 2175 2549 nono
2216 2496 2404 2563 legitur
2452 2512 2465 2546 :
2499 2494 2755 2547 Peccatori
2802 2502 2963 2545 autem
3000 2493 3119 2544 dicit

1593 2588 1724 2640 Deus
1750 2603 1768 2638 :
1795 2587 1957 2648 Quare
1985 2596 2037 2637 tu
2062 2583 2528 2648 ertat‘ras‘ittstt'tt'am
2550 2598 2725 2643 meam,
2753 2591 2798 2633 et
2819 2582 3024 2633 assumis
3044 2590 3117 2633 te.

1593 2683 1883 2727 stamentutn
1907 2689 2064 2725 meum
2089 2688 2175 2739 per
2197 2689 2249 2724 os
2273 2678 2409 2723 tuum
2428 2669 2596 2737 (Psal.
2626 2684 2775 2733 suis,
2802 2668 2923 2737 16)?
2954 2669 3013 2721 Et
3035 2669 3117 2720 in—

1593 2762 1703 2815 fra:
1737 2765 1955 2829 Arguam
1992 2770 2057 2826 te,
2084 2770 2125 2810 et
2148 2769 2357 2811 statuam
2374 2758 2557 2829 (Laud.
2594 2754 2727 2823 ante]
2748 2766 2918 2807 contra
2942 2754 3117 2823 faciem

1594 2860 1726 2923 tuam
1752 2850 1908 2919 (ibid.
1927 2887 1941 2909 ,
1972 2848 2083 2915 21).
2112 2846 2267 2898 David
2292 2845 2525 2897 similiter
2550 2857 2703 2896 orans
2728 2842 2852 2893 dicit
2878 2842 2941 2892 ad
2970 2839 3120 2893 Chri-

1572 2946 1573 2949 “
1595 2947 1730 2991 stum
1758 2955 1769 2989 :
1803 2936 2025 2995 Domine,
2043 2949 2103 2986 ne
2133 2934 2186 2983 in
2213 2932 2291 2983 ira
2317 2938 2403 2981 tua
2430 2946 2611 2997 arguas
2632 2944 2708 2980 me
2737 2927 2905 2998 (Psal.
2934 2943 3007 2988 vt.
3029 2928 3117 2993 ‘2);

1595 3026 1712 3090 quia
1744 3028 1852 3090 Ipse
1879 3030 2133 3091 venturus
2150 3028 2230 3072 est
2251 3031 2469 3084 arguere
2492 3030 2699 3070 omnem
2729 3030 2955 3069 carnem.
2986 3015 3120 3081 Quid

1598 3126 1721 3164 vero
1746 3110 1811 3162 de
1840 3107 2030 3175 Spiritu
2068 3112 2248 3159 sancto
2281 3105 2518 3157 Salvator
2544 3102 2595 3157 in
2629 3104 2908 3172 Evangelia
2946 3104 3120 3157 dicit?

1596 3194 1949 3261 Cum'venerit,
1994 3196 2175 3263 inquit,
2223 3192 2526 3255 Paraclitus,
2562 3194 2647 3246 ille
2674 3206 2843 3262 arguet
2874 3196 3113 3245 mundum

1595 3292 1655 3342 de
1682 3298 1898 3355 peccato,
1921 3295 1963 3339 et
1987 3286 2046 3337 de
2066 3283 2275 3349 iustitia,
2304 3290 2347 3335 et
2376 3280 2437 3333 de
2454 3281 2649 3348 judicio
2676 3279 2848 3346 (Joan.
2880 3296 2963 3333 ιιι
2985 3320 3003 3345 ,
3037 3284 3113 3349 8).

1599 3380 1705 3432 Hoc
1734 3375 2019 3444 praevidens
2063 3369 2220 3425 David
2248 3369 2501 3423 clamabat
2541 3367 2605 3421 ad
2653 3368 2923 3421 Dominum
2952 3384 2967 3419 :
3002 3367 3112 3430 Quo

1596 3469 1675 3521 ibo
1703 3486 1733 3518 a
1755 3466 1948 3531 Spiritu
1978 3473 2077 3528 tuo,
2117 3472 2163 3515 et
2192 3476 2223 3512 a
2262 3458 2389 3527 facie
2422 3466 2508 3509 tua
2528 3474 2627 3526 quo
2674 3456 2863 3525 fugiam
2902 3454 3114 3526 (Psalm.

1597 3569 1851 3617 cxxxvm,
1882 3552 1974 3619 7)?
2640 3582 2649 3591 ,ν

1669 3642 1844 3695 XVlll.
1893 3640 2017 3692 Nam
2044 3646 2096 3691 et
2124 3636 2260 3704 quod
2306 3636 2472 3688 bonus
2512 3632 2578 3686 sit
2618 3632 2785 3695 Pater,
2838 3633 3004 3685 bonus
3044 3632 3102 3686 Fi

1599 3732 1716 3795 lius,
1747 3732 1913 3783 bonus
1938 3727 2159 3795 Spiritus
2183 3733 2411 3786 sanctus,
2437 3721 2513 3774 sic
2542 3721 2806 3786 probatur.
2842 3720 2975 3773 Dicit
3004 3736 3123 3787 pro-

1600 3820 1747 3886 pheta
1782 3835 1794 3867 :
1829 3817 1992 3867 Bonus
2018 3830 2068 3866 es
2104 3822 2178 3875 tu,
2206 3810 2434 3869 Domine,
2476 3817 2525 3859 et
2552 3809 2601 3859 in
2647 3808 2861 3859 bonitate
2891 3818 2977 3859 tua
3004 3809 3126 3859 doce

1597 3922 1673 3958 me
1684 3904 2065 3971 justiﬁcationcs
2085 3910 2192 3949 tuas
2216 3896 2379 3963 (Psal.
2407 3909 2562 3961 cum]
2584 3937 2599 3958 ,
2621 3895 2731 3959 68).
2764 3894 2837 3945 De
2858 3908 2917 3946 se
2943 3905 3115 3946 autem

1598 3997 1707 4062 ipse
1731 3991 2072 4057 Unigeuitus:
2103 3986 2211 4055 Ego
2234 4001 2339 4036 sum
2362 3994 2528 4050 pastor
2554 3983 2706 4033 bonus
2724 3981 2896 4052 (loan.
2924 3996 2975 4043 ι,
3009 3980 3117 4048 il).

1601 4084 1672 4135 De
1701 4080 1892 4147 Spiritu
1917 4090 2061 4143 usque
2086 4082 2265 4126 sancto
2294 4071 2453 4123 David
2480 4070 2531 4121 in
2564 4069 2761 4136 psalmo
2780 4070 2905 4122 dicit
2928 4070 2991 4121 ad
3023 4069 3125 4121 Do-

1601 4176 1833 4225 minum:
1880 4168 2095 4234 Spiritus
2142 4170 2251 4216 tuus
2297 4161 2454 4212 bonus
2482 4158 2688 4212 deducet
2733 4174 2807 4211 me
2851 4160 2902 4211 in
2938 4171 3121 4212 terram

1602 4260 1813 4333 [Laud.,
1845 4254 1991 4323 viam]
2019 4249 2199 4307 rectam
2226 4249 2438 4319 (Psalm.
2470 4262 2628 4303 chtt.
2662 4246 2766 4313 11).

1672 4349 1809 4402 XIX.
1850 4347 1973 4411 Quis
2000 4352 2171 4394 autem
2197 4338 2495 4407 dignitatem
2532 4336 2668 4387 illam
2706 4334 2928 4400 Spiritus
2956 4336 3119 4387 sancti

1608 4442 1769 4508 possit
1798 4434 2000 4487 tacere?
2044 4429 2253 4496 Antiqui
2296 4426 2434 4479 enim
2483 4424 2749 4491 prapheta:
2788 4424 3123 4475 clamabant:

1610 4528 1731 4579 Iltec
1747 4525 1863 4575 dicit
1882 4520 2135 4571 Dominus.
2162 4518 2301 4569 Hauc
2324 4528 2499 4566 vocem
2521 4513 2758 4565 Christus
2773 4512 3052 4564 adveniens
3073 4512 3124 4561 in

1605 4616 1704 4682 31
1720 4625 1863 4663 suam
1884 4621 2151 4673 personam
2175 4617 2355 4656 revoca
2366 4605 2457 4661 vit,
2479 4600 2686 4652 dicens:
2716 4598 2819 4665 Ego
2835 4607 2997 4649 autem
3017 4582 3125 4649 dico

1604 4702 1737 4756 vobis
1768 4696 1968 4769 (Matth.
2009 4708 2060 4755 v,
2094 4690 2203 4759 22).
2243 4688 2368 4742 Novi
2397 4695 2565 4740 autem
2595 4685 2857 4753 protvhetat
2880 4684 3001 4753 quid
3031 4684 3122 4753 [αι.

1611 4873 1841 4927 Galeato.
1877 4865 1938 4916 Et
1966 4862 2171 4928 quidem
2196 4860 2464 4913 Lorichius
2490 4857 2573 4928 hic
2596 4856 2735 4928 legit,
2764 4856 2968 4928 Regum.

1676 4938 1702 4975 ά
1735 4936 1917 4987 Plures
1952 4923 2075 4982 mss.
2113 4942 2165 4981 et
2203 4939 2404 4980 veteres
2440 4926 2560 4977 editi
2603 4924 2791 4976 habent
2827 4923 3005 4976 Esaias.
3036 4923 3125 4976 llic

1610 5018 1778 5060 tamen
1809 5006 1948 5053 locus
1977 5010 2055 5050 est
2094 5012 2158 5049 ex
2193 4996 2413 5050 Jeremia
2448 4994 2767 5056 desumptus.
2806 5059 2813 5060 ί
2886 5057 2893 5060 Α
2946 5057 2958 5060 Α
3088 5020 3089 5023 η

1678 5057 1704 5112 ἒ
1727 5057 1877 5124 Colli.
1916 5068 1937 5118 1
1984 5074 2036 5117 et
2071 5064 2358 5123 Lorichius,
2390 5062 2456 5111 ad
2482 5060 2751 5126 infernum.
2784 5059 2843 5109 Et
2885 5057 3033 5117 infra,
3064 5058 3123 5109 Si

1608 5134 2192 5208 sumpsero.__l.attduu.,
2239 5132 2297 5184 Si
2344 5129 2752 5208 recipiam.__Pro
2788 5127 2840 5177 in
2890 5128 3123 5175 directum

1609 5194 1755 5263 Colb.
1790 5206 1834 5263 1,
1868 5201 2121 5252 diluculo:
2140 5214 2234 5266 pro
2257 5198 2510 5266 extremis,
2530 5194 2676 5266 Colb.
2706 5196 2856 5255 alter,
2880 5202 3121 5266 estremo;

1610 5260 1702 5344 pro
1728 5260 2173 5344 contine_bit,nFul.',
2194 5265 2392 5326 Germ.,
2414 5275 2464 5317 et
2494 5260 3001 5339 Lorichiusstenebit.

1681 5324 1698 5378 ξ
1730 5339 1875 5393 Coll).
1905 5335 1963 5397 1,
1993 5324 2235 5401 Spiritum
2264 5324 2486 5386 sanctum
2512 5344 2682 5396 uocat,
2719 5330 2861 5396 cujus
2888 5324 3122 5393 templum

1611 5425 1713 5464 esse
1737 5406 1984 5459 debemus.
