3814 6228
622 314 717 369 231

1870 312 2163 367 VICTORIS
2203 312 2508 368 VITENSIS

3644 322 3731 371 ΞΗ

622 425 731 495 qui]
760 423 1080 478 clamabant?
1110 424 1240 476 sicut
1274 421 1522 489 propheta
1573 420 1776 487 Agabus
1832 422 1884 491 in
1922 422 2135 475 Actibus
2163 393 2382 485 A'dum,
2404 425 2447 477 si
2481 423 2699 490 judicat,
2728 424 2771 477 si
2801 426 2968 479 bonus
3010 434 3061 479 et
3090 437 3262 482 rectus
3284 439 3386 493 est,
3412 430 3457 483 si
3477 430 3540 483 de
3561 445 3621 484 eo
3642 438 3733 483 cta-

625 512 971 579 apostolorutti
998 529 1008 561 :
1038 510 1157 562 Hac
1184 511 1300 559 dicit
1331 509 1547 577 Spiritus
1579 518 1777 560 sanctus
1825 509 1956 579 (Act.
2011 526 2100 563 ut
2123 550 2139 574 ,

624 601 735 659 11).
778 600 842 651 Ει
885 598 1069 650 Paulus
1114 596 1176 648 ad
1220 596 1547 649 Timotheum
1591 614 1602 646 :
1638 595 1885 663 Spiritus,
1940 598 2138 665 inquit,

622 689 879 755 manifeste
905 688 1022 737 dicit
1048 684 1096 753 (1
1128 683 1256 735 Tim.
1312 699 1388 745 tv,
1422 686 1494 749 1).
1532 684 1657 747 Quae
1692 698 1788 737 vos
1818 688 2027 738 omnino
2055 685 2144 739 de-

622 782 875 827 monstrat
902 770 1293 825 indiﬂ‘ereutiam
1319 771 1603 823 Trinitatis.
1638 771 1703 823 Et
1730 772 1916 824 Paulus
1938 772 2143 839 quidem

619 862 739 915 dicit
765 877 821 914 se
863 875 892 912 a
919 861 1027 913 Deo
1070 860 1220 912 Patre
1249 870 1301 911 et
1353 858 1559 912 Christo
1606 868 1843 912 vocatum
1892 858 2053 913 fuisse
2094 868 2147 913 et

618 953 830 1004 missum
860 966 875 1002 :
908 949 1134 1010 Puulus,
1166 949 1363 1015 inquit,
1408 947 1663 1011 apostolus
1689 964 1787 999 non
1822 950 1883 1000 ab
1927 949 2165 999 homini-'

620 1040 707 1090 bus
750 1055 900 1104 neque
956 1055 1041 1099 per
1086 1038 1365 1101 hominem,
1406 1038 1491 1088 sed
1534 1054 1619 1103 per
1654 1036 1825 1089 Iesum
1859 1036 2143 1103 Christum,

620 1122 834 1193 [Laud.,
864 1124 975 1193 (κά.)
1003 1132 1047 1176 et
1072 1122 1230 1175 Deum
1262 1122 1460 1173 Patrem
1487 1120 1624 1190 (Gal.
1666 1138 1709 1185 ι,
1744 1124 1815 1187 1).
1849 1124 1901 1175 lu
1931 1123 2147 1177 Actibus

619 1220 789 1264 autem
814 1212 1165 1278 apostolorum
1204 1209 1391 1279 legitur
1417 1210 1551 1275 quod
1590 1223 1618 1261 a
1645 1210 1837 1275 Spiritu
1867 1222 2046 1263 sancto
2080 1211 2146 1264 sit

620 1308 920 1365 segregatus
943 1306 998 1350 et
1024 1298 1231 1349 missus.
1265 1295 1349 1349 Sic
1388 1296 1524 1347 enim
1574 1297 1825 1362 scriptum
1869 1306 1948 1349 est
1978 1314 1989 1347 :
2025 1296 2146 1349 Haec

622 1386 741 1436 dicit
789 1384 1006 1451 Spiritus
1053 1394 1297 1436 sanctus:
1342 1381 1611 1451 Segregate
1636 1383 1754 1433 mihi
1795 1380 2073 1435 Barnabam
2099 1394 2147 1435 et

623 1472 901 1525 Saulumin
929 1486 1051 1535 opus
1073 1485 1169 1535 quo
1192 1470 1357 1521 vocavi
1382 1485 1464 1520 eos
1488 1468 1620 1538 (Act.
1650 1485 1739 1522 xm
1758 1510 1773 1533 ,
1805 1469 1880 1538 Ξ).
1903 1470 1965 1521 Et
1992 1472 2144 1535 paulo

623 1569 738 1627 pOst
766 1578 778 1611 :
812 1558 948 1625 Ipsi,
988 1559 1185 1625 inquit,
1224 1559 1357 1610 missi
1390 1574 1421 1609 a
1462 1556 1657 1626 Spiritu
1685 1568 1853 1609 sancto
1884 1560 2147 1611 descende-

623 1657 739 1699 runt
776 1646 1049 1701 Seleuciam
1075 1644 1265 1713 (Ibid.,
1298 1646 1370 1712 4).
1403 1644 1525 1697 Item
1554 1645 1605 1697 in
1638 1646 1819 1697 eodem
1852 1645 2024 1698 libro:
2057 1647 2147 1698 At-

2241 512 2575 565 matur:ch
2598 513 2715 564 dicit
2736 512 2955 583 Spiritus
2975 525 3205 579 sanctus,-
3233 519 3273 569 si
3305 518 3580 585 prophetas
3623 534 3731 573 con-

2240 602 2428 665 stituit,
2461 602 2503 653 si
2548 602 2811 669 apostolos
2844 604 3018 665 mittit,
3042 604 3085 656 si
3129 605 3400 672 episcopos
3450 605 3673 667 praeficit,
3697 607 3732 657 si

2242 690 2538 741 consolator
2570 698 2669 750 est,
2711 690 2754 741 si
2804 700 2986 742 cuncta
3032 692 3295 757 dispensat
3348 698 3509 759 prout
3544 692 3665 753 vult,
3698 694 3732 743 si

2242 776 2403 828 abluit
2445 785 2498 827 et
2535 774 2804 842 justiflcat,
2836 777 2878 827 si
2924 784 3207 829 teutatores
3255 791 3376 829 suos
3404 777 3671 839 interficit;
3698 780 3732 829 si
3806 774 3807 817 ἒ

2242 864 2287 916 is
2330 864 2418 931 qui
2445 878 2560 916 eum
2602 864 3035 930 blasphemaverit
3064 880 3164 918 non
3196 866 3350 919 liabet
3374 865 3733 926 remissionem,
3806 852 3807 863 “

2243 965 2411 1019 neque
2442 952 2492 1002 in
2528 951 2626 1003 hoc
2665 953 2877 1015 sarculo,
2906 967 3071 1017 neque
3098 954 3148 1005 iu
3196 953 3389 1018 futuro,
3421 954 3557 1020 quod
3584 955 3736 1016 utique

2245 1040 2352 1091 Deo
2390 1039 2649 1105 proprium
2680 1049 2760 1093 est
2792 1057 2804 1091 :
2837 1042 2945 1092 haec
2966 1041 3173 1108 cum‘ita
3198 1042 3332 1109 sint,
3349 1054 3441 1092 cur
3479 1040 3543 1092 de
3569 1054 3630 1092 eo
3654 1041 3735 1089 du-

2243 1126 2455 1189 bitatur,
2476 1128 2611 1194 quod
2647 1138 2667 1165 ο
2697 1127 2833 1191 Deus
2859 1127 2948 1191 sit,
2990 1142 3107 1179 cum
3155 1143 3272 1180 eum
3319 1142 3533 1192 ot'erum
3562 1128 3732 1195 magni

2244 1216 2367 1269 tudo
2390 1217 2526 1283 quod
2554 1228 2632 1271 est
2661 1219 2771 1283 ipse
2818 1216 3143 1270 manifesteti
3170 1216 3281 1269 Non
3327 1216 3506 1283 utique
3557 1218 3738 1269 alienus

2244 1316 2324 1358 est
2351 1321 2380 1357 a
2415 1306 2583 1358 Patris
2606 1316 2658 1370 et
2688 1304 2801 1357 Filii
2833 1306 3118 1371 majestate,
3149 1305 3235 1370 qui
3283 1320 3384 1356 non
3414 1316 3488 1355 est
3532 1304 3595 1375 ab
3632 1319 3739 1370 ope-

2244 1407 2355 1445 rum
2388 1392 2573 1445 virtute
2599 1394 2817 1446 alienus.
2857 1390 3068 1444 Frustra
3118 1391 3190 1443 illi
3238 1405 3426 1443 nomen
3478 1391 3740 1443 divinitatis

2244 1490 2480 1547 negatur,
2507 1480 2656 1546 cujus
2678 1489 2908 1547 potestas
2928 1494 3030 1531 non
3060 1488 3230 1546 potest
3250 1479 3513 1545 abnegari.
3546 1478 3737 1530 Frustra

2251 1569 2531 1635 prohibeor
2577 1584 2692 1620 eum
2730 1582 2845 1621 cum
2889 1568 3039 1621 Patre
3065 1577 3116 1621 et
3146 1567 3277 1619 Filio
3304 1569 3560 1627 venerari,
3602 1581 3737 1633 quem

2247 1654 2424 1720 exigor
2444 1669 2559 1707 cum
2588 1652 2740 1707 Patre
2768 1663 2819 1706 et
2850 1653 2981 1706 Filio
3009 1654 3265 1707 confiteri.
3292 1654 3346 1707 Si
3377 1646 3462 1706 ille
3493 1654 3615 1705 mihi
3638 1667 3738 1704 cum

623 1737 800 1788 ιεηάὲιε
835 1736 965 1787 "ob"
1001 1743 1045 1786 ει
1092 1735 1316 1786 “Nive?”
1356 1734 1490 1802 gregi
1510 1774 1523 1798 .
1556 1734 1605 1783 δη
1652 1748 1747 1799 quo
1794 1748 1877 1783 υοι
1928 1734 2146 1799 Spiritu!
2179 1737 2219 1793 Β
2250 1740 2403 1793 Putre
2425 1749 2478 1791 et
2504 1740 2633 1792 Filio
2657 1741 2851 1793 confert
2874 1740 3230 1794 remissionem
3254 1754 3603 1806 peccatorum,
3628 1755 3739 1791 cuu-

622 1833 818 1876 sanctus
846 1822 1094 1875 constituit
1115 1822 1367 1889 episcopos
1390 1820 1523 1885 (Act.
1558 1834 1624 1870 xx
1648 1856 1661 1879 ,
1685 1818 1795 1882 28).

690 1918 806 1970 XX.
831 1915 1071 1969 Paracliti
1112 1931 1291 1967 nomen
1316 1930 1687 1985 commune..—-
1712 1914 1785 1966 Ne
1818 1912 1933 1980 quis
1975 1920 2145 1962 autem

624 2004 873 2071 Spiritum
912 2014 1168 2065 sanctum,
1197 2004 1315 2072 quia
1346 2003 1629 2057 Paraclitus
1676 2003 1844 2055 dictus
1890 2010 1989 2066 est,
2022 2014 2147 2053 cou-

626 2091 911 2156 temptibile
949 2090 1143 2158 aliquid
1185 2089 1460 2142 existimet.
1494 2089 1779 2142 Paraclitus
1823 2088 1961 2141 enim
1987 2087 2145 2139 advo-

626 2186 772 2229 catus
800 2189 899 2240 est,
928 2178 1013 2229 vel
1058 2180 1226 2244 potius
1254 2177 1549 2230 consolator
1584 2177 1865 2230 secundum
1910 2175 2143 2228 Latinam

630 2267 873 2333 linguam,
904 2281 1019 2333 quas
1060 2265 1337 2332 appellatio
1380 2267 1534 2318 etiam
1578 2266 1707 2318 Filio
1736 2265 1826 2318 Dei
1856 2263 2145 2317 communis

628 2363 726 2415 est,
754 2354 887 2405 sicut
936 2353 1063 2405 dicit
1114 2353 1341 2406 Joannes
1375 2371 1386 2403 :
1423 2352 1546 2405 Hac
1585 2354 1771 2419 inquit,
1812 2352 1970 2409 scribo
2010 2350 2144 2401 vobis

629 2452 681 2492 ut
708 2457 804 2493 non
823 2442 1055 2509 peccetis;
1078 2442 1161 2493 sed
1188 2451 1233 2494 et
1253 2443 1293 2494 si
1312 2443 1422 2509 quis
1450 2444 1741 2507 peccaverit,
1785 2448 1809 2475 ⁸
1840 2439 2147 2490 Paraclitum

629 2532 858 2583 habemus
903 2520 1297 2599 apud'Patrem
1346 2533 1517 2581 Jesum
1582 2530 1831 2581 Christum
1870 2530 2063 2597 justum
2094 2526 2145 2595 (I

630 2619 780 2671 Joan.
810 2634 868 2684 tt,
921 2619 1004 2685 1).
1061 2618 1185 2669 Nam
1233 2626 1285 2670 et
1330 2618 1439 2683 ipse
1495 2618 1737 2669 Dominus
1788 2633 1901 2669 cum
1932 2617 2053 2669 dicit
2084 2618 2146 2669 ad

637 2706 935 2771 apostolos,
988 2706 1209 2757 Alterum
1262 2703 1569 2757 Paraclitum
1612 2708 1766 2756 mittet
1806 2707 1947 2757 vobis
1997 2705 2148 2757 Pater

634 2791 818 2861 (Joan.
846 2806 949 2854 stv,
979 2792 1072 2857 16)
1098 2830 1113 2854 ,
1146 2794 1257 2845 sine
1290 2792 1448 2845 dubio
1496 2808 1612 2845 cum
1641 2793 1765 2845 dicit
1809 2794 2015 2843 alterum
2046 2791 2151 2843 Pa-

632 2884 881 2947 raclitum,
903 2898 961 2938 se
998 2900 1201 2951 quoque
1232 2883 1540 2938 Paraclitum
1584 2885 1895 2954 manifestat.
1925 2886 2027 2940 Sed
2058 2902 2150 2939 ne-

633 2986 733 3039 que
752 2987 781 3023 a
806 2972 959 3025 Patre
986 2971 1083 3024 hoc
1114 2986 1300 3025 nomen
1325 2972 1559 3026 Paracliti
1585 2974 1810 3027 alienum
1852 2982 1951 3027 est.
1985 2974 2147 3027 Bene-

2189 1824 2195 1841 '
2247 1828 2349 1879 fert
2392 1827 2852 1884 sanctificationem
2882 1836 2937 1881 et
2978 1831 3135 1881 vitam
3182 1838 3503 1896 perpetuam,
3534 1830 3743 1895 ingratus

2246 1929 2359 1967 sum
2385 1902 2537 1965 nimis
2553 1924 2606 1965 et
2628 1913 2977 1981 impiissimus,
3000 1917 3043 1967 si
3064 1917 3110 1968 ei
3131 1921 3247 1968 eum
3270 1916 3420 1968 Patre
3439 1926 3489 1968 et
3511 1916 3635 1968 Filio
3655 1930 3741 1969 utut

2248 2003 2420 2057 refero
2443 2004 2675 2071 gloriam,
2709 2003 2809 2071 32
2843 2013 2931 2056 aut
2956 2004 2999 2055 si
3026 2017 3126 2057 non
3154 2014 3233 2056 est
3261 2018 3376 2056 cum
3408 2004 3558 2056 Patre
3586 2005 3743 2055 wien-

2246 2094 2342 2146 dus
2371 2104 2422 2148 et
2463 2095 2612 2158 Filio,
2641 2109 2763 2161 ergo
2799 2108 2893 2147 nec
2936 2093 3260 2147 confitendus
3284 2103 3366 2147 est
3392 2095 3442 2145 in
3489 2093 3740 2158 bapzismo.

2245 2183 2297 2236 Si
2339 2192 2511 2235 autem
2542 2183 2841 2235 omnimodo
2883 2182 3203 2236 confitcndus
3244 2194 3326 2237 est
3360 2183 3640 2234 Secundum
3675 2182 3745 2233 di-

2243 2281 2380 2323 ctum
2416 2270 2641 2333 Domini,
2670 2282 2721 2322 et
2751 2270 3078 2321 traditionem
3108 2269 3481 2337 apostolorum,
3504 2284 3568 2324 ne
3609 2267 3745 2319 senti-

2244 2360 2394 2424 plena
2422 2358 2487 2409 sit
2517 2357 2663 2418 ﬁdes,
2688 2358 2801 2423 quis
2830 2371 2912 2409 me
2943 2357 3130 2423 poterit
3165 2358 3231 2407 ab
3260 2356 3372 2421 ejus
3398 2356 3540 2407 cultu
3588 2353 3745 2420 prohi-

2240 2446 2398 2499 bere?
2430 2445 2482 2496 In
2515 2459 2663 2511 quem
2693 2445 2829 2496 enim
2858 2444 3071 2496 credere
3095 2444 3302 2510 jubeor,
3327 2444 3373 2495 ei
3410 2442 3563 2493 etiam
3592 2442 3742 2493 debeo
3810 2444 3811 2511 ι

2244 2535 2550 2600 supplicare.
2576 2533 2815 2585 Adorabo
2837 2547 2958 2599 ergo
2984 2533 3205 2592 Patrem,
3229 2532 3457 2583 adorabo
3479 2543 3525 2581 et
3547 2529 3742 2589 Filium,
3810 2554 3811 2573 ι

2244 2622 2471 2673 adorabo
2498 2631 2549 2674 et
2591 2621 2840 2687 Spiritum
2870 2629 3126 2683 sanctum,
3151 2635 3246 2671 una
3275 2619 3560 2685 eademque
3607 2632 3747 2669 vene-
3810 2610 3811 2613 “

2246 2710 2462 2761 ratione.
2488 2708 2633 2773 Quod
2657 2710 2697 2760 si
2725 2710 2841 2775 quis
2859 2710 3052 2772 durum
3094 2708 3190 2761 hoc
3227 2716 3393 2773 putat,
3416 2707 3591 2759 audiat
3628 2720 3743 2771 quo.

2246 2796 2401 2847 modo
2428 2794 2587 2847 David
2615 2796 2678 2847 ad
2707 2796 2965 2848 culturam
2994 2796 3083 2847 Dei
3109 2794 3285 2847 ﬁdeles
3313 2795 3548 2847 hortatur
3576 2811 3589 2845 :
3619 2793 3742 2843 Ado—

2245 2893 2372 2946 rate,
2397 2882 2583 2949 inquit,
2607 2882 2875 2934 scabellttm
2898 2884 3074 2950 pedum
3121 2886 3223 2950 ejus
3254 2884 3431 2954 (Psal.
3475 2897 3648 2945 xcvttt,
3674 2883 3743 2943 ὅ).

2246 2976 2301 3027 Si
2348 2974 2611 3042 religionis
2652 2984 2731 3026 est
2780 2974 2999 3027 adorare
3046 2974 3325 3027 scabellum
3378 2974 3563 3040 pedum
3618 2975 3750 3042 ejus,

635 3060 857 3112 licentia:
882 3062 1018 3113 enim
1049 3074 1236 3113 nomen
1278 3069 1373 3124 est,
1418 3076 1516 3113 non
1562 3073 1779 3116 naturae.
1824 3062 2057 3131 Denique
2084 3062 2146 3116 ad
2174 3035 2216 3095 θ
2250 3072 2441 3129 quanto
2467 3064 2629 3129 magis
2659 3061 2954 3129 religiosum
2995 3060 3036 3113 si
3078 3062 3188 3129 eius
3216 3035 3438 3129 Spiritus
3486 3035 3750 3115 adoreiarl

634 3149 932 3202 Corinthios
959 3149 1144 3203 Paulus
1189 3153 1257 3203 ita
1288 3152 1468 3203 scribit
1496 3168 1507 3202 :
1541 3150 1836 3203 Benedictus
1886 3149 2021 3203 Deus
2056 3150 2154 3203 Pa-

639 3246 713 3289 ter
744 3236 940 3288 Domini
961 3238 1116 3288 nostri
1143 3238 1265 3289 Jesu
1289 3236 1490 3299 Christi,
1516 3237 1667 3289 Pater
1686 3239 2151 3301 misericordiarum,

636 3336 681 3378 et
700 3326 828 3378 Deus
848 3328 1004 3378 omnis
1026 3326 1489 3390 consolationis,qui
1514 3340 1602 3375 nos
1629 3327 1908 3375 consolatur
1932 3322 2015 3391 (ΙΙ
2038 3323 2151 3373 Cor.

638 3430 679 3474 ι.
706 3414 826 3481 54).
855 3415 918 3466 Et
942 3429 1059 3466 cum
1100 3415 1395 3465 consolator
1432 3412 1615 3463 dicitur
1659 3411 1830 3472 Pater,
1861 3412 2156 3462 consolator

562 3507 569 3515 '
638 3501 823 3566 Filius,
847 3502 1139 3553 consolator
1160 3502 1313 3552 etiam
1341 3499 1563 3572 Spiritus
1591 3509 1820 3561 sanctus,
1853 3512 1950 3548 una
1984 3507 2153 3549 tamen

647 3592 797 3643 nobis
824 3589 1111 3642 consolatio
1138 3603 1166 3639 a
1201 3588 1451 3638 Trinitate
1482 3594 1781 3651 prtestatur;
1808 3587 1942 3637 sicut
1974 3594 2023 3636 et
2053 3600 2152 3636 una

648 3678 886 3729 remissio
940 3684 1287 3741 peccatorum,
1320 3674 1566 3739 Apostolo
1615 3672 1939 3724 afﬁrmante:
1971 3672 2156 3735 Abluti,

648 3766 833 3834 inquit,
861 3765 973 3817 estis
999 3774 1045 3815 et
1064 3764 1348 3833 justiﬁcati,
1375 3772 1418 3814 et
1438 3763 1731 3827 sanctiﬁcati
1760 3764 1871 3813 estis
1892 3762 1943 3813 in
1963 3763 2159 3814 nomine

648 3850 854 3903 Domini
880 3851 1036 3902 nostri
1076 3848 1197 3900 Iesu
1242 3846 1444 3909 Christi,
1475 3856 1522 3900 et
1555 3846 1606 3899 in
1636 3845 1830 3913 Spiritu
1859 3847 1953 3899 Dei
2002 3847 2159 3900 nostri

642 3939 696 4011 (I
718 3938 832 3992 Cor.
876 3953 946 4001 γι,
988 3936 1111 4005 11).
1143 3936 1416 3989 Possemus
1455 3935 1599 4003 plura
1652 3936 1820 3990 adhuc
1858 3935 1925 3990 de
1968 3935 2155 3989 divinis

642 4028 928 4097 Seripluris
949 4025 1183 4093 proferre
1212 4024 1526 4087 testimonia,
1553 4039 1669 4092 quas
1693 4022 1719 4061 ιδ
1743 4025 1886 4093 juxta
1914 4025 2154 4093 baptismi

636 4127 1013 4171 sacramentum
1051 4114 1357 4168 Trinitatem
1405 4114 1557 4166 unius
1606 4115 1807 4180 gloria,
1836 4114 2155 4181 operationis

639 4220 701 4255 ac
732 4204 973 4269 potentiae
995 4201 1325 4253 manifestam
1355 4217 1368 4249 :
1399 4202 1486 4250 sed
1516 4201 1633 4265 quia
1665 4216 1730 4251 ex
1760 4201 1838 4252 his
1868 4202 2049 4265 plenus
2076 4211 2155 4252 est

641 4291 951 4355 sapientium
996 4289 1305 4347 intellectus,
1357 4287 1514 4335 multa
1557 4286 1932 4350 prmterivimus
1984 4288 2155 4338 studio

643 4374 932 4428 brevitatis.

712 4461 847 4513 XXI.
897 4460 1276 4527 Recapitulatio.
1300 4487 1365 4495 ——
1388 4458 1656 4509 Faciamus
1696 4472 1817 4524 ergo
1850 4458 2151 4523 recapitula-

645 4551 833 4599 tionem
877 4547 1128 4599 dictorum
1173 4554 1487 4596 nostrorum.
1537 4544 1590 4595 Si
1622 4546 1684 4595 de
1730 4545 1876 4596 Patre
1925 4545 2155 4610 procedit
2216 4558 2223 4565 '

646 4636 866 4702 Spiritus
906 4644 1131 4689 sanctus.
1163 4634 1204 4684 si
1234 4632 1435 4694 liberat,
1467 4633 1508 4682 si
1552 4632 1794 4683 Dominus
1842 4642 1921 4684 est
1958 4643 2010 4683 et
2038 4646 2157 4683 san-

644 4727 853 4787 ctificat,
878 4725 918 4777 si
942 4734 1079 4776 creat
1103 4740 1215 4775 cum
1238 4725 1385 4774 Patre
1400 4731 1450 4773 et
1472 4722 1602 4772 Filio
1622 4733 1673 4773 et
1696 4722 1934 4784 vivificat,
1959 4720 2003 4773 si
2026 4736 2156 4787 prte-

646 4798 913 4868 scientiaut
945 4813 1096 4865 habet
1138 4827 1252 4863 cum
1287 4812 1435 4861 Patre
1464 4819 1516 4862 et
1546 4812 1691 4872 Filio,
1718 4813 1760 4863 si
1794 4812 1979 4877 ubique
2004 4820 2156 4863 estet

643 4903 820 4973 implet
850 4903 1043 4969 omnia,
1074 4903 1115 4954 si
1156 4900 1350 4953 habitat
1378 4900 1427 4950 in
1466 4900 1661 4962 electis,
1706 4901 1747 4951 si
1790 4900 1957 4966 arguit
2008 4916 2157 4952 mun-

711 5067 734 5093 ⁸
760 5056 994 5122 Vulgata,
1015 5054 1329 5122 Advocatum,
1348 5050 1482 5114 quod
1513 5050 1643 5103 idem
1671 5060 1765 5101 est.
1785 5051 1994 5122 Gr_:ecus
2014 5054 2149 5106 enim

643 5136 810 5176 textus
850 5118 1037 5181 habet,
1080 5120 1385 5190 Παράξιλητον
1409 5156 1422 5175 ,
1462 5133 1489 5167 a
1530 5132 1625 5182 qua
1653 5133 1793 5190 voce
1834 5118 2111 5171 Paraclitus
2136 5160 2151 5183 ,

643 5198 793 5244 etiam
836 5206 923 5254 per
955 5187 1169 5239 litteram
1216 5187 1233 5234 i
1277 5188 1499 5236 breviter
1531 5194 1582 5254 ut
1618 5188 1757 5254 aiunt
1796 5190 2111 5239 enuntiatum
2137 5227 2152 5248 ,

644 5252 860 5309 derivari
890 5264 1076 5321 potest,
1104 5264 1153 5304 ut
1185 5254 1414 5317 pluribus
1439 5252 1615 5317 probat
1644 5253 1699 5303 Υ.
1722 5254 1780 5305 U.
1812 5256 2035 5306 Joannes
2063 5258 2156 5305 Ba-

648 5329 796 5389 ptista
824 5326 1026 5383 Ttners,
1055 5323 1103 5371 in
1133 5322 1376 5385 singulari
1406 5321 1468 5372 de
1501 5323 1593 5389 line
1621 5335 1741 5370 voce
1774 5323 2152 5374 dissertatione.

714 5392 737 5425 ι)
768 5393 893 5451 Quin
943 5392 989 5439 in
1033 5390 1285 5451 baptismo
1321 5389 1529 5441 dicitur.
1568 5385 1625 5435 In
1659 5390 1848 5439 nomine
1886 5390 2084 5447 Patris,
2113 5400 2157 5440 et

651 5455 787 5515 Filii,
818 5468 860 5505 et
891 5457 1103 5521 Spiritus
1125 5456 1298 5517 sancti,
1328 5458 1427 5522 81
1456 5455 1638 5519 quibus
1668 5456 1832 5507 verbis
1858 5460 2021 5510 unitas
2042 5458 2154 5508 Tri-

651 5532 819 5573 nttatts
850 5531 1166 5580 Clel'lmllUl‘.

2252 3151 2341 3204 llte
2376 3152 2555 3217 utique
2601 3150 2843 3216 Spiritus,
2892 3164 3042 3216 quem
3091 3151 3272 3202 beatus
3300 3150 3487 3202 Petrus
3533 3151 3583 3202 in
3631 3159 3752 3201 tants

2250 3240 2561 3291 sttblimitate
2588 3239 2900 3305 praedicavit,
2929 3238 3105 3290 dicens
3129 3254 3140 3289 :
3176 3237 3371 3303 Spiritu
3413 3253 3503 3287 san
3524 3244 3587 3286 tto
3613 3238 3749 3287 misso

2253 3328 2313 3378 de
2370 3328 2540 3389 caelis,
2594 3327 2644 3375 in
2680 3342 2828 3389 quem
2867 3326 3217 3389 concupiscunt
3271 3326 3435 3390 angeli
3490 3327 3753 3392 prospicere

2255 3414 2457 3483 (lPetr.
2493 3414 2900 3481 1.12).Siangeli
2922 3428 3036 3465 eum
3059 3413 3272 3478 cupiunt
3297 3413 3551 3477 aspicere,
3582 3420 3757 3478 quanto
3812 3413 3814 3483 ε

2256 3507 2416 3573 magis
2446 3522 2537 3558 nos
2578 3507 2810 3557 homines
2849 3507 3090 3556 mortales
3118 3504 3143 3538 ά
3185 3519 3300 3556 eum
3342 3504 3614 3569 despicere
3664 3518 3751 3553 nun
3812 3538 3814 3545 .

2262 3598 2533 3657 debemus,
2563 3612 2628 3649 ne
2657 3595 2787 3647 forte
2816 3604 2868 3646 et
2894 3595 3041 3646 nobis
3068 3594 3288 3653 dicatur,
3311 3582 3445 3643 sicut
3472 3594 3664 3644 dictum
3690 3600 3756 3640 est

2258 3688 2319 3737 ad
2352 3685 2605 3737 Judazus:
2651 3683 2749 3734 Vos
2795 3698 2979 3751 semper
3030 3682 3239 3749 Spiritui
3291 3692 3461 3732 sancto
3505 3678 3756 3735 restitistis,

2259 3774 2384 3824 sicut
2420 3783 2465 3825 et
2494 3782 2658 3836 patres
2686 3771 2830 3822 vestri
2852 3770 2869 3837 (
2893 3770 2997 3821 Act.
3023 3784 3119 3829 νη,
3145 3769 3203 3821 51
3230 3769 3270 3833 ).

2332 3858 2492 3912 XXII.
2517 3858 2663 3925 Quod
2706 3859 2748 3911 si
2792 3857 2901 3909 haec
2940 3864 3084 3907 tanta
3120 3865 3171 3907 et
3201 3854 3317 3905 talia
3370 3867 3473 3906 non
3524 3850 3759 3905 inclinant

2254 3947 2482 4001 animum
2509 3947 2573 3999 ad
2596 3945 2942 4000 venerandum
2973 3943 3219 4009 Spiritum
3250 3949 3511 4003 sanctum,
3547 3938 3757 4005 accipito

2256 4038 2424 4092 adhuc
2464 4037 2651 4106 aliquid
2691 4035 2893 4089 fortius.
2920 4034 3007 4088 Sic
3030 4032 3168 4086 enim
3192 4030 3383 4084 Paulus
3415 4027 3626 4081 instruit
3650 4038 3759 4093 pro-

2256 4125 2437 4190 phetas
2450 4124 2781 4185 EcclesiaiJn
2804 4122 2987 4189 quibus
3002 4121 3177 4188 utique
3198 4126 3255 4171 et
3274 4132 3366 4185 per
3389 4130 3521 4185 quos
3543 4115 3759 4182 Spiritus

2262 4220 2470 4261 sanctus
2499 4210 2827 4274 loquebatur:
2852 4209 2930 4268 Si,
2952 4208 3135 4273 inquit,
3166 4221 3330 4258 omnes
3357 4204 3762 4272 praphetaoerittt.

2269 4295 2415 4344 intret
2442 4304 2601 4343 autent
2626 4294 2804 4357 aliquis
2826 4292 3059 4357 inﬁdelis,
3083 4300 3167 4342 aut
3190 4293 3365 4349 idiota,
3387 4286 3762 4340 convinciturab

2180 4350 2233 4407 D
2253 4368 2505 4439 omnibus,
2522 4378 2830 4427 excutiuntur
2849 4376 2907 4427 ab
2931 4377 3170 4437 omnibus,
3188 4377 3377 4425 occulta
3401 4389 3595 4440 quoque
3618 4372 3762 4424 cordis

2257 4470 2365 4533 ejus
2382 4465 2639 4530 manifesta
2662 4462 2750 4530 [ιιι.
2770 4461 2901 4529 sunt]
2928 4461 3051 4527 ﬁunt
3071 4471 3147 4513 :et
3178 4473 3291 4511 tunc
3321 4462 3500 4510 cadens
3521 4461 3574 4510 in
3605 4461 3762 4524 facient

2259 4553 2484 4604 adorabit
2514 4551 2693 4614 Deum,
2743 4551 3063 4617 pronuntians
3092 4549 3206 4610 quia
3230 4563 3338 4598 vere
3383 4546 3516 4597 Deus
3562 4548 3617 4596 in
3646 4544 3764 4597 vobis

2255 4648 2326 4691 est
2356 4637 2411 4707 (Ι
2445 4635 2560 4689 Cor.
2619 4653 2720 4697 xw,
2750 4636 2839 4697 21.
2867 4634 2988 4701 9.5).
3023 4635 3091 4687 Et
3125 4618 3301 4700 utique
3346 4633 3396 4683 iu
3434 4635 3511 4684 eis
3549 4632 3764 4698 Spiritus

2256 4736 2464 4781 sanctus
2484 4735 2581 4787 est,
2614 4726 2699 4793 qui
2728 4724 3054 4791 prOpbetant.
3083 4723 3133 4777 Si
3166 4736 3289 4790 ergo
3320 4720 3560 4773 inﬁdeles
3583 4720 3759 4775 cadunt

2258 4816 2307 4866 in
2342 4815 2541 4877 faciem,
2570 4821 2624 4864 et
2650 4813 2864 4863 adorant
2910 4812 3154 4877 Spiritum
3200 4820 3432 4863 sanctum
3480 4807 3758 4876 perterriti,

2258 4911 2309 4955 et
2329 4901 2639 4954 conﬁtentur
2657 4899 2677 4968 [
2694 4898 2834 4962 Lor.,
2852 4896 3005 4965 victi]
3034 4898 3175 4949 inviti
3202 4914 3215 4950 :
3242 4905 3433 4964 quanto
3460 4897 3631 4963 magis
3657 4895 3761 4947 title

2330 5060 2350 5087 ε
2394 5050 2477 5104 Sic
2524 5047 2723 5109 (ἔοι-ιιι..
2766 5048 2906 5108 Ful.,
2936 5047 3081 5101 Colb.
3111 5048 3158 5111 1,
3192 5048 3462 5101 Lorichius
3488 5057 3541 5101 et
3588 5048 3760 5103 Ortho-

2257 5119 2378 5172 dos.
2426 5121 2495 5168 At
2521 5116 2693 5168 caeteri
2743 5116 2947 5176 habent,
2998 5116 3127 5166 Deus
3169 5132 3265 5167 non
3293 5126 3376 5181 stt,
3417 5131 3527 5166 cum
3574 5128 3765 5181 operum

2259 5186 2612 5253 magnitudine,
2645 5186 2774 5249 quod
2803 5194 2873 5234 est
2904 5186 3005 5250 ipse
3033 5187 3327 5253 manifestet.

2326 5248 2359 5290 αῖ
2392 5248 2679 5313 Lortclt'tus,
2710 5267 2804 5301 non
2834 5248 3119 5316 den'egemus
3146 5248 3277 5301 eum.
3304 5251 3367 5302 Et
3387 5248 3764 5315 inferius,.Spt'-

2258 5323 2375 5371 ritui
2403 5333 2565 5372 sancto
2596 5322 2857 5369 resististis.
2892 5320 2943 5369 In
2974 5320 3251 5383 Scriptura:
3281 5326 3419 5369 textu
3455 5320 3675 5369 habt-tur
3702 5329 3765 5363 re-

2259 5390 2446 5441 sistitis.
2478 5387 2669 5439 Tamen
2718 5387 2767 5437 in
2799 5387 3046 5439 breviario
3094 5384 3208 5437 lidei
3252 5386 3385 5450 apud
3417 5383 3763 5438 Sirmondnm.

2261 5458 2390 5507 sicut
2421 5466 2471 5507 et
2518 5455 2617 5513 hic,
2654 5455 2834 5519 legitur
2877 5452 3155 5511 restitistis;
3182 5466 3340 5517 quare
3386 5465 3567 5503 vocem
3618 5451 3759 5507 hanc.

2262 5538 2372 5585 quae
2402 5524 2449 5574 in
2480 5521 2629 5573 editis
2658 5532 2708 5573 et
2738 5535 2860 5572 mss.
2892 5520 3126 5580 habetur,
3159 5520 3477 5571 retinuimus.
