3814 6228
122 270 203 324 235
944 270 1029 325 DE
1069 270 1579 328 PEltSEClﬁ'llONE
1617 268 1987 326 V'ANDALICA
2027 270 2151 325 Litt.
2194 270 2277 325 IV;

126 383 230 435 libus
251 380 439 448 expedit
463 386 523 433 ut
549 378 844 435 voluntarie
862 388 915 434 et
940 396 1002 435 ex
1026 380 1215 436 ail'ectn
1241 382 1461 436 adorent
1481 382 1595 449 Spi-
1623 384 1672 443 Α
1698 379 1783 447 qui
1799 380 1841 432 si
1857 378 2182 432 Christianus
2207 384 2443 445 vocetur,
2467 384 2520 431 et
2548 391 2652 431 non
2681 374 2832 433 fuerit
2852 375 3124 457 spiritalis,
3146 390 3243 431 nec

126 474 248 523 ritum
272 470 528 523 sanctum?
574 470 836 523 Adoratur
860 478 1033 524 autem
1084 470 1315 539 Spiritus
1367 478 1602 533 sanctus,

125 575 204 611 non
223 561 347 627 quasi
374 561 651 627 separatim
684 574 830 613 more
850 561 1145 627 gentilium,
1165 562 1299 614 sicut
1323 575 1419 614 nec
1441 560 1607 613 Filius

122 650 348 715 separatim
397 651 665 710 aduratur,
712 647 833 715 quia
877 648 926 701 itt
972 633 1185 703 dextera
1221 648 1390 702 Patris
1436 658 1546 713 est;
1578 656 1605 685 ι

120 741 189 791 sed
210 754 309 791 cum
331 738 612 792 adoramus
645 738 878 804 Patrem,
906 740 1172 794 credimus
1214 754 1310 793 nos
1338 750 1389 793 et
1420 740 1604 792 Filium

119 838 155 878 rt
177 826 393 893 Spiritum
420 838 656 880 sanctum
699 829 955 881 adorare:
1001 829 1119 897 quia
1147 839 1200 883 et
1243 844 1364 884 cum
1416 828 1601 881 Filium

121 917 389 981 invocamus,
429 915 637 969 Patrem
681 931 776 989 nos
812 917 1077 971 credimus
1106 919 1375 979 invocztre,
1410 926 1464 969 et
1486 932 1603 969 cum

123 1007 288 1059 Patrem
325 1020 585 1073 rogamus,
614 1020 642 1058 a
675 1005 805 1060 Filio
844 1021 940 1059 nos
985 1007 1223 1061 exaudiri
1270 1006 1601 1071 confidimus,

118 1094 215 1147 sicut
240 1098 337 1158 Ipse
368 1095 612 1147 Dominus
634 1096 765 1147 dixit
795 1111 811 1147 :
847 1095 1108 1160 Quidquid
1127 1095 1373 1164 petieritis
1403 1094 1604 1147 Patrem

117 1183 152 1231 in
178 1183 349 1234 nomine
374 1198 501 1248 meo,
526 1199 616 1251 ego
646 1183 850 1251 faciam,
886 1192 937 1234 ut
963 1182 1317 1249 Itonori/icetur
1354 1183 1504 1235 Pater
1551 1182 1602 1235 in

119 1270 219 1325 leio
242 1272 413 1341 (Joan.
446 1289 554 1338 xtv,
590 1273 706 1341 15).
741 1274 867 1326 Etsi
899 1273 1125 1341 Spiritus
1167 1285 1379 1327 sanctus
1408 1272 1598 1325 adora-

116 1374 193 1423 tor.
232 1364 307 1421 ille
334 1366 508 1432 utique
557 1362 805 1417 aduratur
860 1365 1008 1429 cujus
1054 1372 1136 1416 est
1185 1362 1429 1430 Spiritus.
1471 1361 1600 1413 illud

114 1463 245 1506 autem
269 1453 431 1506 nullus
461 1454 685 1521 ignorat,
718 1452 835 1521 quia
862 1451 1050 1505 divinae
1073 1450 1332 1518 majestati
1361 1464 1459 1504 nec
1479 1448 1599 1503 addi

113 1544 364 1611 quidquam,
391 1559 487 1598 nec
513 1544 675 1596 minui
709 1543 948 1595 humanis
991 1540 1467 1609 supplicationibus
1504 1556 1601 1608 po-

114 1644 189 1686 test
213 1652 224 1687 :
244 1631 261 1704 [
284 1634 394 1687 Lor.
432 1630 665 1701 sic}sed
697 1631 1055 1699 unusquisque
1088 1630 1373 1684 secundum
1404 1646 1600 1701 propo-

111 1725 234 1776 situm
260 1724 529 1776 voluntatis
558 1737 688 1785 suae,
720 1732 810 1777 aut
832 1723 1050 1792 gloriam
1072 1722 1172 1777 sibi
1214 1723 1438 1791 acquirit
1467 1722 1596 1776 ﬁde-
1632 1738 1677 1797 Β

110 1814 207 1865 liter
231 1813 535 1874 venerando,
565 1821 652 1865 aut
694 1812 1054 1866 confusionem
1085 1821 1388 1881 perpetuam
1442 1813 1600 1881 perti-

107 1903 267 1954 naciter
303 1901 610 1955 resistendo.
642 1900 856 1955 Certum
886 1911 965 1956 est
1010 1903 1150 1955 enim
1180 1901 1297 1970 quia
1348 1903 1597 1969 superbia

107 1999 154 2041 et
175 1988 196 2025 δ
214 1992 514 2059 contemptio
542 1991 774 2054 damnat,
802 1989 1196 2043 honoriﬁcentia
1221 2004 1347 2043 vero
1376 1994 1597 2042 tructutn

107 2080 355 2134 devotionis
374 2089 669 2149 exspectat.
693 2080 866 2145 Quare
894 2088 1068 2133 autem
1094 2078 1272 2133 ﬁdeles
1303 2093 1403 2130 non
1429 2077 1597 2130 hono-

107 2170 273 2223 rftoeut
317 2172 516 2239 integre
561 2170 900 2231 Trinitatem.
931 2170 995 2223 ad
1040 2184 1194 2238 quam
1225 2184 1284 2223 se
1333 2169 1598 2238 pertinere

105 2258 366 2320 confidunt.
411 2258 565 2327 cujus
613 2259 824 2311 nomine
852 2272 909 2312 se
960 2242 1373 2325 renatos,'cujus
1416 2270 1601 2310 servos

104 2362 152 2397 te
177 2349 399 2400 nominari
429 2347 752 2415 gloriantur?
775 2346 902 2400 Nam
932 2347 1068 2400 sicut
1086 2345 1192 2417 [αι.
1221 2346 1286 2399 ad
1311 2343 1543 2415 nomen]
1570 2363 1599 2399 a

104 2439 279 2493 nomine
300 2440 387 2493 Dei
418 2440 586 2493 Patris
615 2440 854 2491 homines
894 2438 982 2490 Dei
1028 2437 1377 2505 appellantur,
1408 2448 1466 2490 ut
1495 2437 1589 2489 He-

104 2527 183 2577 lias
208 2527 346 2581 homo
374 2529 464 2581 Dei
494 2529 667 2581 dictus
692 2536 791 2589 est,
817 2536 875 2579 ut
904 2527 1108 2596 Moyses
1136 2525 1291 2579 homo
1314 2526 1405 2578 Dei
1431 2525 1602 2595 appel-

102 2614 215 2668 latus
232 2626 330 2677 est;
360 2618 437 2669 sic
461 2631 489 2668 a
536 2615 749 2669 Christo
779 2615 1063 2670 Christiani
1114 2630 1496 2683 nuncupantur,
1525 2616 1604 2671 sic

102 2704 235 2755 etiam
258 2721 283 2757 a
309 2705 503 2774 Spiritu
551 2704 813 2772 spiritales
839 2705 1197 2772 appellantur.
1226 2706 1279 2760 Si
1309 2708 1465 2774 igitur
1510 2723 1604 2760 vo-

101 2801 223 2847 cctttr
237 2797 339 2863 quis
365 2794 523 2850 homo
550 2795 661 2861 Dei,
680 2803 737 2849 et
761 2810 862 2849 non
888 2797 955 2849 sit
975 2796 1321 2863 Christianus,
1350 2798 1477 2851 nihil
1498 2807 1606 2863 est;

158 2932 182 2960 ⁸
214 2924 463 2980 Lorichius
490 2928 701 2981 brevius
735 2929 810 2981 sic
851 2929 1028 2991 habet,
1059 2930 1145 2981 sed
1188 2948 1302 2982 cum
1329 2924 1603 2984 adoramus

102 2990 295 3062 fatum,
323 2996 569 3047 credimus
597 2999 827 3062 invocare
856 2990 1103 3062 Spiritum
1128 3011 1386 3057 sanctum;
1416 3012 1461 3051 et
1489 3017 1602 3051 cum

100 3059 275 3131 Patrem
299 3079 591 3127 rogamus,a
622 3061 759 3115 Filio
779 3080 868 3115 nos
895 3059 1126 3116 exaudiri
1151 3067 1470 3131 conﬁdimus,
1498 3081 1599 3120 etc.

154 3127 293 3200 {Sic
334 3132 519 3194 Mam;
570 3146 687 3199 qum
724 3134 902 3200 utique
957 3134 1108 3186 lcetio
1152 3127 1353 3187 videtur
1396 3138 1601 3189 caeteris

98 3196 404 3265 prrferenda,
451 3196 834 3266 qttte'habent,‘
876 3203 1140 3256 contentio.
1172 3202 1400 3256 Loricltii
1441 3206 1603 3259 editio

96 3267 304 3321 eamdem
330 3284 560 3324 nostram
588 3271 863 3324 lectionem
894 3272 1187 3335 continuat,
1213 3274 1366 3327 habet
1389 3275 1600 3344 quippe,

96 3344 388 3403 contemptus.

154 3414 173 3440 ε
210 3404 339 3458 Inter
376 3408 649 3461 Missarum
695 3408 945 3463 solemnia
992 3419 1099 3465 tum
1146 3411 1334 3471 Grmci,
1367 3420 1473 3465 tum
1507 3412 1604 3465 La-

94 3472 458 3548 tini,_hymnunt
505 3478 645 3548 hunc
672 3487 899 3548 cantare
940 3494 1151 3546 semper
1194 3492 1598 3548 consuevierunt,

92 3542 212 3620 quod
253 3557 359 3596 Cum
400 3546 637 3620 nonnulli
668 3547 718 3599 in
760 3547 924 3620 Gallis
950 3542 1096 3620 estr'a
1142 3552 1328 3603 missas
1370 3542 1606 3620 publicas

94 3611 417 3730 neglige-rent,
466 3615 648 3667 statuit
711 3619 939 3683 synodus
988 3618 1233 3672 Vasensis
1298 3611 1435 3671 anno
1477 3619 1601 3682 5:19,

94 3692 191 3730 rau.
252 3721 264 3730 .
294 3692 343 3730 ut
371 3685 423 3730 in
448 3684 677 3730 omnibus
702 3685 882 3730 missis-
910 3687 1009 3730 sive
1036 3688 1311 3730 ntntiuinis-
1344 3688 1443 3730 sine
1481 3705 1601 3730 mm.

92 3692 191 3753 rau.
216 3684 264 3753 5.
294 3692 343 3733 ut
371 3685 423 3753 in
448 3684 677 3735 omnibus
702 3685 884 3747 missis,
910 3687 1009 3737 sive
1036 3688 1313 3747 matutinis,
1344 3688 1443 3738 sive
1481 3705 1605 3753 qutt-

93 3749 500 3819 dragesimatibus,
549 3754 624 3803 vel
668 3768 779 3819 qua:
823 3754 875 3805 in
920 3757 1464 3807 commemorationibus
1492 3749 1607 3807 "de-

90 3816 351 3889 [Ἶβετοηιηι
378 3822 529 3884 βνηί,
557 3816 749 3889 δξιηρεν
774 3836 829 3872 t’o
853 3824 1029 3885 ordine
1070 3839 1169 3889 quo
1200 3826 1265 3873 ad
1293 3828 1465 3874 ntfstas
1507 3840 1602 3885 pu-

91 3882 222 3936 blicas
245 3882 525 3939 diceretur.
579 3882 835 3941 De'variis
864 3890 974 3939 istis
1001 3882 1175 3941 missis
1204 3890 1396 3941 videsis
1420 3882 1601 3939 Malti-

90 3952 260 4021 lonium
284 3953 409 4007 lib.t
441 3957 507 4006 de
535 3953 762 4019 Liturgia
793 3954 1079 4016 Gallicana,
1106 3970 1220 4021 cap.
1252 3956 1305 4015 6,
1339 3958 1417 4007 vel
1445 3956 1511 4007 de
1542 3956 1604 4008 iis

86 4018 234 4087 iusius
259 4021 601 4085 disserentem
651 4018 746 4087 νέω
784 4023 1052 4075 memoriae
1095 4018 1416 4075 cardinalem
1465 4025 1602 4077 [tona

88 4086 164 4139 lib.
186 4102 205 4138 ι
235 4087 419 4140 Rerum
452 4086 869 4159 Liturgic.,_cap.
904 4091 968 4142 15
998 4100 1051 4143 et
1079 4093 1438 4159 sequentibus.
1466 4093 1607 4147 (Save

85 4164 239 4230 autem
286 4172 351 4207 ne
390 4158 683 4230 confundas
722 4157 875 4230 hunc
920 4157 1195 4230 hymnum,
1242 4177 1396 4230 quem
1439 4159 1604 4215 Grmci

86 4222 293 4277 imitatos
335 4224 821 4301 seu_triumphutem
854 4222 1141 4301 appellant,
1184 4222 1273 4285 ide'
1303 4248 1407 4301 quo
1450 4232 1605 4284 ls;tias

84 4302 181 4356 cap.
210 4307 279 4369 vt,
300 4301 375 4369 _et
416 4295 647 4369 JOanues
697 4296 779 4369 in“
801 4300 1106 4368 Apocalypsi
1139 4315 1253 4369 cap.
1286 4295 1354 4366 w',
1381 4318 1498 4354 cum
1542 4318 1606 4353 eo

83 4362 402 4441 guemiidetu
430 4366 691 4441 aptatia-zu»
733 4362 1244 4441 dicunt;_quemqtie
1288 4362 1358 4423 illi
1390 4372 1602 4435 smpius,

85 4426 232 4484 Latini
265 4447 391 4486 Vero
415 4426 662 4486 se'tnel'in
690 4449 847 4495 anno.
878 4426 1015 4490 feria'
1043 4426 1243 4493 scilicet
1267 4451 1413 4493 sexta
1446 4426 1600 4494 liora.-

82 4512 263 4575 sceves,
294 4516 511 4578 cantare
546 4504 735 4578 solent.
770 4505 1188 4578 SanctusUDeus,
1232 4518 1453 4569 sanctus,
1504 4511 1609 4578 [or-

80 4572 149 4641 ζέε,
175 4578 274 4643 etc.
300 4572 373 4643 De
394 4573 477 4625 bis
496 4574 712 4625 consule
734 4584 967 4627 nostrum
1000 4576 1266 4643 llngo'netu
1301 4572 1604 4633 Menardum

82 4639 125 4713 tu
150 4639 279 4713 uotis
307 4641 371 4713 ad
411 4645 879 4713 sacratneutariutu
923 4639 1326 4712 Grcgdﬁanum,
1362 4662 1475 4713 pag.
1514 4648 1597 4710 lt),

80 4704 230 4761 dehis
257 4708 417 4762 rebus
444 4710 560 4761 fuse
584 4720 636 4763 et
658 4711 860 4763 erudite
895 4704 1261 4767 disserentem.

1706 469 1805 523 sibi
1828 472 1953 522 satis
1986 468 2051 522 de
2078 470 2247 522 salute
2268 466 2509 521 conﬁdat.

1775 555 2057 612 XXlll.Sit
2084 571 2209 625 ergo
2240 556 2385 610 nobis
2408 556 2691 621 secundum
2718 554 2965 608 salutaris
2995 553 3241 622 baptismi

1707 646 2088 700 confessionem
2115 647 2241 699 fides
2269 645 2468 714 integra
2498 645 2788 710 Trinitatis,
2814 646 2881 698 sit
2908 659 3010 698 una
3031 646 3242 699 devtttio

1707 738 1916 803 iactatis
1943 753 1958 790 :
1991 752 2087 792 nec
2113 751 2256 791 more
2277 737 2545 805 gentilium
2570 747 2885 803 pctesmtum
2913 736 3243 790 diversitates

1705 828 2003 894 Opiuemur,
2032 836 2123 879 aut
2152 835 2447 881 creaturam
2496 836 2746 895 quantum
2786 826 2850 879 ad
2897 826 3144 879 deitatem
3190 827 3241 878 in

1707 913 1964 968 Trinitate
1994 918 2339 984 suspicemur.
2385 914 2489 970 Sed
2522 930 2619 969 nec
2664 914 2965 969 indecorum
2995 914 3242 967 seandalo

1706 1020 2033 1070 moveamur,
2061 1008 2145 1074 qui
2170 995 2357 1059 Filium
2389 1006 2479 1059 Dei
2512 1006 2612 1074 33
2633 1013 2842 1073 negant,
2874 1005 2961 1073 qui
2988 1005 3239 1073 Spiritum

1704 1104 1943 1147 Sanctum
1994 1111 2095 1148 nott
2135 1096 2388 1158 adoiant;
2421 1095 2512 1149 sed
2547 1095 2717 1161 potius
2749 1095 3030 1163 perfectam
3061 1096 3240 1150 Trini-

1708 1180 1867 1237 tatem
1895 1185 2180 1240 adorantes
2228 1198 2281 1240 et
2304 1186 2714 1255 magnificantes.
2745 1186 2878 1238 sicut
2903 1197 2925 1225 ο
2957 1188 3007 1239 itt
3050 1196 3241 1257 mystc-

1704 1272 1794 1325 riis
1815 1288 1910 1327 ore
1955 1283 2138 1327 nostro
2178 1274 2422 1338 dicimus,
2457 1274 2524 1328 ita
2576 1275 2895 1328 conscientia
2952 1286 3240 1339 teneamus,

1704 1362 1943 1428 Sanctus,
1967 1362 2208 1423 Sanctus,
2225 1363 2444 1417 Sanctus
2461 1362 2705 1416 Dominus
2737 1363 2873 1417 Deus
2892 1366 3117 1420 sabaotlt.
3141 1366 3244 1420 Ter

1702 1449 1941 1503 dicentes
1980 1450 2196 1503 Sanctus
2239 1465 2392 1504 unam
2434 1452 2867 1518 omnipotentiam
2907 1454 3240 1517 conﬁtemur.

1702 1539 1822 1606 quia
1847 1553 1947 1592 una
1988 1548 2067 1593 est
2118 1539 2319 1606 religio,
2354 1554 2456 1593 una
2507 1539 2819 1607 gloriﬁcatio
2862 1542 3155 1607 Trinitatis,
3188 1552 3243 1597 nt

1702 1626 1978 1681 audiamus
2009 1627 2074 1680 ab
2118 1629 2388 1697 Apostolo,
2436 1628 2570 1681 sicut
2617 1628 2895 1682 audierunt
2940 1631 3239 1684 Corinthii:

1703 1714 1878 1767 Gratia
1926 1715 2124 1769 Domini
2163 1716 2316 1769 nostri
2358 1715 2481 1769 Jem
2510 1714 2716 1781 Christi,
2747 1726 2792 1769 et
2819 1718 3018 1770 dilectio
3052 1720 3162 1778 Dei.
3192 1733 3241 1773 et

1703 1808 2085 1860 communicatio
2157 1807 2379 1874 Spiritus
2450 1812 2608 1862 sancti
2652 1825 2763 1861 cum
2827 1811 3051 1862 omnibus
3104 1811 3239 1863 vobis

1707 1892 1807 1963 (ll
1839 1895 1955 1949 Cor.
1983 1911 2091 1962 stu,
2118 1898 2182 1951 15
2204 1898 2244 1963 ).
2272 1899 2386 1952 llaec
2420 1908 2500 1952 est
2544 1898 2670 1952 ﬁdes
2698 1908 2899 1963 nostra,
2929 1899 3197 1965 evangelia
3217 1914 3243 1952 s

1702 1994 1757 2038 ct
1801 1987 2100 2052 apostolicis
2150 1987 2516 2039 traditionibus
2562 1980 2717 2055 atque
2743 1984 2767 2024 ἀ
2803 1996 3116 2041 auctur.tate
3154 1989 3243 2041 ﬁr-

1705 2084 1865 2140 mata,
1896 2091 1945 2129 et
1977 2076 2208 2128 omnium
2230 2092 2345 2142 qua:
2374 2077 2422 2129 in
2456 2077 2649 2130 mundo
2696 2086 2819 2130 sunt
2864 2078 3240 2132 catholicarum

1705 2165 2046 2220 ecclesiarum
2079 2166 2329 2218 societate
2367 2166 2601 2231 fundata,
2631 2167 2681 2219 in
2725 2182 2824 2235 qua
2848 2182 2944 2219 nos
2990 2183 3082 2235 per
3126 2183 3242 2234 επις

1700 2256 1823 2310 tiam
1874 2256 1966 2309 Dei
2012 2254 2384 2321 omnipotentis
2439 2269 2748 2322 permanere
2795 2271 2958 2323 usque
2988 2255 3051 2308 ad
3085 2257 3239 2309 ﬁnem

1701 2345 1822 2398 vita:
1853 2345 2005 2411 hujus
2032 2344 2348 2397 conﬁdimus
2376 2352 2429 2396 et
2465 2359 2760 2412 speramus.

1774 2434 2002 2505 Explicit
2030 2433 2236 2488 libellus
2268 2433 2500 2488 directus
2530 2433 2627 2487 sub
2660 2432 2745 2507 die
2776 2433 2868 2505 [αι.
2896 2432 3025 2503 xvn]
3054 2448 3127 2486 xu
3154 2450 3243 2489 ca-

1702 2526 1979 2581 lendarum
2028 2525 2278 2579 Maiarum
2329 2540 2424 2593 per
2470 2523 2772 2578 Januarium
2806 2524 3242 2589 °Zattarensem,

1711 2617 2001 2671 Vitlaticnm
2032 2630 2061 2669 a
2088 2614 2545 2669 Casis-Medianis'
2564 2615 2843 2683 episcOpos
2872 2616 3155 2680 Numidiae,
3193 2627 3245 2671 et

1709 2708 2030 2762 Bonifacium
2062 2706 2523 2769 Foratianensem,
2565 2714 2617 2757 et
2655 2704 2976 2759 Bonifacium
3004 2705 3245 2761 ‘Gratia-

1712 2814 1926 2852 nensem
1958 2798 2231 2865 episcopos
2264 2794 2544 2864 provincia:
2573 2794 2871 2862 Byzacenae.

1771 2930 1798 2969 ἀ
1843 2933 2036 2985 Desunt
2083 2931 2193 2983 haec
2236 2931 2340 2981 dtto
2372 2930 2549 2992 verba,
2597 2929 2889 2981 auctoritate
2924 2930 3143 2996 ﬁrmata,
3192 2932 3243 2989 iu

1702 2999 1853 3053 Colb.
1883 3001 1935 3061 2,
1967 3000 2186 3051 ΟΓιΙιοιΙ.
2220 2997 2460 3051 thenan.
2496 3010 2547 3051 et
2580 2998 2843 3051 Lorit-hio.

1776 3078 1798 3104 θ
1828 3069 2064 3129 Plerique
2087 3080 2238 3131 mss.,
2261 3066 2619 3119 Zatterenscm.
2637 3066 2782 3120 Colb.
2815 3069 2860 3129 l,
2880 3067 3240 3124 Zaitarensem.

1705 3136 1760 3189 In
1792 3135 1979 3189 Notitia
2011 3136 2248 3189 Africana
2279 3136 2329 3186 iu
2362 3149 2458 3187 ms.
2493 3136 2653 3186 Laud.
2686 3137 2876 3188 dicitur
2911 3136 3240 3190 Jacterensis.

1709 3205 1837 3258 Vide
1861 3220 1977 3271 qua:
2004 3205 2053 3257 in
2084 3204 2219 3257 notis
2246 3203 2310 3256 ad
2342 3204 2504 3269 ipsum
2535 3203 2780 3255 Notitiam
2810 3206 3149 3257 observamus
3175 3208 3241 3259 de

1707 3274 1805 3327 hac
1826 3274 1973 3327 urbe.
2006 3274 2167 3328 Porro
2198 3273 2469 3326 Lorichius
2497 3287 2589 3339 pro
2634 3272 2933 3325 Ianuarium
2966 3272 3121 3326 habet
3148 3272 3240 3326 Je-

1708 3360 1965 3399 nmmum.

1780 3412 1799 3450 ί
1843 3412 1991 3465 Colb.
2026 3413 2074 3477 Ι,
2107 3411 2370 3473 Rhenan.,
2403 3419 2455 3463 ct
2484 3409 2654 3473 Bald.,
2697 3408 2814 3462 Cati
2834 3426 3065 3462 mensem.
3099 3411 3242 3465 Port.

1706 3491 1759 3534 et
1804 3484 1954 3534 Urtlt.
2004 3476 2125 3535 cum
2170 3481 2433 3541 Loricltio,
2484 3480 2842 3532 Gazanensem.
2889 3476 3041 3533 Colb.
3090 3482 3244 3545 alter,

1704 3551 1879 3615 Mam,
1922 3549 2061 3613 Ful.,
2097 3559 2151 3603 et
2192 3551 2397 3614 Gertn.,
2431 3548 2787 3602 Cazanensem.
2818 3548 2873 3600 ltt
2904 3551 3077 3602 collat.
3122 3549 3246 3602 Car-

1706 3620 1870 3684 thag..
1898 3634 2010 3684 cap.
2049 3620 2169 3675 198.
2219 3620 2354 3670 inter
2382 3619 2655 3685 episcopos
2689 3617 2983 3669 Donatistas
3009 3632 3246 3670 recense-

1706 3698 1789 3741 tur
1820 3687 1986 3757 Victor
2022 3688 2280 3757 episcopus
2304 3687 2666 3740 Gratianensis.
2692 3686 2855 3757 Porro
2883 3686 3002 3757 licet
3022 3688 3107 3737 alii
3140 3700 3246 3757 tres

1705 3757 1936 3822 episcopi
1966 3754 2059 3808 hic
2094 3754 2365 3808 memorati
2398 3764 2773 3822 recenseantur
2817 3756 2865 3805 in
2893 3754 3083 3822 Notitia
3113 3755 3247 3806 Afri.
3320 3774 3327 3780 -

1704 3838 1852 3884 cana,
1890 3820 1967 3875 ibi
2017 3834 2185 3875 tamen
2218 3824 2544 3875 desideratur
2571 3821 2824 3888 Bouifacii
2869 3822 3018 3883 hujus
3046 3820 3249 3873 Gratia-
3322 3836 3323 3839 ‘

1705 3891 1871 3940 nensis
1899 3905 2085 3940 nomen
2117 3907 2128 3939 :
2157 3892 2292 3954 quod
2338 3903 2465 3941 sane
2492 3890 2678 3939 mirum
2706 3898 2802 3939 cst.
2831 3888 2937 3939 Nisi
2970 3904 3010 3940 IS
3041 3890 3150 3953 ipse
3177 3894 3246 3942 sit

1704 3958 2047 4025 enjusApritno
2076 3956 2190 4009 loco
2215 3956 2510 4025 memorati
2535 3971 2721 4007 nomen
2761 3956 2987 4025 emittit;
3022 3965 3246 4025 tuncque

1706 4039 1799 4090 pro
1832 4023 2242 4091 Vassinassensis,
2278 4033 2343 4091 uti
2381 4023 2451 4076 ibi
2502 4022 2738 4084 habetur,
2787 4023 3059 4091 legendum
3106 4022 3248 4078 esset

1705 4093 2068 4146 Gratianensis.
2118 4090 2183 4144 Et
2228 4090 2435 4159 quidem
2485 4092 2667 4145 Petrus
2710 4090 2869 4144 abbas
2921 4092 2973 4143 itt
3023 4096 3247 4148 concilio

1706 4161 2098 4225 tiarthagiuensi
2128 4162 2225 4213 sub
2257 4162 2539 4223 Donifacio,
2575 4161 2811 4213 meminit
2840 4160 3088 4231 Bpnifacii
3114 4160 3245 4215 Gra-

1706 4232 1941 4287 tianensis
1970 4231 2185 4299 episcopi
2216 4233 2388 4301 prima:
2420 4232 2549 4282 sedis
2582 4232 2846 4301 provincia:
2866 4229 3157 4298 Byzacenw,
3182 4234 3247 4286 ad

1708 4313 1860 4367 quem
1892 4310 2187 4354 rec‘urrerat
2215 4302 2432 4353 absente
2453 4301 2699 4367 episcopo
2723 4300 3136 4366 Carthagiuensi.
3162 4305 3246 4355 cui

1708 4371 2082 4423 monasterium
2109 4368 2221 4435 ejus
2245 4370 2385 4421 nullo
2414 4370 2585 4420 medio
2610 4368 2899 4433 subjectum
2929 4381 3059 4422 erat.
3095 4372 3249 4423 Boni—

1710 4442 1873 4491 lacius
1900 4451 2093 4499 tamen,
2125 4439 2212 4504 qui
2262 4439 2379 4491 huic
2427 4438 2601 4491 libello
2632 4437 2749 4488 fidei
2787 4439 3116 4506 subscripsit,
3148 4458 3249 4493 non

1709 4510 1915 4561 videtur
1944 4506 2101 4559 fuisse
2127 4506 2342 4572 ptimas,
2366 4516 2483 4558 eum
2516 4515 2632 4571 post
2663 4506 2977 4558 Bonifacium
3010 4509 3249 4561 Fontis-

1710 4591 1921 4630 nensem
1953 4576 2338 4637 subscripserit,
2371 4576 2455 4640 qui
2501 4574 2711 4641 quidem
2762 4576 3056 4628 Bonifacius
3088 4578 3247 4631 Foru-

1712 4645 1960 4697 tianensis
1991 4645 2039 4694 in
2087 4642 2277 4694 Notitia
2329 4643 2536 4705 Al’ricm,
2577 4642 2711 4693 inter
2745 4642 2924 4695 Patres
2956 4645 3251 4714 ityzacenos

1633 4700 1680 4758 Ι)
1704 4714 2062 4779 sexagesimus
2092 4723 2305 4784 octavus
2332 4700 2672 4763 memoratur.

101 4834 3229 4862 F—————————-———————-———————-—————————-‘————————————_

965 4938 1433 5042 LIBER
1521 4940 1947 5065 QUAR
1974 4936 2299 5040 TU‘S.

868 5097 1178 5158 Housman
1234 5109 1617 5159 snvrru’tu
1677 5112 1997 5157 EPISCHPOS
2041 5112 2443 5157 carnoucos.

133 5212 167 5267 L
203 5215 517 5266 Arianorum
545 5208 827 5262 calumniis.
863 5242 934 5251 —
972 5216 1068 5279 Qui
1096 5214 1187 5285 [aL
1229 5215 1455 5285 cunque]
1484 5230 1602 5267 cum

78 5311 229 5356 muter
271 5301 495 5355 libellus
546 5300 824 5365 legeretur,
874 5302 1103 5355 oblatum
1148 5287 1385 5359 veritatis
1431 5306 1604 5357 lumen

78 5406 379 5461 iniquaquam
409 5385 644 5440 sufferre
670 5387 822 5441 caecis
847 5390 1010 5444 oculis
1038 5400 1317 5458 potuerunt
1344 5393 1607 5445 insanien-

80 5497 156 5543 Ic~,
174 5482 389 5535 roribus
424 5476 792 5539 infremen'es,
816 5482 1143 5549 graviterque
1174 5480 1422 5544 ferentes,
1445 5494 1607 5546 quare

76 5590 152 5626 nos
184 5574 400 5628 contine
442 5576 634 5620 nostro
660 5567 939 5624 catholicos
966 5570 1274 5625 dixerimus.
1318 5569 1607 5636 Statimque

318 5663 612 5722 Panos.
657 5652 842 5714 Ll'lll

1711 5212 2023 5265 mentientes
2054 5227 2079 5264 s
2102 5224 2341 5280 'ggerunt
2370 5216 2474 5282 regi
2508 5216 2572 5267 de
2602 5217 2772 5279 nobis,
2804 5232 2869 5270 eo
2899 5220 3033 5284 quod
3065 5228 3247 5294 strepi-

1712 5314 1814 5353 tum
1848 5301 2143 5364 t'ccctimns,
2164 5306 2481 5357 audientiam
2514 5306 2787 5373 fugientes,
2813 5310 2897 5372 qui
2921 5324 2949 5359 e
2984 5310 3099 5363 dem
3126 5319 3250 5371 hora

1709 5403 1957 5441 accen-us
1984 5398 2036 5441 et
2066 5391 2291 5443 credens
2314 5398 2608 5458 mendacio,
2634 5397 2890 5448 ieStinavit
2922 5398 3092 5453 facere
3113 5418 3251 5472 quon

1710 5480 1939 5531 volebat.
1993 5479 2055 5531 Et
2088 5481 2195 5548 jam
2238 5487 2591 5552 conscriptum
2622 5488 2889 5541 decretum
2932 5490 3157 5561 ltabctts,
3198 5511 3251 5551 ct

1688 5570 1913 5637 occulte
1949 5584 2069 5624 cum
2100 5574 2284 5629 eodem
2316 5576 2527 5631 decreto
2568 5592 2659 5645 per
2687 5577 2919 5633 dimisus
2956 5586 3251 5651 provincias
