3814 6228
1836 213 2141 269 γωοιιιδ
2182 213 2478 270 \‘lTliNSlS

3616 84 3797 282 ΣΙ

541 339 673 379 suos
698 323 932 375 homines
956 322 1202 389 dirigens,
1234 324 1495 393 episcopis
1520 320 1837 391 Carthagine
1876 322 2081 404 positis,
2114 324 2157 383 Α
2184 338 2244 377 se
2266 325 2527 379 conﬂictui
2562 337 2770 395 paratos
2795 338 3112 395 astruerent,
3142 331 3310 397 primo
3337 334 3421 387 die
3449 350 3478 387 ιι
3504 352 3550 389 vi
3569 353 3713 391 nera-

550 426 651 465 uoa
670 411 755 464 die
780 413 1036 464 universae
1057 411 1247 467 Alricm
1268 413 1516 466 ecclesias
1536 413 1743 473 clausit,
1766 412 2089 489 universam—

547 514 652 564 que
692 500 1034 553 substantiam
1078 501 1444 568 episcoporum
1492 509 1545 554 et
1590 498 1933 553 ecclesiarum
1979 501 2090 552 suis

544 588 802 656 episcopis
832 604 1049 643 munere
1077 589 1413 642 condonavit.
1454 588 1702 642 Nesciente
1729 603 1934 656 quoque
1963 588 2087 655 qttid

548 677 865 745 loqueretur,
894 694 1063 747 neque
1091 678 1157 731 de
1185 677 1372 744 quibus
1400 677 1718 742 afﬁrmabat,
1742 678 1908 745 legem
1931 693 2087 743 quam

546 768 739 821 dudum
765 768 1049 823 Christiani
1095 770 1437 835 imperatores
1480 771 1644 822 nostri
1676 780 1859 823 contra
1904 783 1997 822 eos
2037 778 2089 821 et

548 868 732 911 contra
774 858 904 910 alios
947 860 1222 912 haereticos
1262 874 1357 925 pro
1401 859 1795 913 honoriﬁcentia
1838 859 2089 913 Ecclesia:

548 948 817 1001 catholicae
843 948 1094 1001 dederant
1119 948 1398 1001 adversum
1426 944 1521 1002 nas
1548 948 1623 1001 illi
1649 963 1941 1017 proponere
1983 962 2086 1000 non

541 1038 897 1103 erubuernnt,
944 1041 1197 1094 addentes
1240 1044 1400 1095 multa
1439 1040 1506 1094 de
1546 1042 1683 1105 suis,
1726 1044 1861 1094 sicut
1901 1040 2091 1108 placuit

508 1180 513 1181 ,
547 1129 830 1197 tyrannicae
854 1132 1116 1197 potestati.
1149 1130 1269 1183 llaec
1290 1140 1369 1182 est
1387 1130 1527 1183 enim
1549 1130 1712 1183 series
1734 1131 1869 1183 data
1892 1137 1944 1182 ct
1971 1142 2089 1196 pro-

545 1219 732 1287 positae
758 1219 903 1287 legis.

641 1306 703 1361 ll.
746 1305 981 1359 Edictum
1009 1307 1254 1361 Hunerici
1281 1310 1411 1380 regis
1438 1309 1675 1362 adversus
1704 1308 1995 1363 catholicos.

618 1394 729 1449 Rex
764 1398 993 1451 llunerix
1034 1398 1384 1451 Vaudalorutu
1419 1409 1471 1453 et
1496 1399 1805 1466 Alanorum,
1832 1398 2089 1454 universis

542 1485 749 1553 populis
774 1496 953 1539 nostro
979 1502 1139 1555 regno
1163 1488 1412 1556 subjectis
1440 1506 1453 1541 :

620 1592 639 1624 ι
658 1574 1006 1641 Triumphalis
1030 1576 1315 1642 majestatis
1337 1584 1391 1630 et
1409 1576 1567 1645 regite
1588 1576 1835 1644 probatur
1853 1576 1961 1646 35
1972 1590 2089 1630 esse

2193 411 2379 465 bilibns
2404 416 2664 484 episcopis
2693 419 2887 472 nostris
2916 418 2993 471 eis
3017 418 3219 473 videtur
3244 436 3363 476 esse
3387 427 3713 491 propositum,

2190 512 2246 553 ut
2267 502 2551 569 iunctiores,
2581 505 2718 558 sicut
2740 508 2920 561 mooiti
2943 521 3113 575 erant,
3136 526 3200 565 es
3227 511 3420 565 divinis
3443 514 3716 579 Scripturis

2190 594 2399 658 proprie
2419 593 2771 661 approbarent
2793 614 2806 648 :
2838 607 2923 650 aut
2946 609 3091 654 certe
3110 599 3249 668 quod
3269 616 3298 651 a
3320 602 3463 655 mille
3486 612 3507 638 ε
3528 614 3579 655 et
3600 616 3715 671 quot

2188 690 2504 744 excurrunt,
2551 682 2883 749 pontificibus
2910 685 2977 739 de
3017 694 3125 740 toto
3161 687 3291 742 orbe
3333 689 3384 742 in
3414 690 3714 746 Aritniuensi

2189 768 2436 835 concilio,
2468 770 2550 824 vel
2578 772 2713 839 apud
2742 772 3033 829 Seleuciam
3074 786 3397 842 amputatum
3437 789 3546 841 est,
3590 791 3715 847 prmo

2187 857 2519 913 damnarent.
2557 860 2705 926 Quod
2734 877 3057 932 nequaquam
3088 866 3257 922 lacere
3285 868 3581 932 voluerunt,
3610 871 3715 923 uni-

2188 964 2339 1002 versa
2369 949 2433 1001 ad
2463 950 2772 1007 seditionem
2806 970 2900 1022 per
2926 952 3028 1009 setl
3051 959 3309 1011 concitato
3352 961 3541 1027 populo
3578 977 3715 1015 revo-

2186 1048 2387 1092 cantes.
2410 1039 2656 1104 Quinimo
2677 1047 2972 1099 etsecunda
2995 1047 3104 1110 die,
3121 1048 3243 1101 dum
3265 1050 3341 1103 eis
3362 1052 3714 1106 mandaremus

2186 1139 2241 1182 ut
2272 1129 2337 1183 do
2375 1129 2558 1185 eadem
2588 1134 2709 1197 tide,
2739 1133 2891 1188 sicuti
2918 1152 3050 1204 prop
3070 1140 3240 1191 tsiltttll
3273 1140 3475 1205 rtlf‘l‘al,
3512 1157 3715 1209 respon-

2185 1220 2372 1272 dcrent
2400 1236 2413 1273 :
2453 1229 2476 1257 ⁸
2502 1220 2599 1275 hoc
2630 1222 2875 1277 videntur
2902 1229 3248 1292 assumpsisse
3277 1229 3340 1280 ad
3385 1232 3715 1284 temeritatem

2186 1316 2533 1377 transactam,
2569 1321 2623 1364 ιιι
2665 1312 2923 1367 seditione
2961 1323 3016 1367 et
3055 1315 3369 1369 clamoribus
3409 1322 3579 1373 Omnia
3610 1336 3715 1387 per-

2190 1399 2488 1460 tttrbantes,
2524 1399 2589 1453 ad
2616 1400 2913 1455 conﬂictum
2940 1403 3175 1456 facerent
3203 1405 3418 1457 tninime
3449 1410 3714 1474 perveniri.

2263 1508 2282 1537 ι
2315 1486 2331 1524 ί
2356 1487 2554 1553 Quibus
2583 1490 3011 1558 provocantibns,
3041 1495 3322 1547 statuimus
3350 1505 3403 1547 ut
3432 1512 3611 1548 eorum
3641 1512 3717 1549 er-

2187 1576 2363 1629 clesiae
2388 1576 2773 1637 clauderentur.
2809 1580 2905 1634 hac
2934 1580 3039 1635 illis
3065 1582 3365 1637 conditione
3396 1586 3708 1653 pra-scripta.

544 1654 748 1718 virtutis
775 1666 911 1719 mala
956 1668 1004 1717 in
1036 1678 1278 1719 auctores
1308 1667 1527 1719 consilia
1558 1676 1880 1733 retorquere.
1930 1667 2088 1731 Quis-
2120 1654 2165 1712 Β
2193 1672 2247 1716 ιιι
2276 1664 2458 1718 tandiu
2484 1674 2663 1720 essent
2690 1667 2885 1723 clausas
2908 1670 3138 1739 quandiu
3160 1671 3252 1743 [aL
3275 1672 3509 1744 mallent]
3532 1675 3717 1727 nollent

544 1754 661 1820 quis
686 1754 827 1813 enim
862 1754 1054 1822 aliquid
1096 1756 1367 1821 pravitatis
1395 1754 1679 1816 invenerit,
1725 1756 1823 1806 sibi
1867 1754 2089 1823 imputet

542 1841 682 1907 quod
726 1841 961 1895 incurrit.
1012 1842 1065 1895 ln
1099 1858 1200 1909 qua
1239 1858 1297 1897 re
1335 1850 1517 1896 nutum
1558 1842 1721 1896 divini
1759 1843 1941 1911 judicii
1978 1844 2088 1899 cle-

539 1934 739 1988 snt-uiis
768 1946 944 1991 nostra
976 1945 1151 1990 secuta
1184 1946 1294 2001 est,
1333 1937 1471 2005 quod
1502 1937 1795 2007 quibusque
1827 1940 2084 2006 personis,

543 2034 699 2095 prout
741 2040 920 2080 eorum
961 2026 1093 2080 lucta
1143 2030 1461 2093 meruerint,
1501 2044 1593 2083 seu
1624 2029 1789 2093 bona,
1829 2044 1922 2083 seu
1954 2030 2088 2084 forte

542 2116 731 2170 talibus
754 2117 1087 2183 acontraria,
1132 2118 1253 2171 dum
1282 2118 1406 2171 facit
1435 2120 1656 2183 expendi
1675 2162 1691 2186 ,
1736 2119 1889 2174 simul
1928 2120 2084 2175 etiam

541 2206 782 2272 provenit
818 2207 1169 2275 compensari.
1218 2208 1398 2277 Itaque
1440 2208 1523 2262 his
1563 2209 1966 2277 promicantibus
1996 2211 2084 2278 qui

503 2306 722 2356 contra
772 2298 1178 2368 prteccptiOnem
1228 2299 1438 2370 inclytae
1483 2300 1865 2355 recordationis
1921 2302 2086 2367 patris

541 2387 738 2447 nostri,
780 2386 861 2439 vel
906 2387 1321 2440 mansuetudinis
1367 2394 1562 2439 nostra:
1604 2388 1927 2441 crediderint
1969 2403 2086 2445 esse

538 2474 887 2535 renitendum.
912 2489 1188 2529 censuram
1214 2474 1507 2528 severitatis
1528 2478 1863 2529 assumimus.
1893 2478 2086 2530 Aucto-

540 2564 781 2617 ritatibus
808 2564 947 2617 enim
978 2566 1183 2619 cunctis
1224 2566 1435 2633 populis
1460 2565 1675 2632 iecimus
1704 2567 1989 2630 innotesci,
2030 2577 2087 2621 ut

540 2654 593 2707 in
610 2669 696 2717 ,so:
713 2654 846 2708 tibus
876 2655 1225 2709 Vandalorum
1266 2655 1438 2709 nullos
1476 2668 1762 2711 conventus
1791 2659 2084 2722 omousiani

537 2744 837 2798 sacerdotes
874 2754 1238 2809 assntnerent,
1291 2758 1389 2798 nec
1432 2744 1627 2813 aliquid
1677 2746 2082 2814 mysteriorum,

536 2850 653 2901 quae
683 2838 845 2900 magis
875 2836 1138 2903 polluunt,
1170 2836 1381 2889 sibimet
1408 2834 1766 2888 vindicarent:
1795 2835 1933 2904 quod
1963 2851 2081 2890 cum

537 2921 835 2975 videremus
862 2937 980 2976 esse
1008 2924 1324 2991 neglectum,
1347 2933 1399 2977 et
1424 2924 1679 2992 plurimos
1702 2938 1821 2978 esse
1845 2936 2083 2992 repertos

2188 1755 2251 1808 ad
2281 1756 2581 1811 conﬂictum
2613 1761 2935 1826 prepositnm
2966 1764 3264 1829 pervenire.
3305 1764 3455 1831 Quod
3484 1781 3541 1818 ea
3568 1767 3717 1819 obsti-

2189 1846 2400 1901 natione
2426 1845 2601 1901 fscere
2628 1847 2943 1917 voluerunt,
2984 1866 3140 1917 quam
3173 1854 3347 1916 pravis
3374 1852 3618 1909 videntur
3644 1870 3717 1908 as-

2187 1936 2476 1999 sumpsisse
2500 1938 2755 1990 consiliis.
2798 1936 2945 1993 Adeo
2972 1940 3026 1993 in
3058 1940 3153 1993 hos
3177 1950 3257 1995 est
3286 1943 3638 1997 necessarimn
3666 1960 3718 1997 ac

2182 2020 2531 2090 iustissimum
2563 2033 2888 2094 retorquere,
2917 2027 3055 2097 quod
3087 2030 3315 2097 ipsarum
3362 2031 3533 2099 legum
3564 2035 3716 2085 conti-

2187 2116 2362 2170 nentia
2385 2116 2795 2185 demonstratur,
2818 2134 2947 2187 quas
2968 2118 3193 2172 inductis
3215 2135 3395 2174 secum
3420 2121 3471 2173 in
3495 2137 3716 2175 errorem

2186 2204 2587 2273 imperatoribus
2610 2213 2634 2251 ε
2656 2205 2981 2260 diversorum
3014 2217 3307 2275 temporum
3349 2218 3475 2261 tunc
3514 2210 3717 2277 contigit

2188 2294 2527 2362 promulgari.
2570 2294 2802 2359 Quorum
2833 2295 2959 2348 illud
2990 2296 3196 2349 videtnr
3224 2304 3405 2349 tenere
3432 2309 3716 2364 conceptio,

2187 2393 2242 2435 ut
2270 2382 2408 2437 nulla
2440 2385 2674 2452 exceptis
2704 2383 3050 2439 institutionis
3079 2401 3188 2439 sute
3214 2386 3535 2442 antistitibus
3562 2390 3718 2443 eccle-

2185 2475 2262 2529 sia
2292 2485 2517 2543 pateret;
2548 2476 2675 2530 nulli
2706 2476 2892 2532 liceret
2922 2477 2989 2530 ali
3020 2487 3108 2529 aut
3139 2478 3409 2531 convictus
3434 2494 3611 2546 agere,
3641 2491 3717 2533 aut

2184 2578 2434 2620 exercere
2459 2578 2779 2630 conventus;
2821 2581 2919 2620 nec
2958 2567 3211 2620 ecclesias
3252 2579 3341 2620 ant
3384 2568 3435 2621 in
3479 2570 3715 2631 urbibus.

2184 2662 2278 2707 aut
2303 2655 2356 2707 in
2383 2656 2695 2722 quibusdam
2727 2658 3049 2725 parvissimis
3073 2657 3225 2725 locis,
3255 2660 3460 2726 penitus
3488 2662 3717 2714 obtinere

2184 2758 2355 2810 neque
2379 2754 2727 2809 construere;
2768 2746 2859 2798 sed
2889 2755 3207 2813 praesumpta
3240 2747 3348 2801 ﬂsci
3376 2748 3585 2815 juribus
3609 2750 3717 2817 jun-

2183 2832 2595 2899 gerentur;_sed
2625 2832 2780 2885 etiam
2821 2842 2877 2885 et
2915 2846 3097 2886 eorum
3129 2836 3459 2903 patrimonia,
3491 2839 3718 2891 ecclesiis

2184 2934 2291 2972 su:e
2322 2920 2442 2974 ﬂdei
2466 2921 2685 2984 socitta,
2714 2921 2823 2973 suis
2850 2920 3173 2975 antistitibus
3205 2922 3585 2990 provenirent;
3629 2941 3715 2978 nec

539 3011 773 3066 dicentes
811 3026 869 3064 se
914 3014 1166 3081 integram
1202 3014 1319 3067 ﬁdei
1366 3017 1594 3083 regulam
1635 3015 1892 3081 retinere,
1938 3026 2071 3085 post.
2107 2993 2153 3056 ο
2184 3009 2209 3047 ιι
2234 3010 2555 3065 commeandi
2586 3010 2650 3065 ad
2679 3026 3003 3080 qntncunquc
3034 3000 3144 3065 loca
3176 3012 3364 3066 talibus
3394 3004 3607 3068 licentia
3638 3030 3717 3082 pa-

540 3100 748 3155 modnm
778 3100 1051 3157 universos
1077 3110 1285 3156 constat
1313 3102 1473 3157 fuisse
1500 3105 1871 3169 commonitos,
1911 3107 2082 3173 spatio

540 3191 785 3257 temporis
832 3199 1122 3261 prtcrogato
1169 3192 1432 3245 mensium
1479 3207 1665 3245 novem
1692 3233 1707 3257 ,
1758 3191 1787 3230 δ
1828 3208 2082 3263 novaeque

538 3282 891 3335 contentionis
945 3280 1027 3344 (si
1078 3282 1201 3349 quid
1248 3282 1312 3333 ad
1362 3296 1541 3335 eorum
1592 3282 1856 3349 proposita
1902 3292 2081 3349 posset

538 3368 752 3437 aptari),
792 3382 846 3421 ιιι
874 3370 939 3421 ad
966 3370 1211 3423 calendas
1240 3370 1551 3423 Februarias
1580 3372 1701 3424 anui
1729 3373 1897 3424 octavi
1928 3372 2075 3438 regni

540 3461 739 3520 nostri,
779 3457 893 3511 sine
918 3470 1059 3511 metu
1089 3460 1259 3525 aliquo
1288 3460 1652 3511 convenirent.
1677 3458 1775 3522 Qui
1812 3458 1935 3511 dum
1978 3460 2079 3513 hue

538 3548 604 3601 ad
630 3546 1094 3615 Carthagincnsem
1126 3548 1451 3601 conﬂucrent
1475 3548 1769 3613 civitatem,
1808 3560 1927 3615 post
1964 3565 2092 3611 mos

537 3654 648 3693 mm
690 3642 937 3707 temporis
979 3639 1285 3707 praestituti,
1329 3638 1481 3693 aliam
1523 3653 1730 3708 quoque
1770 3640 2075 3695 dilationem

538 3729 921 3798 aliquantorum
950 3728 1153 3783 dierum
1182 3728 1390 3782 dedisse
1416 3729 1797 3796 cognoscimnr.
1848 3731 1915 3783 Et
1951 3731 2073 3783 dum

602 3887 708 3955 82
737 3894 756 3919 ⁸
789 3884 1064 3939 Lorichius
1091 3892 1143 3936 et
1170 3882 1417 3955 0rthod.,
1444 3894 1631 3955 secuta,
1664 3883 1887 3955 personis
1926 3893 2073 3955 prout

534 3952 707 4007 eorum
736 3958 933 4022 facta...
959 3955 1211 4006 contraria
1232 3954 1459 4005 decrevit.
1487 3952 1680 4022 Itaque,
1703 3963 1806 4005 etc.
1833 3954 1894 4007 Et
1915 3954 2068 4017 infra,

538 4025 713 4087 υιτιιι.ν
740 4021 1090 4089 Ρηινῖτιριὶοιιί.
1118 4022 1265 4073 Colb.
1299 4023 1349 4083 1.
1391 4021 1536 4074 Bald.
1584 4022 1777 4083 ithen.,
1808 4033 1861 4075 et
1891 4021 2065 4089 Bign.,

535 4094 622 4158 qui
654 4094 1089 4155 prteceptionem...
1131 4106 1233 4141 esse
1271 4091 1599 4141 temnendmn.
1644 4089 1816 4158 Chilﬂ.
1863 4099 1915 4143 et
1960 4091 2068 4152 alii,

535 4157 805 4216 mendose.
832 4160 914 4225 qui
947 4160 1407 4222 praceptionem....
1439 4157 1765 4208 retinendam.

611 4224 861 4279 bColb.i
912 4232 965 4275 et
1013 4225 1197 4287 Mart.,
1245 4238 1450 4285 novent,
1496 4238 1604 4282 qua!
1654 4224 1978 4275 contentionis
2028 4225 2071 4275 si

538 4295 743 4362 quid-ab
767 4310 933 4347 eorum
962 4293 1214 4362 proposito
1239 4294 1413 4359 possit.
1444 4290 1545 4342 Alii
1573 4304 1699 4342 mss.
1725 4302 1780 4343 ut
1808 4292 1858 4362 in
1880 4292 2066 4362 editis;

532 4359 628 4419 sed
667 4376 773 4429 pro
804 4359 1034 4428 novaeque
1079 4359 1273 4413 habent
1312 4374 1637 4429 novarﬂute:
1683 4368 1737 4413 et
1780 4360 2072 4429 Ortinpro

537 4426 859 4485 contentionis
901 4426 1054 4482 habet
1080 4429 1433 4480 contentiones.
1464 4426 1733 4481 LOrichius
1762 4429 1836 4482 sic
1876 4428 2025 4482 habet
2054 4445 2067 4479 :

538 4504 653 4567 ﬁdei
678 4504 898 4567 regulam
936 4500 1185 4567 custodire
1212 4496 1285 4548 uel
1312 4500 1541 4557 retinere,
1586 4498 1838 4551 universos
1876 4506 2069 4551 constat

534 4566 691 4637 fuisse
710 4566 1030 4645 commonitos
1059 4566 1126 4617 ad
1154 4567 1317 4643 spatia
1346 4567 1598 4645 temporis
1627 4576 1891 4645 prorogata
1934 4582 2071 4645 mett-

531 4635 664 4691 nam
688 4652 877 4689 nocens.
912 4637 1037 4701 Qum
1056 4636 1382 4705 contentionis
1408 4635 1449 4685 si
1476 4635 1661 4702 quid...
1697 4638 1853 4701 possit
1881 4636 2066 4705 aptari,

530 4709 603 4758 ad
628 4705 859 4756 calendas
885 4706 1067 4756 scilicet
1098 4702 1416 4762 Februarias,
1445 4712 1549 4755 etc.

600 4784 629 4810 ο
670 4771 849 4825 Μοάιιε
875 4772 1117 4837 loquendi
1146 4771 1281 4833 apud
1304 4769 1455 4822 Afros
1484 4770 1722 4832 usitatus,
1748 4779 1807 4823 ut
1831 4781 1969 4837 patet
2001 4788 2064 4825 ex

533 4840 728 4907 Optato
759 4840 848 4891 ιιι».
876 4855 892 4892 ι
920 4852 1097 4893 contra
1128 4839 1549 4907 Parmenianum,
1572 4839 1860 4901 Augustino
1884 4840 1973 4892 lib.
1996 4856 2067 4892 vtt

536 4906 601 4962 de
631 4910 910 4971 Baptismo,
942 4923 1056 4974 cap.
1083 4909 1134 4971 7,
1167 4906 1353 4963 quibus
1376 4907 1573 4966 verbis.
1621 4908 1732 4969 plus
1771 4908 1954 4965 minus,
1987 4908 2066 4961 vel

536 4980 709 5045 potius
734 4986 777 5027 rt
804 4976 1034 5043 amplius,
1063 4974 1402 5045 significatur.
1441 4974 1602 5045 Porro
1630 4992 1657 5026 a
1688 4974 1823 5028 mille
1857 4975 2067 5045 circiter

536 5042 794 5113 ἀερίςοορίε
835 5042 1439 5113 ᾱοεηιειοίιιιιοιίοοινιιηι
1470 5044 1785 5113 Adamnatum
1830 5045 1989 5113 luisse
2015 5044 2065 5096 in

536 5109 849 5169 Ariminensi
886 5112 1127 5174 concilio,
1159 5125 1251 5165 seu
1297 5109 1434 5176 apud
1465 5109 1779 5175 Seleuciam,
1812 5110 1939 5163 dicit
1985 5113 2068 5165 hic

534 5193 784 5254 tyrannus
809 5199 821 5231 :
853 5193 1146 5250 quanquam
1176 5180 1403 5254 ipsemet
1431 5179 1715 5254 Athanasio
1765 5188 2061 5254 “testante,

535 5245 671 5307 haud
716 5245 890 5317 plures
926 5261 1084 5314 quam
1121 5245 1486 5317 quadringenti
1523 5246 1831 5310 Ariminum,
1877 5248 2065 5317 Selenf

529 5321 663 5372 aiam
717 5313 847 5372 vero
898 5313 1107 5369 contum
1158 5323 1213 5367 at
1261 5313 1525 5375 sexaginta
1568 5317 1926 5368 convenerint.
1960 5315 2063 5369 Sed

534 5387 705 5439 Ariani
754 5395 1024 5452 postquam
1069 5383 1255 5452 partim
1296 5381 1503 5434 callidis
1545 5383 1765 5452 artibus,
1798 5386 1981 5451 partim
2005 5384 2063 5452 ivi

529 5450 809 5505 catholicos
837 5450 1097 5506 antistites
1120 5450 1185 5504 ad
1216 5463 1337 5502 suas
1366 5460 1539 5515 partes
1585 5450 1943 5512 inclinassent,
1968 5451 2066 5503 ali-

529 5531 654 5580 Q‘tot
682 5536 741 5575 es
769 5521 951 5583 seipsis
976 5522 1298 5587 delegerunt,
1323 5520 1407 5584 qui
1439 5532 1530 5583 per
1560 5521 1714 5573 nrbes
1740 5521 2059 5588 provincias-

2184 3108 2347 3163 teret,
2378 3099 2468 3153 sed
2497 3109 2735 3153 extorres
2764 3100 3007 3152 omnibus
3044 3099 3260 3153 urbibus
3289 3100 3637 3167 redderentur
3670 3114 3715 3156 ct

2184 3191 2349 3255 locis;
2388 3204 2483 3243 nec
2512 3189 2838 3258 baptismatis
2866 3188 3119 3241 haberent
3146 3190 3362 3242 omnino
3390 3192 3617 3259 aliquam
3649 3194 3715 3245 fa-

2178 3281 2446 3341 cultatem,
2476 3287 2566 3330 aut
2587 3280 2721 3331 lorte
2742 3278 2808 3331 de
2830 3278 3082 3344 religione
3106 3277 3428 3347 disputandi,
3452 3291 3506 3335 et
3529 3283 3712 3337 nullam

2178 3366 2453 3421 ordinandi
2484 3366 2743 3419 haberent
2787 3356 3088 3432 licentiam,
3128 3367 3239 3421 sive
3265 3368 3571 3440 episcopos,
3614 3374 3714 3426 sirc

2184 3456 2566 3527 pm-sbyteros,
2617 3456 2695 3508 vel
2744 3455 2876 3507 alios
2923 3470 3054 3523 quos
3097 3457 3162 3509 ad
3210 3458 3407 3512 clerum
3462 3464 3713 3528 pertinere

2180 3548 2541 3612 contingeret,
2585 3544 2851 3611 proposita
2890 3545 3175 3598 severitate
3202 3547 3476 3621 vindictae,
3524 3561 3580 3603 nt
3616 3561 3709 3604 tam

2186 3640 2235 3691 hi
2282 3637 2369 3704 qui
2415 3651 2474 3689 se
2521 3644 2822 3702 paterentur
2851 3635 3147 3701 huiusmodi
3190 3635 3415 3691 honores
3459 3642 3708 3706 accipere,

2179 3741 2334 3795 quam
2360 3724 2517 3779 etiam
2549 3723 2646 3791 ipsi
2674 3722 3003 3777 ordinatores
3030 3723 3178 3777 denis
3218 3723 3359 3779 libris
3390 3728 3500 3778 auri
3532 3729 3709 3795 singuli

2178 3897 2280 3949 que
2306 3879 2630 3941 cursitattdo,
2659 3878 2931 3946 episcopos
2958 3877 3047 3948 qui
3091 3877 3334 3931 absentes
3381 3878 3605 3949 fueram,
3649 3883 3706 3933 ad

2177 3948 2528 4020 subsigna‘nda
2577 3949 2781 4020 illorum
2827 3949 3067 4020 dogmata
3130 3958 3431 4020 coegerunt.
3488 3948 3707 4020 Utraque

2177 4016 2350 4086 autem
2382 4017 2466 4071 illa
2510 4018 2743 4084 synodus
2786 4033 2925 4070 anno
2966 4017 3290 4086 539fcoacts
3339 4016 3458 4084 fuit,
3497 4018 3706 4086 iubente

2175 4084 2483 4138 Constantio
2526 4089 2789 4153 Angusto.
2840 4086 2926 4152 qui
2971 4085 3333 4141 Occidentales
3381 4084 3704 4150 Ariminum,

2174 4153 2467 4272 Orieritales
2496 4151 2627 4206 vero
2645 4151 2935 4207 Seleuciam
2962 4155 3171 4206 Isauria:
3212 4156 3392 4209 urbem
3431 4158 3706 4211 rouvenirc

2177 4237 2309 4272 mam
2332 4231 2529 4272 averat.

2177 4231 2529 4273 mandaverat.

2244 4287 2269 4325 ἀ
2310 4290 2397 4343 Sic
2426 4290 2482 4339 0t
2500 4289 2577 4339 th.
2602 4286 2812 4352 Czeteri,
2840 4286 3074 4338 concitati
3094 4290 3288 4354 populi.

2247 4367 2270 4394 ο
2309 4357 2460 4409 Coll).
2487 4356 2541 4418 Ξ,
2572 4354 2772 4418 Chifﬂ.,
2812 4354 2983 4426 Bald.,
3014 4354 3276 4414 Rhenum.
3316 4366 3370 4410 et
3395 4358 3572 4426 Βίαιι..
3609 4361 3704 4413 Hoc

2172 4428 2417 4479 evidenter
2446 4438 2756 4487 assumpsere
2781 4425 3050 4474 temeritate
3071 4433 3340 4477 transacta.
3372 4425 3546 4486 nm.
3573 4428 3698 4487 PaL.

2172 4493 2634 4558 Germ.,'C0mp.,
2691 4490 2983 4553 Lorichius,
3014 4499 3068 4542 et
3110 4491 3283 4554 0rth..
3326 4493 3444 4547 Hoc
3483 4498 3703 4548 videntur

2171 4564 2498 4631 assumpsisse
2526 4562 3099 4631 temeritatetrunsacta.

2244 4632 2261 4669 t
2303 4628 2500 4695 (ζίιῑιηη
2530 4640 2657 4692 etc.,
2705 4628 2892 4691 Quibus
2933 4628 3025 4680 hoc
3065 4629 3461 4693 provocantibus.
3511 4632 3699 4694 thcn.,

2172 4702 2358 4766 Quibus
2386 4701 2480 4752 hoc
2504 4709 2843 4767 provocantes.

2238 4780 2263 4816 s
2306 4771 2425 4832 Alii,
2456 4764 2830 4835 imperatoribus
2852 4764 3075 4816 diversis.
3111 4765 3278 4829 Port.,
3319 4782 3443 4834 quas
3478 4771 3701 4821 inductos

2166 4853 2331 4891 secum
2358 4841 2409 4888 in
2456 4834 2675 4889 errorem
2717 4834 3037 4907 imperatores
3079 4836 3699 4907 diuersoruitutetnporrtm

2168 4908 2484 4973 promulgare
2510 4914 2628 4973 tunc
2654 4903 2890 4973 ιτοιιιὶςιίι.Δ
2913 4900 3237 4973 Ιιθεεδηῳιιιὶ
3250 4902 3373 4973 hic,
3403 4900 3697 4969 laudantur,

2168 4962 2224 5026 ἰιι
2253 4962 2531 5040 plurimum
2582 4962 2842 5040 habentur
2880 4969 2931 5040 in
2981 4962 3174 5023 Codice
3200 4970 3577 5028 Theodosiano
3617 4962 3698 5029 hh;
3744 5002 3747 5005 η

2168 5036 2271 5111 3w;
2306 5044 2383 5093 tit.
2410 5044 2469 5111 ὅ,
2500 5036 2759 5111 capitibus
2787 5038 2984 5099 multis,
3012 5042 3548 5111 quarum_epitomen
3580 5057 3697 5111 pro.

2168 5110 2266 5163 fert
2295 5110 2377 5162 hic
2408 5105 2690 5160 Vandalus.
2722 5105 2979 5175 Cteterum
3010 5110 3161 5175 paulo
3187 5105 3341 5173 infra,
3370 5124 3464 5175 pro
3489 5105 3696 5173 con-cep-

2168 5122 2266 5163 lert
2295 5122 2377 5162 Inc
2412 5122 2690 5160 Vauastus.
2722 5122 2979 5159 caeterum
3077 5122 3161 5159 tuo
3187 5122 3341 5173 intra,
3370 5124 3464 5175 pro
3489 5125 3696 5173 concep-

2167 5179 2257 5238 tio,
2302 5179 2488 5247 OrthL
2516 5187 2569 5229 et
2619 5174 2888 5247 Lnrjcbios
2945 5122 3137 5231 bats“
3182 5180 3452 5231 cantestio.
3504 5179 3573 5233 Et
3614 5192 3698 5247 pro

2164 5247 2397 5323 exceptis.
2431 5245 2601 5323 Rhea.
2630 5253 2678 5315 et
2704 5242 2884 5323 (Ξιιὶΐιιζ
2905 5246 3285 5323 superncfptis.

2236 5312 2263 5349 δ
2306 5315 2452 5367 Ilone
2479 5312 2737 5365 locutn'es
2767 5311 3010 5366 Lorichio
3038 5323 3091 5365 et
3110 5311 3329 5369 orthod.
3356 5315 3696 5368 restituimns.

2164 5380 2332 5447 Colb.,
2349 5396 2436 5433 nec
2462 5380 2687 5431 uenirndi
2702 5382 2783 5441 nd,
2815 5390 2914 5433 etc.
2937 5380 3124 5435 Ceteri
3154 5393 3348 5436 mss.et
3374 5384 3528 5451 editi,
3561 5395 3697 5436 nion-

2166 5453 2315 5513 dose,
2346 5463 2732 5503 commemorare
2758 5464 3082 5517 quiscunque,
3111 5459 3212 5505 etc.
