3814 6228
86 307 158 360 ιδτ
953 295 1040 352 DE
1077 294 1590 352 PERSECUTIUNE
1629 293 2005 384 VANDALlCA
2045 295 2167 350 LIB.
2209 294 2288 350 IV.

3090 305 3192 362 258

87 416 387 474 multarentur.
409 424 478 464 eo
503 409 728 479 adjecto.
750 416 809 463 ut
830 408 1000 462 nullus
1028 410 1105 463 eis
1133 409 1280 484 locus
1306 414 1448 461 esset
1474 406 1554 459 vel
1585 407 1629 466 Α
1657 406 1723 460 de
1771 407 2078 474 primatibus
2121 407 2410 462 ofticiorum
2453 417 2558 463 tres
2603 426 2821 467 numero
2867 416 3194 484 punirentur,

84 503 243 555 auditus
261 499 602 567 supplicandi,
636 497 724 550 sed
751 499 905 550 etiam
935 504 960 532 κ
981 496 1024 549 si
1053 511 1154 564 qua
1184 495 1426 562 specialia
1454 510 1564 548 mc-

85 593 283 652 ruissent,
313 588 528 641 minime
559 586 934 654 praevalerent:
966 595 1018 640 et
1048 587 1090 639 si
1123 586 1177 638 in
1209 584 1309 639 hac
1334 583 1562 652 pernicie

84 680 385 746 perdurarent,
402 677 468 729 de
490 675 703 744 preprio
722 674 834 727 solo
856 673 1013 728 ablati
1037 674 1086 726 in
1109 673 1562 743 exsiliunt35sub

82 766 526 837 [al.prosscinionej
559 763 921 832 persecutione
972 762 1161 816 idonea
1210 763 1557 815 mitterentur.

81 862 117 912 lu
142 861 324 926 populos
352 871 562 925 quoque
592 854 790 922 prtefali
819 855 1163 921 imperatores
1191 853 1434 906 simi'iuw
1461 866 1561 905 sai.-

78 960 249 1009 r-eutcs,
275 947 405 1014 quod
437 947 513 998 eis
540 959 637 998 nec
661 943 884 997 donandi
914 943 1154 1008 libertas,
1191 956 1288 995 nec
1316 941 1558 1004 testandi,

77 1049 142 1089 aut
165 1036 396 1101 capit-udi,
421 1035 500 1088 vel
529 1036 596 1086 alt
626 1033 742 1087 aliis
771 1032 1009 1085 relictum
1038 1031 1245 1098 penitus
1268 1030 1360 1100 [αι.
1387 1028 1562 1095 subia-

77 1125 203 1196 ατε]
238 1127 317 1192 jus
358 1135 534 1187 esset;
589 1139 694 1176 non
741 1121 1129 1177 ﬁdeicommissi
1179 1122 1406 1182 nomine,
1456 1134 1559 1172 non

77 1217 220 1282 legati,
265 1229 360 1267 non
386 1213 788 1275 donationibus,
818 1222 906 1266 aut
934 1211 1208 1264 relictioue
1235 1224 1348 1274 qth
1379 1209 1560 1262 mortis

76 1319 195 1358 causa
220 1304 519 1370 appellatur,
549 1303 628 1356 vel
658 1301 894 1370 quolibet
916 1299 1193 1362 codicillo,
1235 1299 1420 1351 aliisve
1450 1296 1558 1348 for-

75 1397 176 1444 sitan
211 1380 493 1460 scripturis,
527 1391 600 1444 ita
626 1398 686 1444 ut
710 1389 866 1445 etiam
895 1390 979 1457 qui
1009 1388 1062 1442 in
1092 1387 1201 1441 suis
1230 1383 1432 1453 palatiis
1459 1383 1558 1436 mi-

77 1485 262 1551 litarent,
309 1480 734 1536 cundemnationi
781 1478 1104 1549 gravissimae
1152 1491 1246 1543 pro
1291 1473 1560 1542 dignitatis

75 1572 219 1625 merito
239 1573 461 1625 facerent
489 1569 778 1638 subjectos.
802 1577 860 1621 ιιι
882 1567 1024 1620 omni
1055 1566 1269 1619 honoris
1292 1563 1559 1634 privilegio

72 1662 294 1728 exspoliati
323 1662 590 1715 infamiam
621 1667 981 1721 incurrerent,
1023 1665 1076 1711 et
1117 1658 1323 1726 publico
1353 1655 1558 1710 crimini

1661 497 1777 551 aliis
1797 498 1975 578 viginti
2010 499 2255 551 librarum
2285 499 2398 552 auri
2431 500 2866 558 condetnnatione
2891 507 3193 566 multandis.

1736 606 1754 638 ι
1782 589 1950 652 Quare
1980 589 2059 641 his
2099 603 2308 642 necesse
2353 599 2431 643 est
2474 592 2928 660 constitutionibus
2971 595 3191 666 obligari

1660 679 1992 732 omitti-ianos
2020 695 2221 744 omnes,
2252 694 2381 744 quos
2428 681 2718 749 ltujnsmodi
2741 680 2768 718 τι
2799 685 2951 738 make
2977 702 3192 754 persua-

1660 768 1824 821 sionis
1850 776 2056 822 constat
2085 770 2312 822 tenuisse
2341 779 2396 823 et
2432 777 2608 824 tenere
2637 772 2925 825 materiam.
2958 773 3100 838 Quos
3125 776 3192 828 ah

1658 857 1900 911 omnibus
1926 857 2238 954 supradictis
2270 858 2532 911 abstinere
2560 857 2913 920 decernimus,
2938 858 2989 913 in
3012 875 3191 927 prose-

1659 948 1921 1002 cutionem
1953 948 2185 1001 venturis
2232 962 2320 1014 per
2349 949 2558 1002 ordines
2603 959 2905 1002 cunctarum
2951 951 3186 1012 urbium;

1659 1038 1748 1090 sed
1775 1038 1931 1092 etiam
1951 1037 2154 1106 judices
2183 1037 2269 1104 qui
2293 1022 2643 1104 superioribus
2669 1039 2917 1106 neglectis
2941 1039 3048 1092 dira
3077 1054 3173 1107 sup

1662 1126 1811 1190 plicia
1839 1127 2062 1180 diversis
2085 1141 2186 1179 non
2213 1127 2447 1178 intulisse
2468 1135 2837 1180 monstrantur.
2855 1127 3047 1181 Omnes
3067 1143 3190 1196 ergo

1658 1216 1969 1283 Supradictte
2000 1216 2117 1269 fidei
2147 1204 2414 1285 ὁμοούὰιον
2441 1216 2708 1288 errorjbus
2737 1216 3047 1283 implicatos,
3075 1233 3190 1286 qua!

1659 1312 1846 1356 cuncto
1890 1304 2236 1370 prtedamnata
2280 1313 2360 1356 est
2405 1304 2628 1358 concilio
2668 1313 3192 1360 tantorumnumcrn

1658 1396 2011 1458 sacerdotum,
2043 1394 2298 1448 universis
2328 1394 2482 1448 rebus
2514 1395 2796 1461 praedictis,
2838 1405 2887 1448 et
2915 1397 3193 1450 contracti~

1661 1483 1757 1536 bus
1784 1482 2110 1551 praecipimus
2147 1483 2429 1546 abstinere,
2469 1483 2610 1550 quod
2653 1484 2780 1536 nihil
2821 1483 2920 1538 sibi
2951 1485 3206 1551 noverint

1657 1584 1774 1625 esse
1799 1572 2106 1637 permissum
2130 1585 2144 1634 ;
2175 1570 2268 1622 sed
2304 1569 2574 1624 universos
2601 1571 2788 1624 similis
2815 1587 2964 1638 paena
2988 1584 3190 1628 maneat

1658 1671 1712 1716 et
1736 1661 2005 1729 astringat,
2051 1660 2093 1713 si
2121 1659 2184 1712 ad
2213 1674 2386 1712 veram
2431 1657 2756 1727 religionem,
2784 1676 2941 1728 quant
2974 1677 3190 1714 venera-

74 1752 318 1819 huiusmodi
350 1764 591 1819 personae
617 1764 676 1803 se
703 1757 1086 1816 cognoscerent
1123 1763 1240 1802 esse
1269 1746 1561 1816 subiectas;
1594 1748 1640 1808 Β
1669 1766 1784 1804 mur
1827 1758 1881 1803 et
1907 1750 2145 1811 colimus,
2193 1748 2326 1801 intra
2371 1747 2508 1801 diem
2538 1747 2869 1801 calendarum
2919 1747 3189 1802 Juniarntn

73 1840 329 1892 ulticialibus
373 1840 532 1892 etiam
578 1838 809 1908 judictttn
858 1838 1186 1892 diversorum
1236 1848 1432 1891 tricena
1478 1851 1565 1890 ar-

70 1928 175 1995 genti
201 1928 363 1995 pondo
390 1943 542 1997 parua
574 1929 840 1997 pr0posita
865 1944 879 1980 :
911 1942 1067 1996 quam
1096 1928 1140 1979 si
1168 1927 1397 1995 quinque
1426 1926 1561 1980 vici-

75 2021 145 2072 ιω
166 2019 210 2070 in
240 2033 416 2074 errore
446 2018 850 2086 perdurantibus
876 2017 1184 2085 contigisset
1211 2016 1422 2080 inferre,
1453 2026 1561 2069 tum

71 2107 240 2175 demum
281 2108 408 2160 tales
452 2106 701 2170 convicti,
742 2114 898 2172 atque
940 2104 1197 2173 subjugati
1235 2104 1561 2166 verberibus,

73 2196 109 2246 iu
139 2196 358 2250 exsilium
399 2194 750 2248 mitterentur.
804 2193 1000 2248 Deinde
1042 2193 1253 2247 codices
1293 2192 1562 2246 universos

70 2286 372 2347 sacerdotum,
397 2299 530 2352 quos
559 2281 1020 2351 persequebantur,
1047 2289 1405 2361 praceperant
1432 2282 1563 2350 igni-

70 2371 142 2425 bus
165 2373 302 2427 tradi.
331 2373 480 2438 Quod
504 2373 572 2426 de
599 2371 745 2426 libris
774 2371 1092 2438 hujusmodi,
1121 2370 1311 2438 quibus
1342 2371 1441 2423 sibi
1470 2386 1560 2423 no-

70 2466 191 2518 minis
219 2466 355 2520 illius
381 2447 904 2532 errorent‘persuasit
931 2462 1197 2530 iniquitas,
1232 2462 1562 2530 przecipimus

67 2555 335 2610 iaciendum.
385 2555 509 2609 Haec
536 2553 701 2614 enim,
731 2555 788 2616 ut
815 2551 1013 2604 dictum
1043 2560 1154 2617 est,
1204 2566 1300 2620 pro
1343 2551 1562 2621 singulis

67 2645 314 2714 q:.ibttsque
340 2642 574 2713 personis
605 2641 679 2695 illi
705 2640 1031 2694 observanda
1062 2649 1454 2709 praeceperant,
1503 2651 1564 2696 ut

63 2731 84 2770 ι
98 2735 296 2789 illustres
315 2734 612 2804 singulatim
636 2735 749 2788 auri
771 2732 946 2795 pondo
969 2734 1332 2802 quinquagena
1353 2733 1560 2797 darent,

62 2827 335 2888 spectabiles
375 2829 487 2881 auri
536 2827 712 2896 pondo
739 2825 1100 2896 quadragena,
1132 2837 1403 2880 senatores
1446 2829 1559 2880 auri

61 2916 200 2980 pondo
228 2920 415 2973 tricena
433 2960 446 2974 .
493 2917 771 2985 papulares
799 2916 917 2970 auri
945 2915 1117 2983 pondo
1144 2902 1321 2969 vicena
1340 2957 1354 2979 ,
1386 2931 1562 2970 sacer-

57 3003 188 3058 dutes
217 3008 328 3061 auri
379 3007 552 3071 pondo
597 3007 818 3068 tricena,
866 3006 1177 3058 decuriones
1221 3006 1337 3058 auri
1386 3005 1560 3073 pondo

1661 1835 1783 1890 anni
1811 1837 1977 1889 octavi
1996 1835 2161 1904 ‘regni
2190 1834 2374 1900 nostri,
2406 1835 2642 1889 conversi
2671 1849 2771 1888 non
2805 1834 3012 1889 fuerint.
3043 1837 3188 1889 Dicm

1661 1935 1834 1980 autem
1864 1926 2213 1994 praestitutum
2250 1925 2367 1979 ideo
2397 1925 2560 1994 pietas
2594 1933 2769 1979 nostra
2816 1928 3105 1991 constituit,
3139 1937 3193 1981 ut

1662 2014 2138 2081 prtedamnantibus
2175 2029 2408 2068 errorem
2441 2014 2760 2083 indulgentia
2807 2031 2909 2068 non
2955 2027 3190 2084 negetur,

1661 2115 1714 2157 et
1740 2103 2030 2158 obstinatos
2063 2104 2271 2157 animos
2298 2105 2551 2173 supplicia
2587 2105 2740 2173 digna
2770 2119 3066 2160 coerceant.
3095 2107 3192 2173 Qui

1661 2206 1836 2248 autem
1881 2195 1930 2248 in
1980 2193 2163 2248 eodem
2206 2208 2387 2248 errore
2432 2196 2833 2264 permanserint,
2881 2211 2972 2250 seu
3009 2198 3193 2252 domus

1663 2296 1857 2340 nostra:
1884 2285 2118 2353 occupati
2151 2282 2352 2348 militia,
2405 2299 2496 2337 seu
2532 2283 2743 2336 forsitan
2779 2285 3000 2337 diversis
3032 2285 3193 2338 titulis

1663 2374 2162 2441 necessitatibusque
2179 2373 2461 2448 praepositi,
2483 2373 2588 2441 36
2607 2388 2697 2438 pro
2717 2372 2962 2442 gradibus
2975 2375 3081 2426 suis
3103 2375 3194 2426 de-

1664 2464 1884 2532 scriptas
1905 2463 2142 2532 superius
2170 2464 2445 2516 multarum
2485 2462 2744 2515 illationes
2770 2473 3020 2530 cogantur
3048 2464 3194 2516 exci-

1663 2569 1809 2622 pere,
1841 2553 1967 2606 nihil
1995 2551 2234 2605 valituris
2262 2566 2378 2619 qua:
2423 2551 2637 2603 forsitan
2677 2566 2768 2618 per
2807 2551 3194 2620 subrt-ptionem

1661 2657 1977 2710 quemquam
2026 2641 2205 2694 talium
2248 2640 2463 2709 contigit
2506 2641 2811 2708 promereri.
2867 2643 2919 2693 In
2969 2640 3196 2709 prii-atas

1662 2731 1843 2796 etiam,
1895 2732 1974 2784 vel
2003 2731 2356 2799 cujuscunque
2385 2730 2573 2797 gradus
2616 2741 2669 2785 et
2695 2730 2792 2783 loci
2824 2746 3072 2799 personas
3098 2732 3198 2784 hoc

1663 2832 1840 2876 nostra
1891 2821 2240 2890 promulgatio
2292 2821 2537 2888 prmcepit
2587 2819 3000 2883 observandum,
3057 2821 3196 2888 quod

1662 2913 1800 2965 circa
1831 2913 1961 2964 tales
2004 2910 2316 2978 supradictis
2363 2908 2563 2976 legibus
2591 2908 2860 2961 videbatur
2892 2923 3196 2976 expressum

1662 3015 1717 3055 ut
1747 3002 1913 3069 pennis
1935 3001 2178 3065 congruis
2223 2999 2590 3051 subderentur.
2637 2998 2846 3053 Judices
2874 2990 3064 3053 autem‘
3079 3015 3199 3068 pro-

55 3091 1564 3164 [al,terquiua]qttina,negotiatt-resattrii.midoquina,ple-
1588 3086 1634 3147 C
1666 3090 1954 3141 vinciarum
2001 3085 2140 3153 quod
2186 3095 2432 3137 statutum
2481 3095 2576 3139 est
2612 3086 2934 3154 negligentes
2961 3088 3196 3154 exsequi,

56 3181 133 3234 beii
149 3183 252 3238 auri
270 3183 444 3253 pondo
464 3183 1104 3253 quina,circumcellioues
1124 3193 1144 3221 ο
1163 3186 1362 3260 argenti
1388 3183 1562 3250 pondo

51 3269 178 3328 dena.
224 3275 289 3330 Et
314 3277 359 3329 si
387 3275 479 3344 qui
513 3276 644 3329 inite
685 3275 737 3327 in
767 3274 865 3328 hac
895 3266 1126 3343 pérnicie
1163 3283 1557 3342 permanerent,

49 3364 308 3420 mnﬂscatis
344 3365 590 3420 omnibus
613 3364 769 3418 rebus
795 3364 904 3418 suis
925 3405 941 3430 ,
979 3365 1164 3418 exsilio
1191 3365 1557 3418 multarentur.

48 3441 236 3507 Dniittes
280 3465 464 3508 autem
509 3455 814 3520 civitatum,
864 3455 956 3508 sed
1002 3463 1056 3508 ct
1101 3465 1465 3524 procuratores
1510 3465 1562 3507 et

45 3542 361 3598 randtictores
388 3545 781 3613 possessionum
806 3546 894 3598 tali
919 3559 1066 3611 pmtta
1095 3545 1410 3613 jubebantur
1429 3545 1579 3616 aiﬂi-v

44 3640 160 3696 scre,
187 3641 242 3685 ut
271 3635 316 3688 si
361 3635 500 3688 forte
530 3635 662 3689 tales
686 3636 857 3711 celare
886 3635 1214 3706 deligerent,
1260 3646 1314 3691 et
1350 3637 1563 3691 minime

43 3720 390 3788 publicassent,
419 3735 478 3780 et
502 3725 596 3797 [αι.
622 3735 793 3779 tantos
817 3723 963 3795 in...]
987 3736 1215 3779 retentos
1236 3727 1435 3794 judicio
1458 3744 1559 3780 non

41 3805 240 3866 (dormt
285 3815 646 3882 prtesentari,
700 3815 798 3881 ipsi
843 3825 1150 3869 tenerentur
1199 3816 1262 3868 ad
1313 3831 1558 3883 poenam;

37 3900 426 3955 conductoribus
456 3903 612 3954 etiam
643 3903 890 3968 regalium
921 3902 1233 3969 praediorum
1275 3903 1369 3955 hac
1398 3905 1559 3954 multa

39 3990 306 4052 proposita.
357 4002 420 4044 nt
452 4000 702 4057 quantum
729 3990 903 4042 domui
936 3992 1092 4057 regis:
1122 3991 1401 4052 inferrent,
1450 4000 1563 4043 tan-

33 4083 122 4128 tum
138 4079 288 4130 etiam
313 4080 478 4142 iiscu,
500 4091 668 4144 parum
688 4077 920 4139 nomine,
937 4089 1252 4145 cogerentur
1269 4080 1555 4134 exsolvere.

35 4161 74 4211 id
102 4168 413 4226 generaliter
445 4167 495 4218 in
527 4165 770 4218 omnibus
799 4159 1211 4221 conductoribus
1236 4168 1316 4221 vel
1350 4184 1558 4235 posses-

31 4253 224 4318 soribus,
241 4257 330 4324 qui
355 4257 412 4309 in
432 4254 620 4309 eadem
643 4255 1011 4323 superstitione
1031 4257 1347 4313 crediderint
1369 4259 1557 4326 perdu-

31 4343 240 4408 nudutn,
265 4347 669 4399 constituerunt
690 4346 978 4400 obserVari.
1022 4348 1095 4401 De
1115 4348 1376 4414 judicibus
1396 4353 1554 4404 etiam

1662 3177 1916 3243 superiori
1949 3189 2120 3244 ptena,
2168 3189 2285 3242 quae
2329 3174 2513 3228 talibus
2543 3185 2625 3228 est
2656 3175 2975 3243 praescripta,
3006 3177 3200 3229 coitsti-

1664 3265 1857 3319 tuitnus
1877 3264 2207 3334 obligandos.
2569 3307 2575 3317 ι,

1734 3374 1752 3407 ‹
1794 3355 1942 3409 Veris
1964 3364 2136 3408 autem
2163 3353 2444 3422 majestatis
2476 3353 2668 3407 divina:
2705 3353 3014 3422 cultoribus,
3041 3355 3088 3408 id
3119 3365 3200 3408 est

1659 3447 2021 3501 sacerdotibus
2049 3446 2266 3508 nostris,
2308 3433 2559 3499 ecclesias
2587 3445 2878 3509 univcr-as,
2931 3446 3009 3498 vel
3043 3447 3200 3498 totius

1659 3547 1786 3601 cleri
1813 3546 2039 3601 nominis
2061 3546 2343 3614 supradicti
2365 3545 2764 3615 qttibuscunqne
2787 3545 2937 3600 terris
2958 3553 3012 3599 et
3031 3545 3200 3614 regio-

1630 3646 1812 3698 .nibus
1836 3645 2167 3711 constitutas,
2217 3658 2354 3712 quae,
2402 3645 2621 3712 propitia
2653 3643 2951 3707 Divinitate,
2998 3644 3200 3712 imperii

1660 3744 1825 3796 nostri
1854 3743 2105 3811 regimine
2134 3743 2485 3816 possidentur,
2536 3757 2636 3795 una
2665 3758 2780 3796 cum
2810 3745 2967 3798 rebus
2995 3759 3110 3809 quae
3130 3742 3197 3796 ad

1659 3841 1869 3895 easdem
1893 3841 2176 3907 pertinent,
2197 3840 2296 3893 hoc
2320 3839 2534 3893 decreto
2561 3841 2837 3892 statuimus
2861 3840 3056 3894 debere
3079 3856 3201 3907 pro-
3233 3884 3240 3892 .

1660 3936 1852 3999 ﬁcere,
1901 3951 2003 3988 non
2029 3937 2332 3988 dubitantes
2364 3937 2479 4002 plus
2509 3936 2770 3987 alimoniae
2802 3937 3014 4002 inopum
3043 3937 3201 4001 proli-

1656 4045 1796 4093 cere,
1822 4030 1959 4098 quod
1989 4031 2335 4083 sacrosanctis
2364 4031 2698 4097 pontiﬁcibus
2730 4040 2755 4066 ο
2781 4031 2920 4098 juste
2943 4031 3188 4085 collatum

1658 4140 1756 4183 est.
1786 4129 1925 4182 lianc
1950 4142 2075 4196 ergo
2117 4128 2306 4195 legem,
2337 4142 2366 4181 e
2393 4129 2535 4180 fonte
2574 4127 2790 4196 justitiaa
2831 4129 3198 4198 proﬂuentem,

1661 4229 1866 4280 cunctis
1892 4226 2220 4296 prrecipimus
2249 4227 2597 4294 innotescere,
2639 4230 2882 4296 quatinus
2912 4230 3082 4284 nullus
3103 4230 3201 4284 sibi

1660 4327 1892 4397 ignotum
1921 4342 2038 4381 esse
2074 4326 2210 4396 quod
2242 4310 2555 4395 praereptum
2595 4336 2679 4380 rst
2706 4329 2868 4395 possit
2895 4325 3198 4384 obtendere.

29 4433 95 4496 qui
117 4431 228 4490 huic
246 4437 326 4490 rei
354 4436 744 4490 instantissime
765 4452 866 4489 ιιοη
890 4437 1248 4505 imminebant,
1269 4455 1420 4509 ρωηε
1444 4457 1564 4508 pro.
1593 4420 1643 4478 D
1668 4431 1915 4497 Optamus
1945 4442 2036 4480 vos
2068 4428 2200 4480 bene
2243 4428 2436 4481 valere.
2467 4427 2593 4480 Data
2630 4427 2732 4480 sub
2763 4426 2847 4482 die
2867 4443 2919 4482 vt
2956 4429 3203 4484 calendas

27 4525 298 4590 scriptionis
323 4534 381 4580 et
433 4526 714 4593 sanguinis
738 4527 994 4595 supplicio
1020 4529 1347 4596 punirentur.
1381 4530 1483 4584 Sed
1511 4540 1563 4583 et

83 4666 104 4691 ι
135 4659 354 4728 unum"
409 4659 481 4710 Si
524 4673 634 4724 qua:
673 4657 908 4728 minuisse
949 4661 1146 4721 vellent,
1197 4661 1416 4723 minime,
1458 4675 1558 4713 e'c.

28 4721 287 4796 Lariclt'tus'.
327 4730 391 4782 Si
419 4721 544 4796 qua
563 4728 727 4777 minus
747 4727 948 4796 minime
968 4729 1317 4796 praevalerent.

80 4795 172 4866 83
205 4798 232 4835 δ
267 4793 442 4851 unu.‘
474 4796 534 4866 2.
569 4793 914 4866 Mart._._gl"ul.,
953 4794 1151 4866 ϐυτ-ιιι..
1185 4797 1472 4856 Loricltitts,
1511 4806 1565 4849 et

31 4861 243 4934 Οτῧξὸιίη
266 4869 483 4918 omissa
503 4865 638 4914 linea
668 4880 679 4913 :
712 4861 942 4934 “lustres
955 4863 1249 4934 singillatim
1271 4867 1382 4934 altri
1400 4869 1562 4934 pondo

31 4933 338 5002 quadragena,
368 4934 679 5002 periuriores,
707 4941 808 4984 etc.
844 4932 944 5002 Pro
971 4932 1264 5002 singillatim
1293 4932 1560 4987 Lorit-ltius

33 4997 156 5053 habet
182 4997 394 5072 {iuguli}
431 5003 495 5055 1η
527 4999 674 5052 Colb.
710 5003 882 5062 tertio,
905 4997 1085 5068 Comp.
1119 5013 1168 5054 et
1195 5003 1436 5054 Lurichio
1459 5019 1564 5054 non

37 5083 338 5138 tecensentur
355 5072 537 5124 etiam
559 5079 847 5129 senatores.
869 5079 922 5121 et
944 5073 1310 5138 negotiatores.
1334 5072 1482 5124 Coll).
1511 5075 1561 5134 l,

35 5137 258 5201 libertam,
289 5138 614 5195 Loriclttus,
641 5146 694 5189 et
726 5138 896 5202 B.ild.,
930 5137 1029 5205 prii
1049 5143 1326 5191 sacerdotes
1364 5139 1565 5194 habent

37 5209 351 5271 sacerdotum,
380 5205 649 5276 ethhIn.
676 5219 778 5276 no_n
809 5217 1040 5260 tutemet
1070 5209 1440 5276 negotiatores.

93 5287 111 5314 ⁸
142 5281 224 5342 Sic
247 5279 407 5330 Colb.
437 5274 526 5333 i,’
553 5271 690 5342 Etth
723 5271 921 5335 Gertu.,
953 5271 1163 5342 Cuntpf,
1193 5278 1480 5334 Loricltins.
1512 5285 1565 5329 et

37 5340 162 5418 0th.
183 5349 302 5415 Mai,
329 5345 482 5418 auri,
519 5340 714 5393 Nostra
746 5342 896 5418 lectio
927 5344 1026 5396 tnel
1051 5340 1110 5418 or
1139 5361 1151 5396 :
1188 5347 1287 5397 non
1319 5351 1455 5398 enim
1483 5348 1565 5397 isti

39 5417 146 5470 dena
180 5411 299 5472 auri
335 5415 666 5472 solvissent,
699 5411 954 5476 prioribus
999 5414 1155 5480 quina
1206 5417 1567 5467 tantummodo

41 5487 292 5544 solventihn
303 5509 319 5528 ε
327 5525 341 5540 .

99 5549 120 5589 ί
149 5556 403 5616 ωδε-πλη..
428 5544 777 5616 ηωιῑηοτιιιί
815 5560 929 5598 cum
963 5547 1224 5613 Loricltio,
1267 5553 1410 5602 matis
1454 5566 1571 5612 per-

45 5641 190 5681 nam
209 5631 352 5696 igni...
380 5613 552 5678 Colb.
580 5614 637 5676 2,
662 5626 716 5666 et
742 5613 942 5682 Cutttp.,
965 5620 1108 5670 malis
1137 5622 1384 5690 pcrsttasfs
1418 5622 1565 5689 ignis.

1668 4529 1896 4591 Martias,
1935 4525 1953 4564 ί
1985 4525 2314 4596 Carthagine.
2347 4545 2364 4576 ι

1665 4659 1726 4710 Et
1777 4657 2011 4716 i~tferitts,
2042 4655 2100 4706 ab
2131 4657 2374 4718 omnibus,
2418 4663 2517 4708 etc.
2553 4654 2762 4722 Comp.,
2805 4654 3100 4723 Loricltius,
3149 4671 3205 4714 et

1669 4727 1974 4785 liltenanns,
2002 4726 2064 4775 ab
2111 4724 2408 4775 hominibus.
2455 4723 2592 4790 Fnl.,
2638 4725 2838 4791 Germ.,
2883 4726 3032 4780 Colb.
3071 4729 3123 4789 1.
3151 4739 3204 4784 et

1665 4795 1908 4855 ()rllitd.,
1941 4792 2312 4844 ltunn'nibus....
2343 4793 2574 4844 obtinere.
2597 4793 2670 4846 Ει
2714 4809 2808 4857 pru
2855 4796 3058 4848 divers‘s
3102 4815 3203 4851 non

1665 4863 1912 4923 intulisse,
1944 4861 2094 4913 Colb.
2138 4863 2188 4924 1,
2222 4861 2373 4914 Mart.
2405 4861 2589 4930 Comp.
2629 4872 2681 4915 et
2709 4861 2957 4930 Orthod.,
2984 4867 3204 4920 aditet-ﬁs

1665 4934 1908 4983 intulisse.

1740 5010 1760 5036 ε
1806 5000 1855 5049 Id
1903 5012 2130 5065 quoque,
2184 4998 2556 5065 imperatorum
2602 5001 2856 5065 exemplis
2899 5003 3034 5055 male
3078 5020 3204 5057 usus

1671 5069 1954 5120 llunericns
2000 5067 2252 5128 decrevit,
2305 5069 2444 5133 qttod
2493 5084 2585 5134 pro
2629 5070 2899 5123 catholicis
2953 5074 3203 5125 adversus

1671 5138 1963 5189 “matis-tas
1987 5136 2129 5200 juste
2159 5137 2347 5188 factum
2381 5137 2537 5188 fuisse
2569 5138 2752 5201 probat
2782 5156 2883 5192 non
2914 5143 3074 5192 semel
3099 5143 3199 5192 Au-

1669 5207 1926 5272 gustinus,
1961 5204 2283 5270 potiSsitnnnt
2314 5214 2530 5258 tractatu
2558 5207 2666 5271 (Sin
2689 5207 2972 5270 Joannem,
2996 5224 3201 5262 numer.

1668 5277 1755 5329 25.
1791 5277 1920 5323 libro
1952 5289 1985 5324 tt
2018 5284 2196 5325 contra
2231 5274 2561 5337 Petilianum,
2594 5290 2708 5341 cap.
2742 5278 2806 5329 58
2836 5287 2888 5328 et
2915 5291 3025 5342 seq.

1747 5343 1763 5378 ί
1813 5343 1903 5393 llic
1933 5345 1982 5393 itt
2030 5357 2124 5395 ms.
2156 5342 2304 5395 Colb.
2337 5360 2477 5396 nunt.
2521 5344 2673 5404 1746,
2703 5347 2766 5396 ab
2804 5345 2951 5397 annis
2995 5345 3206 5399 circiter

1673 5411 1771 5465 700
1798 5413 2014 5476 scripto,
2062 5412 2304 5479 adjicitur
2345 5426 2569 5480 sequens
2599 5415 2804 5475 lemma,
2831 5413 2966 5481 quod
2993 5415 3089 5467 etsi
3120 5415 3208 5468 Vi-

1671 5481 1829 5532 ctoris
1863 5482 2023 5531 nostri
2053 5496 2170 5533 esse
2197 5482 2348 5534 nobis
2378 5497 2481 5546 non
2505 5483 2758 5542 videatur,
2791 5482 2889 5534 huc
2922 5492 3092 5536 tamen
3126 5501 3208 5538 re-

1673 5550 1810 5601 ferre
1837 5563 2010 5613 operm
2042 5552 2262 5614 pretium
2310 5551 2428 5603 erit.
2477 5549 2600 5602 "ire
2635 5559 2706 5600 est
2750 5551 2850 5615 (ex,
2881 5553 2977 5602 hoc
3022 5569 3205 5617 pra-ce-

1675 5629 1808 5683 ptum
1838 5618 2133 5684 iniquissimi
2183 5621 2309 5689 regis
2340 5629 2384 5672 et
2431 5618 2535 5671 Deo
2581 5617 2783 5673 adibitis
2820 5620 3078 5680 Iluttert'ct’,
3112 5623 3207 5686 ﬁiii
