3814 6228
598 270 659 322 39
1586 229 1587 233 γ
1797 264 2096 318 metonis
2138 262 2436 318 VlTENSlS
3617 264 3697 319 sio
3780 229 3781 308 Γ

627 379 710 431 Ill.
744 377 947 430 Servitia
983 379 1038 430 in
1079 377 1330 445 episcopos
1375 375 1666 430 catholicos.
1704 395 1772 414 ά-
1803 374 1931 428 Post
1974 375 2084 426 ha-c
2112 378 2162 434 Α
2186 346 2527 427 ςιιιι-ἰέυιηιιε
2551 389 2562 423 :
2586 371 2868 426 Christiani
2892 385 3094 435 sumus,
3127 372 3230 440 37
3259 371 3486 440 episcopi
3525 387 3694 438 sunuis,

557 467 723 520 edicta
774 467 950 520 feralia
999 481 1198 519 veneno
1231 474 1256 502 ι
1289 465 1518 530 toxicato
1569 475 1889 529 transversa,
1942 463 2091 532 jnlict

557 565 773 608 cunctos
799 557 1069 622 episeopos
1097 555 1182 621 qui
1211 554 1518 622 Carthagine
1542 553 1745 606 fuerant
1767 552 2087 619 congregati,

559 659 776 710 quorum
794 644 898 710 jam
920 644 1191 707 ecclesias,
1213 643 1399 694 domos
1416 651 1468 694 et
1492 642 1836 694 substantiam
1859 647 2087 706 ceperat,

561 735 611 786 in
641 732 876 800 liOSpitiis
907 733 1095 800 quibus
1135 741 1285 785 erant
1331 731 1633 798 exspoliari,
1682 740 1732 783 et
1772 730 2090 796 exspoliatos

563 823 699 876 foras
727 837 903 876 muros
935 822 1172 890 propelli.
1213 820 1325 873 Non
1363 819 1574 886 animal,
1627 835 1727 872 non
1757 834 1958 882 εισι-νας,
1989 834 2090 870 ιιοη

561 913 802 967 nnttanda
828 927 944 981 quas
992 912 1225 965 ferebant
1254 911 1562 963 vestimenta
1594 911 1797 978 penitus
1825 910 2094 962 dimittun-

563 1013 663 1057 tur.
708 1002 918 1057 Addeus
945 1001 1115 1055 adlmc
1143 1011 1195 1054 ut
1227 1002 1396 1054 nullus
1423 1003 1720 1068 quempiam
1751 1002 1957 1053 illorum
1990 1001 2084 1050 ho-

559 1096 715 1164 spitio
743 1097 1018 1164 reciperet,
1051 1103 1140 1145 aut
1163 1092 1458 1144 alimoniam
1485 1100 1771 1157 praestaret.
1795 1089 1891 1154 Qui
1919 1099 2089 1141 autem

560 1187 658 1238 hoc
683 1183 1030 1258 miserationis
1055 1195 1210 1236 causa
1243 1180 1413 1234 facere
1431 1187 1698 1240 tentassvt,
1718 1194 1834 1231 cum
1855 1179 2092 1230 universa

558 1273 716 1327 domo
737 1288 830 1325 sua
849 1269 1089 1324 incendio
1112 1278 1460 1323 cremaretur.
1491 1267 1770 1333 Sapienter
1792 1280 1914 1320 tunc
1935 1268 2092 1321 etiam

551 1359 777 1429 .projecti
813 1359 1040 1426 episcopi
1090 1358 1356 1418 fecerunt,
1410 1365 1497 1420 ut,
1550 1356 1673 1409 licet
1713 1357 2090 1423 mendicantes,

559 1449 749 1504 exinde
777 1463 878 1502 non
899 1447 1135 1500 abirent:
1159 1448 1276 1514 quia
1298 1446 1341 1497 si
1369 1447 1692 1509 recederent,
1715 1443 1742 1482 δ
1765 1461 1866 1498 nou
1896 1455 2093 1498 tantum

555 1539 818 1592 violenter
838 1535 1052 1588 omnino
1082 1543 1468 1596 revocarentur,
1521 1533 1614 1586 sed
1658 1543 1712 1588 et
1750 1534 2096 1588 mentirentur

560 1642 671 1687 eos,
698 1629 832 1679 sicut
861 1624 1060 1678 mentiti
1091 1632 1230 1685 sunt,
1271 1622 1465 1690 fugisse
1508 1623 1838 1687 conflictum;
1872 1624 2096 1677 maxime

2190 465 2526 532 apostolicam
2552 464 2704 517 fidem
2734 479 2888 517 unam
2916 473 2966 517 et
2988 477 3164 516 veram
3195 462 3696 529 tenemus.i"actoqne

2194 569 2303 618 poSt
2333 555 2718 608 confessionem
2739 554 2854 606 fidei
2883 552 3090 605 silentio
3113 551 3339 612 modico,
3366 551 3435 602 illi
3453 552 3536 618 qui
3555 570 3577 601 a
3599 567 3695 618 rege

2194 642 2396 695 fuerant
2443 643 2685 696 destinati
2737 642 3054 695 festinabint
3098 651 3412 707 extorquere
3470 640 3698 704 episoopis

2190 740 2592 783 sacramentum.
2646 730 2792 783 Tunc
2822 730 2956 782 beati
2998 729 3091 780 viri
3125 739 3146 764 ο
3173 729 3487 782 liertulnnts
3528 737 3575 779 et
3603 728 3698 780 Flo-

2192 819 2460 872 rentianns
2489 819 2717 884 episcopi
2762 833 2855 886 pro
2883 819 3124 870 omnibus
3150 827 3201 870 et
3230 835 3345 869 ι·ιιιιι
3387 817 3619 870 omnibus
3639 820 3700 869 di-

2195 917 2417 960 xerunt:
2450 907 2688 974 Nunquid
2731 909 2972 959 animalia
3002 923 3096 960 nos
3128 907 3501 960 irrationabilia
3529 924 3699 968 stuuus,

2194 1006 2249 1048 ut
2277 996 2570 1048 nescientes
2596 996 2717 1062 quid
2745 999 2923 1048 charta
2953 997 3214 1049 contineat
3247 995 3399 1048 facile
3419 1006 3507 1047 aut
3536 1007 3612 1047 tea
3633 1011 3702 1045 ere

2190 1087 2461 1155 juremus?
2487 1085 2922 1138 Acceleravcrunt
2947 1102 3151 1153 quoque
3181 1085 3253 1138 illi
3281 1100 3308 1136 a
3339 1099 3460 1152 rege
3487 1083 3700 1136 destinati

2193 1178 2467 1244 scripturae
2493 1180 2570 1229 eis
2600 1176 2870 1243 propalare
2899 1184 3153 1234 tenorem,
3178 1176 3263 1240 qui
3297 1175 3586 1239 hujusmodi
3615 1188 3702 1224 scr-

2196 1254 2434 1320 monibus
2461 1266 2626 1318 fuerat
2649 1265 2932 1318 coloratus.
2961 1266 3048 1316 Sic
3067 1265 3204 1316 enim
3228 1261 3544 1314 calumniosi
3567 1261 3702 1314 series

2192 1356 2513 1412 continebat.
2541 1356 2742 1418 Jurate,
2770 1358 2812 1408 si
2847 1366 2962 1423 post
2989 1358 3182 1408 obitum
3212 1356 3408 1425 domini
3443 1356 3599 1408 nostri
3632 1370 3699 1405 rc-

2195 1448 2294 1514 gis,
2325 1449 2435 1514 ejus
2464 1447 2626 1499 tilium
2660 1444 2921 1499 llildericli
2950 1445 3256 1499 desiocretis
3279 1460 3397 1498 esse
3428 1459 3612 1510 regem,
3638 1443 3698 1492 νοτΙ
3780 1447 3781 1464 ‘

2196 1540 2237 1588 si
2269 1539 2438 1590 nullus
2469 1545 2699 1590 vestrum
2725 1537 2786 1588 ad
2821 1535 3059 1603 regiones
3086 1538 3459 1590 transmarinas
3481 1535 3702 1600 epistolas

2197 1628 2382 1694 diriget
2416 1645 2428 1677 :
2458 1629 2576 1695 quia
2622 1627 2665 1679 si
2713 1638 3098 1680 sacramentum
3149 1626 3300 1692 hnjns
3339 1628 3413 1680 rei
3460 1625 3700 1686 dederitis,

559 1718 677 1782 quia
700 1717 786 1771 ubi
812 1723 1214 1777 reverti-rentur,
1242 1713 1347 1781 jam
1376 1727 1702 1780 nequaquam
1727 1714 1895 1767 fuerat
1919 1713 2090 1766 eccle-
2127 1718 2169 1776 Β
2196 1719 2432 1771 restituet
2475 1734 2567 1771 vos
2594 1718 2828 1773 ccclesiis
2865 1719 3073 1772 vestris.
3105 1715 3360 1787 Cogitavit
3389 1726 3509 1768 tunc
3537 1717 3701 1766 multo-
3780 1759 3781 1766 η

560 1809 651 1862 siis
681 1807 963 1862 substantia
993 1805 1073 1858 vel
1112 1804 1357 1857 domibus
1383 1803 1667 1869 occupatis.
1700 1803 1827 1855 Dum
1857 1817 1981 1869 ergo
2007 1819 2095 1871 ge-

563 1890 762 1952 mentes
793 1899 842 1951 in
870 1898 1092 1952 circuitu
1119 1910 1385 1948 murorum
1415 1895 1553 1947 nudo
1576 1895 1674 1947 sub
1699 1910 1818 1947 aere
1840 1894 2094 1962 jacereut,

563 1989 752 2040 factum
781 1997 863 2040 est
888 1995 944 2039 ut
974 2001 1062 2039 rex
1092 1985 1280 2052 impius
1303 1983 1367 2037 ad
1396 1983 1621 2048 piscinas
1644 1984 1857 2043 exisset,
1884 1984 1965 2037 cui
1985 1986 2098 2035 uui-

562 2077 702 2129 versi
733 2090 1013 2130 oceurrcre
1043 2074 1354 2136 maluerunt,
1385 2073 1653 2126 dicentes:
1687 2071 1750 2125 Ut
1775 2072 1898 2140 quid
1927 2075 2099 2126 ta'iter

564 2166 879 2234 afﬂigimur?
926 2179 1021 2233 pro
1065 2162 1253 2233 quibus
1300 2164 1450 2216 malis
1495 2163 1630 2216 forte
1668 2163 1960 2216 commissis
2001 2164 2097 2216 ista

529 2299 531 2302 .
565 2253 923 2323 perpetimur?
967 2253 1020 2307 Si
1067 2253 1133 2306 ad
1155 2252 1554 2320 disputationem
1577 2255 1872 2320 congregati
1897 2267 2097 2315 smnus,

564 2358 725 2412 quare
747 2341 1122 2409 exspoliamur,
1152 2356 1315 2410 quare
1346 2340 1686 2405 traducimur,
1718 2356 1879 2409 qnai-e
1909 2340 2100 2391 differi-

565 2449 700 2499 tnur,
719 2441 784 2488 .et
807 2434 921 2486 sine
948 2433 1206 2495 ecclesiis,
1239 2441 1291 2485 et
1314 2431 1554 2484 domibus
1584 2432 1778 2483 nostris
1806 2430 1943 2482 foras
1969 2429 2098 2482 civi-

565 2533 721 2577 tatem
746 2521 882 2575 fame
907 2531 958 2575 et
976 2522 1210 2574 nuditate
1233 2521 1555 2582 laborantes,
1575 2518 1759 2572 mediis
1785 2518 2102 2571 stercoribus

565 2611 894 2666 volntamur?
921 2609 1064 2676 Quos
1093 2609 1179 2661 ille
1212 2608 1379 2660 torvis
1403 2609 1566 2660 oculis
1596 2607 1903 2672 reSpiriens,
1932 2607 2100 2673 prius-

567 2716 721 2769 quam
751 2703 1138 2769 suggestionem
1172 2715 1351 2753 eorum
1383 2699 1634 2761 audisset,
1656 2699 1808 2763 jussit
1832 2713 1991 2765 super
2011 2712 2103 2750 eos

567 2804 683 2844 cum
710 2789 1004 2843 sessoribus
1031 2803 1193 2857 equos
1216 2788 1402 2841 dimitti
1427 2796 1486 2838 ut
1509 2787 1596 2840 tali
1623 2787 1867 2839 violentia
1892 2789 2104 2854 possent

568 2893 674 2932 non
708 2878 878 2932 solum
917 2880 1138 2944 conteri,
1175 2891 1354 2931 verum
1398 2877 1554 2929 etiam
1591 2876 1816 2929 enecari.
1875 2876 2103 2941 Quorum

561 2979 690 3022 tunc
717 2968 866 3022 multi
888 2969 1096 3023 contriti
1118 2977 1257 3030 stult,
1274 2977 1325 3021 et
1349 2968 1612 3036 praecipue
1637 2981 1788 3021 senes
1814 2976 1866 3020 et
1889 2967 2102 3020 infirmi.

2200 1823 2313 1861 rum
2346 1809 2425 1873 pia
2454 1795 2777 1874 simplicitas,
2822 1809 2978 1860 etiam
3005 1818 3183 1861 contra
3219 1807 3348 1875 prob
3373 1808 3613 1860 bitionem
3641 1805 3706 1855 «ιί-
3780 1829 3781 1840 ι

2199 1897 2393 1958 vittam,
2422 1904 2803 1949 sacramentum
2839 1897 2984 1960 dare,
3019 1913 3082 1948 ne
3112 1897 3198 1949 Dei
3228 1898 3446 1964 populus
3474 1897 3521 1948 in
3555 1904 3703 1962 poste-

2201 2004 2313 2040 rutn
2345 1987 2564 2050 diceret,
2611 1987 2748 2056 quod
2781 1987 2903 2040 vitio
2931 1987 3280 2054 sacerdotum,
3313 1989 3398 2054 qni
3430 1990 3602 2053 jurare
3629 2003 3704 2037 ιιυ-

2201 2078 2429 2143 luerunt,
2463 2093 2564 2131 non
2597 2078 3049 2132 fucrintecclesiie
3081 2079 3352 2131 lenitaue.
3403 2079 3504 2130 Alii
3530 2092 3707 2140 quoque
3780 2067 3781 2076 “

2199 2169 2481 2220 astutiorcs
2510 2167 2761 2234 episcopi,
2792 2169 3270 2221 senticntesdolum
3301 2169 3518 2229 fraudis,
3541 2183 3707 2232 nequa-

2201 2271 2354 2322 quam
2396 2257 2573 2320 jurare
2604 2256 2903 2316 voluerunt,
2952 2256 3187 2306 dicentis
3233 2256 3543 2320 prohibitum
3575 2253 3708 2306 fuisse
3780 2277 3781 2286 ξ

2200 2343 2498 2411 evangelica
2546 2345 2885 2410 auctoritate,
2923 2345 3036 2409 ipso
3085 2343 3304 2396 Domino
3334 2345 3564 2403 dicente,
3615 2343 3709 2393 Non

2193 2436 2428 2505 jar-abitis
2455 2437 2504 2487 in
2533 2444 2630 2487 toto
2653 2433 2863 2501 (Matth.
2884 2450 2934 2498 v,
2957 2435 3067 2502 5i).
3093 2435 3292 2498 Quibus
3319 2434 3535 2486 ministri
3566 2437 3711 2499 regis;
3780 2441 3781 2454 ‘

2202 2526 2457 2579 Secedant
2487 2525 2537 2577 iii
2569 2535 2734 2592 parte,
2778 2527 3051 2593 inquiunt,
3102 2526 3187 2592 qui
3232 2526 3410 2592 jurare
3438 2525 3712 2592 diSponnnt.

2200 2615 2297 2682 Qui
2326 2630 2443 2667 cum
2468 2615 2795 2676 secedet-ent,
2823 2615 3040 2667 notariis
3066 2613 3417 2666 scribentibus
3445 2617 3566 2682 quid
3592 2615 3710 2682 quis-
3780 2675 3781 2684 χ

2200 2720 2301 2772 que
2326 2705 2540 2768 diceret,
2576 2714 2626 2755 et
2667 2704 2733 2756 de
2763 2720 2863 2770 qua
2897 2705 3101 2756 civitate
3133 2705 3315 2757 fuisset
3341 2719 3607 2770 exceptum
3633 2719 3713 2756 eat.

2203 2791 2457 2846 Similiter
2481 2792 2670 2844 factum
2695 2804 2771 2843 eSt
2800 2803 2850 2842 et
2871 2791 2934 2843 de
2960 2773 3162 2858 illisqui
3182 2793 3393 2844 minime
3415 2794 3714 2855 iuraverunt.
3780 2783 3781 2794 “

2211 2880 2505 2946 Statimque
2535 2894 2651 2946 pars
2681 2889 2899 2946 utraque
2925 2879 3124 2931 custodi
3145 2898 3172 2927 υ
3199 2880 3542 2947 mancipatur.

2274 2967 2336 3019 V.
2370 2964 2434 3017 In
2455 2967 2684 3019 exsilium
2705 2967 3064 3018 truduntur.—
3086 2964 3419 3019 Postmoduui
3462 2981 3583 3019 vero
3605 2965 3717 3018 fraus

637 3057 726 3110 IV.
759 3056 888 3109 Dolo
911 3058 1377 3109 circumveniuntur.
1394 3056 1621 3109 ——Tunc
1649 3055 1835 3108 deinde
1854 3055 2102 3123 jubentur
2128 3046 2172 3108 C
2202 3075 2315 3129 qum
2336 3059 2600 3113 celabatur
2616 3060 2872 3127 apparuit.
2896 3056 3199 3110 iurantibus
3226 3057 3402 3124 itaque
3425 3056 3616 3109 dictum
3632 3065 3717 3107 θνμ
3780 3047 3781 3118 ᾗ

573 3147 638 3198 ad
659 3146 934 3214 quemdam
965 3146 1156 3210 locum,
1200 3147 1286 3214 qui
1316 3145 1504 3198 dicitur
1530 3145 1670 3199 aedes
1717 3145 1997 3209 Memoriae,
2028 3145 2102 3200 illi

572 3237 666 3289 viri
700 3235 788 3288 Dei
815 3250 1110 3298 occurrere,
1135 3234 1368 3289 fraudem
1408 3235 1504 3287 sibi
1533 3235 1825 3289 nescientes
1855 3244 2102 3302 aptatam.

572 3325 668 3379 Ubi
695 3330 814 3378 cum
840 3325 1128 3392 venissent,
1175 3324 1356 3376 charta
1396 3325 1474 3377 eis
1514 3323 1808 3377 ostenditur
1855 3324 2104 3384 involuta,

571 3417 861 3483 diciturque
905 3414 1006 3466 illis
1046 3413 1144 3465 ista
1185 3415 1471 3466 subtilitate
1515 3413 1808 3480 serpentis:
1860 3413 2108 3465 Dominus

573 3513 751 3560 noster
774 3518 872 3555 rex
904 3502 1213 3562 ﬂunericus,
1239 3501 1360 3554 licet
1390 3502 1563 3553 doleat
1588 3500 1725 3567 quod
1751 3499 1949 3551 fueritis
1977 3514 2105 3552 cen-

2208 3150 2234 3185 εί
2260 3149 2388 3215 Quia
2414 3159 2593 3202 contra
2627 3158 2942 3216 praeceptum
2968 3147 3230 3213 Evangelii
3257 3147 3434 3215 jurare
3470 3146 3719 3202 voluistis.

2202 3238 2355 3306 jussit
2380 3254 2466 3292 rex
2492 3251 2541 3290 ut
2561 3237 2798 3292 civitates
2821 3245 2974 3302 atquc
2996 3237 3246 3289 ecclesias
3263 3250 3460 3288 chIras
3482 3248 3720 3300 nunquam

2181 3356 2185 3360 ~
2209 3328 2450 3392 videatis,
2474 3328 2564 3380 sed
2594 3329 2832 3394 relegati,
2865 3327 3136 3378 colouatus
3163 3325 3281 3391 juie
3319 3325 3382 3377 ad
3404 3323 3720 3378 excolcndiun

2208 3432 2361 3485 agros
2391 3417 2657 3480 accipiatis
2692 3433 2704 3466 :
2739 3417 2807 3465 ita
2839 3424 3008 3466 tamen
3044 3423 3098 3465 ut
3129 3429 3230 3464 non
3263 3413 3494 3480 ps;illa:is
3519 3453 3533 3475 ,
3579 3426 3722 3477 neque
3780 3431 3781 3484 ἐ

2213 3505 2396 3567 oretis,
2421 3511 2508 3555 aut
2533 3503 2596 3554 ad
2625 3502 2902 3568 legendum
2933 3501 3163 3554 codicem
3209 3502 3255 3552 in
3297 3501 3536 3552 manibus
3580 3510 3724 3567 geste.

576 3599 882 3656 temptores,
914 3595 968 3641 et
993 3587 1163 3640 adhuc
1209 3588 1321 3653 ejus
1347 3586 1596 3639 voluntati
1621 3586 1836 3639 obedire
1874 3587 2110 3650 tardet's,

576 3697 633 3732 ut
659 3681 772 3745 ejus
800 3677 1098 3731 efliciamini
1137 3676 1417 3744 religionis
1461 3679 1608 3743 cujus
1664 3686 1744 3730 est
1789 3677 1921 3744 ipse,
1975 3692 2110 3730 nunc

575 3781 749 3822 tamen
783 3767 973 3820 bonum
995 3766 1061 3819 de
1088 3765 1234 3818 vobis
1263 3765 1527 3832 cogitavit.
1557 3764 1609 3819 Si
1635 3765 1934 3832 juraveritis
1958 3767 2026 3818 ita
2057 3775 2112 3819 ut

572 3860 710 3929 quod
735 3860 832 3913 ista
863 3859 1041 3911 charta
1063 3856 1296 3910 continet
1327 3855 1543 3919 faciatis,
1573 3857 1798 3910 dimittet
1826 3872 1917 3912 vos
1945 3859 2112 3913 eccle-

575 3950 666 4003 siis
695 3960 749 4002 et
782 3947 1024 4000 domibus
1055 3948 1261 3997 vestris.
1312 3945 1389 3996 Ad
1421 3943 1559 4011 quod
1604 3944 1837 3998 universi
1887 3946 2116 4014 episcopi

583 4037 962 4101 responderunt
995 4050 1007 4086 :
1035 4034 1256 4101 Semper
1300 4033 1542 4097 dicimus,
1593 4043 1646 4087 et
1667 4033 1914 4097 diximus,
1960 4047 2010 4088 et
2037 4036 2116 4090 di-

2215 3591 2308 3652 tis;
2341 3606 2441 3642 non
2473 3590 2763 3657 baptizetis.
2797 3605 2965 3657 neque
2995 3589 3269 3652 ordiuctis,
3303 3599 3390 3640 aut
3416 3590 3634 3654 aliquem
3661 3603 3724 3638 re-

2218 3681 2495 3735 conciliare
2547 3681 2894 3746 pra'sumatis.
2950 3678 3202 3732 Similiter
3256 3693 3359 3730 non
3414 3678 3724 3742 iurantibus.
3780 3678 3781 3720 ὲ

2216 3769 2358 3820 aiunt
2405 3769 2567 3834 :Quia
2602 3784 2812 3837 regnum
2848 3770 2934 3820 lilii
2957 3767 3153 3821 domini
3183 3769 3345 3819 nostri
3377 3783 3477 3819 tioii
3519 3768 3725 3830 optatis,

2217 3862 2606 3926 idcircojurare
2636 3861 2894 3912 noluistis.
2921 3857 2998 3912 Ob
3025 3874 3179 3926 quam
3223 3872 3431 3911 causam
3463 3857 3593 3923 jussi
3622 3871 3672 3907 es
3697 3858 3728 3903 it
3780 3869 3781 3880 ι

2216 3951 2622 4005 iuCorsicanam
2655 3951 2874 4004 insulam
2904 3949 3154 4018 relegari,
3205 3960 3257 4000 ut
3299 3949 3432 4016 ligna
3479 3947 3724 4014 profutura
3780 3967 3781 4018 ἦ

2217 4042 2437 4094 navibus
2459 4041 2732 4095 dominicis
2757 4041 2997 4095 incidatis
3029 4050 3074 4094 ο.

577 4149 830 4209 Geiserici,
857 4163 1004 4216 quam
1033 4148 1266 4216 adversus
1305 4147 1513 4216 piorum
1526 4155 1735 4212 gentem,
1767 4146 1914 4196 veluti
1954 4145 2103 4199 draro

526 4232 531 4236 ·
573 4219 690 4266 bino
737 4232 819 4267 ore
864 4215 1090 4276 sibilans,
1128 4215 1298 4265 edidit.
1352 4215 1452 4265 Sed
1490 4215 1598 4279 jam
1644 4221 1834 4278 tempus
1865 4222 1934 4263 est
1978 4227 2025 4263 ut
2055 4217 2105 4267 in

579 4296 751 4350 qttarto
791 4283 880 4333 hoc
925 4282 1092 4350 libello,
1118 4282 1265 4350 ﬁnem
1296 4281 1592 4350 narrationis
1625 4279 1784 4344 facere
1813 4281 2107 4350 debeamus;

579 4347 694 4418 quia
721 4353 974 4416 indignum
1005 4358 1047 4399 et
1079 4349 1308 4418 indecens
1329 4358 1396 4398 est
1420 4357 1468 4396 ut
1494 4348 1873 4418 suatyrannica
1893 4347 2110 4398 collocu-

581 4415 709 4470 tionc
737 4433 894 4470 sermo
921 4421 1173 4486 subjaccat
1213 4416 1423 4467 divinus.
1471 4415 1709 4486 Auditum
1737 4428 1852 4483 ergo
1884 4416 2110 4486 petimus

577 4491 640 4539 ab
683 4484 1237 4540 auditoribus-libenter
1267 4484 1651 4546 accommodari,
1677 4498 1786 4534 cum
1816 4484 2110 4550 principium

2214 4152 2374 4219 tione,
2411 4151 2701 4203 Ortufanus.
2735 4153 2849 4204 Fuit
2877 4160 3048 4205 autem
3075 4152 3349 4219 episcopus
3379 4150 3424 4201 Β
3445 4151 3661 4219 πρίενηδὶδ
3687 4149 3725 4197 in

2214 4218 2495 4286 Byzacent,
2528 4229 2582 4286 ut
2609 4235 2672 4270 ex
2702 4220 2887 4273 Notitia
2919 4231 3076 4286 patet.
3113 4218 3483 4271 Florentianus
3516 4218 3637 4272 vero
3666 4232 3727 4273 Nc

2212 4287 2405 4335 dicitur
2444 4284 2495 4335 in
2526 4285 2757 4350 ϐουλε,
2807 4284 2942 4350 Fnl.,
2992 4290 3164 4346 Μήτι,
3215 4290 3376 4352 Ρυι·ι.,
3426 4291 3602 4344 Urtit..
3647 4288 3729 4338 Lo-

2215 4355 2370 4413 ricli.,
2404 4360 2456 4402 t-t
2491 4353 2650 4414 I3elf.;
2695 4360 2826 4405 sicut
2871 4368 2921 4407 et
2973 4357 3023 4406 in
3053 4357 3243 4406 Notitia
3284 4357 3494 4414 Africus,
3527 4358 3609 4408 ιιιιὶ
3636 4357 3727 4418 epi-

2216 4434 2405 4484 scopus
2436 4420 2713 4472 Midilensie
2761 4422 2808 4472 in
2855 4422 3092 4473 Numidia
3123 4425 3432 4488 appellatur.
3464 4426 3612 4477 L‘olh.
3641 4433 3728 4472 trr-

2219 4492 2315 4540 tius
2341 4503 2456 4540 cum
2487 4491 2678 4554 aliquot
2697 4491 2870 4554 editis,
2897 4489 3321 4542 Florentinianus.
3348 4493 3391 4542 Is
3416 4506 3572 4556 porro
3593 4489 3730 4543 simul

582 4560 691 4609 libri
721 4557 875 4621 quinti
908 4555 957 4604 in
983 4569 1152 4606 eorum
1181 4557 1396 4604 senuerit
1425 4555 1646 4611 auribus,
1669 4552 1899 4618 quoniam
1931 4567 2102 4622 magna

2213 4572 2330 4610 cum
2363 4552 2644 4608 lloitnlano
2673 4552 2976 4610 accensetur
3001 4560 3136 4622 apnd
3189 4552 3455 4618 Adonem;
3487 4569 3538 4612 et
3569 4562 3617 4610 in
3645 4559 3730 4608 lin-

580 4638 625 4676 et
660 4625 887 4677 miranda
913 4633 1182 4688 martyrum
1209 4624 1479 4673 certamina
1500 4623 1792 4684 confidimus
1820 4633 2106 4684 narraturo,

583 4704 845 4758 prwstantc
874 4693 979 4757 ipso
1022 4691 1141 4742 Jesu
1183 4692 1397 4749 Christo,
1437 4694 1518 4753 qui
1549 4690 1727 4741 laureis
1759 4690 1967 4752 miriﬁce
1994 4707 2111 4742 san-

582 4775 684 4814 ctos
728 4771 927 4812 coronat
971 4777 1106 4821 suos,
1154 4773 1315 4809 amen.
1365 4760 1492 4811 'l‘um
1538 4760 1711 4811 habet.
1756 4759 1939 4824 Incipit
1990 4758 2113 4810 liber

582 4831 799 4897 quintus.
831 4827 948 4880 Post
978 4828 1100 4888 nam,
1132 4841 1232 4879 etc.

655 4908 679 4932 ι
721 4897 796 4948 Ali
821 4907 924 4956 ιιιοι
956 4912 1076 4947 mss.
1121 4908 1165 4947 et
1200 4896 1344 4956 editi,
1374 4896 1586 4946 toxiciita
1615 4904 1905 4946 transverso.
1938 4895 2110 4948 thte-

586 4981 698 5018 rum
728 4964 1013 5030 Cyprianus
1057 4965 1214 5016 edicta
1263 4963 1634 5028 persecutionis
1663 4964 1842 5030 feralia
1887 4968 2114 5029 appellat

584 5037 736 5101 epist.
770 5034 834 5085 51’.
865 5033 926 5082 ad
958 5034 1324 5091 Antonianum,
1357 5046 1470 5095 qum
1503 5047 1635 5082 nunc
1670 5040 1745 5082 cst
1781 5035 1842 5084 el
1872 5043 1908 5084 t.
1939 5034 2106 5085 Oxon.

586 5105 672 5157 53).
709 5101 911 5154 Feralia
939 5105 1095 5152 edicta
1125 5110 1375 5152 memorat
1400 5114 1603 5164 quoque
1628 5110 1808 5151 auctor
1851 5103 2107 5154 pﬂS‘iUlliS

588 5183 784 5234 septeni
831 5171 1196 5222 monachorum
1248 5178 1549 5234 martyrum,
1597 5172 1833 5234 superius
1886 5185 1912 5220 a
1966 5171 2113 5222 nobis

590 5242 783 5292 relate.

660 5309 682 5343 δ
713 5307 978 5360 Urtliodox
1002 5317 1051 5357 et
1081 5302 1366 5364 Lorichim,
1400 5318 1649 5365 nunquam
1685 5306 1882 5356 omnino
1915 5323 2111 5357 rcrocii-

590 5388 773 5427 rrntur.
810 5377 870 5426 Iit
910 5377 1059 5438 infra,
1089 5375 1298 5424 maxime
1325 5371 1439 5436 quia
1470 5373 1571 5434 ubi,
1603 5382 1703 5424 etc.
1748 5373 1882 5425 ιλιι-ιι
1903 5377 2017 5426 hius
2061 5386 2113 5426 ιιι

594 5446 699 5502 alii,
731 5446 935 5494 maxime
963 5448 1074 5508 quia
1111 5457 1207 5491 non
1254 5449 1622 5491 reverterentur.
1672 5440 1786 5491 Jam
1825 5459 1979 5507 nrquc
2009 5446 2112 5494 ulla

591 5524 693 5561 erat
727 5511 951 5579 Ecclesiiv
981 5515 1110 5560 subst
1130 5508 1378 5579 intia,__t'ei
1403 5510 1624 5579 omnibus
1654 5511 1920 5579 occupatis.

663 5590 684 5615 ε
725 5580 870 5629 Coib.
903 5578 934 5627 ἓ
980 5590 1024 5630 et
1072 5579 1206 5638 Ful.,
1260 5573 1582 5628 Horatianus.
1632 5574 1730 5629 Alii
1767 5573 1875 5628 Sine
1922 5581 2110 5642 asp'ra—

2215 4643 2369 4679 Inano
2398 4627 2778 4694 lliartyroloiiio,
2811 4627 2922 4677 aliis
2947 4627 3331 4679 confessoribus
3364 4629 3618 4680 Africanis
3651 4640 3729 4676 su—

2217 4711 2304 4760 pra
2334 4696 2652 4753 memoratis,
2684 4694 2768 4746 die
2811 4696 2878 4746 εδ
2916 4695 3254 4757 Novembris;
3287 4698 3352 4748 de
3395 4696 3585 4760 quibus
3631 4696 3730 4744 ride

2218 4780 2372 4838 supra
2404 4776 2585 4838 n_otam_
2606 4764 2662 4817 Η
2699 4775 2749 4838 et
2775 4762 3018 4838 ἐδισοιι.
3058 4765 3174 4817 I85.
3207 4782 3259 4816 η.
3283 4775 3418 4838 _f,_et
3446 4766 3566 4826 tuo,
3596 4767 3729 4838 mf}.

2221 4835 2383 4885 l’orro
2433 4835 2528 4884 hoc
2573 4832 2687 4883 loco
2732 4833 2779 4882 ιιι
2811 4833 3004 4897 aliquot
3034 4848 3160 4889 mss.
3197 4833 3466 4886 codicibus
3512 4843 3565 4885 et
3593 4832 3744 4886 editis.

2221 4903 2602 4954 interseruntnr
2631 4903 2786 4952 multa
2817 4915 2931 4965 quae
2952 4916 3014 4954 ex
3043 4904 3279 4968 snperius
3313 4903 3478 4956 relato
3501 4903 3728 4956 tiuncricl

2220 4973 2390 5022 edicto
2419 4971 2644 5021 detracta
2685 4976 2841 5029 Sunl,
2875 4984 2989 5035 quae
3026 4985 3119 5021 suo
3162 4972 3304 5032 loco,
3337 4982 3391 5024 ut
3420 4973 3507 5025 alii
3540 4973 3732 5025 codiCrs

2224 5041 2434 5099 habent,
2460 5049 2510 5087 et
2537 5038 2662 5087 ordo
2693 5053 2862 5089 rerum
2893 5047 3150 5104 gestarum
3182 5042 3426 5103 postulat,
3457 5043 3730 5095 retulimus.

2296 5105 2322 5142 ἀ
2352 5108 2435 5158 Sic
2462 5106 2746 5157 Loricbius.
2782 5110 2844 5158 At
2871 5107 3041 5159 Chtfll.
3075 5117 3125 5160 et
3151 5107 3260 5172 alii,
3291 5111 3456 5172 Quare
3486 5123 3729 5162 contra....

2218 5176 2478 5244 voluistis?
2498 5173 2658 5244 duuit
2679 5243 2682 5244 ν
2701 5191 2802 5237 rex,
2836 5185 2939 5228 etc.
2970 5177 3089 5239 Alii,
3121 5193 3210 5243 pro
3238 5196 3335 5244 qua
3363 5194 3416 5229 re
3438 5179 3613 5244 jussit,
3642 5187 3729 5227 etc.

2216 5243 2323 5311 84.
2348 5245 2408 5294 Et
2436 5243 2585 5301 infra,
2607 5243 2858 5295 colonatns
2880 5247 3015 5311 jure,
3035 5255 3134 5297 etc.
3159 5243 3341 5311 Camp.
3371 5243 3730 5300 et’Lorichins,

2217 5313 2434 5363 colonias
2453 5312 2571 5378 jure
2599 5312 2664 5359 ad
2684 5313 3003 5364 excolendum
3033 5330 3206 5378 agrum
3237 5315 3517 5377 accipiatis.

2290 5390 2312 5415 ο
2347 5383 2437 5432 llic
2463 5379 2750 5430 Chtffletius
2775 5381 3016 5433 Notitiam
3049 5383 3296 5435 Ecclesia:
3327 5382 3587 5434 Afiicana:
3614 5380 3733 5432 insc-

2220 5450 2341 5508 ruit,
2384 5465 2535 5512 quam
2581 5447 2743 5499 visum
2797 5459 2877 5502 est
2927 5450 3095 5516 potius
3152 5450 3368 5504 scorsim
3421 5448 3734 5518 postmodum

2221 5521 2473 5580 proferre.
