3814 6228
567 238 668 293 215

1814 233 2112 290 VICTORIS
2153 231 2446 318 VITLNSIS

3613 233 3706 288 ΞΗ

567 361 649 402 ιιι)
666 363 792 418 quas
821 349 1152 418 pertulitquis
1179 348 1394 416 explicet
1420 345 1633 414 pinnas?
1665 345 1761 410 Qui
1786 353 1902 413 post
1924 344 2095 398 ardes
2121 347 2172 405 Α
2199 345 2355 397 etiam
2393 343 2480 410 qui
2517 341 2817 398 cruciabam
2860 345 3225 414 conspicerent
3265 353 3544 409 mortuam,
3579 346 3714 414 depo-

578 438 1028 492 innumerabilium
1059 439 1286 500 fustium,
1319 435 1564 488 trochleis
1590 434 1953 503 frequentibus
1983 435 2093 488 ele-

576 535 744 588 utns,
791 525 911 578 dum
937 534 962 560 ι
992 533 1095 578 tota
1135 537 1240 592 pra:
1266 523 1393 578 urbe
1424 524 1699 591 penderet,
1748 512 1903 576 hunc
1926 524 1975 576 in
2011 538 2099 575 su-

572 611 730 665 blime
770 612 1030 672 tollentes,
1077 612 1178 665 ictu
1207 612 1361 664 celeri
1398 610 1628 665 dimissis
1659 611 1845 664 iterum
1891 610 2099 664 funibus

568 701 891 768 cannabinis,
926 715 1082 768 super
1107 699 1275 753 silices
1299 700 1584 768 platearum
1607 699 1838 766 pondere
1859 699 2098 767 corporis

570 792 802 854 veniens,
843 800 899 844 ut
938 791 1069 858 lapis
1114 805 1271 857 super
1315 788 1514 857 lapides
1551 788 1849 842 corruebat.
1897 788 2001 842 Sed
2045 796 2100 842 et

568 894 756 945 sep-us
781 890 1019 942 tractum,
1061 890 1114 932 et
1143 877 1398 946 lapidibus
1422 877 1736 931 acutissimis
1761 876 2090 945 defrica’tum,

569 969 657 1040 [aL
683 968 758 1041 ut]
781 981 831 1023 et
857 970 1061 1024 cutibus
1087 969 1362 1035 separatis,
1391 968 1556 1034 pelles
1580 969 1818 1036 corporis
1844 967 2098 1022 lateribus

568 1062 828 1128 divisoque
855 1061 1062 1114 videres
1083 1069 1136 1112 et
1158 1057 1248 1129 [aL
1279 1055 1482 1128 ventre]
1511 1059 1678 1110 ventri
1713 1057 1956 1141 pendere.
1995 1055 2112 1112 lsw’

567 1150 670 1216 iam
703 1147 1025 1217 temporibus
1070 1145 1320 1201 Geiseriii
1365 1161 1466 1199 non
1499 1145 1648 1200 valde
1675 1145 1945 1199 dissimilia
1975 1161 2095 1214 per-

569 1237 777 1298 tulerat,
827 1250 893 1288 ne
939 1234 1088 1288 amici
1140 1233 1410 1292 cuiusdam
1456 1235 1534 1287 sui
1588 1241 1790 1288 secreta
1828 1234 2048 1287 nudaret
2078 1227 2134 1287 ε’

568 1333 759 1393 quanto
780 1324 942 1385 magis
970 1339 1123 1386 nunc,
1157 1337 1210 1376 ιιι
1234 1322 1324 1393 [αι.
1348 1319 1464 1391 sua]
1493 1337 1602 1376 sua:
1629 1322 1745 1375 fidei
1768 1332 2097 1376 sacramenta

571 1416 826 1468 muniret?
857 1415 918 1467 Et
946 1414 989 1466 si
1019 1414 1210 1466 homini
1232 1412 1394 1481 gratis
1415 1412 1636 1465 fideliter
1661 1412 1897 1465 exhibuit
1919 1413 2094 1478 Iidem,
2129 1454 2150 1461 -

568 1513 814 1572 quantum
838 1505 1014 1558 debuit
1042 1504 1136 1568 illi,
1165 1504 1252 1572 qtti
1283 1503 1579 1557 rt-dd.tttrus
1599 1515 1678 1558 est
1716 1517 1809 1571 pro
1837 1503 1938 1556 fide
1959 1517 2098 1558 mer-

568 1595 782 1647 cedem?

2199 442 2415 485 suerunt
2452 447 2664 498 prorsus
2707 434 2846 486 omni
2882 443 3031 500 parte
3070 433 3441 489 exanimatam.
3472 433 3590 498 Quae
3627 454 3707 502 po-

2198 532 2310 574 stea
2338 522 2516 574 retulit
2541 521 2816 587 quamdam
2855 521 2957 576 sibi
2997 523 3248 591 virginem
3279 523 3531 587 astitisse,
3569 514 3711 593 atqu'e

2199 609 2433 677 tetigisse
2460 609 2693 662 membra
2718 611 2942 678 singula,
2967 621 3018 665 et
3046 610 3186 664 illico
3217 608 3377 663 fuisse
3405 621 3651 666 sanatam.

2239 692 2355 751 Ἰν.
2421 695 2694 750 Victoriuni
2736 699 2968 767 martyris
3012 698 3511 766 ﬁdes.-—-Qualiter
3553 712 3706 752 autem

2197 784 2551 841 Adrumetinae
2577 787 2804 841 civitatis
2827 789 2994 841 civem
3012 786 3390 850 Victoriannm,
3417 786 3579 841 tuncti
3606 803 3707 853 pro-

2195 878 2464 931 consulem
2492 877 2840 946 Carthaginis,
2865 878 3166 946 przcdicem,
3199 877 3398 942 nescio,
3433 878 3709 932 deﬁcienti-

2196 968 2294 1019 bus
2318 966 2509 1021 verbis.
2539 965 2652 1033 Quo
2675 967 2726 1020 in
2753 968 2938 1022 Africae
2969 967 3199 1036 partibus
3227 968 3401 1021 nullus
3429 967 3580 1020 ditior
3607 967 3708 1027 fuit.

2195 1056 2282 1124 qui
2308 1057 2466 1109 etiam
2488 1055 2623 1123 apud
2650 1056 2863 1124 impium
2893 1071 3069 1120 regem
3099 1072 3192 1124 pro
3217 1058 3370 1111 rebus
3403 1072 3601 1121 semper
3625 1057 3710 1109 sibi

2197 1144 2494 1198 commissis
2515 1142 2844 1197 fidelissimus
2865 1144 3171 1198 habebatur.
3193 1145 3466 1198 Mandatur
3483 1145 3530 1198 ei
3554 1159 3581 1196 a
3602 1159 3710 1213 rege

2194 1233 2540 1299 familiariter,
2593 1229 2888 1304 tlicittirque
2929 1232 3064 1300 quod
3098 1248 3216 1288 eum
3273 1233 3545 1286 habiturus
3582 1246 3710 1286 esset

2195 1339 2303 1391 pra:
2345 1323 2586 1376 omnibus
2616 1331 2639 1359 ο
2668 1321 3034 1384 domesticum,
3073 1323 3115 1375 si
3143 1322 3256 1391 ejus
3303 1336 3567 1390 prmcepto
3591 1324 3708 1376 faci-

2195 1412 2298 1466 lem
2327 1411 2712 1465 cornmodasset
2739 1426 3031 1468 assensum.
3060 1411 3162 1466 Sed
3195 1412 3280 1466 ille
3305 1413 3385 1465 vir
3417 1411 3504 1465 Dei
3551 1407 3711 1463 missis

2194 1501 2258 1554 ad
2298 1517 2356 1556 se
2385 1503 2482 1554 tale
2511 1501 2652 1555 dedit
2679 1514 2796 1553 cum
2833 1501 3016 1555 fiducia
3051 1517 3233 1570 magna
3262 1517 3600 1570 responsum:
3625 1507 3707 1554 Se-

2193 1603 2351 1643 cttrtts
2378 1605 2476 1659 ego
2501 1603 2616 1642 sum
2645 1591 2711 1642 de
2732 1589 2943 1642 Christo
2976 1590 3080 1642 Deo
3107 1599 3161 1644 et
3189 1590 3410 1644 Domino
3435 1606 3568 1643 meo.
3605 1591 3711 1643 llzrc

639 1685 721 1739 111.
763 1684 990 1736 Victoria:
1010 1683 1268 1753 fortitudo.
1291 1712 1357 1722 —
1379 1682 1431 1736 in
1453 1682 1660 1735 civitate
1690 1697 1814 1734 vero
1836 1679 1865 1720 δ
1889 1680 2091 1736 Culusi-
2127 1685 2174 1745 Β
2199 1676 2307 1741 regi
2342 1676 2526 1729 dicatis
2559 1693 2574 1729 :
2605 1677 2847 1745 Sttbrigat
2893 1679 3119 1746 ignibus,
3164 1678 3338 1746 adigat
3388 1680 3584 1743 bestiis,
3632 1695 3708 1730 es-

568 1782 686 1824 t-ma
738 1789 839 1827 non
877 1775 1023 1827 valeo
1069 1789 1183 1840 qua:
1220 1783 1362 1845 gesta
1407 1784 1528 1825 sunt
1575 1774 1834 1836 nuntiare,
1882 1773 2000 1841 quia
2041 1784 2092 1826 et

477 1889 481 1894 -
569 1863 733 1929 ipsum
762 1861 1100 1929 quantitati-ni
1128 1869 1410 1930 martyrum
1442 1861 1518 1913 vel
1549 1861 1704 1913 etiam
1733 1861 2093 1914 confessorum

569 1952 890 2021 impossibile
926 1961 1006 2005 est
1035 1951 1227 2004 homini
1258 1960 1559 2019 supputare.
1592 1950 1687 2006 Ubi
1716 1951 1953 2020 quaedam
1986 1967 2094 2004 tua-

573 2051 745 2104 trona,
770 2040 970 2092 auctrix
1000 2039 1077 2091 sui
1111 2038 1333 2091 nominis
1367 2039 1611 2103 Victoria,
1650 2038 1771 2091 dum
1801 2041 1849 2092 in
1877 2053 2096 2106 conspe-

569 2139 653 2181 ctu
683 2130 822 2196 vulgi
843 2128 1146 2182 continuato
1169 2122 1451 2196 suspendio
1475 2139 1820 2198 cremaretur,
1854 2144 1882 2181 a
1908 2130 2094 2181 marito

567 2218 670 2285 iam
720 2218 924 2286 perdito
972 2216 1092 2270 ﬁliis
1148 2217 1489 2285 przrsentibus
1543 2217 1717 2271 taliter
1770 2217 2092 2285 rogabatur:

567 2307 698 2374 Quid
740 2309 932 2375 pateris
972 2306 1234 2375 conjttnx?
1272 2307 1328 2362 Si
1367 2323 1451 2362 me
1486 2307 1732 2376 despicis,
1776 2309 1858 2361 vel
1911 2307 2095 2360 horum

567 2398 819 2452 miserere
847 2412 974 2463 quos
1001 2399 1251 2464 genni3ti,
1299 2398 1474 2464 impia,
1514 2398 1871 2465 parvulorum.
1921 2397 2096 2463 Quare

570 2484 897 2538 Oblivisceris
924 2483 1054 2536 uteri
1090 2483 1185 2542 tui.
1216 2493 1267 2536 et
1304 2498 1400 2550 pro
1438 2485 1602 2536 nihilo
1635 2483 1783 2537 ducis
1810 2499 1943 2552 quos
1977 2499 2095 2537 eum

570 2573 765 2641 gemitu
804 2571 1091 2639 peperisti?
1135 2571 1230 2626 Ubi
1265 2581 1385 2625 sunt
1411 2570 1604 2625 hedera
1634 2571 1922 2638 coniugalis
1950 2587 2095 2624 amo-

569 2661 678 2714 ris?
708 2659 792 2711 ubi
818 2660 1079 2712 societatis
1100 2660 1301 2712 vmcula
1328 2697 1344 2721 ,
1372 2674 1487 2727 qua:
1510 2660 1645 2713 inter
1660 2675 1765 2712 nos
1784 2660 1978 2712 duitum
2002 2659 2098 2712 ho-

569 2750 786 2804 nestatis
817 2751 961 2814 jnre'
984 2749 1173 2802 tabulas
1208 2751 1517 2816 conscriptae
1553 2749 1828 2802 fecerunt?
1855 2750 2094 2818 Respice,

569 2851 769 2905 qureso,
801 2837 934 2890 ﬁlios
969 2851 1029 2888 ac
1055 2836 1316 2900 maritum,
1347 2847 1400 2889 et
1429 2839 1582 2906 regite
1597 2837 1852 2905 iussionis
1879 2838 2099 2905 implete

571 2925 760 2979 festina
782 2935 1117 2993 prmeeptum,
1141 2935 1195 2977 ut
1216 2936 1265 2979 et
1286 2925 1611 2984 imminentia
1640 2925 1810 2980 adhuc
1838 2936 2095 2980 tormenta

2191 1765 2391 1820 cruciet
2417 1767 2693 1835 generibus
2718 1768 2949 1820 omnium
2981 1777 3376 1820 tormentorum.
3418 1768 3471 1822 Si
3501 1783 3709 1822 conseri.

2192 1870 2332 1921 sero,
2361 1859 2549 1910 frustra
2595 1870 2711 1908 sum
2757 1856 2807 1908 in
2847 1855 3081 1910 Ecclesia
3120 1857 3374 1910 catholica
3415 1858 3708 1925 baptizattb‘.

2193 1944 2322 2018 Nam
2352 1942 2398 1998 si
2427 1943 2539 1998 haec
2567 1959 2800 2014 prasens
2825 1946 2928 1998 vita
2955 1946 3067 1998 sols
3096 1945 3298 2009 fuisset,
3327 1945 3432 2016 ω
3454 1955 3506 1998 ct
3547 1947 3708 2003 aliam.

2197 2049 2315 2101 qua:
2335 2048 2457 2088 vere
2473 2042 2576 2100 est,
2600 2048 2703 2087 non
2725 2048 3057 2100 spei-aremus
3077 2041 3346 2098 aeternam,
3373 2049 3469 2087 nec
3496 2034 3561 2086 ita
3598 2032 3615 2069 ι
3643 2033 3708 2084 fa-

2193 2138 2366 2177 ct-rem
2389 2132 2446 2176 ut
2458 2124 2521 2176 ad
2540 2123 2799 2200 modicum
2824 2133 2979 2191 atque
2999 2127 3354 2190 temporaliter
3372 2123 3642 2192 gloriarer,
3667 2133 3711 2173 ιιι

2194 2210 2424 2277 ingratus
2453 2210 2735 2263 exi~terem
2776 2211 2822 2264 ei
2852 2212 2938 2279 qui
2967 2224 3113 2263 suam
3147 2211 3299 2265 fidem
3331 2211 3457 2265 mihi
3484 2213 3708 2270 contulit.

2196 2298 2284 2370 [αι.
2315 2297 2584 2370 creditori]
2612 2298 2871 2354 Creatori.
2898 2300 2976 2354 Ad
3011 2300 3146 2368 quod
3171 2310 3421 2371 tyrannus
3448 2303 3708 2362 excitatus,

2195 2393 2505 2456 qdantorutn
2538 2400 2854 2460 temporum,
2885 2400 2938 2444 et
2966 2390 3171 2458 quantis
3191 2407 3308 2444 eum
3332 2390 3510 2443 afﬂixit
3534 2390 3708 2456 poenis,

2197 2481 2452 2535 humanus
2476 2496 2652 2536 sermo
2673 2498 2776 2535 tton
2801 2482 2987 2550 poterit
3004 2482 3293 2550 explicare.
3316 2482 3410 2547 Qui
3439 2480 3711 2546 tripudians

2195 2571 2248 2624 iit
2297 2571 2538 2633 Domino,
2578 2571 2900 2640 feliciterque
2939 2584 3331 2634 consummatis,
3373 2569 3708 2639 tnartyrialetu

2195 2676 2442 2715 coronam
2475 2661 2698 2725 accepit.

2265 2749 2332 2802 γ.
2357 2748 2565 2802 Fratres
2602 2750 2704 2801 duo
2739 2748 3062 2817 confessores.
3086 2777 3157 2787 —
3181 2747 3330 2816 Apud
3359 2757 3384 2794 ε
3407 2747 3706 2802 Tatubait-n-

2197 2853 2308 2893 sem
2354 2852 2561 2906 quoque
2603 2829 2867 2892 civitatem
2914 2846 3055 2905 gesta
3094 2837 3211 2905 quis
3247 2824 3402 2904 queat
3440 2837 3708 2890 certamina

2197 2937 2484 2997 martyrum
2507 2927 2807 2995 explicare?
2833 2927 2925 2981 Ubi
2951 2926 3052 2982 duo
3073 2928 3304 2994 germani
3329 2927 3516 2981 fratres
3537 2928 3707 2994 Aquis-

573 3017 810 3081 lucreris,
834 3017 983 3068 simul
1007 3025 1059 3069 ct
1088 3017 1210 3068 mihi
1237 3015 1446 3070 doneris
1474 3025 1526 3069 et
1551 3016 1728 3070 liberis
1749 3017 1962 3070 nostris.
1988 3015 2086 3070 Sed
2114 3025 2159 3084 ρ
2191 3019 2442 3087 Regensis
2489 3017 2740 3082 civitatis,
2785 3017 2883 3071 sibi
2926 3017 3095 3072 securi
3138 3019 3204 3071 de
3240 3018 3458 3071 Domino
3504 3018 3708 3072 invicem

573 3109 659 3161 illa
699 3122 792 3161 nec
818 3108 1036 3160 filiorum
1077 3108 1246 3170 fletus,
1284 3121 1379 3161 nec
1410 3099 1667 3176 serpentis
1692 3107 1910 3162 audiens
1940 3107 2088 3159 blan-

572 3196 819 3260 dimenta,
866 3207 889 3235 ο
927 3197 1164 3250 affectum
1197 3197 1358 3249 multo
1403 3197 1558 3250 altius
1603 3199 1813 3250 elevans
1853 3211 1883 3248 a
1927 3206 2086 3257 terra.

569 3286 816 3339 mundum
854 3302 971 3339 cum
1022 3289 1130 3340 suis
1177 3286 1453 3340 desideriis
1495 3289 1880 3339 contemnebat.
1927 3286 2091 3350 Quam

571 3387 685 3425 cum
729 3372 834 3437 jam
878 3371 1270 3425 continuatione
1308 3370 1571 3435 suspendti
1608 3370 1805 3422 avulsis
1843 3371 2090 3433 humeris,

640 3533 664 3558 ³
696 3523 784 3576 Sic
807 3521 956 3575 Colb.
989 3522 1012 3574 1
1047 3528 1100 3572 et
1126 3522 1252 3575 edit.
1293 3519 1416 3572 duo.
1447 3520 1545 3573 Alii
1575 3533 1786 3582 omnes,
1827 3529 1980 3572 totam
2010 3537 2096 3584 per

525 3646 530 3651 ,
572 3593 736 3642 urbem
760 3605 780 3644 :
806 3605 922 3656 qua:
951 3590 1102 3642 lectio
1135 3588 1431 3642 confirmari
1464 3598 1630 3647 poti-st
1671 3604 1732 3640 ex
1762 3591 2096 3656 sequentibus

570 3661 764 3721 verbis,
787 3659 872 3711 ubi
895 3669 1105 3727 sanctus
1126 3669 1319 3727 martyr
1339 3673 1485 3727 super
1503 3657 1662 3708 silices
1688 3659 1960 3722 platearum
1980 3673 2095 3710 eor-

571 3728 737 3782 rnisse
752 3728 960 3780 dicitur.
981 3725 1338 3780 Dedueebaiur
1359 3725 1489 3777 forte
1509 3740 1569 3778 ex
1596 3727 1758 3790 platea
1783 3726 1832 3776 in
1851 3727 2090 3793 plateam.

557 3798 726 3859 inira,
754 3796 960 3863 Comp.,
992 3810 1087 3862 pro
1114 3795 1356 3863 dimissis.
1387 3794 1541 3846 habet
1568 3796 1820 3847 dimissus.

638 3865 664 3903 δ
707 3866 841 3920 Urbs
872 3862 946 3918 est
977 3866 1028 3918 in
1058 3862 1447 3925 Proconsulaii,
1475 3864 1622 3930 cujus
1651 3863 1958 3915 Αῑηιὶιίαηυε
1981 3866 2090 3924 epi-

569 3951 756 4004 scopus
783 3937 832 3986 in
857 3933 1069 4004 _Notitia_
1089 3943 1410 4004 recensetur.
1442 3932 1514 3986 De
1538 3947 1638 4000 qua
1668 3933 1794 3986 urbe
1823 3933 1966 4000 plura
1998 3933 2090 3986 ba-

569 4002 672 4056 bes
689 4004 739 4055 itt
763 4002 896 4056 notis
917 4003 978 4055 ad
1009 4003 1249 4056 Notitiam
1283 4002 1431 4054 inira.

638 4082 662 4108 ε
699 4072 842 4124 Colb.
884 4072 907 4124 1
950 4080 1004 4123 et
1035 4072 1181 4122 Orth.
1224 4087 1338 4122 cum
1373 4069 1641 4131 Lorichio,
1687 4079 1933 4121 aspectum
1971 4086 2091 4122 ocu-

569 4141 728 4191 lorum
758 4141 930 4190 multo.
958 4137 1104 4190 Colh.
1131 4138 1281 4197 alter,
1316 4138 1494 4202 a/fectu
1522 4141 1674 4188 multo
1701 4137 1852 4189 altius
1878 4137 2086 4191 elevata.

636 4205 662 4242 ἀ
695 4207 800 4258 Hoc
830 4209 1037 4258 nomine
1073 4206 1216 4255 intell
1241 4220 1284 4270 gi
1306 4206 1437 4254 ndus
1465 4204 1576 4264 hic,
1609 4215 1660 4255 ut
1690 4214 1840 4266 puto,
1873 4215 1952 4257 est
1980 4222 2086 4256 tna-

568 4273 812 4332 gistratus
837 4273 1021 4337 aliquis
1045 4287 1072 4321 a
1103 4287 1221 4337 tege
1246 4273 1525 4333 institutus,
1552 4272 1636 4337 qui
1660 4273 1744 4336 jus
1765 4272 1977 4333 diceret,
2000 4289 2088 4326 ve-

572 4342 660 4390 luti
709 4341 889 4392 umbra
936 4340 1168 4405 quadarn
1220 4339 1563 4392 Romanorum
1618 4342 1981 4401 proconsulum
2036 4343 2084 4394 in

569 4407 764 4460 Africa.
799 4407 1145 4459 Vietorianum
1176 4410 1325 4460 siinnl
1355 4423 1469 4465 eum
1501 4406 1697 4458 duobus
1723 4409 1984 4473 germanis
2011 4410 2088 4461 in-

570 4477 645 4528 fra
693 4475 910 4528 laniatis
947 4476 1207 4528 celebrant
1249 4479 1448 4541 vulgata
1495 4477 1856 4542 martyrologia
1901 4477 1984 4529 die
2020 4477 2087 4530 25

571 4544 757 4596 Martii.
791 4543 852 4595 Iis
884 4546 1142 4596 interserit
1169 4544 1457 4596 Galesinius
1487 4543 1718 4595 Verolum
1748 4557 1800 4598 et
1827 4545 1982 4608 alios,
2021 4547 2086 4600 de

2191 3106 2539 3176 1'juraveruut
2568 3116 2623 3160 ut
2653 3116 2895 3175 rogarent
2927 3117 3148 3160 tortores
3181 3116 3240 3160 ut
3267 3123 3366 3159 una
3399 3122 3550 3174 pinna
3579 3111 3705 3175 pari-

2197 3210 2298 3263 que
2313 3194 2563 3264 suppficio
2586 3204 2974 3264 torquerentur.
2996 3195 3059 3247 Et
3079 3196 3200 3247 dum
3225 3196 3395 3260 primo
3412 3196 3699 3264 suspendio,

2199 3285 2420 3337 molibus
2466 3284 2693 3351 lapidum
2729 3285 2952 3352 pedibus
2985 3285 3228 3351 alligatis.
3262 3295 3367 3338 tota
3412 3287 3499 3340 die
3529 3288 3708 3354 pende-

2199 3381 2334 3425 rent.
2365 3386 2498 3424 unus
2522 3372 2728 3425 illorum
2756 3373 2935 3438 petivit
2960 3387 3015 3426 se
3042 3373 3255 3441 deponi,
3284 3386 3336 3427 et
3365 3374 3463 3429 sibi
3495 3377 3709 3428 inducias

2197 3524 2741 3598 troversias,_quornm
2763 3525 2924 3598 gratia
2950 3536 3159 3598 sanctus
3179 3529 3361 3583 doctor
3383 3531 3575 3598 aliquot
3594 3546 3707 3598 opu-

2193 3592 2336 3668 scula
2381 3592 2562 3668 edidit.
2597 3593 2997 3668 Deniquebanc
3037 3597 3248 3668 urbem,
3279 3592 3483 3668 Sinam.
3509 3592 3707 3668 Nigrum

2193 3661 2805 3733 aliquandoappellatam
2830 3660 2997 3733 fuisse
3009 3663 3248 3717 observat
3269 3660 3704 3733 Oxonicasis'ope-

2194 3744 2308 3782 rum
2331 3731 2494 3782 szmcti
2521 3729 2764 3797 Cypriani
2786 3730 3030 3784 editionis
3050 3741 3250 3797 auctor,
3279 3733 3329 3786 in
3351 3736 3491 3787 notis
3513 3737 3574 3788 ad
3597 3729 3706 3789 eon-

2193 3798 2366 3852 cilium
2394 3798 2659 3865 Carthag.,
2691 3813 2835 3849 num.
2863 3799 2915 3852 5.

2266 3876 2289 3903 ⁸
2329 3867 2449 3920 Ηειξε
2477 3883 2574 3919 vox
2597 3870 2744 3919 tleest
2772 3868 2820 3919 in
2847 3867 2993 3920 Colb.
3015 3867 3070 3931 2,
3099 3867 3270 3932 llam,
3294 3869 3527 3933 Lorich.,
3547 3873 3704 3932 Orth.,

2197 3934 2398 4006 lihen.,
2429 3945 2530 4006 etc.
2563 3938 2629 3990 At
2654 3933 2802 4006 Colb.
2842 3938 2863 3988 1
2899 3936 3052 3990 habet
3091 3937 3225 4005 quod
3265 3956 3377 3990 eum
3413 3955 3583 3992 carum
3618 3957 3708 4006 pne

2192 4004 2423 4076 omnibus
2443 4003 2656 4076 haberet.
2694 4007 2754 4056 Et
2782 4003 3296 4076 infratsecurusggo,
3328 4018 3429 4061 etc.
3461 4010 3546 4062 Sic
3574 4003 3707 4062 Lori-

2190 4073 2358 4147 ctiitts.
2385 4071 2595 4147 αξιοι-ἰ,
2627 4089 2825 4147 sciurus
2849 4076 2910 4126 de
2927 4074 3127 4147 ρων..
3157 4071 3284 4129 Dico
3311 4092 3423 4144 qua:
3449 4081 3583 4147 regi,
3613 4090 3703 4131 etc.

2189 4138 2350 4210 Mart:
2369 4151 2423 4210 et
2447 4139 2650 4204 Cump.,
2687 4139 2812 4210 Hinc
2833 4158 2871 4191 re
2887 4144 2956 4210 gi.
2980 4154 3080 4195 etc.

2266 4205 2282 4243 ί
2316 4205 2464 4280 Colb.
2502 4211 2537 4280 f3
2567 4224 2684 4280 eum
2726 4205 3142 4277 editishrliquut,
3194 4213 3415 4280 fecissem
3446 4215 3513 4266 ad
3554 4214 3705 4266 modi-

2190 4289 2369 4326 cum...
2390 4275 2616 4342 gloriari.

2261 4351 2285 4386 κ
2318 4343 2490 4405 Μέση..
2519 4343 2663 4395 Colb.
2689 4351 2741 4396 et
2766 4344 2939 4404 Urtlr,
2963 4345 3372 4399 Tambadensrrtt.
3392 4347 3540 4400 Colb.
3562 4350 3700 4404 alter.

2193 4409 2614 4482 Tambianensent.
2655 4411 2765 4464 Ful.
2792 4423 2844 4465 et
2883 4412 3081 4472 δεδι-ιιιὶ,
3116 4414 3520 4466 Tambadensem.
3569 4417 3701 4482 Apud

2190 4480 2532 4549 Augustinum
2565 4481 2697 4532 libro
2721 4497 2787 4534 vtt
2811 4491 2986 4532 contra
3020 4482 3330 4549 lionat'tstas,
3355 4498 3469 4549 cap.
3497 4484 3584 4544 44,
3615 4480 3704 4535 ine-

2191 4557 2426 4600 tnoratur
2451 4548 2765 4601 Secundinus
2785 4548 3043 4612 episcopus
3069 4567 3098 4599 α
3120 4548 3367 4610 Tambais,
3399 4548 3481 4605 qui
3514 4553 3561 4602 in
3592 4569 3701 4602 ron-

570 4613 756 4693 quibu‘s
798 4612 1168 4693 infra-agemus
1195 4615 1245 4691 in
1274 4612 1660 4693 Cornigerum-io
1689 4613 1931 4693 historico
1966 4631 2081 4693 cap.
2116 4635 2164 4693 ι)
2188 4615 2307 4668 cilio
2337 4616 2700 4693 Capltagasttb
2728 4629 2906 4693 saneto
2935 4615 3217 4693 C‘vpriano,‘
3245 4620 3497 4693 num.‘80_,
3528 4619 3700 4672 dicitur

570 4681 653 4731 1ο.
703 4681 772 4731 De
811 4681 887 4731 his
929 4680 1241 4731 Bollandiani
1282 4681 1340 4732 21
1398 4681 1661 4733 Febrttari
1701 4692 1751 4733 et
1787 4682 1855 4733 23
1889 4683 2080 4748 Martii;

566 4764 670 4810 quo
715 4751 836 4799 item
882 4749 963 4799 die
993 4751 1041 4798 in
1082 4758 1287 4800 vetusto
1314 4749 1616 4819 calendario
1643 4750 1915 4815 Capuano,
1948 4758 2080 4819 quoi

566 4819 778 4870 Michael
819 4826 1095 4867 tnonactms
1140 4818 1322 4881 publici
1361 4818 1489 4880 juris
1531 4819 1646 4869 iecit
1695 4821 1742 4871 in
1791 4818 2083 4871 iat'tetnario

567 4886 842 4948 Captiano,
875 4885 1117 4936 festivitas
1149 4886 1400 4936 indicatur
1429 4889 1581 4935 sancti
1621 4885 1890 4938 Victoriani
1927 4897 1973 4938 et
2001 4905 2082 4939 so-

564 4957 750 5005 ciorum
788 4957 896 5021 ejus
924 4963 1210 5018 martyrum.
1245 4954 1404 5004 Porro
1436 4953 1470 5001 V
1498 4956 1712 5004 ctoriuui
1744 4955 1855 5020 ejus
1890 4956 1956 5007 de
1981 4972 2083 5020 quo

569 5025 646 5074 liii:
694 5026 892 5088 agimus
933 5021 1170 5086 reliquias
1218 5024 1411 5082 aliquot
1454 5035 1510 5072 se
1559 5022 1748 5074 habere
1794 5024 2082 5089 glo'iantur

564 5091 906 5150 Lenilienses,
953 5102 1000 5138 ιιι
1048 5099 1262 5159 testatur
1298 5089 1584 5153 Szttts~aytts
1615 5092 1663 5140 in
1713 5092 2080 5159 mat-tyrologio

564 5160 827 5210 ti..|lit‘.att0
862 5159 944 5209 die
980 5159 1046 5208 Ἡ»
1078 5156 1258 5206 Martii.
1305 5159 1639 5207 Adrtttnetttin
1687 5156 2083 5220 porro'celcbris

564 5239 672 5276 o-rat
699 5229 819 5279 urbs
843 5227 889 5277 in
909 5228 948 5277 Α
977 5230 1077 5276 mea
1096 5262 1109 5284 ,
1140 5227 1413 5290 ttyzarena:
1437 5225 1642 5288 provinc
1665 5241 1708 5277 ξε
1728 5237 1905 5290 caput,
1931 5229 2078 5292 cujus

569 5294 705 5345 Felix
733 5296 1004 5358 episcopus
1040 5306 1191 5356 supra
1225 5292 1310 5343 lib.
1346 5307 1387 5351 t,
1418 5307 1555 5341 nom.
1592 5294 1640 5355 7,
1672 5308 1699 5344 a
1735 5295 1939 5346 \‘icutre
1967 5313 2076 5345 me-

566 5374 811 5413 moratur.
845 5362 992 5412 Plura
1031 5364 1093 5412 dc
1123 5361 1217 5410 hac
1254 5360 1378 5410 urbe
1403 5375 1682 5424 congerere
1713 5363 1888 5415 inutile
1915 5375 2073 5415 esset.

562 5426 764 5479 Farnosi
791 5433 930 5480 luere
945 5434 1102 5480 sancti
1130 5428 1395 5487 Augustini
1417 5429 1730 5490 temporibus
1754 5432 2074 5483 Atlrtttnetini

565 5497 817 5558 ltiOltitClli,
847 5497 909 5545 oh
939 5510 1097 5549 tit-itas
1121 5499 1182 5550 de
1207 5496 1374 5547 Gratia
1399 5507 1446 5548 et
1476 5495 1928 5551 i’l‘JBtiCblltttlltOlte
1951 5515 2074 5552 Cett-

2188 4697 2374 4751 martyr
2397 4685 2742 4738 Secundianus
2760 4703 2790 4737 a
2805 4685 3085 4738 Thumbeis.
3102 4688 3154 4737 In
3179 4685 3363 4737 Notitia
3379 4687 3564 4740 Africa:
3579 4691 3700 4742 inter

2186 4753 2481 4821 ily/.aeenos
2514 4757 2694 4806 Patres
2725 4765 3023 4807 recensetur
3053 4755 3160 4822 86
3194 4754 3455 4808 εει-νωιάεὶ
3485 4755 3698 4808 Τιιιιιὺεἰο

2186 4831 2350 4873 tonus.
2383 4823 2457 4874 De
2500 4823 2595 4892 hac
2627 4822 2752 4874 urbe
2792 4832 2843 4874 et
2871 4823 3032 4892 Aquis
3076 4823 3346 4889 ttt'giCnsi,
3390 4825 3473 4876 llic
3509 4841 3699 4892 quuqne

2184 4899 2489 4950 "remorata,
2515 4891 2630 4942 vide
2657 4898 2802 4940 notas
2828 4892 2877 4940 in
2909 4889 3148 4942 Notitiam
3177 4891 3381 4943 Africzu.

2255 4957 2277 4992 δ
2313 4959 2448 5015 Fu|..
2479 4960 2807 5009 intraverunt.
2841 4958 3074 5010 lihenan.
3099 4999 3112 5018 ,
3143 4959 3315 5011 illiilli.
3347 4970 3393 5012 et
3428 4961 3511 5012 alii
3557 4961 3696 5018 editi.

2173 5026 2468 5091 jumveruut
2497 5036 2541 5076 et
2572 5035 2885 5092 rogaverunt.
2918 5028 3073 5077 Paulo
3103 5028 3229 5077 infra
3260 5031 3535 5092 exponitur
3559 5029 3697 5092 quale

2184 5095 2349 5145 fuerat
2378 5109 2554 5145 eorum
2583 5094 2932 5156 juramentum
2955 5110 3114 5152 .cnm
3140 5111 3317 5147 eorum
3347 5101 3477 5148 alter
3506 5097 3569 5149 ad
3608 5101 3697 5148 fra-

2185 5173 2312 5233 trem
2353 5161 2659 5233 titubantem
2707 5161 2836 5233 dixit
2869 5177 2887 5213 :
2925 5164 3086 5224 Super
3127 5180 3305 5233 rorpns
3339 5176 3382 5214 et
3419 5167 3696 5233 sanguinem

2183 5227 2362 5279 Christi
2383 5232 2686 5294 juravimur.
2715 5228 2823 5280 Jant
2852 5232 2947 5282 sub
2975 5233 3145 5283 smeuli
3181 5227 3313 5283 tertii
3349 5248 3396 5283 m
3431 5227 3570 5283 diuin
3607 5234 3696 5284 No-

2181 5297 2415 5348 vatianus
2446 5295 2805 5365 schisinaticns
2833 5315 2954 5349 suos
2974 5301 3147 5362 iurare
3178 5305 3395 5364 cogehat
3421 5317 3568 5365 super
3599 5316 3697 5350 rer-

2180 5381 2268 5429 pus
2310 5377 2353 5436 (ι
2383 5364 2673 5436 sanguinem
2714 5363 2892 5416 Christi
2924 5369 3058 5432 quod
3091 5363 3350 5436 numquam
3380 5371 3444 5420 ad
3482 5363 3694 5421 Cornelii

2182 5433 2437 5499 pontificis
2466 5441 2637 5497 partes
2663 5436 2955 5486 transirent.
