3814 6228
111 229 195 282 iis
1000 224 1086 276 DE
1124 216 1628 277 PEIlSltCUTlONE
1666 214 2045 272 VANDALIC-A
2087 220 2212 277 LIB.
2255 221 2315 274 γ.

3141 223 3247 278 256

112 337 219 389 dari.
243 334 326 388 Cui
348 335 504 388 frater
533 336 687 400 alius,
728 343 961 388 metuens
991 349 1056 387 ne
1086 334 1240 387 fidem
1271 337 1507 400 negaret,
1535 328 1600 381 de
1628 328 1677 387 Δ
1704 328 1843 381 mina
1875 338 2252 383 tormentorum
2281 331 2472 397 poterit
2504 332 2734 387 edicere.
2759 331 2887 398 Qua:
2909 346 2992 386 res
3011 329 3038 367 ⁸
3063 330 3242 386 hodie-

113 423 352 491 suspendio
369 425 627 476 clamabat
643 440 658 478 :
676 423 813 486 Noli,
835 423 961 484 noli,
981 421 1168 487 frater;
1197 434 1298 474 non
1319 420 1387 474 ita
1401 419 1602 487 juravi-

116 531 205 568 mus
225 513 433 567 Christo.
462 515 733 569 Accusabo
754 522 934 566 tecum
957 519 1079 564 ante
1095 512 1336 564 thronum
1350 510 1464 577 ejus
1489 517 1600 562 ter—

118 603 282 656 ribilem
311 604 600 656 venerimus
626 619 638 652 :
662 600 782 669 quia
823 614 981 665 super
1007 613 1199 666 corpus
1237 597 1356 666 ejus
1390 606 1443 650 et
1464 612 1600 650 san-

120 693 286 758 guinein
311 690 600 758 iuravimus
641 700 698 742 ut
731 705 824 757 pro
859 704 923 744 eo
949 687 1120 759 [Lor.,
1151 686 1330 758 simul]
1371 688 1596 746 invicem

119 782 343 849 patiamur.
374 781 472 834 Ista
506 781 688 833 dicens
710 791 762 833 et
785 780 885 833 alia
926 779 1107 843 multa,
1131 777 1446 832 confortavit
1479 791 1601 844 ger-

120 884 283 922 manum
321 868 381 921 ad
412 869 648 936 praelium
689 868 969 938 passionis,
1015 869 1106 935 qui
1129 868 1363 920 clamans
1399 862 1598 933 ingenti

121 973 215 1012 ioco
233 957 420 1010 dicebat
444 974 458 1010 :
484 957 576 1026 [αι.
605 956 828 1028 Adicite]
865 956 1082 1025 Adigcte
1113 954 1386 1024 suppliciis
1411 953 1603 1021 quibus

121 1049 270 1114 vultis,
318 1057 370 1103 et
419 1049 590 1118 pteuis
641 1044 969 1101 Christianos
1015 1053 1217 1100 arctate
1254 1043 1599 1098 crudelibus:

117 1137 223 1204 quod
255 1137 400 1190 frater
429 1151 578 1190 meus
607 1136 840 1190 facturus
878 1146 980 1200 est,
1024 1135 1125 1188 hoc
1152 1148 1250 1201 ego
1282 1133 1439 1187 etiam
1482 1146 1597 1200 ago.

117 1225 292 1288 uiuentis
313 1224 418 1292 jam
469 1225 681 1278 laminis
723 1224 900 1292 ignitis
942 1224 1116 1283 adusti
1169 1231 1311 1287 sunt,
1357 1221 1604 1291 qualibus

119 1314 282 1381 ungulis
297 1313 511 1370 exarati.
534 1313 728 1382 quibus
747 1312 1063 1367 cruciatibus
1087 1312 1232 1375 terti,
1266 1326 1349 1364 res
1378 1312 1485 1377 ipsa
1508 1308 1601 1362 do-

115 1413 198 1466 cet,
221 1403 340 1470 quod
367 1418 458 1458 eos
487 1404 593 1470 ipsi
623 1412 850 1456 tortores
877 1417 907 1455 a
949 1418 1042 1456 sua
1073 1402 1207 1456 facie
1244 1401 1601 1471 projecerunt,

115 1493 308 1547 dimittes
333 1511 345 1546 :
371 1495 499 1548 istos
525 1494 760 1547 imitatur
781 1494 1055 1547 universus
1077 1493 1317 1559 populus,
1352 1503 1407 1545 ut
1428 1492 1604 1546 nullus

115 1582 172 1635 ad
202 1591 401 1637 nostram
427 1583 740 1651 religionem
771 1581 978 1650 penitus
1003 1590 1364 1644 convertatur;
1392 1589 1440 1634 et
1469 1595 1604 1648 prat-
1644 1605 1654 1614 ’

1702 432 1805 482 quo
1831 408 2076 485 liositaliin
2107 431 2347 488 promptu
2374 420 2722 475 demonstrat.
2755 424 2903 477 Alios
2925 422 3042 476 sine
3069 427 3240 476 maui-

1701 502 1821 566 bns,
1851 505 1983 558 alios
2009 508 2123 559 sine
2168 508 2357 569 oculis,
2405 509 2539 561 alios
2577 509 2778 578 absque
2825 509 3068 577 pedibus,
3106 508 3241 565 alios

1703 601 1918 648 truncos
1963 591 2176 649 naribus
2213 597 2528 667 auribusque
2573 597 2836 666 intendas,
2869 598 2971 668 41
3002 601 3243 668 aliosque

1700 684 1880 737 videas
1909 685 2070 738 nimio
2087 687 2370 753 suspendio
2388 686 2608 755 spatulis
2634 689 2724 758 ιαι.
2755 687 3005 758 scapulis]
3022 690 3266 754 evulsis,-

1701 784 1878 842 caput,
1919 776 2058 844 quod
2104 776 2339 830 eminere
2365 777 2600 841 solebat,
2635 778 2685 830 in
2717 777 2888 831 medio
2915 778 3245 846 scapularum

1702 865 1866 921 fuisse
1901 866 2221 933 demersum,
2264 867 2388 920 dum
2423 867 2619 936 jngiter
2654 867 2707 921 in
2734 864 2970 938 altis[al.
3010 867 3242 940 sedibus]

1702 955 1905 1008 aedibus
1949 956 2239 1024 suspendio
2276 958 2596 1023 cruciantes,
2643 957 2956 1023 impulsione
2996 972 3243 1013 manuum

1703 1042 1914 1096 funibus
1941 1044 2166 1112 agitatis,
2209 1059 2301 1112 per
2334 1060 2551 1099 vacuum
2592 1060 2767 1099 aerem
2801 1046 2900 1099 huc
2927 1054 3088 1115 atque
3113 1045 3241 1100 illuc

1703 1133 1964 1185 faciebant
1992 1133 2166 1201 vagari
2199 1133 2508 1201 pendentes.
2539 1135 2637 1199 Qui
2672 1150 3042 1204 nonnunquam
3065 1134 3242 1189 dism-

1706 1224 1810 1292 ptis
1837 1224 2052 1278 funibus
2075 1225 2143 1279 de
2175 1225 2261 1278 illa
2289 1225 2567 1279 altitudine
2605 1226 2988 1293 suspensionis,
3022 1226 3128 1280 ictu
3154 1241 3244 1277 va-

1704 1313 1813 1375 lido
1855 1326 2182 1379 corruentes,
2222 1316 2433 1384 plurimi
2467 1331 2642 1370 arcem
2683 1317 2884 1370 cerebri
2915 1331 3032 1369 enm
3071 1316 3240 1369 oculis

1702 1403 1990 1457 antiserunt
2012 1418 2027 1455 :
2051 1404 2139 1456 alii
2168 1404 2444 1458 confractis
2472 1407 2679 1458 ossibus
2719 1404 2958 1472 spiritum
2990 1405 3240 1458 continuo

1707 1489 2068 1558 reddiderunt,
2097 1491 2186 1544 alii
2215 1501 2330 1558 post
2356 1493 2566 1560 paulum
2596 1493 2994 1546 exhalaverunt.
3026 1493 3128 1547 Sed
3152 1494 3243 1560 qui

1705 1580 1807 1634 hoc
1856 1580 2150 1635 fabulosum
2199 1591 2364 1649 putat,
2398 1591 2421 1618 σ
2453 1582 2702 1636 Uranium
2732 1582 2967 1637 Zenonis
3014 1583 3241 1651 legatum

114 1672 240 1738 cipue
257 1673 366 1736 quia
403 1672 532 1723 nulli
569 1671 784 1736 livores,
824 1670 967 1724 nulla
1007 1684 1278 1738 poenarum
1306 1668 1520 1738 vestigia
1550 1668 1603 1722 in
1633 1663 1680 1721 Β
1706 1668 2009 1737 interroget.
2039 1672 2093 1723 in
2131 1670 2283 1738 cujus
2310 1672 2589 1740 prmsentia
2621 1673 2882 1739 praecipue
2916 1682 3060 1740 gesta
3086 1684 3239 1735 sunt;

113 1759 182 1812 eis
204 1759 382 1825 penitus
403 1757 734 1813 videbantur.

144 1845 239 1898 -γι
267 1845 386 1898 Mira
411 1847 534 1912 ﬁdes
564 1833 943 1916 Typasensiunt.
967 1847 1156 1919 Ingens
1185 1847 1505 1901 miraculum.
1527 1875 1598 1887 ~—

114 1936 159 1989 ln
191 1936 497 2004 I'l'ypasensi
537 1951 665 1990 vero
710 1937 850 2006 quod
895 1949 1099 2006 gestum
1142 1944 1226 1991 est
1271 1938 1595 1990 Mauritaniae

112 2028 289 2096 majoris
313 2031 517 2083 civitate
537 2028 601 2082 ad
625 2027 829 2082 laudem
854 2026 944 2080 Dei
970 2027 1237 2080 insinuare
1263 2025 1596 2081 festinemus.

116 2120 224 2172 Dum
258 2134 354 2172 suae
391 2120 588 2174 civitati
633 2119 886 2172 Arianum
931 2118 1233 2186 episcopum
1282 2131 1347 2170 ex
1395 2116 1600 2170 notario

115 2207 136 2245 δ
155 2207 316 2277 Cyrilae
347 2209 407 2262 ad
433 2208 726 2277 perdendas
766 2209 967 2261 animas
1002 2207 1297 2260 ordinatum
1328 2205 1597 2269 vidissent,

114 2298 256 2350 omnis
277 2298 414 2352 simul
438 2297 629 2350 civitas
659 2296 932 2351 evectione
966 2296 1134 2349 navali
1164 2296 1229 2349 de
1274 2296 1509 2364 proximo
1533 2295 1599 2347 ad

115 2388 372 2454 Hispaniam
398 2388 654 2454 confugit,
699 2387 907 2456 relictis»
926 2387 1254 2453 paucissimis
1281 2385 1366 2454 qui
1403 2385 1599 2438 aditum

113 2493 196 2526 non
225 2477 504 2530 invenerant
525 2476 825 2544 navigandi.
863 2476 1004 2540 Quos
1038 2476 1353 2529 Arianorum
1393 2476 1601 2542 episco-

113 2578 193 2628 pus
227 2568 375 2630 primo
418 2562 822 2629 blandimentis,
869 2571 1048 2631 postea
1093 2563 1246 2616 minis
1283 2554 1603 2631 compellere

112 2649 266 2717 erepit.
292 2659 341 2704 ut
363 2666 453 2706 eos
482 2651 682 2706 laceret
703 2652 944 2705 Arianos.
979 2652 1082 2704 Sed
1113 2652 1273 2705 fortes
1305 2653 1355 2706 in
1383 2652 1603 2704 Domino

115 2753 458 2808 permanentes,
496 2757 599 2794 non
642 2742 816 2794 solum
844 2741 1116 2795 suadentis
1143 2743 1396 2796 insaniant
1424 2742 1604 2797 irrise-

115 2837 234 2895 runt,
254 2844 418 2897 verum
433 2832 591 2884 etiam
637 2831 846 2898 publice
876 2834 1126 2900 mysteria
1151 2832 1324 2885 divina
1363 2833 1414 2886 in
1445 2831 1602 2886 domo

113 2933 192 2968 una
224 2920 505 2986 Cougregati
548 2921 817 2972 Celebrare
860 2931 1148 2985 capt-runt.
1191 2921 1337 2986 Quod
1387 2922 1476 2974 ille
1513 2937 1602 2974 co-

1701 1759 1790 1813 illa
1834 1760 2034 1814 scilicet
2061 1775 2240 1823 causa,
2285 1763 2407 1830 quia
2444 1765 2662 1816 veniens
2704 1762 3072 1839 Carthaginem
3119 1779 3239 1818 sese

1702 1867 1797 1921 pro
1823 1845 2127 1906 defensione
2149 1853 2488 1906 ecclesiarum
2521 1852 2898 1907 catholicarum
2927 1855 3131 1908 venisse
3155 1855 3239 1921 jac

1699 1941 1895 1995 ctabat.
1941 1940 2005 1994 Et
2044 1949 2102 1994 ut
2125 1938 2200 1994 illi
2239 1943 2541 1998 ostenderet
2583 1951 2836 2012 tyrannus
2867 1958 2927 1998 se
2972 1945 3233 1998 neminem

1701 2029 2003 2095 formidare,
2035 2031 2088 2083 in
2119 2031 2221 2084 illis
2245 2031 2430 2099 plateis
2456 2032 2538 2085 vel
2567 2031 2696 2086 vicis
2724 2033 2898 2100 plures
2929 2041 3151 2087 tortores
3181 2043 3237 2086 et

1699 2118 2022 2173 crudeliores
2040 2119 2243 2183 statuit,
2268 2121 2319 2173 in
2343 2121 2531 2187 quibus
2560 2120 2743 2188 legatis
2770 2122 2929 2174 moris
2950 2133 3030 2175 est
3053 2135 3238 2174 ascen-

1699 2207 1872 2262 dendo
1897 2206 1963 2261 ad
1993 2208 2241 2276 palatium
2271 2217 2321 2259 et
2346 2207 2715 2261 descendendo
2753 2209 2977 2263 transire
3007 2225 3020 2260 :
3049 2208 3113 2262 ad
3145 2223 3238 2273 op-

1700 2297 1970 2368 probrium
1997 2297 2242 2350 videlicet
2270 2296 2434 2364 ipsius
2473 2298 2798 2365 reipublicze,
2842 2309 2897 2351 et
2925 2301 3088 2350 nostri
3128 2299 3244 2365 jam.

1699 2389 1990 2443 deficientis
2020 2386 2269 2454 temporis
2301 2388 2507 2441 necem.

1738 2534 1741 2537 ,
1772 2477 1902 2532 Vlll.
1933 2476 2178 2551 Matrona
2201 2478 2477 2533 exsulantt's
2497 2478 2794 2531 constantia.
2824 2493 2890 2516 -'—
2910 2477 3056 2531 Tunc
3078 2478 3234 2548 igitur

1700 2566 2018 2636 etqutedam
2049 2581 2183 2621 uxor
2227 2567 2496 2635 cujusdam
2541 2567 2790 2620 cellarita:
2846 2568 2982 2634 regis
3026 2568 3246 2624 nomine

1706 2653 1726 2693 τ
1763 2656 1983 2729 Dagila,_
2012 2671 2130 2726 qua:
2169 2656 2492 2724 temporibus
2541 2656 2792 2710 Geiserici
2821 2658 3084 2710 multoties
3128 2657 3236 2726 jam

1701 2747 1976 2800 confessor
1996 2746 2288 2810 exstiterat,
2320 2755 2556 2799 matrona
2586 2745 2776 2798 nobilis
2804 2759 2865 2797 ac
2885 2745 3130 2808 delicata,
3148 2746 3236 2798 tia-

1699 2830 1852 2902 gellis
1876 2843 1930 2887 et
1956 2833 2177 2887 fustibus
2205 2834 2420 2886 omnino
2441 2833 2733 2897 debilitata,
2779 2833 2966 2885 exsilio
3007 2832 3157 2885 arido
3183 2845 3240 2888 et

1705 2922 1844 2975 invio
1863 2923 2149 2989 relegatur,
2184 2921 2270 2973 ubi
2296 2919 2471 2972 nullus
2499 2920 2765 2973 hominum
2819 2921 2954 2974 forte
3001 2922 3237 2975 consola-

110 3008 347 3072 gnosceiis,
375 3007 685 3059 relationem
725 3009 929 3060 occulte
950 3005 1316 3075 Carthaginem
1345 3010 1598 3062 adversus
1624 2991 1670 3051 (ἶ
1703 3010 1861 3064 tionis
1889 3011 2058 3077 gratia
2082 3008 2566 3062 veniendi-haberet
2595 3022 2890 3074 accessum,
2939 3009 3239 3078 relinquens

111 3110 183 3144 eis
232 3095 423 3148 direxit.
468 3096 596 3161 Qua:
641 3110 761 3149 cum
810 3096 917 3164 regi
967 3095 1297 3157 innotuisset,
1353 3098 1594 3149 cntniiettl

110 3182 344 3246 quemdam
383 3199 501 3237 cum
550 3183 817 3237 iracundia
864 3184 1117 3255 dirigens,
1160 3184 1405 3252 prmcepit
1445 3195 1500 3238 ut
1546 3185 1594 3237 in

111 3272 252 3325 mulio
273 3273 396 3338 foro,
425 3285 741 3342 congregata
764 3274 885 3328 illuc
909 3276 1049 3328 onmi
1080 3269 1365 3343 provincia,
1397 3275 1598 3343 linguas

112 3365 172 3414 eis
205 3372 252 3416 et
290 3377 469 3418 manus
508 3370 748 3419 dexteras
792 3366 1041 3419 radicitus
1073 3363 1400 3417 abscidisset.
1450 3355 1606 3430 Quod

111 3468 202 3505 cum
225 3453 404 3508 factum
425 3454 629 3516 fuisset,
653 3455 848 3526 Spiritu
874 3467 1057 3508 sancto
1087 3464 1385 3522 praestante,
1418 3456 1489 3508 ita
1523 3456 1602 3508 lo-

112 3546 190 3592 ruti
213 3555 321 3596 sunt
343 3555 398 3599 et
425 3546 729 3618 loquuntur,
768 3544 1030 3612 quomodo
1056 3553 1207 3598 antea
1234 3545 1596 3612 loquebantur.

112 3632 190 3683 Sed
221 3632 260 3685 si
303 3634 417 3699 quis
453 3633 752 3687 incredulus
792 3648 909 3688 esse
947 3632 1189 3698 voluerit,
1231 3640 1410 3701 pergat
1461 3647 1600 3687 nunc

111 3716 594 3791 Constantmopolzm,
622 3732 675 3775 et
698 3720 767 3775 lbi
798 3722 1025 3790 reperiet
1053 3737 1210 3774 unum
1234 3722 1299 3774 de
1330 3723 1454 3786 illis,
1478 3722 1597 3775 sub-

110 3809 337 3862 duconem
366 3809 705 3877 Reparatum,
734 3823 1005 3862 sermones
1035 3809 1225 3876 politos
1253 3810 1367 3861 sine
1392 3810 1492 3861 ulla
1520 3810 1596 3859 of-

109 3885 303 3951 fensione
329 3907 349 3935 ε
379 3898 700 3965 loquentem.
735 3897 814 3949 Ob
851 3911 1008 3962 qnam
1039 3911 1246 3969 causam
1285 3896 1595 3947 venerabilis

109 3981 286 4035 ruiturum
325 3985 377 4036 in
407 3984 599 4050 palatio
629 3981 855 4035 Zenonis
882 3984 1213 4048 imperatoris
1254 3984 1494 4048 habetur,
1543 3994 1598 4038 et

111 4070 322 4134 pracipes
350 4072 525 4136 regina
554 4069 686 4122 mira
718 4085 836 4122 eum
868 4071 1158 4122 reverentia
1191 4080 1490 4124 veneratur.

161 4154 245 4207 νη.
285 4156 494 4210 Vandali
521 4160 576 4210 in
599 4174 718 4210 suos
749 4158 979 4211 saeviunt.
1002 4188 1072 4198 —-
1097 4159 1198 4214 Sed
1223 4162 1342 4228 quis
1364 4175 1597 4229 congruo

107 4257 304 4300 sermone
334 4252 499 4316 possit
546 4248 760 4316 exsequi
799 4257 888 4300 aut
925 4263 1238 4303 coacervare
1267 4249 1596 4305 diversitates

1699 3115 1819 3152 cum
1846 3099 2035 3167 gaudio
2061 3099 2295 3161 domum,
2325 3098 2567 3151 maritum
2596 3098 2750 3151 simul
2798 3107 2852 3152 et
2894 3098 3004 3169 [αι.
3032 3101 3191 3153 filmm
3219 3101 3235 3170 ]

1701 3189 1855 3242 lilios.
1875 3190 1967 3240 Cui
1996 3198 2171 3256 postea
2197 3188 2426 3240 oblatum
2451 3202 2568 3239 esse
2597 3188 2805 3250 dicitur,
2823 3198 2877 3240 ut
2898 3192 2946 3239 in
2975 3189 3235 3242 mitiorem

1698 3294 1935 3332 eremum
1967 3277 2237 3340 translata,
2269 3277 2547 3340 frueretur,
2574 3276 2617 3328 si
2646 3277 2826 3340 vellet,
2853 3277 3039 3332 solatio
3063 3280 3236 3331 socio-

1701 3384 1837 3424 rum.
1867 3367 1959 3421 llla
1981 3381 2104 3421 vero
2126 3368 2306 3434 ingens
2347 3365 2444 3418 sibi
2483 3366 2667 3428 adesse
2711 3364 2929 3418 credens
2959 3366 3240 3433 gaudium,

1700 3459 1786 3511 ubi
1817 3457 1991 3522 nullus
2015 3457 2269 3508 humanus
2291 3466 2430 3509 esset
2457 3455 2776 3508 consolantis
2804 3454 3036 3517 allectus,
3057 3469 3122 3508 ne
3146 3455 3235 3508 lic-

1699 3557 1774 3598 ret
1799 3543 2130 3610 supplicavit.

1769 3631 1854 3684 IX.
1886 3630 2020 3684 Cleri
2063 3630 2470 3699 Cartltagineusis
2511 3631 2806 3682 certamina.
2848 3628 3074 3683 Maritus
3098 3647 3238 3701 egre-

1696 3713 1835 3791 gium
1864 3723 2078 3788 facilius.
2103 3749 2172 3759 —
2199 3722 2344 3774 Tunc
2373 3720 2529 3772 etiam
2563 3720 2797 3789 Eugenio
2819 3729 3025 3788 pastore
3043 3721 3150 3788 jam
3182 3723 3233 3774 in

1697 3810 1883 3864 exsilio
1907 3809 2210 3877 constituto,
2240 3813 2516 3862 universus
2536 3809 2707 3860 clerus
2733 3809 2982 3861 Ecclesia:
3009 3806 3234 3861 Cartha-

1695 3899 1833 3966 ginis
1859 3899 2002 3951 caede
2022 3898 2300 3966 inediaque
2326 3908 2640 3959 maceratur,
2669 3906 2694 3942 κ
2737 3897 2844 3950 fere
2865 3898 3127 3963 quingenti
3150 3899 3229 3950 vel

1695 3986 1936 4053 amplius.
1956 3984 2095 4037 Inter
2114 3998 2245 4051 quos
2267 3984 2634 4051 quampluritui
2650 3994 2796 4036 erant
2819 3986 3041 4038 lectores
3063 3985 3232 4038 infan-

1699 4076 1812 4141 tnli,
1842 4077 1928 4142 qui
1958 4071 2240 4142 gaudentes
2265 4072 2316 4124 in
2349 4071 2591 4134 Domino,
2623 4074 2799 4138 procul
2830 4072 3016 4124 exsilio
3031 4074 3230 4128 crudeli

1699 4163 1997 4216 truduntur.
2029 4160 2132 4214 Sed
2160 4160 2453 4214 libertatem
2479 4169 2621 4223 tunc,
2645 4174 2762 4213 cum
2788 4160 2955 4213 media
2979 4161 3105 4214 urbe
3130 4176 3231 4214 cae-
3277 4164 3280 4166 ⁷

1700 4254 1950 4306 derentur
1981 4250 2075 4322 [aL
2103 4246 2309 4317 Miritaa]
2337 4250 2555 4302 Muritue
2601 4249 2802 4301 diaconi
2851 4249 3057 4303 caneris
3104 4250 3231 4303 libe-

109 4349 330 4399 pteuarum
360 4354 488 4406 quas
508 4338 738 4406 exjussu
766 4337 902 4406 regis
935 4340 1038 4405 sui,
1070 4341 1224 4393 etiam
1259 4342 1352 4410 ipsi
1380 4343 1594 4396 Vandali
1629 4325 1673 4381 D
1699 4345 1891 4400 riorem
1918 4351 2091 4396 tacere
2120 4357 2220 4393 non
2250 4340 2436 4393 debeo.
2461 4339 2578 4392 Fuit
2598 4340 2804 4406 quidam
2837 4337 2861 4372 ⁸³
2895 4339 3222 4406 Elpidoforus

108 4423 145 4474 iu
179 4441 284 4482 suos
322 4428 563 4482 homines
591 4430 974 4482 exercuerunt?
1012 4429 1066 4482 ln
1107 4433 1216 4497 ipsa
1243 4447 1450 4499 quoque
1479 4450 1595 4500 qua:

107 4527 216 4575 llL'SIa
239 4532 349 4571 sunt
370 4519 709 4586 Carthagine,
737 4519 781 4572 si
812 4521 1008 4572 nitazur
1040 4523 1266 4587 scriptor
1292 4523 1592 4592 singillatim

109 4609 315 4672 astruere,
356 4609 515 4660 etiam
555 4604 669 4658 sine
696 4617 882 4660 ornatu
906 4609 1182 4673 sermonis,
1223 4625 1319 4664 nec
1349 4612 1458 4680 ipsa
1500 4629 1593 4667 no-

159 4761 180 4789 ι
211 4755 258 4829 lu
298 4759 490 4829 Africa:
535 4759 727 4812 Nomia
777 4765 1094 4829 memoratur
1117 4757 1283 4829 _iuter_
1321 4760 1594 4829 episcopos

109 4819 382 4894 Mauritaniae
422 4829 759 4881 Cmsariensis
807 4827 1082 4894 Reparatus
1116 4819 1451 4890 Tipasitauus.
1501 4819 1596 4883 Est

109 4890 245 4962 etalia
266 4891 464 4962 Typasa
487 4896 537 4946 in
567 4895 804 4948 Numidia
826 4938 840 4960 ,
881 4890 1032 4961 cujus
1058 4897 1334 4960 episcOpus
1361 4895 1595 4950 Rusticus

111 4959 147 5007 in
169 4959 562 5030 eademTNotitia
609 4959 925 5016 recensetur.
950 4959 1033 5015 De
1059 4959 1274 5028 utraque
1314 4965 1592 5030 agimusin

111 5024 214 5078 iretis
235 5029 293 5079 ad
319 5029 565 5082 Notitiam
595 5030 719 5082 Afri:
740 5045 803 5083 te.

159 5091 419 5154 {Rhenum
465 5105 518 5149 et
558 5097 731 5148 tghilll.
762 5114 878 5150 cum
918 5098 1117 5165 aliquot
1157 5113 1282 5150 mss.
1314 5107 1368 5150 et
1406 5098 1588 5165 editis,

111 5158 302 5208 σπήλαια-
326 5165 476 5208 tlrth-
506 5175 559 5208 et
585 5163 878 5208 Lurieltius-
907 5181 967 5208 ιτ
993 5169 1184 5208 nnlnrin
1209 5165 1340 5208 [ωιτη
1366 5167 1451 5208 ml-

139 5162 302 5226 yrilettt.
326 5165 476 5222 Urth.
506 5175 559 5216 et
583 5163 880 5227 Lorichins,
907 5181 967 5216 ea:
993 5162 1184 5225 notario
1209 5165 1340 5217 aula:
1366 5167 1451 5216 ad.
1575 5162 1584 5165 ’

139 5237 181 5302 ,⁸
199 5229 264 5285 De
280 5233 665 5309 confessoribus
684 5232 877 5309 absque
902 5233 1069 5309 lingua
1099 5234 1423 5309 loquentibus
1444 5234 1591 5300 plura

112 5291 295 5368 dicemus
315 5302 364 5353 in
390 5291 1062 5354 Commentario'ntstorico
1228 5304 1277 5353 7.

163 5362 488 5432 ‘Lorichius,
533 5369 680 5419 hodie
730 5368 902 5436 cuique
945 5362 1197 5433 ρνοροεέῖα
1254 5372 1305 5421 in
1359 5384 1590 5438 prompm

114 5431 204 5482 aut.
221 5445 445 5490 miratur.

177 5502 383 5574 εϐετιιιη
415 5504 560 5570 Ful.,
593 5503 766 5568 Marl.,
804 5502 1010 5571 Contp.,
1043 5513 1096 5559 et
1118 5505 1262 5560 Coll).
1305 5507 1349 5570 l,
1382 5505 1582 5558 Anium.

1695 4436 1928 4497 nomine,
1959 4432 2175 4487 nimium
2203 4430 2431 4484 crudelis
2460 4443 2508 4482 et
2537 4428 2698 4494 ferus,
2725 4429 2807 4480 cui
2838 4428 3005 4480 fuerat
3025 4430 3231 4495 delega-

1695 4537 1801 4576 tum
1836 4522 2067 4575 tnembra
2092 4522 2450 4573 cooressorum
2479 4517 2675 4570 Christi
2693 4517 2962 4583 suppliciis
2983 4531 3227 4583 grassan-

1695 4613 1840 4667 tibus
1870 4609 2087 4662 laniare.
2121 4608 2216 4661 ilic
2243 4607 2440 4660 dudum
2468 4605 2638 4658 fuerat
2657 4604 2790 4671 apud
2811 4617 2905 4657 nos
2926 4604 2975 4657 in
3006 4605 3232 4658 ecclesia

1695 4759 1846 4814 Orth.
1877 4763 1930 4808 et
1954 4753 2245 4815 Lorichius,
2275 4753 2471 4804 Avium.

1771 4827 1787 4864 ι
1820 4825 1967 4878 Colb.
2013 4824 2063 4885 1,
2094 4823 2278 4888 Camp.
2322 4829 2375 4873 et
2417 4822 2589 4880 Port.,
2616 4819 2823 4888 _cellarii
2866 4820 2994 4887 regis
3033 4823 3230 4888 nuntius

1698 4884 2057 4964 Dagillikqu‘i.
2081 4884 2242 4964 U_rth.'
2262 4897 2314 4940 et
2343 4889 2574 4964 lioricltq
2603 4886 2791 4964 Dnagilit'
2810 4927 2824 4949 ,
2855 4884 3224 4964 Fu'l.,.Germ.,

1695 4955 1842 5016 Mait.
1863 5003 1877 5025 ,
1914 4955 2060 5012 cum.
2090 4958 2240 5018 alter,
2274 4967 2328 5009 et
2354 4958 2569 5019 Bellen,
2618 4955 2903 5024 Dagilium,
2935 4955 3047 5025 qui,
3088 4963 3220 5020 etc.;

1693 5033 1764 5086 ita
1795 5024 2093 5083 ut’maritus
2119 5025 2275 5077 etiam
2302 5027 2580 5093 aliquando
2600 5030 2869 5093 confessor
2895 5024 3067 5093 fuerit.

1763 5108 1788 5141 κ
1820 5098 2011 5149 llorum
2038 5095 2270 5146 omnium
2309 5090 2457 5145 simul
2503 5107 2618 5144 cum
2653 5090 2873 5159 Eugenio
2894 5136 2906 5157 ,
2939 5090 3145 5140 Marius
3170 5103 3225 5142 ct

1697 5163 2284 5232 Salutari,_tnetnoriatn
2314 5161 2576 5232 celebrant
2619 5160 2980 5232 martyrologia
3020 5162 3220 5232 vulgata

1693 5236 1781 5286 die
1811 5233 1874 5283 13
1897 5230 2037 5283 Julii.
2068 5229 2326 5282 Murittain
2351 5231 2544 5296 aliquot
2569 5231 2690 5281 item
2718 5227 3085 5296 martyrologia
3110 5227 3221 5279 sin-

1694 5302 1913 5368 gillatim
1946 5307 2236 5368 memorant
2260 5298 2345 5368 die
2371 5299 2438 5348 ει
2462 5297 2653 5368 Martii.

1760 5372 1782 5406 ⁸³
1800 5370 1947 5421 Colb.
1973 5371 1992 5418 l
2019 5377 2071 5419 et
2093 5367 2258 5430 νυνι,
2283 5364 2661 5434 Helpidoforus.
2685 5363 2901 5418 Orthod.
2926 5363 3018 5418 L0:
3034 5365 3224 5423 ichius.

1692 5438 2015 5506 bpidoforus.
2125 5448 2129 5451 '
