3814 6228
566 271 662 325 251

1821 260 2102 316 VICTORIS

2207 261 2452 316 ITENSlS
3621 267 3708 320 ἰδὲ

567 383 690 435 ralis
712 382 808 434 ista
834 379 1080 440 violentia
1105 387 1462 448 tyrannorum.
1485 376 1614 430 Nam
1633 374 1854 429 Vandali
1885 390 1980 443 pio
2003 373 2100 427 hac
2127 376 2177 431 Α
2207 373 2447 438 impietas
2468 374 2653 427 Ariana
2674 389 2702 428 a
2723 375 3022 442 parentibus
3043 376 3176 430 illius
3204 377 3447 445 parvulus
3467 391 3706 443 separare,

569 489 623 522 re
653 472 843 538 ubique
872 478 1020 524 erant
1056 470 1175 522 dest
1196 468 1324 532 nati,
1351 478 1408 520 ut
1454 474 1782 520 transeuntes
1809 464 1988 517 itinera
2019 479 2104 515 sa-

567 560 865 611 cerdotibus
917 558 1027 611 suis
1053 558 1374 612 adducerent
1414 555 1747 623 jugulandos.
1781 553 1890 623 [AL
1929 552 2011 621 ac]
2036 553 2106 606 At

567 647 656 699 ubi
684 662 774 699 eos
811 646 1009 699 fallacis
1045 661 1195 713 aqua:
1236 645 1412 713 gladio
1454 645 1820 710 perculissent,
1852 641 2100 694 indicium

565 737 644 787 eis
669 735 975 801 perditionis
1001 736 1259 802 scriptura
1309 743 1443 786 teste
1473 731 1761 794 tradebant,
1794 745 1860 783 ne
1887 731 2008 784 alibi
2033 731 2104 782 si-

567 827 674 878 mili
706 815 945 878 vinlentia
969 824 1340 887 traherentur;
1370 822 1492 892 quia
1524 837 1625 876 non
1657 821 1844 875 licebat
1872 821 1982 874 sive
2004 836 2101 874 ne-

564 915 934 981 gotiatoribus,
978 914 1089 968 sive
1117 914 1334 980 privatis
1373 911 1563 965 alicubi
1593 912 1846 974 transire,
1888 909 1986 964 nisi
2012 909 2104 964 de-

566 1006 811 1072 scriptam
833 1004 1155 1057 cltaracteris
1183 1001 1376 1055 iudicio
1398 1015 1545 1054 suam
1568 1000 1741 1053 miseri
1762 999 2103 1052 ostenderent

567 1105 806 1146 mortem.
826 1092 972 1156 Quod
996 1107 1088 1158 per
1101 1090 1472 1144 revelationem
1485 1102 1638 1142 servo
1657 1104 1753 1141 suo
1773 1087 1961 1142 Joanni
1978 1087 2101 1140 olim

566 1180 666 1247 jam
685 1178 1259 1244 ostenderatChristus,
1281 1177 1370 1231 ubi
1390 1177 1545 1231 dicit:
1573 1177 1720 1231 Nulli
1737 1177 2102 1244 licebitaliquid

567 1287 726 1322 emere
750 1271 824 1322 vel
849 1270 1076 1334 uendere,
1104 1269 1202 1320 nisi
1226 1268 1312 1335 qui
1340 1267 1565 1329 habuerit
1591 1266 1919 1319 characterem
1941 1266 2104 1318 bestiis

566 1360 618 1410 in
639 1360 800 1428 fronte
822 1376 912 1411 sua
934 1369 980 1411 et
1007 1359 1059 1410 in
1082 1374 1233 1410 manu
1260 1374 1353 1410 sua
1375 1357 1556 1426 (Apoc.
1581 1370 1694 1419 xttt,
1722 1356 1808 1418 l6,
1841 1354 2100 1422 l7).'Nam

569 1456 622 1498 et
649 1448 877 1514 episcopi
902 1456 1056 1515 atque
1083 1446 1371 1516 presbyteri
1390 1447 1616 1508 illorum,
1633 1460 1750 1498 cum
1779 1455 2097 1498 armatorum

568 1552 726 1590 manu
751 1539 1017 1591 nocturnis
1041 1537 1358 1606 temporibus
1371 1539 1513 1590 vicos
1524 1549 1576 1591 et
1590 1538 1775 1605 oppda
1791 1537 2099 1601 circuibant,

567 1639 619 1679 et
643 1627 718 1678 sic
747 1627 1026 1694 despicatis
1050 1628 1282 1694 postibus
1304 1627 1600 1696 januarum,
1630 1642 1817 1696 aquam
1846 1627 2103 1696 gladium-

2203 472 2260 517 ut
2288 465 2462 532 posset
2490 477 2582 532 per
2621 464 2825 532 pietatis
2859 466 3099 520 allectum
3145 468 3301 520 etiam
3343 467 3580 521 \irtutent
3608 483 3707 535 pro-

2200 561 2439 608 sternere
2465 552 2779 622 genitorum.
2817 555 3191 624 Disjunguntur
3213 571 3340 624 ergo
3371 571 3398 609 a
3430 557 3707 624 parentibus

2203 650 2382 695 tenera
2417 641 2632 710 pignora
2657 643 2900 697 ﬁliorum.
2931 645 3166 714 Cumque
3185 645 3343 699 vellet
3365 645 3628 699 Liberatus
3648 647 3708 700 b-

2200 745 2408 800 erytnas
2447 731 2710 796 emittere,
2746 735 3055 788 auctoritate
3095 735 3273 789 uxoria
3316 734 3641 802 increpatur,
3666 747 3706 787 et

2202 819 2252 872 in
2295 821 2406 887 ipso
2428 831 2599 874 meatu
2625 822 2796 875 exitus
2834 823 2914 877 sui
2945 823 3082 878 illico
3111 825 3354 895 laerymat
3383 825 3704 878 siccavemnt.

2201 909 2287 960 Ait
2313 910 2452 961 enim
2474 909 2523 962 ei
2552 910 2780 978 conjux:
2814 909 2907 981 [αι.
2938 910 3022 982 Et]
3051 913 3127 966 En
3164 922 3375 981 promer
3396 913 3546 976 tilias,
3576 914 3707 967 Libe-

2201 1008 2332 1062 rate,
2358 998 2650 1066 perditurus
2675 1014 2733 1054 es
2757 1001 2982 1056 animam
3016 1003 3194 1055 tuam?
3233 1004 3483 1071 Computa
3513 1018 3602 1058 eos
3621 1021 3706 1056 non

2200 1085 2359 1139 fuisse
2382 1099 2562 1151 natos;
2593 1103 2712 1140 nam
2755 1097 2810 1141 et
2848 1089 2988 1156 ipsos
3031 1090 3246 1143 omnino
3275 1091 3620 1145 vindicaturus
3643 1103 3708 1144 est

2199 1172 2455 1227 Christus.
2492 1174 2673 1229 Nonne
2700 1175 2846 1229 vides
2883 1190 2976 1229 eos
3013 1178 3328 1239 clamantes.
3376 1189 3430 1232 et
3473 1181 3705 1240 dicentes.

2199 1261 2481 1317 Christiani
2503 1266 2727 1318 sumus?
2750 1266 2854 1319 Sed
2878 1266 2990 1321 btec
3013 1267 3201 1319 mulier
3220 1267 3342 1336 quid
3376 1268 3425 1321 in
3450 1278 3710 1334 c0tt5peclu

2195 1352 2429 1420 judicum
2457 1354 2621 1422 egerit
2665 1355 2941 1409 tacendum
2969 1370 3071 1408 non
3096 1365 3196 1408 est.
3225 1356 3350 1409 Nam
3388 1371 3506 1409 eum
3544 1357 3648 1422 ipsa
3668 1365 3708 1409 et

2201 1443 2439 1508 maritus,
2463 1443 2582 1496 licet
2604 1457 2864 1508 seorsum,
2893 1445 3123 1498 carceris
3149 1445 3382 1498 custodia
3412 1455 3708 1504 tenerentur,

2201 1532 2271 1586 ita
2293 1542 2418 1587 utse
2435 1533 2640 1600 penitus
2657 1548 2760 1586 non
2783 1533 3041 1597 viderent,
3070 1535 3340 1587 mandatur
3364 1533 3710 1600 mulieri,dici~

2204 1632 2388 1689 turque
2413 1622 2487 1676 illi
2515 1639 2528 1674 :
2559 1623 2713 1678 Solve
2735 1623 2842 1690 jam
2869 1623 3114 1677 duritiam
3152 1634 3312 1676 tuam.
3343 1624 3478 1678 Ecce
3507 1625 3584 1678 vir
3611 1634 3709 1676 tuus

567 1733 665 1782 que
686 1727 949 1785 gestantes
968 1720 1259 1772 animatum
1286 1721 1559 1787 praedones
1581 1717 1876 1771 intrabant:
1899 1727 1950 1769 et
1970 1731 2100 1783 Quos
2132 1711 2178 1772 Β
2205 1711 2373 1777 paruit
2395 1710 2618 1779 imperio
2642 1713 2800 1782 regis,
2822 1723 2874 1766 et
2903 1722 3080 1765 noster
3106 1713 3269 1770 laetus
3284 1722 3364 1766 est
3384 1701 3708 1765 Christianus.

566 1804 705 1858 dumi
759 1816 1081 1872 repererant,
1129 1807 1261 1860 alios
1310 1805 1448 1860 forte
1496 1807 1548 1859 in
1579 1807 1785 1860 lectuls
1830 1815 2103 1874 separatos

570 1893 735 1948 imbre
761 1895 911 1961 igneo
933 1905 1087 1960 atque
1119 1894 1366 1948 fulmineo
1406 1903 1790 1962 respergentes,
1820 1894 2103 1948 dzetnonia-

567 1998 625 2036 ca
658 1984 1032 2039 vociferatione
1060 1983 1383 2037 Cluistianos
1406 1999 1532 2038 suos
1553 1983 1652 2053 ipsi
1687 1987 1880 2054 pariter
1907 1985 2105 2039 vocita-

569 2071 713 2134 bant,
744 2082 801 2124 ιιι
823 2081 844 2107 ι·
867 2073 1042 2125 ludutn
1073 2074 1240 2140 potius
1260 2089 1367 2127 suae
1389 2075 1669 2140 haereseos,
1699 2089 1851 2141 quant
1875 2075 2101 2140 aiiquam

568 2162 868 2230 religionem
912 2162 1272 2216 ostenderent.
1323 2164 1378 2217 lit
1426 2179 1530 2231 quo
1571 2165 1741 2217 minus
1786 2178 2005 2232 capaces
2047 2172 2101 2218 et

570 2251 732 2318 ignari
783 2252 1048 2314 impletum
1092 2254 1142 2304 in
1184 2268 1241 2306 se
1290 2253 1588 2321 pollutionis
1635 2255 1962 2320 sacrilegium
2003 2253 2095 2324 [at.

569 2341 909 2411 imputabant]
952 2343 1237 2408 putabant:
1272 2345 1635 2411 prudentiores
1666 2359 1790 2396 vero
1819 2344 1946 2396 nihil
1979 2343 2100 2406 sibi,

567 2430 703 2497 quod
732 2433 1028 2484 nolentibus
1058 2443 1211 2499 atque
1257 2433 1640 2485 dormientibus
1688 2434 1943 2500 ingestum
1997 2443 2097 2500 est,

568 2519 753 2570 obesse
781 2518 1242 2584 gaudeb:tttt.Natn
1265 2530 1318 2572 et
1341 2521 1489 2572 multi
1513 2521 1693 2572 eadem
1720 2522 1842 2571 hora
1872 2521 2101 2591 cinerem

484 2625 488 2629 -
571 2606 826 2672 rapitibus
851 2607 960 2657 suis
990 2606 1304 2670 injecerunt,
1341 2607 1428 2658 alii
1479 2621 1614 2671 sesa,
1647 2608 1724 2659 vel
1755 2609 1871 2674 quia
1911 2607 2100 2662 factum

571 2703 672 2754 est,
697 2693 870 2745 cilicio
900 2693 1097 2761 lugubri
1124 2703 1392 2757 texerunt,
1421 2695 1658 2747 nonnulli
1684 2710 1835 2748 caeno
1863 2695 2021 2749 fetido
2045 2697 2101 2750 li-

574 2785 804 2847 nierum,
836 2792 891 2836 et
938 2784 1238 2836 Iiuttamina
1287 2785 1547 2837 violenter
1595 2787 1832 2851 imposita
1881 2801 1972 2848 per
2019 2785 2102 2838 illa

573 2876 960 2937 coni-ciderunt,
989 2882 1142 2941 atque
1181 2875 1232 2927 itt
1261 2874 1476 2928 latrinas
1511 2873 1770 2941 fetidaque
1803 2875 1915 2928 loca
1947 2891 2101 2930 manu

576 2966 693 3017 lidei
735 2965 1082 3031 projecerunt.

2203 1800 2393 1864 Aitque
2422 1800 2544 1853 illa:
2579 1799 2793 1853 Videam
2826 1792 3082 1864 illutn,'et
3123 1799 3310 1861 faciant
3357 1815 3455 1868 ego
3479 1800 3610 1870 quod
3630 1815 3708 1851 vo-

2202 1888 2357 1943 luerit
2389 1889 2544 1943 Deus.
2577 1890 2772 1943 Educta
2801 1889 2958 1959 i'gitur
2986 1890 3052 1944 de
3072 1905 3303 1954 carcere,
3337 1891 3531 1946 invenit
3565 1907 3708 1944 virum

2200 1995 2353 2034 suum
2379 1988 2622 2046 stantem,
2649 1996 2768 2036 cum
2793 1982 2989 2050 ingenti
3021 1983 3376 2044 multitudine,
3408 1997 3502 2050 pro
3526 1984 3614 2054 lat.
3636 1983 3711 2034 tri-

2200 2069 2400 2140 bunali]
2433 2071 2778 2126 tribunalibus
2807 2087 3100 2126 connexum
3122 2112 3139 2138 ,
3183 2083 3235 2128 et
3264 2087 3442 2126 verum
3472 2073 3712 2126 aestimans

2199 2161 2339 2229 quod
2369 2162 2632 2214 [iunxerant
2671 2161 2900 2227 inimici,
2934 2161 3124 2230 injecta
3153 2177 3309 2214 manu
3337 2162 3712 2230 apprehendens

2203 2265 2350 2301 oram
2379 2251 2810 2302 vestimentorum
2839 2249 2953 2317 ejus
2973 2248 3076 2321 45
3103 2251 3298 2317 gutturi
3329 2250 3630 2317 proximam,
3653 2251 3709 2297 vi.

2200 2337 2446 2390 dentibus
2466 2339 2706 2391 omnibus
2723 2338 3009 2392 suﬂ‘ocabat
3027 2355 3167 2403 eum,
3183 2339 3364 2392 dicens
3385 2355 3400 2392 :
3419 2339 3645 2400 Perdite,
3665 2350 3706 2388 et

2200 2427 2441 2490 reprobe.
2473 2427 2653 2494 gratiae
2683 2427 2771 2480 Dei
2818 2436 2872 2480 et
2915 2426 3290 2481 misericordia
3330 2428 3445 2495 ejus
3491 2425 3705 2493 indigne,

2200 2531 2361 2584 quare
2387 2516 2592 2569 voluiSti
2624 2516 2686 2568 ad
2728 2515 2988 2568 modicum
3031 2516 3280 2582 gloriari,
3311 2525 3366 2568 et
3400 2517 3449 2568 in
3479 2525 3709 2568 ειειυτιιιιιιι

2204 2606 2416 2670 perire?
2453 2605 2584 2668 Quid
2619 2605 2711 2658 tibi
2760 2605 2992 2671 proderit
3021 2604 3241 2657 aurum?
3268 2603 3391 2672 quid
3420 2603 3710 2670 argentum?

2199 2693 2438 2762 Nunquid
2486 2694 2776 2746 liberabunt
2803 2704 2852 2745 te
2876 2693 2941 2746 de
2971 2693 3176 2746 camino
3200 2693 3453 2761 gehennte
3476 2694 3496 2745 τ
3527 2693 3707 2744 Dixich

2205 2782 2306 2832 alia
2334 2782 2514 2834 multa.
2538 2780 2630 2833 Cui
2663 2783 2878 2834 maritus
2905 2782 3200 2849 respondit:
3223 2782 3353 2847 Quid
3383 2782 3592 2850 pateris,
3615 2797 3708 2832 mu-

2203 2855 2480 2940 lieriquid
2508 2872 2596 2924 tibi
2626 2871 2851 2936 videtur,
2898 2881 2987 2924 aut
3018 2871 3140 2938 quid
3173 2870 3310 2923 forte
3338 2872 3404 2924 de
3443 2887 3526 2923 me
3553 2870 3708 2922 audire

2206 2966 2456 3033 potuisti?
2486 2965 2590 3032 Ego
2618 2963 2666 3017 in
2690 2962 2900 3016 nomine
2938 2961 3131 3016 Christi
3156 2971 3181 2999 θ
3207 2961 3502 3014 Catlmlicus
3530 2969 3708 3028 perma-

645 3052 778 3104 XIV.
813 3050 1081 3118 Egregimn
1125 3053 1345 3104 mulieris
1377 3053 1580 3121 factum.
1619 3080 1683 3090 —
1712 3050 1737 3088 δ
1767 3051 1878 3104 Tali
1906 3051 2099 3105 violcn-
2124 3049 2170 3113 C
2202 3069 2320 3116 neo,
2355 3069 2450 3107 nec
2483 3055 2724 3106 amittere
2758 3063 2936 3121 potero
2961 3053 3237 3121 aliquando
3257 3051 3394 3120 quod
3427 3061 3595 3104 teneo.
3619 3048 3707 3117 (Al.

575 3141 667 3202 tia,
693 3139 840 3191 nobis
871 3139 1184 3201 videntibus,
1227 3141 1277 3192 in
1319 3140 1628 3206 Carthagine
1660 3141 1794 3192 illius
1833 3141 2098 3207 cujusdam

575 3227 784 3287 nobilis,
835 3241 1088 3277 annorum
1142 3226 1351 3280 circiter
1375 3237 1616 3299 ‘septem,
1667 3229 1813 3295 jussu
1847 3229 2034 3296 Cyr-ila:
2071 3244 2099 3282 a

575 3316 874 3381 parentibus
896 3324 1164 3380 separatus
1195 3322 1298 3379 est,
1329 3327 1494 3368 matre
1521 3317 1634 3368 sine
1660 3317 1968 3369 verecundia
1996 3333 2104 3367 ma-

575 3404 783 3465 tronali,
832 3402 1018 3454 solutis
1066 3402 1318 3463 crinibus,
1369 3412 1483 3468 post
1530 3413 1765 3464 raptores
1811 3414 1914 3455 tota
1977 3403 2104 3455 urb-2

493 3537 496 3539 .
574 3499 837 3549 currente,
863 3489 1117 3541 in'antulo
1144 3489 1399 3541 clamante
1427 3498 1482 3540 ut
1511 3500 1748 3555 peierat:
1780 3491 2106 3544 Christianus

575 3594 710 3639 sum,
744 3577 1068 3630 Christianus
1096 3591 1233 3639 sitm,
1267 3588 1288 3614 ε
1319 3577 1646 3630 Christianus
1668 3593 1802 3630 sum.
1837 3578 1954 3643 Cui,
1986 3579 2104 3630 Tri-

575 3669 790 3719 nitatem
815 3667 863 3718 iu
897 3667 975 3717 his
1002 3665 1162 3717 turnis
1198 3665 1415 3717 vocibus
1444 3666 1816 3730 declarantem,
1863 3681 1922 3719 os
1952 3667 2104 3718 obtu-

579 3769 774 3818 rantes,
830 3757 1086 3807 insuntetu
1141 3755 1408 3806 infantiam
1439 3756 1487 3806 in
1519 3770 1669 3808 suum
1723 3756 1974 3821 gurgitem
2012 3757 2101 3808 de-

578 3855 893 3899 tnerset'unt.
923 3845 991 3897 lla
1024 3846 1087 3898 de
1117 3845 1235 3898 ﬁliis
1283 3845 1468 3898 medici
1499 3847 1810 3900 venerabilis
1831 3845 1854 3882 δ
1880 3847 2102 3901 Liberali

577 3941 769 3989 tactum
817 3951 934 3989 esse
965 3937 1229 4002 probatur.
1271 3938 1396 3991 Nam
1420 3953 1536 3991 cum
1563 3954 1625 3992 ex
1654 3939 1800 4006 jussu
1824 3945 1958 4009 regis
1986 3958 2102 3994 cum

579 4042 739 4078 usure
766 4036 817 4079 et
843 4027 1020 4079 liberis
1045 4027 1108 4078 ad
1139 4028 1375 4078 exsilium
1399 4029 1529 4080 tnitti
1550 4030 1839 4093 juberetur,
1864 4031 2105 4097 cogitavit

649 4187 669 4212 ἰ
702 4179 821 4228 Mss.
864 4179 971 4230 fere
1016 4193 1198 4229 omnes
1235 4189 1286 4232 et
1323 4182 1444 4232 editi
1483 4199 1495 4232 :
1530 4183 1720 4234 Ludum
1766 4203 1966 4245 prorsus
2007 4204 2108 4238 ante

577 4250 816 4297 horrescas
852 4249 1006 4309 "togis
1046 4263 1225 4315 quam.
1266 4259 1365 4298 etc.
1409 4248 1588 4311 Coutp.
1625 4260 1796 4301 tamen
1829 4256 1980 4305 habet
2021 4272 2109 4315 po-

576 4319 689 4366 tius.
736 4315 1005 4364 Loricbius
1025 4353 1038 4375 ,
1083 4312 1278 4365 Ludum
1304 4318 1464 4380 potius
1501 4332 1600 4366 sua:
1629 4322 1862 4369 lttcrcseos
1894 4312 2071 4386 aquam
2091 4360 2105 4384 ,

576 4397 745 4446 quant,
774 4391 872 4430 etc.

649 4448 673 4483 δ
693 4449 833 4523 (2211)]
869 4449 887 4497 1
918 4457 969 4498 et
996 4448 1157 4511 Port.,
1185 4449 1320 4501 Talis
1342 4452 1634 4503 violentia...
1661 4453 1956 4523 Carthagine
1977 4457 2108 4522 facta

579 4526 646 4567 est
673 4531 690 4564 :
726 4514 903 4573 Filius,
937 4526 1035 4568 elc.

577 4627 580 4630 .
654 4596 672 4619 ε
710 4584 843 4644 ρυι..
876 4586 1085 4656 (ierim,
1127 4586 1331 4656 Comm.
1364 4587 1512 4639 Colb.
1547 4590 1596 4647 l,
1642 4589 1814 4652 Part,
1846 4600 1899 4643 et
1929 4592 2098 4656 Mart.,
2134 4577 2179 4634 Ι)

584 4669 670 4714 per
696 4663 919 4701 sanctum
944 4653 1250 4719 Stephanum
1274 4655 1584 4707 Christianus
1610 4673 1734 4710 sum.
1760 4659 1918 4710 Nemo
1940 4653 2102 4713 nescit

579 4729 816 4788 sanctum
839 4720 1155 4785 Stephanum
1186 4735 1305 4776 tunc
1327 4726 1573 4788 temporis
1597 4725 1645 4776 in
1679 4726 1844 4780 Africa
1871 4730 2105 4780 celeber-

582 4804 767 4840 rimum
801 4787 974 4859 fuisse,
1008 4791 1074 4839 ob
1114 4791 1355 4844 miracula
1385 4787 1500 4856 quin
1526 4809 1615 4859 per
1644 4794 1751 4857 ejus
1781 4811 1953 4848 sacras
1983 4799 2103 4849 reli-

580 4860 729 4922 quias
769 4872 845 4926 ex
875 4856 1142 4912 l’.il.~estitta
1173 4861 1382 4921 allatas,
1409 4856 1644 4912 crebrius
1673 4856 1723 4914 in
1753 4879 1809 4914 ea
1843 4866 2101 4926 provincia

584 4928 793 4996 hebant.
826 4925 1138 4996 augustiuus
1162 4932 1224 4979 tte
1253 4930 1313 4980 iis
1341 4930 1529 4990 passim
1558 4932 1677 4994 agit,
1704 4925 2021 4996 potissimum
2052 4935 2101 4985 iit

585 4995 724 5064 l-bris
748 4997 810 5043 de
831 4992 1049 5064 Civitate
1069 4997 1173 5046 llei.
1195 4997 1319 5059 Quae
1335 5006 1504 5047 autem
1526 4992 1824 5064 sequuntur,
1845 5001 1953 5062 Cui,
1976 5012 2098 5064 etc.,

582 5078 643 5112 ex
674 5063 814 5112 l’ort.
841 5071 894 5111 et
917 5062 1060 5110 Colb.
1087 5064 1102 5112 l
1137 5065 1534 5126 descripsimus;
1564 5062 1646 5117 alii
1669 5083 1786 5118 vero
1808 5084 1924 5120 cum
1949 5062 2102 5122 editis

582 5131 938 5180 tantummodo
969 5129 1178 5190 habent,
1212 5134 1289 5180 cui
1318 5143 1362 5181 et
1386 5150 1437 5182 os
1460 5134 1756 5186 obturantes.

650 5201 757 5263 88
787 5196 808 5230 ι¹
845 5197 1004 5257 Hujus
1031 5200 1218 5254 sancli,
1247 5209 1401 5262 atque
1433 5201 1604 5252 uxoris
1634 5203 1770 5254 illitis
1798 5214 1848 5255 et
1879 5205 2099 5258 ﬁliorum

585 5266 904 5341 meritoriam
925 5265 1187 5341 celebrant
1222 5266 1509 5341 Gali-sinitis
1539 5278 1586 5317 ct
1618 5272 1810 5334 al-quot
1849 5286 2100 5341 martyr”.

588 5334 715 5395 logia
739 5335 822 5381 die
841 5334 907 5383 9.5
924 5333 1017 5382 Mat
1033 5334 1084 5382 tii
1104 5349 1114 5390 ;
1134 5349 1229 5397 qua
1253 5334 1334 5383 die
1351 5337 1414 5383 de
1437 5333 1878 5400 iisqtmque’agunt
1901 5333 2103 5392 [tul-lan—

586 5401 740 5447 diani.
769 5401 979 5450 Inferius
1001 5410 1191 5460 autem,
1223 5400 1352 5450 Nam
1376 5417 1506 5461 cum,
1529 5413 1648 5464 etc.,
1679 5407 1821 5456 aliter
1851 5409 2102 5460 habentur

586 5466 636 5537 in
661 5469 776 5516 cod.
809 5469 1025 5528 (Iutttps,
1059 5470 1164 5526 tibi,
1195 5468 1323 5517 Nam
1349 5483 1456 5516 cum
1473 5473 1706 5537 jussu...
1737 5477 1963 5535 parvulos
1987 5494 2101 5528 suos

583 5533 713 5589 [iltos
743 5539 958 5595 separari
992 5550 1084 5584 unt
1116 5552 1258 5596 passc
1295 5544 1337 5586 ct
1368 5552 1455 5599 per
1473 5533 1671 5599 pictatis
1695 5533 1922 5601 afficiunt
1951 5547 2099 5596 virtu-

2202 3143 2310 3213 uhi]
2340 3144 2486 3197 Tune
2514 3145 2740 3196 hmretici
2767 3142 3021 3195 mendacii
3045 3145 3122 3196 sui
3158 3143 3378 3205 conscii,
3411 3152 3462 3194 et
3503 3140 3707 3198 detecn,

2201 3235 2454 3306 fallaciam
2474 3249 2619 3286 suant
2649 3238 2886 3285 colorare
2911 3234 3126 3284 minime
3155 3239 3454 3296 potuerunt.

2271 3323 2386 3376 XV.
2416 3323 2731 3390 Confessores
2756 3321 2808 3374 in
2837 3321 3256 3373 desertismmtui.
3299 3349 3368 3358 —
3411 3320 3476 3371 Et
3501 3318 3611 3385 quia
3637 3331 3710 3368 su-

2206 3412 2379 3478 perius
2402 3411 2469 3463 de
2485 3412 2730 3462 violentia
2762 3410 3094 3462 immanitatis
3127 3424 3309 3461 eorum
3353 3409 3576 3461 breviter
3601 3407 3710 3460 dixi-

2209 3513 2351 3560 mus,
2383 3500 2513 3549 hant-
2539 3498 2744 3564 plurimi
2789 3506 3079 3551 metuentes
3098 3538 3112 3561 ,
3141 3499 3226 3550 alii
3258 3499 3310 3551 in
3331 3500 3613 3564 speluncis,
3639 3498 3708 3548 alii

2183 3587 2262 3658 ~itt
2293 3587 2516 3639 desertis
2563 3587 2688 3640 locis
2718 3586 2812 3638 viri
2845 3587 2922 3639 vel
2955 3587 3156 3638 feminae
3177 3627 3190 3648 ,
3232 3587 3375 3640 nullo
3404 3587 3501 3640 sibi
3530 3587 3711 3640 conscia

2209 3689 2327 3727 st-se
2360 3674 2669 3727 claudebant
2700 3692 2713 3726 :
2745 3684 2797 3728 et
2837 3675 3059 3739 ibidem,
3093 3677 3228 3727 nulla
3259 3687 3590 3730 suecurrente
3614 3688 3710 3727 sus-

2212 3765 2494 3816 tentatiune
2519 3765 2774 3824 ciborum,
2805 3764 2940 3816 fame
2973 3767 3051 3816 vel
3084 3765 3272 3830 frigore
3294 3768 3434 3827 victi,
3459 3774 3712 3818 contritum

2209 3864 2261 3905 et
2289 3853 2694 3906 contribulatum
2721 3853 2959 3921 spiritum
2989 3851 3301 3904 exhalabant
3321 3893 3335 3915 ,
3370 3851 3478 3923 [αἱ.
3509 3851 3624 3922 per]
3654 3870 3712 3902 ut-

2212 3953 2287 3994 ter
2314 3946 2423 3996 haec
2443 3943 2740 3995 alllictimiis
2766 3943 3112 4005 incommoda,
3137 3942 3399 3994 iuvio'atte
3419 3957 3592 3995 secum
3616 3941 3711 3993 lidei

2209 4034 2535 4084 securitatem
2581 4041 2866 4098 portantes.
2904 4032 2988 4086 Sic
3017 4034 3157 4084 enim
3205 4029 3222 4067 ί
3265 4030 3576 4085 Cresconius
3615 4046 3712 4098 pre-

2209 4197 2324 4248 tem,
2353 4198 2456 4240 etc.

2280 4264 2301 4289 ι·
2333 4255 2580 4306 Catholici
2626 4269 2814 4324 nomen
2856 4271 2993 4310 verte
3037 4259 3154 4311 ﬁdei
3199 4260 3487 4314 cultoribus
3530 4274 3713 4324 semper

2208 4323 2510 4383 adha-sisse,
2542 4335 2720 4374 eontra
2753 4323 3031 4376 nitentibus
3055 4327 3244 4378 frustra
3274 4329 3564 4381 haereticis.
3598 4323 3713 4390 patet
3776 4337 3777 4340 ‘

2205 4406 2268 4459 ex
2301 4391 2456 4442 variis
2499 4399 2805 4459 sanctorum
2840 4391 3080 4450 Patrum.
3122 4404 3277 4459 atque
3308 4395 3545 4447 Historiae
3572 4395 3713 4446 eccle-

2209 4457 2431 4509 siasticas
2460 4459 2768 4523 scriptorum
2796 4457 2950 4521 locis;
2980 4457 3243 4514 Lactantio
3273 4463 3358 4514 lib.
3387 4479 3457 4524 tv,
3489 4468 3599 4529 Cap.
3627 4464 3710 4516 ὅθι

2210 4528 2495 4592 Augu~tino
2521 4530 2742 4590 passim;
2777 4529 3008 4589 Socrate,
3040 4531 3123 4592 qui
3156 4539 3208 4581 et
3247 4528 3564 4583 Novatianos
3587 4545 3613 4581 a
3639 4545 3710 4580 ca-

2206 4595 2414 4667 tholicis
2441 4596 2710 4667 di~cernit,
2739 4607 2839 4647 etc.
2874 4593 2936 4646 In
2968 4596 3226 4667 catholicis
3266 4595 3500 4650 Ecclesia
3528 4599 3708 4667 gremia,

2207 4663 2372 4728 inquit
2396 4664 2706 4729 Augustinus
2727 4674 2906 4716 contra
2934 4666 3208 4732 epistolam
3234 4663 3646 4731 Manichtei,'c.ip.
3667 4663 3708 4724 4.

2205 4748 2279 4807 me
2306 4741 2432 4782 tenet
2451 4734 2616 4807 ipsum
2649 4748 2822 4783 nomen
2851 4736 3140 4807 catholica},
3172 4737 3305 4801 quod
3330 4750 3430 4787 non
3456 4737 3560 4788 sine
3586 4750 3710 4786 causa
3774 4765 3775 4807 ἦ

2205 4802 2331 4851 inter
2357 4802 2536 4851 multas
2567 4801 2773 4852 hazreses
2799 4803 2870 4852 sic
2907 4814 2999 4852 ista
3027 4801 3248 4854 Ecclesia
3273 4805 3483 4855 obtinuit
3503 4846 3517 4868 ,
3547 4813 3596 4856 ut
3617 4816 3708 4853 cum

2205 4884 2369 4919 omnes
2401 4870 2614 4918 hwretici
2637 4887 2687 4919 se
2707 4870 2971 4921 catholicos
2997 4871 3094 4921 dici
3121 4871 3289 4931 velint,
3313 4874 3550 4936 querenti
3571 4881 3708 4922 tamen

2204 4938 2462 5003 peregrino
2489 4938 2660 4994 alicui,
2693 4939 2773 4987 ubi
2795 4938 2858 4985 ad
2884 4938 3176 4990 catholicam
3200 4947 3538 5002 conveniatur,
3567 4940 3710 4989 nullus

2205 5006 2544 5056 .‘iwreticorum
2591 5008 2662 5056 υιι
2704 5005 2954 5056 basilicam
2989 5023 3130 5056 suam
3153 5046 3166 5066 ,
3209 5009 3279 5058 ιιιι
3317 5009 3520 5059 domum
3555 5025 3616 5059 att
3631 5013 3710 5057 te!

2204 5075 2473 5146 attendere.
2826 5073 2829 5075 ’
3006 5143 3015 5146 _
3047 5143 3055 5146 _
3664 5138 3688 5146 Α·
3772 5129 3773 5146 η

2284 5139 2299 5175 τ
2334 5142 2461 5192 Ευιιι
2486 5156 2604 5191 cum
2630 5155 2782 5202 supra
2817 5143 3088 5193 recensitis
3126 5153 3417 5194 memorant
3443 5156 3610 5195 vetera
3633 5138 3709 5191 ali-

2210 5217 2336 5270 quot
2381 5207 2741 5274 martyrologia
2774 5211 2907 5272 apud
2937 5210 3295 5262 Bollandianos
3323 5212 3409 5262 die
3435 5211 3504 5263 23
3542 5210 3706 5264 Martii.

2209 5275 2306 5327 l‘ro
2330 5275 2612 5326 Mizetttinm
2635 5276 2773 5327 l’ort.
2802 5279 2952 5328 habet
2978 5278 3028 5328 Μ
3035 5279 3288 5330 izentanw.
3310 5279 3459 5332 Colb.
3483 5278 3536 5338 ἓ,
3557 5277 3705 5332 Nam,

2210 5342 2347 5406 Ful.,
2378 5353 2427 5394 et
2456 5343 2634 5396 Germ.
2655 5386 2667 5406 ,
2702 5343 2997 5396 Mizeitanw.
3031 5346 3179 5398 Colb.
3212 5349 3426 5410 tertius,
3460 5347 3706 5399 Miltiauis.

2207 5410 2379 5472 (inin,
2405 5411 2607 5462 Loriclt.
2636 5420 2686 5460 et
2721 5411 2872 5474 Bvlf.,
2903 5413 3170 5464 Miritanm.
3209 5417 3277 5467 De
3315 5416 3522 5466 civitate
3559 5420 3705 5464 autem

2208 5476 2540 5548 Ziqucusiuttt
2558 5479 2662 5548 jattt
2685 5494 2836 5543 supra
2861 5498 3058 5546 egttttus
3080 5483 3270 5548 (Supra
3297 5484 3395 5534 col.
3426 5482 3548 5541 207,
3579 5496 3626 5548 n_-
3770 5519 3771 5524 η

2205 5547 2459 5599 (Etet-rum
2491 5561 2614 5598 mss.
2647 5546 2808 5609 l'ort.,
2840 5545 2981 5601 Cdlb.
3013 5550 3060 5609 l,
3087 5545 3258 5607 Ma-t..
3283 5550 3462 5604 Germ.
3509 5559 3558 5604 et
3587 5545 3702 5599 ῑυι..
3769 5559 3771 5669 Α
