3814 6228
126 265 202 320 253
989 255 1078 310 DE
1114 247 1623 309 PERSECUTIONE
1667 241 2041 303 VANDAUCA
2078 247 2205 303 LIB.
2249 247 2312 302 ν.

3143 247 3246 325 ast

123 379 257 446 ibyier
300 371 590 434 Mizentina‘.
641 366 872 423 civitatis
922 364 973 419 in
1027 364 1274 434 spelunca
1324 359 1600 430 Ziqncnsis
1627 363 1676 418 Δ
1704 373 1960 426 nusquam
2006 358 2211 427 penitus
2249 358 2571 416 visebantur.
2599 361 2665 416 Ει
2688 362 2774 417 ubi
2807 362 2940 417 forte
2980 361 3245 430 gramino-

121 467 270 521 nioutis
301 470 531 531 repertus
567 467 683 522 est,
716 464 1048 526 putrescente
1073 455 1179 522 jam
1203 453 1410 506 solutos
1439 449 1599 502 cada-

120 570 228 610 νειε.

171 641 277 696 XVI.
309 641 368 694 Et
401 640 522 708 quia
562 637 629 690 de
659 647 841 690 sancto
882 632 1204 688 llabetdeiini
1248 628 1449 698 praefati
1493 626 1600 695 jam

118 749 287 798 minus,
325 737 488 796 pergit
526 736 649 780 tunc
687 727 752 778 ad
792 721 1197 792 Carthaginem,
1227 720 1374 772 adite
1400 719 1604 771 censuit

120 821 321 872 nefarium
343 831 534 884 regem,
568 825 622 868 ut
641 812 1012 866 conscientiam
1035 824 1183 862 suam
1209 822 1364 877 quam
1394 819 1606 874 semper

117 909 372 961 iaiiiiliarein
395 915 419 940 ⁸
450 901 721 958 Trinitatis
750 899 855 969 |aI.
878 893 1086 969 habuit]
1117 898 1372 950 habuerat
1391 905 1444 950 et
1469 895 1603 948 ami-

117 1017 220 1063 cam,
244 1010 387 1053 etiam
415 996 716 1066 hominibus
738 997 934 1048 faceret
967 986 1320 1046 tiiaiiifestaiii.
1355 987 1462 1041 Nec
1484 1000 1603 1040 eum

119 1092 299 1144 retinere
325 1090 483 1157 potuit
509 1089 770 1140 Antonius
800 1093 1015 1153 pmpter
1044 1079 1410 1137 verecundiam
1433 1092 1604 1132 suar‘.

116 1182 242 1233 Oliert
278 1178 582 1247 impiissimo
612 1179 718 1244 regi
754 1175 987 1228 libellum
1028 1172 1080 1226 in
1129 1173 1227 1225 hac
1264 1166 1606 1223 similitudine

121 1273 368 1324 verborum.
415 1268 550 1335 Quid
579 1281 758 1337 quaeso
780 1266 888 1333 jam
926 1279 1045 1318 cum
1079 1258 1325 1331 proiectis
1365 1256 1608 1322 habetis?

115 1358 220 1423 Quid
237 1373 343 1411 cum
373 1360 448 1410 eis
485 1371 619 1424 quos
646 1357 832 1410 exsilio
872 1354 1169 1422 relegastis,
1202 1348 1430 1418 quotidie
1455 1345 1608 1398 dimi-

117 1447 243 1502 calisi
270 1446 564 1502 Abstulistis
599 1443 954 1506 substantias;
984 1441 1220 1494 ecclesiis
1238 1478 1252 1502 ,
1285 1437 1446 1505 paria
1465 1473 1482 1499 ,
1510 1437 1608 1488 do-

119 1539 343 1606 mibusque
371 1537 640 1605 privastis.
664 1536 784 1586 Sola
815 1533 987 1585 anima
1017 1529 1286 1588 remansit,
1309 1543 1463 1597 quain
1487 1540 1608 1595 cap-

122 1630 248 1680 iiiare
287 1624 619 1680 contenditis.
650 1623 693 1676 0
723 1622 989 1690 tempora!
1026 1637 1058 1671 o
1098 1619 1301 1672 mores!
1335 1622 1609 1670 universus

1705 461 1797 501 sus
1825 463 2010 518 cespes
2054 448 2262 502 humida
2296 460 2420 504 tunc
2444 450 2497 502 in
2523 451 2660 505 vallo
2701 452 2931 519 locatus,
2965 453 3243 521 pallentem

1705 537 1878 617 potius
1921 553 2077 614 quam
2119 538 2375 593 virentem
2427 542 2686 604 nascentis
2725 541 2832 597 feni
2860 554 3093 610 coeperat
3122 558 3257 610 pro!

1706 631 1840 685 lerre
1866 631 2130 695 colorem,
2180 631 2317 684 illico
2361 646 2516 686 urens
2548 644 2600 687 et
2638 633 2818 701 igneus
2848 634 3002 686 ﬂatus
3031 634 3242 697 aderat,

1707 729 1869 774 totum
1901 721 2149 776 torrendo
2176 722 2483 788 desiccans,
2527 724 2649 792 quia
2679 724 2781 796 [αι.
2803 703 3086 796 pulverea]
3133 726 3248 788 pul-

1706 813 1980 867 verulenta
2031 824 2315 882 tempestas
2340 814 2488 868 arido
2515 816 2612 868 sub
2643 831 2767 870 aere
2795 816 3091 884 decoqneus
3120 834 3246 870 cun-

1705 910 1810 966 cta,
1837 916 2045 955 omnem
2088 902 2426 958 nebulaverat
2455 904 2647 957 locum.
2689 905 2894 959 Nullum
2923 917 3124 974 gestum
3166 916 3246 960 est

1707 1000 1940 1059 tempore
1963 993 2049 1046 illo
2089 994 2461 1047 commercium
2489 1010 2505 1046 :
2537 995 2737 1048 nullum
2767 998 3015 1064 cespitem
3063 1008 3244 1060 terrae,

1701 1079 1939 1149 iuvencis
1968 1081 2327 1144 trahentibus,
2360 1083 2608 1136 scindens
2635 1090 2790 1137 vertit
2829 1095 3093 1148 aratrum;
3123 1085 3244 1153 quia

1706 1185 1805 1226 nec
1832 1171 1996 1226 Ιιονιιδ
2036 1173 2320 1236 suberant,
2367 1188 2463 1228 nec
2492 1172 2517 1211 δ
2549 1185 2712 1228 rastra
2742 1180 2954 1228 omnino
2981 1189 3245 1228 remanse-

1706 1271 1844 1316 rant.
1886 1263 2026 1317 liiter
2065 1265 2178 1317 [nec
2205 1267 2381 1330 omnia
2425 1276 2598 1318 autem
2628 1265 2796 1331 mala,
2849 1275 2903 1319 et
2923 1257 3245 1318 ~rusticorum

1707 1367 1895 1406 manus
1933 1355 2032 1404 alia
2080 1353 2381 1416 interierat,
2411 1364 2461 1408 et
2490 1355 2710 1408 suliinde
2738 1371 2853 1422 qua:
2882 1357 3014 1408 forte
3059 1369 3247 1422 super-

1705 1455 1852 1507 erat,
1889 1443 1996 1509 jam
2041 1445 2364 1508 sepulturam
2403 1445 2689 1512 quierebat.
2730 1445 2797 1498 Et
2825 1443 2979 1514 quia,
3029 1455 3248 1511 urgente

1707 1532 1857 1584 famis
1875 1531 2231 1595 incommodo,
2265 1546 2434 1599 neque
2459 1535 2775 1587 commercia
2795 1575 2811 1598 ,
2844 1547 2896 1586 ut
2930 1533 3019 1585 fati
3043 1547 3244 1598 smnus,

1711 1636 1807 1689 pro
1835 1621 2246 1684 consuetudine,
2287 1636 2458 1688 neque
2480 1624 2685 1675 cultura
2719 1623 3037 1676 reddebatur
3074 1621 3247 1711 debita

118 1716 204 1768 iure
222 1715 428 1768 mundus
463 1715 732 1781 intelligit,
759 1721 816 1766 et
841 1711 953 1780 ipse
981 1708 1068 1778 qui
1098 1709 1427 1776 persequitur
1447 1706 1605 1759 videt.
1639 1695 1682 1753 Β
1712 1710 1895 1773 terris;
1924 1711 2170 1776 jiivenum
2192 1750 2206 1771 ,
2235 1725 2440 1773 senum,
2467 1712 2910 1774 adolescentium,
2941 1695 3108 1779 atque
3122 1715 3249 1764 ado-

115 1801 159 1855 Si
183 1804 290 1855 tides
321 1802 508 1855 dicitur
539 1817 692 1868 quam
740 1801 948 1863 tenetis,
979 1799 1101 1866 quid
1135 1811 1273 1851 vene
1302 1796 1419 1849 tidei
1451 1810 1610 1849 mein-

117 1893 189 1944 bra
223 1894 367 1946 tantis
396 1889 851 1961 persecutionibus
893 1890 1132 1958 agitatis?
1153 1887 1287 1952 Quid
1318 1885 1464 1940 vobis
1489 1899 1607 1938 cuin

116 1981 266 2036 exsilio
283 1992 477 2046 nostro,
503 1981 625 2048 quid
657 1981 802 2032 vobis
829 1994 947 2031 cum
978 1981 1156 2045 egenis
1182 1978 1236 2030 in
1265 1977 1362 2030 hoc
1393 1975 1605 2039 simulo,

117 2085 297 2135 quorum
338 2080 416 2123 est
456 2072 562 2122 vita
590 2083 797 2136 semper
826 2069 878 2122 in
920 2067 1168 2120 Christo?
1203 2065 1381 2119 Liceat
1423 2065 1607 2118 saltem

115 2159 304 2226 gaudere
338 2163 605 2213 conSoitio
646 2154 928 2212 bestiarum
977 2157 1052 2212 eis
1094 2170 1226 2225 quos
1269 2155 1533 2222 alijecistis
1579 2169 1610 2207 a

117 2253 222 2305 tacic
244 2254 463 2305 omnium
513 2251 841 2319 populorum.
875 2249 1005 2301 Dum
1052 2250 1165 2300 hinc
1200 2255 1253 2300 et
1291 2246 1373 2299 his
1419 2245 1608 2300 similia

117 2342 307 2405 muttire:
360 2342 448 2395 Dei
491 2342 741 2405 dixisset,
787 2339 1072 2394 sceleratus
1126 2348 1374 2408 tyrannus
1421 2338 1520 2391 hoc
1563 2336 1612 2390 ei

117 2433 351 2486 mandasse
401 2433 704 2501 perhibetur
733 2447 745 2482 :
784 2431 924 2484 Vade
963 2429 1028 2482 ad
1057 2429 1334 2497 episcopos
1366 2438 1608 2492 nostros,

115 2533 154 2572 et
175 2522 292 2590 quod
321 2523 406 2575 tibi
436 2522 666 2574 dixerint
687 2535 926 2588 sequere,
959 2521 1077 2587 quia
1106 2519 1202 2586 ipsi
1232 2517 1388 2584 hujus
1416 2521 1501 2570 rei
1521 2517 1611 2567 lia-

116 2614 217 2665 bcre
259 2623 536 2665 noscuntur
582 2625 676 2680 per
725 2611 900 2664 omnia
945 2618 1275 2678 potestatem.
1307 2609 1408 2661 Sed
1441 2622 1612 2675 neque

111 2701 352 2753 Antonium
379 2701 492 2754 haec
519 2715 604 2755 res
633 2700 700 2753 ab
729 2701 930 2753 insania
963 2701 1128 2767 potuit
1149 2713 1416 2765 revocare,
1440 2698 1613 2750 scien-

114 2801 195 2843 tem
233 2795 384 2861 magis
421 2795 641 2861 imperio
681 2797 818 2860 regis
843 2793 912 2844 ob
939 2792 1038 2846 hoc
1063 2791 1280 2843 multum
1314 2804 1469 2858 posse
1498 2789 1610 2856 pla-

113 2895 228 2936 cere.
257 2882 568 2939 llabetdeum
596 2898 722 2936 vero
748 2885 1022 2951 epia‘COpUS
1062 2884 1293 2950 gaudens
1321 2881 1457 2932 bono
1485 2894 1612 2933 con-

1639 2994 1697 3087 cx

112 2975 308 3026 scientia:
330 2983 433 3026 sua:
463 2975 529 3026 ad
562 2978 732 3025 locum
755 2972 929 3024 exsilii
957 2973 1140 3024 maluit
1170 2984 1421 3022 remeare.

165 3061 303 3117 ll’ll.
333 3061 513 3115 Fames
552 3063 739 3114 valida.
784 3091 853 3100 ——
890 3062 959 3113 Ea
1003 3067 1309 3127 tempestate
1347 3057 1485 3109 facta
1531 3066 1612 3110 est

111 3151 388 3206 incredibilis
413 3154 601 3216 fames,
628 3160 681 3204 et
705 3150 866 3217 C(Bpii.
888 3150 1118 3201 Africam
1146 3158 1305 3200 totam
1331 3161 1428 3199 una
1452 3144 1610 3213 depo-

111 3243 342 3306 putatione
367 3255 594 3296 Vastare.
637 3241 817 3295 Nullus
845 3251 968 3293 tunc
1006 3239 1170 3290 adfuit
1217 3236 1415 3301 imber,
1469 3234 1611 3288 nulla

110 3346 292 3394 prorsus
334 3342 472 3400 gutta
502 3332 569 3385 de
598 3330 735 3384 cutio
777 3328 1046 3397 proﬂuxit.
1096 3327 1200 3380 Nec
1246 3327 1472 3389 frustra,
1518 3324 1610 3377 scd

108 3434 210 3474 iero
243 3433 295 3476 et
335 3425 472 3490 justo
512 3422 711 3490 judicio
755 3420 879 3487 Dei,
927 3429 983 3471 iit
1020 3419 1144 3483 ubi,
1177 3415 1612 3485 persequentibus

106 3510 312 3576 Aiiauis,
340 3514 534 3565 uenosi
567 3511 785 3595 gurgitis
812 3524 947 3578 aqua
989 3508 1092 3579 [αι.
1125 3519 1178 3561 et
1201 3505 1371 3576 ignis]
1402 3506 1535 3573 ignis
1561 3517 1614 3558 et

106 3601 342 3666 sulphuris
371 3601 646 3664 bulliebat,
683 3597 1016 3668 indulgentia:
1040 3597 1269 3652 ccelestis
1288 3634 1304 3661 ,
1336 3611 1449 3663 quin
1470 3610 1611 3646 sem-

106 3702 178 3753 per
198 3707 225 3741 a
248 3691 462 3746 ﬂuenter
494 3691 711 3755 aderat,
759 3691 929 3757 pluvia
975 3698 1273 3755 negaretur.
1303 3685 1495 3738 Lurida
1525 3699 1615 3738 ree

106 3792 337 3834 manserat
382 3792 534 3834 terra:
581 3781 745 3834 facies
789 3780 980 3831 omnis.
1019 3777 1134 3830 Non
1175 3776 1294 3829 vitis
1348 3775 1615 3842 tegebatur

104 3875 257 3922 instate
280 3852 571 3938 pampineis
595 3881 811 3937 opacaia
840 3866 1098 3933 virgultis,
1127 3881 1230 3917 non
1261 3872 1373 3916 sata
1402 3878 1613 3930 resper-

102 3971 146 4007 si
180 3960 347 4012 vultus
385 3962 644 4023 cespiiuni
695 3942 986 4006 viridabant
1030 3968 1044 4003 :
1091 3967 1195 4004 non
1246 3950 1360 4002 olea
1405 3964 1614 4016 semper

102 4047 250 4101 viridis
270 4087 287 4113 ,
317 4049 560 4114 foliisque
605 4056 798 4112 ri-pieta
831 4042 935 4112 [αι.
980 4040 1226 4109 jucundi]
1253 4040 1494 4108 jucundis
1521 4041 1615 4094 dc-

99 4150 214 4189 ceris
231 4140 305 4190 sui
325 4149 637 4191 consuetum
670 4152 873 4202 icgmeii
903 4133 1123 4185 habebat
1159 4147 1173 4183 :
1205 4146 1308 4184 non
1342 4145 1611 4199 pomorum

101 4227 316 4291 virgulta,
369 4229 655 4278 niaritante
709 4225 922 4285 tellure,
970 4237 1204 4289 gemmas
1261 4220 1613 4289 produxerant

99 4313 284 4380 ﬂorum,
332 4325 519 4384 postea
571 4316 797 4378 ﬂuctus,
832 4322 885 4365 ut
923 4314 1183 4374 assolent,
1219 4311 1323 4382 [aL
1355 4307 1607 4378 editum]

99 4403 379 4458 reddituras.
414 4403 609 4457 Tristia
634 4408 781 4455 luere
803 4411 1036 4468 tetraque
1062 4403 1254 4464 omnia,
1285 4407 1338 4451 et
1368 4414 1458 4465 par
1489 4413 1608 4465 pes-

100 4494 281 4547 tilentia:
308 4496 490 4553 clades
520 4495 752 4546 Africam
777 4491 1082 4545 confuderat
1110 4506 1338 4542 onmem.
1369 4489 1481 4542 Non
1513 4490 1608 4543 ho-

99 4585 320 4650 minibus,
366 4602 474 4639 non
526 4586 774 4652 iumentis
808 4582 1147 4650 get-minantis
1177 4580 1351 4633 herbae
1377 4581 1612 4633 ediderat

102 4677 226 4728 tellus
252 4680 470 4730 omnino
498 4689 750 4726 virorem.
780 4676 1038 4724 Arueiant
1057 4672 1250 4722 dudum
1274 4670 1613 4739 ﬁﬁciirren-

101 4775 202 4819 ltum
236 4767 427 4834 impetu
478 4764 735 4833 przccipiti
764 4764 895 4815 alvei
944 4763 1250 4823 ﬂuminum,
1283 4763 1611 4828 fontiumque

101 4855 352 4922 ciispantes
367 4854 708 4922 peretiuitate
721 4853 985 4905 subtracta
1010 4853 1203 4917 pariter
1231 4850 1440 4902 SiCCZIl'J.‘
1460 4863 1614 4905 erant

102 4961 232 4998 vente.
273 4950 415 4999 Oves
457 4955 516 4997 et
568 4947 729 4995 boves
781 4945 1039 5007 universi,
1089 4942 1302 5011 insuper
1341 4954 1394 4995 ct
1423 4961 1613 5012 pecora

101 5041 255 5109 campi,
272 5041 540 5106 simulque
558 5039 740 5089 bestia:
757 5038 1030 5099 Silvarum,
1052 5037 1223 5091 inedia
1247 5053 1607 5108 consumente,

103 5256 191 5291 runt
208 5241 320 5294 edit.
337 5236 492 5290 Urtli.
521 5242 574 5283 et
594 5231 748 5292 Belf.,
765 5231 954 5282 habent
979 5231 1416 5299 Quizi'tanm'qim
1437 5235 1613 5296 lectio,

103 5326 134 5358 ιι
149 5323 248 5361 teni
259 5316 352 5369 est,
370 5311 458 5358 hic
479 5307 753 5366 Qutzaaut
774 5301 936 5359 Quida
950 5303 1266 5352 Mauritania:
1280 5308 1616 5356 Caesariensis

101 5379 249 5432 civitas
271 5379 555 5431 indicatur,
594 5371 746 5433 cuius
779 5369 872 5419 ioci
906 5369 1199 5434 episciipus,
1227 5371 1514 5422 Tiberianus
1537 5374 1615 5424 di-

103 5461 218 5508 ctus.
239 5445 465 5500 secundo
501 5448 624 5491 loco
656 5441 792 5508 inter
835 5437 980 5487 istius
1013 5441 1286 5502 provincia:
1312 5441 1603 5506 episcopos,

104 5504 321 5568 inNoiiiia
343 5521 704 5580 incinorajiir.
729 5504 806 5580 Di;
830 5521 924 5580 qua
954 5509 1082 5559 urbe
1113 5509 1255 5577 plura
1288 5504 1502 5562 inferius
1525 5512 1611 5561 ob-

103 5588 377 5642 servabimus
409 5585 462 5638 in
493 5578 643 5633 notis
675 5575 740 5625 ad
768 5572 1029 5636 Notitiam,

1711 1801 2134 1869 loscentularnm,
2163 1815 2440 1869 puerorum
2456 1801 2535 1856 vel
2558 1805 2711 1856 etiam
2726 1804 3019 1871 puellarum
3042 1802 3247 1871 agmina

1710 1890 1866 1943 simul
1913 1899 1965 1943 et
2007 1889 2230 1968 funera,
2260 1891 2347 1945 tibi
2377 1901 2650 1961 poterant,
2680 1893 2940 1962 quomodo
2970 1903 3247 1962 poterant,

1710 1980 1906 2048 passim
1945 1981 2390 2048 difi‘nndebautur,
2436 1982 2821 2038 circumeuntes
2860 1985 3079 2052 oppida,
3106 1985 3250 2039 vicos

1713 2071 1792 2122 vel
1815 2071 2049 2138 singulas
2089 2076 2265 2125 urbes.
2296 2072 2549 2126 Conversi
2580 2073 2718 2126 enim
2743 2074 2794 2126 in
2824 2089 3001 2126 arcum
3031 2089 3246 2143 pravum

1709 2168 1763 2212 et
1793 2173 2094 2226 perversum
2124 2159 2142 2229 (
2166 2159 2308 2212 l’sal.
2358 2176 2562 2225 uixi-ti,
2608 2163 2742 2230 57),
2785 2152 3250 2230 atqueirritantes

1712 2249 1874 2302 Deum
1904 2249 1967 2301 ad
1990 2264 2150 2316 aquas
2172 2250 2600 2304 contradiCtionis
2621 2253 2638 2320 (
2654 2251 2798 2306 Psai'.
2823 2268 2904 2316 cv,
2931 2252 3246 2320 52),fameni

1711 2342 2042 2409 patiebantur
2068 2350 2123 2394 ut
2149 2355 2308 2394 canes
2351 2340 2530 2408 (Psat.
2563 2356 2718 2403 Lviit,
2761 2344 2814 2410 7,
2853 2327 2984 2411 i5),
3039 2358 3142 2396 non
3191 2353 3248 2395 ut

1712 2433 2048 2486 comederent
2073 2447 2281 2500 panem,
2305 2431 2399 2485 sed
2422 2442 2474 2484 ut
2504 2432 2761 2485 infensam
2792 2418 3070 2496 sentirent,
3091 2448 3248 2501 quam
3325 2498 3328 2500 γ

1712 2532 2052 2588 negaverant,
2077 2507 2407 2574 Trinitatem.
2436 2522 2540 2574 Alii
2568 2521 2739 2575 diﬂ'usi
2773 2537 2862 2590 per
2886 2537 3128 2596 campos,
3161 2522 3248 2576 alii

1711 2623 1914 2664 secreta
1963 2613 2212 2664 silvarum
2261 2613 2533 2681 petebant;
2564 2612 2803 2683 antiquas
2833 2613 3032 2666 radices
3060 2613 3248 2667 herba-

1711 2719 1861 2766 rum,
1905 2705 1985 2757 vel
2023 2704 2330 2772 quisquilias
2365 2703 2566 2770 aliquas
2590 2706 2952 2773 requirentes:
2968 2703 3236 2766 Nonnulli,

1709 2810 1828 2848 cum
1851 2795 2009 2847 domo
2041 2805 2331 2848 niterentur
2351 2795 2548 2862 egredi,
2579 2792 2631 2846 in
2655 2796 2769 2858 ipso
2793 2794 2973 2845 limine
2999 2781 3248 2846 ωτι-νεύ-

1711 2896 1823 2948 tes,
1858 2886 2162 2938 catervatim
2210 2885 2348 2937 fame
2392 2884 2686 2936 debellante
2733 2882 3021 2943 cadebant;
3075 2894 3250 2935 straite

1716 2989 1846 3025 vero
1879 2974 1963 3026 vel
2007 2973 2208 3026 semita:
2235 2972 2576 3026 cadaveribus
2604 2974 2847 3040 repletae,
2894 2972 3250 3026 exbalantium

1714 3064 1880 3116 fetore
1908 3075 2266 3124 mortuorum,
2305 3061 2603 3129 gradientes
2633 3063 2781 3115 vivos
2811 3063 2952 3114 omni
2996 3077 3058 3115 ex
3106 3072 3253 3129 paito

1713 3150 1987 3203 necabant.
2018 3150 2122 3203 t\ec
2150 3150 2367 3201 deerant
2395 3149 2628 3216 queiidie
2657 3152 2851 3216 ubique
2875 3150 3253 3217 exspirantium

1713 3242 1916 3307 funera,
1947 3253 1998 3295 et
2029 3245 2129 3294 non
2154 3239 2487 3305 eratvirtus,
2518 3255 2636 3308 qua:
2667 3240 3020 3293 miserationis
3048 3243 3254 3308 impen-

1711 3333 1860 3386 deret
1901 3333 2242 3400 sepulturam.
2269 3329 2448 3398 Neque
2472 3329 2612 3382 enim
2651 3330 2981 3382 sufﬁciebant
3004 3331 3068 3380 ad
3098 3325 3254 3397 s'cpe-

1714 3423 1943 3478 lieudum
1965 3425 2063 3475 vivi
2089 3461 2103 3485 ,
2131 3425 2266 3475 fame
2287 3422 2621 3483 dominante,
2645 3431 2697 3474 et
2725 3421 2822 3489 ipsi
2851 3432 2964 3487 post
2988 3419 3252 3486 paululum

1713 3511 1973 3567 morituri.
2018 3510 2310 3577 Cupiebant
2359 3510 2546 3582 singuli
2587 3509 2881 3563 libertatem
2928 3524 3076 3562 suam
3123 3511 3254 3561 lilio-

1713 3617 1936 3669 rumquc
1964 3615 2181 3652 suorum
2211 3611 2478 3667 perpetua:
2507 3598 2746 3651 servituti
2771 3599 3007 3664 redigere
3028 3639 3042 3664 ,
3075 3610 3124 3650 et
3154 3614 3254 3651 non

1714 3701 1956 3766 poterant
2003 3693 2259 3745 invenire.
2311 3693 2511 3743 Montes
2538 3699 2588 3741 et
2619 3689 2781 3741 colles
2803 3728 2817 3753 ,
2849 3688 3033 3755 platea:
3076 3686 3256 3741 eivita~

1715 3794 1823 3836 tum
1845 3819 1862 3846 ,
1899 3784 1995 3834 vite
2021 3781 2101 3833 vel
2129 3783 2332 3832 semitm
2356 3793 2514 3830 unum
2537 3778 2782 3831 omnibus
2804 3781 3037 3830 iecerant
3065 3776 3254 3842 ubique

1711 3875 2030 3937 sepulcrum,
2063 3870 2250 3935 quibus
2281 3867 2452 3919 inedia
2481 3865 2769 3938 depascens
2813 3866 3159 3931 denegaverat
3183 3864 3256 3918 vi-

1711 3968 1873 4012 ctuin.
1911 3957 2126 4009 Vandali
2171 3965 2345 4008 autem
2379 3954 2505 4022 ipsi,
2547 3969 2678 4022 quos
2707 3965 2759 4007 et
2790 3957 2934 4022 prius
2963 3955 3254 4022 frequentia

1711 4049 1989 4102 multarum
2020 4044 2406 4114 provinciarum
2430 4045 2619 4111 spolia,
2643 4053 2693 4096 et
2721 4041 2888 4112 [Coib.
2925 4044 2973 4106 l,
3002 4041 3255 4114 recentia]

1711 4139 1935 4194 retentio
1966 4137 2153 4189 Africa:
2177 4135 2345 4203 primo
2368 4134 2598 4189 iecerant
2619 4137 2826 4200 divites,
2858 4135 3054 4200 majore
3079 4135 3254 4200 inopia

1715 4230 2107 4297 torquebantur.
2141 4226 2202 4278 Et
2250 4237 2445 4293 quanto
2490 4226 2587 4279 Sibi
2627 4225 2936 4278 videbantur
2974 4239 3248 4276 servorum

1713 4321 2013 4389 aggeStione
2044 4317 2286 4384 superbi,
2335 4327 2479 4368 tanto
2519 4316 2738 4382 amplius
2773 4315 3085 4367 deficiebant
3119 4313 3254 4367 fame

1715 4418 1991 4478 torquente
2029 4409 2239 4461 defecti.
2283 4408 2466 4462 Nullus
2507 4407 2698 4473 filium,
2732 4407 2905 4459 nullus
2942 4421 3251 4474 conmgein,

1714 4502 1887 4552 nullus
1930 4499 2193 4565 proprium
2244 4495 2413 4550 tenuit
2450 4511 2660 4548 servum
2693 4514 2706 4549 :
2735 4496 2828 4547 sed
2870 4497 3049 4549 exiens
3096 4512 3253 4548 tinus-

1715 4591 1963 4657 quisque,
2007 4602 2110 4639 non
2142 4587 2225 4639 tibi
2257 4587 2418 4639 voluit
2442 4586 2536 4638 sed
2583 4586 2667 4638 ubi
2708 4585 2896 4648 valuit,
2944 4596 3032 4640 aut
3079 4588 3252 4639 statim

1712 4681 1926 4743 defecit,
1944 4686 2030 4729 aut
2044 4693 2310 4745 nunquam
2328 4678 2542 4729 omnino
2564 4677 2769 4728 redivit.
2792 4676 3081 4744 Urgebaiur
3095 4682 3252 4729 etiam

1717 4781 1838 4822 tunc
1863 4766 2040 4818 infelix
2070 4764 2344 4818 multitudo
2375 4765 2438 4817 ad
2470 4766 2634 4832 ipsam
2667 4765 2848 4817 urbem
2885 4767 3182 4832 Cardiagiin
3203 4782 3253 4816 ni

1717 4855 2042 4926 congregari.
2086 4855 2150 4907 Et
2189 4856 2312 4907 dum
2341 4855 2464 4908 illuc
2486 4854 2791 4906 catervatim
2823 4855 2992 4905 adhuc
3032 4861 3252 4904 animata

1720 4951 1971 5003 cadavera
2000 4946 2345 5006 conﬂuerent,
2370 4942 2453 4996 ubi
2483 4957 2567 4994 res
2599 4942 2984 4993 inl'eienilariiin
3011 4942 3253 4992 nioitium

1722 5039 1848 5093 vidit
1878 5046 2095 5103 stragcs,
2120 5036 2240 5102 pelli
2266 5035 2392 5086 urbe
2413 5047 2593 5084 omnes
2625 5032 2762 5082 illiCo
2781 5031 2950 5097 jubet,
2979 5046 3042 5080 ne
3072 5040 3254 5079 conta-

1789 5241 1812 5267 ⁸
1841 5229 2022 5294 Comp.
2053 5239 2101 5283 et
2129 5228 2321 5282 Rhen..
2354 5225 2591 5279 Trinitas.
2625 5224 2924 5286 Loricliiits,
2959 5225 3255 5282 divinitati,

1718 5303 1778 5355 Et
1810 5304 1936 5351 intra
1965 5313 2056 5364 pro
2085 5298 2427 5348 verecundiam
2447 5337 2459 5359 ,
2490 5296 2640 5347 Colb.
2673 5301 2690 5346 i
2727 5295 2879 5364 habet
2920 5296 3252 5351 iracundiam.

1784 5370 1809 5406 ι)
1840 5369 1927 5421 Sic
1952 5362 2149 5430 optime
2179 5366 2291 5417 Fiil.
2325 5368 2392 5416 At
2421 5367 2569 5416 Coll).
2613 5367 2630 5415 ι
2663 5372 2716 5415 et
2750 5362 2900 5415 Urih.
2944 5377 3060 5413 cum
3107 5364 3258 5416 Lori-

1713 5439 1873 5499 chio,
1923 5446 2114 5487 aratra.
2162 5436 2310 5489 Co.b.
2356 5437 2518 5500 alter,
2564 5430 2852 5492 mendose,
2899 5441 3073 5496 asiru;
3125 5437 3211 5485 alii
3241 5475 3256 5501 ,

1712 5518 1899 5560 ςαδιω.
