3814 6228
613 282 714 336 255

1865 268 2164 350 VICTORIS
2203 266 2499 323 VITENSIS
2758 320 2760 322 τ
3433 257 3443 268 ⁴
3505 335 3516 339 _
3663 265 3743 318 εδδ

614 394 699 458 gio
729 389 1093 450 deficientium,
1119 400 1391 442 commune
1420 394 1626 455 pararet
1651 385 1806 439 etiam
1831 391 1858 419 ι
1887 379 2140 436 exercitui
2170 381 2227 438 Δ,
2249 380 2368 432 talia
2417 387 2789 432 tormentorum
2831 379 3060 441 invenit,
3098 378 3271 447 qualia
3320 393 3415 432 nec
3457 378 3567 444 ipse
3604 386 3624 416 ε
3661 376 3742 430 Με-

617 487 731 546 eius
760 483 1073 549 sepulcrum.
1101 479 1220 533 Suis
1248 494 1374 546 ergo
1399 477 1678 545 provinciis
1705 483 1756 528 et
1776 471 2017 526 domibus
2043 471 2143 522 sin-

621 573 770 638 gulos
813 575 1026 638 imperat
1068 569 1323 623 revocari.
1352 568 1454 621 Sed
1487 581 1583 619 nec
1611 562 1872 630 erantqui
1913 566 2145 614 reverteo

622 671 816 724 rentur,
839 662 958 712 dum
983 661 1199 727 quisque
1220 658 1396 725 utique
1421 657 1738 724 sepulturam
1762 667 1906 722 suam
1931 651 1982 703 in
2007 651 2147 703 vultu

626 759 873 814 portaret.
907 749 970 802 Et
997 748 1188 800 idcirco
1218 747 1352 799 forte
1380 744 1549 811 major
1578 742 2012 808 rebaptizatorum
2033 753 2150 804 per-

621 839 748 891 ditio
777 839 935 905 potuit
968 836 1261 904 provenire,
1283 835 1404 902 quia
1425 833 1546 886 dum
1574 829 1891 897 promittitur
1911 828 1977 906 ab
2001 828 2150 881 Aria-

622 930 701 981 nis
730 927 1000 995 praesentis
1029 928 1312 978 transactio
1339 926 1486 986 vitze,
1530 936 1627 976 nec
1659 921 1782 975 illud
1811 919 2053 982 obvenit,
2098 926 2152 970 et

624 1033 763 1069 mors
806 1031 1026 1084 sequens
1054 1015 1218 1082 prima
1256 1012 1536 1067 secundam
1570 1011 1835 1076 praevenit.
1867 1009 1922 1061 Ιιι
1954 1019 2148 1060 tantum

623 1106 777 1171 igitur
805 1105 902 1155 sibi
932 1104 1210 1157 devaSIans
1245 1099 1528 1153 vindicavit
1567 1099 1732 1152 fames
1753 1097 2067 1160 dominium,
2097 1105 2153 1150 ut

625 1193 738 1246 loca
769 1192 1016 1245 nonnulla
1057 1201 1110 1244 et
1150 1187 1736 1255 admodumpopulpsa,
1770 1184 2150 1240 habitatoribus

624 1284 935 1345 exstinctis,
964 1282 1068 1334 alto
1112 1293 1249 1333 nunc
1287 1279 1527 1345 silentio,
1557 1277 1673 1348 47
1708 1277 1988 1346 parietibus
2027 1276 2152 1330 solis

626 1373 970 1434 exstantibus,
1001 1369 1389 1438 conquiescant.

697 1461 876 1513 XVIII.
913 1459 1251 1512 Burbarorum
1294 1475 1472 1512 mores.
1501 1486 1568 1497 ——
1597 1455 1700 1515 Sed
1746 1456 1869 1524 quid
1912 1469 2009 1522 ego
2045 1455 2152 1522 jam

626 1552 875 1604 immorer
912 1552 962 1604 in
1005 1548 1102 1601 ltoc
1143 1549 1278 1615 quod
1315 1549 1582 1613 esplicare
1628 1562 1728 1599 non
1757 1545 1922 1613 queo?
1948 1544 2073 1596 Nam
2101 1551 2156 1597 et

625 1638 668 1690 si
694 1653 828 1690 nunc
853 1625 1214 1706 superessent,
1248 1635 1327 1688 vel
1355 1634 1432 1688 eis
1461 1634 1554 1687 fari
1585 1633 1651 1688 de
1679 1633 1871 1686 talibus
1900 1631 2149 1694 licuisset,

2249 470 2451 522 zvntitts
2495 469 2808 537 exquisivit?
2863 459 3376 540 Dimicavit'contra
3430 467 3742 521 innocentiam

2249 561 2504 628 cup‘ditas
2533 561 2744 623 luroris,
2775 569 2828 615 et
2852 557 2878 597 ά
2908 561 3140 615 avaritias
3168 559 3471 618 crudelitas,
3498 567 3552 609 ut
3588 567 3636 611 et
3658 560 3742 609 ani-

2250 665 2361 703 mas
2393 651 2661 718 perderet,
2684 657 2736 703 et
2761 649 3099 703 substantiam
3131 648 3465 716 barpagaret.
3491 644 3745 699 Si‘collatio

2249 740 2660 812 desiderabatur,
2701 755 2861 806 quare
2899 740 3095 808 rapinae.
3118 752 3294 792 rerum
3329 735 3630 798 alienarum,
3665 749 3744 786 non

2250 837 2451 881 tantum
2475 828 2823 893 sacerdotum,
2848 843 3032 882 verum
3063 828 3218 882 etiam
3246 823 3481 879 omnium
3504 824 3747 877 Iaicoruui?

2252 918 2362 973 Sed
2401 919 2474 971 illi
2517 919 2790 986 esspoliati
2839 919 2991 972 laetati
3041 927 3194 983 sunt,
3235 924 3291 972 et
3334 913 3564 985 rapinam
3603 929 3744 967 rerum

2249 1022 2460 1061 suarum
2483 1023 2600 1060 cum
2627 1008 2815 1076 gaudio
2839 1017 3201 1077 susceperunt.

2320 1094 2460 1152 XIX.
2504 1097 2657 1150 Adsit
2677 1096 2784 1163 jam
2817 1111 2993 1164 quaeso
3018 1096 3188 1150 omnis
3216 1103 3363 1160 mtas,
3408 1097 3576 1150 omnis
3601 1106 3746 1151 sexus.

2251 1187 2524 1256 omnisque
2553 1185 2801 1240 conditio.
2832 1187 3011 1250 Adsit,
3034 1185 3285 1250 obsecro,
3315 1185 3490 1238 omnis
3518 1182 3654 1236 turba
3679 1196 3749 1231 ra.

2253 1263 2428 1329 tliolici
2459 1275 2682 1329 nominis
2705 1291 2719 1327 :
2745 1290 2862 1344 quae
2904 1275 3104 1344 gremio
3141 1279 3378 1328 materno
3413 1282 3522 1327 toto
3544 1273 3660 1324 orbe
3681 1286 3749 1337 ge-

2252 1372 2441 1426 stator,
2472 1379 2588 1433 qua!
2613 1365 2723 1419 sola
2764 1369 3070 1431 gertnannm
3109 1361 3443 1418 commodare
3483 1359 3616 1414 novit
3651 1359 3748 1411 alie-

2251 1463 2424 1517 ctum,
2451 1469 2566 1522 quat
2603 1453 2787 1508 didicit
2815 1469 2843 1507 a
2875 1454 3035 1508 Paulo
3063 1453 3310 1520 magistro
3350 1460 3405 1505 et
3440 1449 3750 1519 gaudentibus

2253 1545 2535 1608 colluctari,
2561 1552 2615 1598 et
2656 1558 2772 1596 cum
2816 1543 3110 1611 lugentibus
3151 1539 3425 1594 lamentari
3466 1538 3633 1609 (Rom.
3667 1551 3750 1598 xu,

2258 1637 2364 1704 15).
2396 1635 2719 1688 Conveniam
2752 1633 2905 1686 simul
2934 1633 2998 1687 ad
3028 1632 3238 1685 domum
3277 1629 3442 1683 nnatri
3483 1627 3682 1688 doloris,
3714 1635 3751 1677 ct

625 1738 678 1782 et
718 1729 965 1781 Tullianae
1008 1727 1318 1795 eloquentiae
1359 1724 1543 1777 lluvius
1588 1723 1902 1786 siccarctttr,
1948 1729 2002 1772 et
2045 1719 2155 1772 Sal-
2185 1713 2230 1772 Β
2260 1725 2469 1794 paribus
2496 1723 2660 1777 oculis
2693 1722 2968 1776 fundamus
3004 1721 3215 1775 ﬂumina
3256 1721 3628 1788 lacrymarutn,
3659 1717 3751 1782 quia

627 1819 809 1871 lustius
836 1817 1056 1882 elinguis
1077 1815 1391 1868 omnimodis
1414 1821 1726 1866 remaneret.
1753 1810 1848 1872 Et,
1876 1819 1932 1861 ut
1955 1809 2153 1862 alienos

627 1905 881 1970 indignos
905 1905 982 1956 rei
1015 1911 1169 1955 tanta:
1196 1910 1539 1970 praetereant,
1577 1899 1619 1952 si
1660 1890 1996 1951 Caesariensis
2035 1909 2154 1948 sur-

625 2004 766 2058 geret
800 1993 1051 2046 Eusebius
1080 1991 1144 2042 ad
1179 1992 1276 2042 hoc
1301 2003 1432 2056 opus
1463 1988 1702 2052 idoneus,
1730 1997 1819 2040 aut
1845 1985 1958 2053 ejus
1989 1997 2156 2039 trans-

628 2081 759 2132 lator
781 2080 974 2133 Grmcze
1003 2079 1282 2145 t'acundiaz,
1321 2076 1487 2147 [Lor.,
1515 2075 1830 2147 Latinasque]
1857 2074 2155 2143 Latinisque

629 2169 844 2220 tioribus
875 2166 1086 2219 Rufinus
1115 2174 1364 2220 ornatus:
1397 2175 1450 2218 et
1491 2166 1609 2234 quid
1656 2168 1851 2218 multa?
1881 2180 1982 2217 non
2024 2167 2152 2216 Am-

630 2256 852 2316 brosius,
881 2270 983 2308 non
1017 2255 1378 2322 Hieronymus,
1411 2267 1516 2313 nec
1546 2253 1658 2319 ipse
1685 2261 1865 2306 noster
1892 2253 2154 2306 sufﬁceret

627 2340 966 2407 Augu~tiuusl
995 2343 1168 2394 Audite
1199 2341 1322 2402 Itwc,
1359 2357 1527 2393 omnes
1571 2350 1769 2411 gentes;
1809 2340 2014 2392 auribus
2042 2355 2155 2408 per-

626 2433 799 2498 cipite,
831 2447 996 2482 omnes
1033 2433 1116 2498 qui
1142 2432 1376 2482 habitatis
1422 2432 1616 2496 orbem,
1661 2429 1840 2496 quique
1876 2430 2151 2495 terrigenis,

626 2529 670 2569 rt
720 2520 811 2581 ﬁlii
854 2522 1136 2584 Itaiitinuot,
1177 2519 1326 2570 simul
1375 2517 1428 2569 in
1478 2533 1631 2569 unum
1682 2517 1818 2569 dives
1870 2524 1914 2568 et
1967 2532 2156 2586 pauper

628 2608 795 2676 (Ρδαι.
828 2623 1014 2669 vant,
1042 2609 1114 2674 1).
1145 2607 1383 2660 Nonnulli
1411 2608 1496 2674 qui
1534 2607 1782 2661 barbaros
1820 2607 2063 2676 diligitis,
2103 2620 2178 2661 et'

629 2711 718 2748 eos
746 2696 795 2747 iti
832 2695 1314 2748 condemnationem
1343 2707 1568 2749 vestram
1601 2697 1876 2764 aliquando
1913 2697 2153 2760 laudatis,

629 2787 870 2839 discutite
901 2799 1118 2848 nomen,
1158 2797 1210 2837 et
1255 2786 1525 2852 iutellgite
1566 2799 1759 2839 mores.
1791 2785 2028 2856 Nunquid
2055 2787 2154 2838 al.o

631 2875 840 2942 proprio
882 2875 1091 2926 nomine
1139 2874 1349 2926 vocitari
1396 2883 1662 2942 poterant,
1712 2875 1811 2927 nisi
1847 2884 1904 2927 ttt
1947 2874 2154 2929 barbari

629 2963 959 3024 dicerentur;
989 2961 1271 3014 ferocitatis
1311 2950 1505 3028 utique,
1552 2963 1873 3028 crudelitatis
1901 2973 1954 3019 et
1989 2974 2155 3018 terroo

2252 1827 2425 1866 causa;
2464 1822 2518 1866 et
2557 1810 2676 1865 lidei
2717 1819 2910 1866 nostra:
2939 1825 3098 1863 unum
3137 1819 3218 1864 est
3253 1808 3538 1876 negotium.
3577 1804 3752 1858 Nullum

2257 1907 2376 1958 volo
2401 1904 2465 1957 ad
2495 1902 2879 1958 condolendum
2911 1917 3114 1957 mecum
3145 1900 3448 1954 haeretictnu
3484 1897 3751 1957 convenire,

2251 1995 2338 2062 qui
2365 1995 2498 2048 forte
2521 1993 2714 2047 addere
2734 1992 3056 2061 concupiscit
3077 2007 3234 2057 super
3254 1991 3488 2044 dolorem
3514 1991 3753 2040 vulnerum

2253 2098 2489 2137 meorum
2531 2081 2702 2153 (Psal.
2747 2098 2934 2148 vant,
2984 2079 3106 2150 9.7),
3135 2090 3189 2134 et
3225 2079 3515 2148 gratulatur
3557 2075 3754 2144 quotidie

2253 2175 2402 2228 malis
2442 2176 2571 2228 meis
2617 2174 2791 2246 (Psal.
2832 2189 3006 2237 χχχιιι,
3049 2172 3161 2241 26).
3203 2171 3364 2234 Nolo,
3402 2156 3521 2222 nolo
3563 2181 3654 2236 ego
3685 2183 3744 2220 rt-

2255 2273 2522 2325 traneum,
2561 2264 2654 2317 sed
2687 2265 2974 2317 fraternum
3012 2276 3191 2332 quaero
3226 2260 3466 2314 affectum
3494 2275 3506 2310 :
3540 2256 3653 2310 nuto
3677 2255 3754 2308 ali-

2251 2367 2405 2420 quem
2455 2351 2676 2406 filiorum
2722 2351 3046 2417 alienorum,
3089 2361 3308 2418 quorum
3337 2362 3399 2401 os
3441 2347 3661 2400 locutum
3693 2353 3752 2394 est

2256 2443 2563 2506 vanitatem,
2613 2448 2667 2496 et
2723 2441 2932 2495 dextera
2989 2455 3170 2493 eorum
3217 2437 3432 2492 dextera
3487 2435 3749 2504 iniquitatis

2255 2529 2422 2599 (Paul.
2461 2546 2646 2594 csLttt,
2687 2530 2740 2599 8)
2776 2549 2786 2582 :
2839 2529 2957 2596 quia
3005 2528 3094 2581 lilii
3142 2527 3296 2582 alieni
3337 2540 3547 2591 semper
3585 2523 3755 2577 mentiti

2254 2631 2375 2673 sunt
2413 2620 2566 2683 milii,
2606 2620 2693 2687 qni
2735 2622 3157 2672 inveteraverunt
3203 2625 3258 2670 et
3295 2612 3700 2667 claudicawruol
3736 2627 3755 2656 τι

2254 2709 2452 2761 semitis
2492 2708 2600 2760 suis
2645 2707 2809 2776 (Psal.
2839 2721 2978 2770 xvn,
3007 2705 3119 2772 46).
3159 2704 3245 2757 Isti
3287 2703 3467 2756 dicunt
3486 2701 3621 2777 mihi
3648 2715 3754 2764 quoe

2257 2796 2416 2848 tidie:
2453 2793 2547 2848 Ubi
2572 2805 2643 2847 est
2674 2793 2806 2846 Deus
2844 2803 2957 2846 tuus
2989 2792 3152 2861 (Psal.
3184 2806 3267 2844 xu
3289 2831 3304 2854 ,
3335 2789 3427 2858 4)?
3455 2789 3577 2842 dum
3603 2787 3758 2843 amitti-

2257 2893 2340 2937 tur
2363 2885 2579 2952 poliulus
2607 2886 2835 2951 pretioso
2855 2880 2985 2949 Agni
3005 2880 3253 2947 sanguine
3273 2887 3623 2947 comparatus.
3649 2874 3757 2927 Inter

2254 2988 2474 3041 quorum
2521 2972 2799 3040 opprobria
2845 2985 2944 3038 ego
2985 2970 3049 3023 ad
3097 2968 3298 3036 ﬂagella
3349 2975 3562 3034 paratus
3605 2962 3756 3032 (Pati.

630 3052 701 3102 “5
728 3050 1032 3102 Vocabulum
1060 3050 1416 3118 Ροδδίιίθηιθδῖ
1446 3052 1584 3116 Quos
1609 3053 2019 3121 quantiscunquc
2041 3069 2156 3105 mu-
2182 3050 2225 3111 C
2259 3075 2464 3122 xxxvii,
2497 3059 2602 3126 18),
2635 3066 2846 3112 cantare
2874 3073 2974 3109 non
3004 3057 3200 3109 desisto
3229 3055 3448 3110 Domino
3477 3051 3757 3119 ﬂagellanti:

633 3141 846 3190 uerbus
877 3139 1085 3201 foveris,
1124 3139 1533 3207 quantiscunqtte
1561 3141 1827 3194 delinieris
1853 3143 2150 3211 obsequiis?

631 3225 704 3278 illi
758 3227 893 3278 aliud
943 3227 1208 3288 nesciunt,
1261 3229 1358 3279 nisi
1408 3229 1637 3282 invidere
1686 3228 1710 3266 δ
1760 3233 2048 3282 Romanis:
2101 3239 2155 3283 et

630 3324 873 3380 quantum
903 3316 966 3367 ad
1011 3329 1190 3368 eorum
1230 3318 1410 3367 attinet
1448 3320 1790 3382 voluntatem,
1823 3335 2030 3385 semper
2059 3335 2153 3373 cu-

634 3407 777 3470 piunt
811 3403 1140 3470 splendorem
1168 3413 1221 3456 ct
1252 3419 1415 3471 genus
1444 3407 1658 3459 llomani
1689 3412 1914 3461 nominis
1938 3411 2157 3463 obnubi-

633 3493 762 3553 larc,
795 3508 889 3544 nec
921 3491 1081 3542 ulltun
1116 3495 1464 3546 Montanorum
1510 3497 1721 3546 omnino
1758 3496 2062 3549 desiderant
2083 3502 2156 3551 vi-

635 3594 777 3630 vere.
812 3579 875 3630 Et
905 3579 988 3628 ubi
1019 3579 1184 3631 adhuc
1227 3591 1508 3647 noscuntur
1545 3599 1756 3648 parcere
1784 3586 2060 3652 subjectis.
2093 3589 2156 3641 ad

634 3667 879 3720 utendum
922 3669 1146 3721 servitiis
1181 3670 1384 3723 illorum
1426 3682 1665 3738 parcunt;
1700 3690 1815 3726 nam
1856 3676 2050 3730 nullum
2081 3678 2159 3730 di-

634 3756 870 3808 lexerunt
907 3756 1184 3824 aliquando
1225 3758 1594 3816 Rontanorum.
1624 3763 1677 3816 Si
1718 3764 1984 3830 disputare
2027 3771 2157 3820 nite-

635 3846 784 3896 batur
813 3847 1079 3901 nobiscum
1101 3849 1165 3901 de
1193 3850 1290 3902 Iide
1320 3851 1534 3904 barbara
1554 3853 1830 3919 ferocitas,
1862 3867 1913 3909 et
1944 3857 2155 3911 literesis

635 3936 825 3987 Ariana
855 3936 1228 3991 rationabiliter
1253 3939 1557 4006 disputaret.
1585 3944 1685 3996 Sed
1722 3946 1926 4011 quando
1958 3947 2048 4016 (al.
2082 3957 2157 4000 te-

635 4021 764 4090 nuit]
798 4033 935 4075 tenet
967 4026 1250 4088 rationem,
1281 4044 1392 4093 qua:
1414 4044 1441 4081 a
1473 4031 1622 4085 Patre
1652 4033 1755 4084 Deo
1779 4034 1937 4087 Deum
1970 4035 2153 4089 Filium

634 4122 838 4176 separat
872 4113 1228 4166 Salvatorem?
1258 4116 1428 4179 Quare
1457 4119 1589 4171 dolis
1631 4130 1684 4172 et
1723 4123 1998 4177 calumniis
2033 4139 2156 4192 ege-

635 4213 774 4257 I'ttttt,
805 4212 855 4251 et
883 4202 1018 4252 velut
1064 4205 1275 4268 spiritus
1307 4209 1648 4269 tempestatis,
1693 4212 1915 4273 procella
1954 4214 2032 4264 sui
2072 4215 2153 4264 fu-

636 4293 763 4340 turis
795 4299 953 4342 totum
984 4298 1285 4346 subvertere
1325 4297 1628 4345 voluerunt?
1653 4297 1707 4347 Si
1742 4298 2021 4363 disputatio
2058 4317 2154 4353 ne-

2257 3152 2455 3204 Amovc
2486 3165 2515 3202 a
2553 3164 2635 3203 me
2665 3149 2864 3218 ﬂagella
2904 3156 2988 3200 tua
3019 3144 3198 3217 (Psat.
3228 3159 3426 3198 usvnt
3450 3185 3463 3208 ,
3491 3145 3624 3210 11),
3660 3143 3757 3208 quia

2257 3255 2355 3307 ego
2400 3239 2596 3304 defeci,
2643 3255 2744 3290 non
2793 3253 2820 3287 a
2867 3235 3168 3290 fortitudine
3215 3248 3398 3286 manus
3449 3244 3584 3296 tute,
3624 3230 3704 3283 sed
3740 3244 3759 3277 a

2257 3327 2622 3395 persecutione
2652 3325 2867 3378 haeresis
2897 3323 3124 3376 Arianae.
3155 3322 3446 3376 Adveniant
3471 3320 3623 3389 igitur
3652 3331 3761 3369 nunc

2258 3430 2437 3468 omnes
2465 3416 2549 3482 qui
2582 3429 2782 3466 mecum
2811 3410 3042 3479 angusta:
3077 3410 3183 3479 48
3212 3411 3308 3463 via:
3337 3422 3556 3478 carpunt
3593 3409 3702 3471 iter,
3724 3415 3761 3456 cl

2258 3514 2468 3570 propter
2515 3503 2667 3553 verba
2709 3501 2958 3554 I-«bltll‘tlln
3007 3499 3096 3551 Dei
3138 3498 3440 3550 custodiunt
3486 3499 3594 3548 vias
3633 3497 3764 3546 duras

2259 3593 2424 3658 (Psai.
2447 3606 2549 3653 xvi,
2573 3590 2714 3651 4),θι
2729 3592 2931 3642 videant
2949 3589 2990 3641 si
3010 3595 3090 3641 est
3109 3586 3278 3648 dolor,
3302 3587 3437 3639 sicut
3455 3587 3604 3637 dolor
3621 3599 3761 3635 IIICIIS.

2262 3680 2507 3743 Quoniam
2563 3679 2884 3730 vindemiatus
2939 3691 3048 3728 sunt
3106 3676 3156 3725 in
3209 3675 3290 3725 die
3348 3674 3536 3741 furoris
3591 3670 3764 3723 Domitii

2259 3769 2464 3838 (Tltren.
2496 3785 2544 3830 ι,
2573 3770 2681 3835 1⁸2),
2727 3774 3026 3831 aperuerunt
3063 3781 3209 3834 super
3237 3779 3314 3815 me
3340 3780 3395 3816 os
3437 3779 3585 3814 suum
3623 3776 3764 3813 onata

2257 3859 2441 3910 inimici
2471 3860 2596 3919 mei,
2627 3857 2943 3909 sibilaverunt
2972 3864 3018 3908 et
3043 3847 3629 3922 fremuerunt'dentibus;
3651 3852 3766 3899 diie-

2257 3959 2372 4000 runt
2399 3966 2417 4000 :
2455 3946 2802 3998 Devorabimtts
2843 3959 2968 3996 eam.
3006 3942 3081 3994 En
3125 3943 3220 3994 ista
3266 3951 3337 3992 est
3381 3942 3485 3992 dies
3515 3954 3658 4006 quam
3693 3954 3761 3985 e1-

2255 4038 2629 4104 spectabamus:
2659 4036 2951 4096 invenimus,
2976 4033 3183 4085 vidimus
3211 4030 3420 4100 (Thrett.
3444 4045 3499 4094 tt,
3529 4029 3631 4095 I6).
3653 4027 3764 4078 Adi-.—

2255 4136 2411 4187 stote,
2436 4127 2602 4192 angeli
2635 4126 2722 4178 Dei
2749 4124 2880 4186 mei,
2905 4126 2989 4190 qui
3019 4137 3281 4191 nunquam
3300 4122 3503 4175 deestis
3520 4119 3764 4174 constituti

2258 4217 2306 4267 in
2349 4213 2635 4266 ministerio
2677 4223 2869 4273 vestro,
2913 4221 3121 4278 propter
3163 4226 3253 4262 eos
3290 4210 3378 4276 qui
3421 4210 3761 4263 limrednatctn

2257 4302 2518 4370 capessuri
2565 4309 2678 4350 sunt
2736 4309 2944 4350 :nternaa
2991 4297 3172 4348 suluzis
3220 4297 3412 4363 (Hebr.
3463 4312 3516 4360 ι,
3567 4297 3693 4362 14).
3725 4306 3765 4344 et

636 4380 856 4430 “9‘53"”
897 4382 1059 4432 [up-"al
1095 4384 1433 4451 θρίδοοῐηὶίδν
1465 4399 1624 4449 ψιτιτυ
1669 4389 1963 4450 suspendi".
1996 4405 2154 4456 quare
2183 4375 2233 4432 Ῐ)
2260 4395 2427 4445 videte
2457 4391 2678 4442 Africam
2710 4397 2899 4448 totam,
2929 4387 3117 4437 tlutltnn
3150 4395 3406 4437 tantarum
3446 4386 3763 4440 ecclesiarum

637 4467 800 4528 ignes,
828 4483 985 4532 quare
1022 4473 1221 4535 ungula:
1264 4472 1417 4523 simul
1460 4482 1510 4522 et
1547 4475 1766 4524 cruces?
1792 4476 1961 4540 Qnaie
2008 4480 2158 4530 Aria-

638 4572 818 4606 iornm
865 4561 1156 4623 serpentina
1204 4565 1372 4625 proles
1414 4570 1593 4614 contra
1637 4563 1937 4619 innocentes
1968 4585 2156 4634 genera

706 4733 727 4756 “
761 4721 1026 4774 Loricbius
1046 4764 1058 4786 ,
1096 4735 1285 4785 pararet
1307 4728 1453 4775 etiam
1484 4725 1615 4785 suis,
1642 4726 1732 4777 sibi
1758 4745 1947 4794 quoque
1985 4737 2152 4803 sepul.

640 4809 789 4842 ΓΠΗΝ.

707 4861 730 4894 ι»
766 4861 812 4910 ι’.
836 4868 882 4934 st
914 4860 1076 4935 varias
1103 4859 1790 4935 barbarorumirruptiones,
1823 4882 1938 4920 cum
1967 4872 2016 4921 in
2052 4872 2156 4935 ple-

641 4927 1059 5000 rLetpieinipcrii,
1092 4929 1408 5000 potissimum
1445 4929 1814 5000 Uceidetitalis,
1847 4927 2119 5000 provinciis
2141 4980 2154 4999 ,

641 4995 838 5045 barbari
870 4994 1019 5044 simul
1050 5004 1099 5045 et
1144 4998 1336 5060 antiqui
1369 4997 1568 5062 populi,
1605 5011 1731 5061 quos
1775 4994 1891 5054 uti?”
1939 4994 2154 5058 Ιὶυιηηηί

640 5064 1064 5127 subjugaverant,
1097 5063 1334 5123 permixti
1367 5073 1539 5114 εδει-ιιι
1561 5103 1573 5122 ,
1607 5081 1715 5118 tuos
1748 5070 1955 5123 invaluit
1993 5085 2045 5124 ut
2075 5077 2155 5127 isti

643 5132 872 5191 Romani,
906 5130 988 5179 alii
1017 5127 1228 5178 Barbari
1257 5134 1662 5196 appellarentur,
1700 5139 1762 5185 ita
1795 5149 1847 5190 ιιι
1875 5142 2005 5191 nulla
2030 5143 2154 5193 Bur-

642 5198 1019 5268 bari_vocab:ilo
1052 5198 1137 5268 nili
1168 5198 1304 5268 ιιι-ωε
1326 5212 1481 5250 .retur
1514 5200 1718 5266 injuria,
1751 5209 1884 5268 qttod
1906 5224 2153 5260 ccc-mra-

641 5269 715 5313 t'io
746 5264 925 5314 honori
972 5265 1226 5315 ducebant
1272 5267 1333 5325 ii,
1373 5271 1456 5330 qui
1507 5264 1779 5332 nunquam
1811 5276 2154 5327 Ιὶιιιιιιηιηιηιηη

639 5334 759 5392 jttuo
781 5335 986 5409 Inerant
1013 5333 1220 5409 subditi.
1259 5333 1399 5384 Unde
1433 5335 1705 5409 Ἰξιιεςιιῖιιιιι
1726 5353 1801 5409 ns,
1827 5342 2160 5409 Ostrogothu-

645 5413 754 5473 rtnn
781 5400 826 5447 in
859 5400 999 5473 Italia
1031 5415 1135 5452 rei.
1168 5401 1305 5465 lnge.
1335 5418 1422 5464 pro
1452 5403 1686 5462 barbaris,
1722 5408 1768 5456 id
1793 5400 1870 5460 est
1898 5400 2008 5461 sua:
2034 5429 2159 5473 gen-

647 5466 710 5537 tis
739 5466 1044 5538 hominibus,
1070 5478 1117 5516 et
1144 5484 1231 5524 pro
1263 5469 1514 5528 Romanis,
1539 5473 1762 5535 antiquis
1789 5477 1981 5529 stilicet
2005 5466 2160 5532 Italitc

646 5532 845 5588 incolis,
881 5533 1009 5581 tulit.
1049 5536 1190 5584 l‘lut'a
1225 5553 1278 5587 ea
1308 5537 1370 5589 de
1413 5555 1464 5591 re
1498 5532 1729 5606 exetnpla
1770 5548 1887 5597 l'iu’r
1913 5548 1951 5596 Si
1985 5559 2159 5601 vacat.

2257 4484 2435 4535 cuneis
2479 4481 2689 4541 fultam,
2732 4490 2868 4528 nunc
2903 4476 2968 4527 ab
3002 4473 3240 4526 omnibus
3275 4473 3604 4535 desolatam;
3637 4482 3768 4522 tantis

2259 4569 2528 4624 ordinibus
2571 4565 2896 4617 sacerdotum
2927 4571 3190 4624 oruatant,
3224 4561 3376 4611 modo
3417 4561 3681 4612 sedentem
3711 4557 3769 4606 vi-

2257 4732 2388 4798 apnd
2418 4729 2733 4783 Hadrianum
2765 4726 3022 4798 Valesium
3053 4729 3183 4783 libro
3211 4748 3256 4784 vt
3288 4731 3478 4784 Rerum
3511 4733 3767 4787 Francica-

2259 4797 2371 4854 rum
2394 4800 2526 4869 circa
2557 4798 2804 4869 medium,
2833 4805 2884 4869 et
2906 4797 3010 4862 jam
3041 4799 3106 4852 de
3131 4803 3225 4853 liae
3250 4815 3305 4853 re
3344 4801 3538 4869 aliquid
3570 4804 3768 4854 dIXIIIIIh

2257 4885 2410 4935 supra
2441 4866 2574 4936 (Col.
2607 4867 2726 4936 lilil,
2758 4880 2808 4936 rt.
2840 4865 2909 4931 ³).

2332 4932 2354 4974 ε
2389 4932 2477 4988 Hic
2511 4935 2603 4987 fuit
2629 4932 3016 5001 Tyrrhenorum
3045 4949 3132 4987 rex
3151 4973 3167 4998 ,
3205 4937 3271 4988 ob
3296 4950 3554 4990 summam
3587 4938 3635 4990 in
3663 4935 3770 4987 deos

2258 5018 2311 5061 ct
2354 5004 2591 5056 homines
2637 5002 2948 5067 impietatem
2997 5001 3242 5055 fainonts.
3286 5005 3410 5055 Cum
3443 5022 3572 5060 vero
3615 5024 3638 5054 ξι
3682 5005 3770 5054 suis

2263 5077 2437 5135 pulsus
2466 5089 2494 5124 e
2522 5087 2678 5136 regno
2709 5069 2914 5128 fuisset,
2946 5069 3122 5122 Turno
3148 5073 3403 5125 adversus
3433 5075 3652 5128 [lineam
3683 5072 3770 5121 be—

2261 5146 2363 5194 lutn
2392 5141 2592 5207 gerenti
2617 5136 2834 5207 adhaesit
2853 5177 2866 5198 ,
2898 5139 2947 5189 in
2970 5155 3072 5207 quo
3095 5141 3159 5191 ab
3186 5143 3367 5193 eodem
3391 5142 3562 5194 Ainea
3593 5143 3681 5193 fuit
3699 5154 3772 5188 oc-

2260 5204 2425 5270 cisus,
2458 5217 2513 5259 ut
2542 5215 2715 5259 narrat
2746 5204 3258 5274 Virgilius—[Eurotas
3296 5211 3428 5261 libro
3473 5226 3529 5264 ι.
3561 5211 3770 5262 Mentori

2260 5290 2310 5329 et
2345 5279 2535 5329 Plinius
2567 5276 2656 5327 lib.
2683 5288 2791 5336 xtv,
2819 5291 2934 5341 cap.
2966 5278 3048 5336 II,
3082 5277 3315 5330 IIem-otii
3348 5278 3572 5331 Etruriae
3598 5278 3720 5342 regis
3748 5289 3768 5321 τι

2265 5347 2495 5395 \‘arroste
2535 5343 2803 5394 memorati
2828 5380 2842 5401 ,
2874 5358 3026 5408 quem
3069 5345 3266 5397 ltutults
3296 5345 3552 5399 adversus
3577 5346 3768 5399 Latmus

2264 5416 2357 5464 sub
2384 5412 2482 5462 vini
2513 5411 2753 5461 mercede
2778 5413 3019 5464 auxilium
3050 5413 3229 5464 tulisse
3252 5413 3432 5465 refert.

2334 5479 2356 5513 ιλ
2381 5481 2464 5530 Sic
2493 5480 2708 5542 Contp.;
2736 5478 2841 5538 alii,
2865 5482 3070 5530 avaritia
3089 5481 3415 5531 crudelitatis.
3444 5479 3584 5534 Idem
3604 5479 3765 5541 Contr.

2267 5564 2379 5600 cum
2414 5547 2670 5608 Luricltio,
2704 5561 2793 5610 pro
2821 5548 3112 5614 harpagaret
3139 5547 3290 5600 habet
3315 5551 3581 5614 arriperet.
