  <div class='ocr_page' id='page_1' title='image "/cluster/home/n/w/nwhite01/storage/ocr_20150623/58/uva.x000827100/136.png"; bbox 0 0 3814 6228; ppageno 0'>
   <div class='ocr_carea' id='block_1_1' title="bbox 128 251 2306 315">
    <p class='ocr_par' dir='ltr' id='par_1_1' title="bbox 128 251 2306 315">
     <span class='ocr_line' id='line_1_1' title="bbox 128 251 2306 315; baseline 0.002 -14"><span class='ocrx_word' id='word_1_1' title='bbox 128 263 199 315; x_wconf 59' lang='grc' dir='ltr'>ιη</span> <span class='ocrx_word' id='word_1_2' title='bbox 994 252 1078 306; x_wconf 79' lang='lat' dir='ltr'><strong>DE</strong></span> <span class='ocrx_word' id='word_1_3' title='bbox 1116 251 1618 308; x_wconf 79' lang='lat' dir='ltr'><strong>PERSECUTIONE</strong></span> <span class='ocrx_word' id='word_1_4' title='bbox 1657 252 2030 307; x_wconf 59' lang='lat' dir='ltr'><strong>VANDAUCA</strong></span> <span class='ocrx_word' id='word_1_5' title='bbox 2074 254 2195 308; x_wconf 84' lang='lat' dir='ltr'>LIB.</span> <span class='ocrx_word' id='word_1_6' title='bbox 2243 255 2306 306; x_wconf 73' lang='grc' dir='ltr'><strong>ν.</strong></span> 
     </span>
    </p>
   </div>
   <div class='ocr_carea' id='block_1_2' title="bbox 3124 255 3227 307">
    <p class='ocr_par' dir='ltr' id='par_1_2' title="bbox 3124 255 3227 307">
     <span class='ocr_line' id='line_1_2' title="bbox 3124 255 3227 307; baseline 0.01 -1"><span class='ocrx_word' id='word_1_7' title='bbox 3124 255 3227 307; x_wconf 68' lang='lat'><strong>958</strong></span> 
     </span>
    </p>
   </div>
   <div class='ocr_carea' id='block_1_3' title="bbox 126 352 3231 434">
    <p class='ocr_par' dir='ltr' id='par_1_3' title="bbox 126 352 3231 434">
     <span class='ocr_line' id='line_1_3' title="bbox 126 352 3231 434; baseline -0.002 -11"><span class='ocrx_word' id='word_1_8' title='bbox 126 376 243 426; x_wconf 65' lang='lat' dir='ltr'><strong>thiam</strong></span> <span class='ocrx_word' id='word_1_9' title='bbox 264 377 309 422; x_wconf 83' lang='lat' dir='ltr'><strong>ct</strong></span> <span class='ocrx_word' id='word_1_10' title='bbox 345 366 609 433; x_wconf 80' lang='lat' dir='ltr'><strong>abjectam.</strong></span> <span class='ocrx_word' id='word_1_11' title='bbox 642 372 667 401; x_wconf 76' lang='grc' dir='ltr'><strong>ἰ</strong></span> <span class='ocrx_word' id='word_1_12' title='bbox 695 352 999 418; x_wconf 80' lang='lat' dir='ltr'><strong>Sacerdotes</strong></span> <span class='ocrx_word' id='word_1_13' title='bbox 1039 363 1151 431; x_wconf 86' lang='lat' dir='ltr'><strong>ejus</strong></span> <span class='ocrx_word' id='word_1_14' title='bbox 1188 375 1241 417; x_wconf 87' lang='lat' dir='ltr'><strong>et</strong></span> <span class='ocrx_word' id='word_1_15' title='bbox 1280 365 1512 418; x_wconf 78' lang='lat' dir='ltr'><strong>seniores</strong></span> <span class='ocrx_word' id='word_1_16' title='bbox 1542 364 1591 416; x_wconf 92' lang='lat' dir='ltr'><strong>in</strong></span> <span class='ocrx_word' id='word_1_17' title='bbox 1620 367 1667 425; x_wconf 79' lang='grc' dir='ltr'><strong>Α</strong></span> <span class='ocrx_word' id='word_1_18' title='bbox 1695 366 1947 419; x_wconf 87' lang='lat' dir='ltr'><strong>cendente</strong></span> <span class='ocrx_word' id='word_1_19' title='bbox 1979 366 2028 419; x_wconf 91' lang='lat' dir='ltr'><strong>in</strong></span> <span class='ocrx_word' id='word_1_20' title='bbox 2060 367 2205 419; x_wconf 82' lang='lat' dir='ltr'><strong>vobis</strong></span> <span class='ocrx_word' id='word_1_21' title='bbox 2252 365 2489 432; x_wconf 90' lang='lat' dir='ltr'><strong>Domino,</strong></span> <span class='ocrx_word' id='word_1_22' title='bbox 2522 376 2576 419; x_wconf 90' lang='lat' dir='ltr'><strong>ut</strong></span> <span class='ocrx_word' id='word_1_23' title='bbox 2614 365 2732 434; x_wconf 86' lang='lat' dir='ltr'><strong>equi</strong></span> <span class='ocrx_word' id='word_1_24' title='bbox 2774 364 3083 419; x_wconf 76' lang='lat' dir='ltr'><strong>velocissimi</strong></span> <span class='ocrx_word' id='word_1_25' title='bbox 3113 381 3231 418; x_wconf 79' lang='lat' dir='ltr'><strong>cur-</strong></span> 
     </span>
    </p>
   </div>
   <div class='ocr_carea' id='block_1_4' title="bbox 128 452 1591 519">
    <p class='ocr_par' dir='ltr' id='par_1_4' title="bbox 128 452 1591 519">
     <span class='ocr_line' id='line_1_4' title="bbox 128 452 1591 519; baseline -0.006 -5"><span class='ocrx_word' id='word_1_26' title='bbox 128 460 299 519; x_wconf 55' lang='lat' dir='ltr'><strong>desistis</strong></span> <span class='ocrx_word' id='word_1_27' title='bbox 335 458 451 510; x_wconf 86' lang='lat' dir='ltr'><strong>locis</strong></span> <span class='ocrx_word' id='word_1_28' title='bbox 476 466 529 509; x_wconf 88' lang='lat' dir='ltr'><strong>et</strong></span> <span class='ocrx_word' id='word_1_29' title='bbox 558 454 740 507; x_wconf 84' lang='lat' dir='ltr'><strong>insulis</strong></span> <span class='ocrx_word' id='word_1_30' title='bbox 779 452 1079 505; x_wconf 84' lang='lat' dir='ltr'><strong>defecerunt</strong></span> <span class='ocrx_word' id='word_1_31' title='bbox 1102 495 1116 519; x_wconf 92' lang='lat'><strong>,</strong></span> <span class='ocrx_word' id='word_1_32' title='bbox 1158 453 1441 519; x_wconf 64' lang='lat' dir='ltr'><strong>quaerendo</strong></span> <span class='ocrx_word' id='word_1_33' title='bbox 1491 454 1591 506; x_wconf 83' lang='lat' dir='ltr'><strong>sibi</strong></span> 
     </span>
    </p>
   </div>
   <div class='ocr_carea' id='block_1_5' title="bbox 130 544 1591 611">
    <p class='ocr_par' dir='ltr' id='par_1_5' title="bbox 130 544 1591 611">
     <span class='ocr_line' id='line_1_5' title="bbox 130 544 1591 611; baseline -0.006 -6"><span class='ocrx_word' id='word_1_34' title='bbox 130 565 241 605; x_wconf 75' lang='lat' dir='ltr'><strong>escas</strong></span> <span class='ocrx_word' id='word_1_35' title='bbox 260 549 313 601; x_wconf 80' lang='lat' dir='ltr'><strong>ad</strong></span> <span class='ocrx_word' id='word_1_36' title='bbox 340 546 768 609; x_wconf 88' lang='lat' dir='ltr'><strong>manducandum,</strong></span> <span class='ocrx_word' id='word_1_37' title='bbox 797 556 849 597; x_wconf 89' lang='lat' dir='ltr'><strong>et</strong></span> <span class='ocrx_word' id='word_1_38' title='bbox 878 560 979 597; x_wconf 90' lang='lat' dir='ltr'><strong>non</strong></span> <span class='ocrx_word' id='word_1_39' title='bbox 1010 544 1281 597; x_wconf 87' lang='lat' dir='ltr'><strong>inveniunt</strong></span> <span class='ocrx_word' id='word_1_40' title='bbox 1311 544 1523 611; x_wconf 86' lang='lat' dir='ltr'><strong>(Threu.</strong></span> <span class='ocrx_word' id='word_1_41' title='bbox 1558 560 1591 607; x_wconf 95' lang='lat' dir='ltr'><strong>t,</strong></span> 
     </span>
    </p>
   </div>
   <div class='ocr_carea' id='block_1_6' title="bbox 132 632 1597 707">
    <p class='ocr_par' dir='ltr' id='par_1_6' title="bbox 132 632 1597 707">
     <span class='ocr_line' id='line_1_6' title="bbox 132 632 1597 707; baseline -0.008 -13"><span class='ocrx_word' id='word_1_42' title='bbox 132 643 212 707; x_wconf 80' lang='grc'><strong>19).</strong></span> <span class='ocrx_word' id='word_1_43' title='bbox 238 638 544 691; x_wconf 87' lang='lat' dir='ltr'><strong>Considerate</strong></span> <span class='ocrx_word' id='word_1_44' title='bbox 569 645 620 687; x_wconf 91' lang='lat' dir='ltr'><strong>et</strong></span> <span class='ocrx_word' id='word_1_45' title='bbox 648 634 816 686; x_wconf 83' lang='lat' dir='ltr'><strong>videte</strong></span> <span class='ocrx_word' id='word_1_46' title='bbox 845 635 961 702; x_wconf 80' lang='lat' dir='ltr'><strong>quia</strong></span> <span class='ocrx_word' id='word_1_47' title='bbox 995 632 1118 686; x_wconf 88' lang='lat' dir='ltr'><strong>Sion</strong></span> <span class='ocrx_word' id='word_1_48' title='bbox 1146 634 1330 685; x_wconf 87' lang='lat' dir='ltr'><strong>civitas</strong></span> <span class='ocrx_word' id='word_1_49' title='bbox 1372 634 1460 685; x_wconf 87' lang='lat' dir='ltr'><strong>Dei</strong></span> <span class='ocrx_word' id='word_1_50' title='bbox 1505 648 1597 683; x_wconf 83' lang='lat' dir='ltr'><strong>no-</strong></span> 
     </span>
    </p>
   </div>
   <div class='ocr_carea' id='block_1_7' title="bbox 131 720 1591 788">
    <p class='ocr_par' dir='ltr' id='par_1_7' title="bbox 131 720 1591 788">
     <span class='ocr_line' id='line_1_7' title="bbox 131 720 1591 788; baseline -0.008 -6"><span class='ocrx_word' id='word_1_51' title='bbox 131 729 196 782; x_wconf 75' lang='lat' dir='ltr'><strong>stri</strong></span> <span class='ocrx_word' id='word_1_52' title='bbox 222 730 331 780; x_wconf 77' lang='lat' dir='ltr'><strong>facta</strong></span> <span class='ocrx_word' id='word_1_53' title='bbox 357 734 432 779; x_wconf 83' lang='lat' dir='ltr'><strong>est</strong></span> <span class='ocrx_word' id='word_1_54' title='bbox 464 724 606 785; x_wconf 82' lang='lat' dir='ltr'><strong>vilis,</strong></span> <span class='ocrx_word' id='word_1_55' title='bbox 637 724 767 774; x_wconf 84' lang='lat' dir='ltr'><strong>facta</strong></span> <span class='ocrx_word' id='word_1_56' title='bbox 796 722 940 788; x_wconf 83' lang='lat' dir='ltr'><strong>quasi</strong></span> <span class='ocrx_word' id='word_1_57' title='bbox 971 720 1163 787; x_wconf 87' lang='lat' dir='ltr'><strong>polluta</strong></span> <span class='ocrx_word' id='word_1_58' title='bbox 1203 722 1481 773; x_wconf 87' lang='lat' dir='ltr'><strong>menstruis</strong></span> <span class='ocrx_word' id='word_1_59' title='bbox 1511 721 1591 771; x_wconf 90' lang='lat' dir='ltr'><strong>iti-</strong></span> 
     </span>
    </p>
   </div>
   <div class='ocr_carea' id='block_1_8' title="bbox 131 811 1596 881">
    <p class='ocr_par' dir='ltr' id='par_1_8' title="bbox 131 811 1596 881">
     <span class='ocr_line' id='line_1_8' title="bbox 131 811 1596 881; baseline -0.008 -10"><span class='ocrx_word' id='word_1_60' title='bbox 131 833 187 871; x_wconf 75' lang='lat' dir='ltr'><strong>ter</strong></span> <span class='ocrx_word' id='word_1_61' title='bbox 218 817 423 869; x_wconf 86' lang='lat' dir='ltr'><strong>inimicos</strong></span> <span class='ocrx_word' id='word_1_62' title='bbox 456 828 577 865; x_wconf 89' lang='lat' dir='ltr'><strong>suos</strong></span> <span class='ocrx_word' id='word_1_63' title='bbox 604 811 811 881; x_wconf 83' lang='lat' dir='ltr'><strong>(Threu.</strong></span> <span class='ocrx_word' id='word_1_64' title='bbox 838 827 882 874; x_wconf 93' lang='lat' dir='ltr'><strong>t,</strong></span> <span class='ocrx_word' id='word_1_65' title='bbox 923 811 1013 874; x_wconf 84' lang='lat' dir='ltr'><strong>ll,</strong></span> <span class='ocrx_word' id='word_1_66' title='bbox 1051 812 1157 880; x_wconf 80' lang='grc'><strong>17).</strong></span> <span class='ocrx_word' id='word_1_67' title='bbox 1206 812 1410 864; x_wconf 82' lang='lat' dir='ltr'><strong>Manum</strong></span> <span class='ocrx_word' id='word_1_68' title='bbox 1452 825 1596 862; x_wconf 89' lang='lat' dir='ltr'><strong>suam</strong></span> 
     </span>
    </p>
   </div>
   <div class='ocr_carea' id='block_1_9' title="bbox 132 898 1602 967">
    <p class='ocr_par' dir='ltr' id='par_1_9' title="bbox 132 898 1602 967">
     <span class='ocr_line' id='line_1_9' title="bbox 132 898 1602 967; baseline -0.005 -9"><span class='ocrx_word' id='word_1_69' title='bbox 132 906 236 959; x_wconf 81' lang='lat' dir='ltr'><strong>misit</strong></span> <span class='ocrx_word' id='word_1_70' title='bbox 262 905 403 956; x_wconf 89' lang='lat' dir='ltr'><strong>hostis</strong></span> <span class='ocrx_word' id='word_1_71' title='bbox 429 902 491 953; x_wconf 91' lang='lat' dir='ltr'><strong>ad</strong></span> <span class='ocrx_word' id='word_1_72' title='bbox 519 903 689 954; x_wconf 84' lang='lat' dir='ltr'><strong>omnia</strong></span> <span class='ocrx_word' id='word_1_73' title='bbox 735 900 1100 951; x_wconf 73' lang='lat' dir='ltr'><strong>desiderabilia</strong></span> <span class='ocrx_word' id='word_1_74' title='bbox 1144 900 1275 967; x_wconf 87' lang='lat' dir='ltr'><strong>ejus.</strong></span> <span class='ocrx_word' id='word_1_75' title='bbox 1308 900 1427 965; x_wconf 86' lang='lat' dir='ltr'><strong>quia</strong></span> <span class='ocrx_word' id='word_1_76' title='bbox 1473 898 1602 950; x_wconf 83' lang='lat' dir='ltr'><strong>vidit</strong></span> 
     </span>
    </p>
   </div>
   <div class='ocr_carea' id='block_1_10' title="bbox 132 989 1602 1064">
    <p class='ocr_par' dir='ltr' id='par_1_10' title="bbox 132 989 1602 1064">
     <span class='ocr_line' id='line_1_10' title="bbox 132 989 1602 1064; baseline -0.004 -16"><span class='ocrx_word' id='word_1_77' title='bbox 132 1005 268 1064; x_wconf 69' lang='lat' dir='ltr'><strong>gentes</strong></span> <span class='ocrx_word' id='word_1_78' title='bbox 312 991 575 1053; x_wconf 73' lang='lat' dir='ltr'><strong>invadere,</strong></span> <span class='ocrx_word' id='word_1_79' title='bbox 618 999 671 1043; x_wconf 88' lang='lat' dir='ltr'><strong>et</strong></span> <span class='ocrx_word' id='word_1_80' title='bbox 717 990 911 1057; x_wconf 85' lang='lat' dir='ltr'><strong>ingredi</strong></span> <span class='ocrx_word' id='word_1_81' title='bbox 961 990 1089 1043; x_wconf 85' lang='lat' dir='ltr'><strong>atria</strong></span> <span class='ocrx_word' id='word_1_82' title='bbox 1133 1005 1257 1053; x_wconf 87' lang='lat' dir='ltr'><strong>sua,</strong></span> <span class='ocrx_word' id='word_1_83' title='bbox 1302 992 1366 1042; x_wconf 91' lang='lat' dir='ltr'><strong>de</strong></span> <span class='ocrx_word' id='word_1_84' title='bbox 1415 989 1602 1055; x_wconf 81' lang='lat' dir='ltr'><strong>quibus</strong></span> 
     </span>
    </p>
   </div>
   <div class='ocr_carea' id='block_1_11' title="bbox 132 1079 1597 1150">
    <p class='ocr_par' dir='ltr' id='par_1_11' title="bbox 132 1079 1597 1150">
     <span class='ocr_line' id='line_1_11' title="bbox 132 1079 1597 1150; baseline -0.005 -13"><span class='ocrx_word' id='word_1_85' title='bbox 132 1096 393 1150; x_wconf 61' lang='lat' dir='ltr'><strong>praceperas</strong></span> <span class='ocrx_word' id='word_1_86' title='bbox 418 1096 479 1134; x_wconf 91' lang='lat' dir='ltr'><strong>tie</strong></span> <span class='ocrx_word' id='word_1_87' title='bbox 516 1081 787 1133; x_wconf 89' lang='lat' dir='ltr'><strong>introirent</strong></span> <span class='ocrx_word' id='word_1_88' title='bbox 829 1082 1100 1133; x_wconf 78' lang='lat' dir='ltr'><strong>ecclesiam</strong></span> <span class='ocrx_word' id='word_1_89' title='bbox 1142 1090 1281 1141; x_wconf 85' lang='lat' dir='ltr'><strong>tuam</strong></span> <span class='ocrx_word' id='word_1_90' title='bbox 1315 1079 1525 1147; x_wconf 84' lang='lat' dir='ltr'><strong>(&#39;l‘hren.</strong></span> <span class='ocrx_word' id='word_1_91' title='bbox 1554 1093 1597 1141; x_wconf 94' lang='lat' dir='ltr'><strong>t,</strong></span> 
     </span>
    </p>
   </div>
   <div class='ocr_carea' id='block_1_12' title="bbox 135 1169 1601 1241">
    <p class='ocr_par' dir='ltr' id='par_1_12' title="bbox 135 1169 1601 1241">
     <span class='ocr_line' id='line_1_12' title="bbox 135 1169 1601 1241; baseline -0.004 -16"><span class='ocrx_word' id='word_1_92' title='bbox 135 1174 219 1241; x_wconf 84' lang='lat' dir='ltr'><strong>l0).</strong></span> <span class='ocrx_word' id='word_1_93' title='bbox 248 1173 337 1223; x_wconf 71' lang='lat' dir='ltr'><strong>Viae</strong></span> <span class='ocrx_word' id='word_1_94' title='bbox 371 1171 478 1238; x_wconf 87' lang='lat' dir='ltr'><strong>ejus</strong></span> <span class='ocrx_word' id='word_1_95' title='bbox 522 1170 729 1236; x_wconf 82' lang='lat' dir='ltr'><strong>lugent,</strong></span> <span class='ocrx_word' id='word_1_96' title='bbox 763 1184 826 1222; x_wconf 92' lang='lat' dir='ltr'><strong>eo</strong></span> <span class='ocrx_word' id='word_1_97' title='bbox 871 1170 1008 1237; x_wconf 88' lang='lat' dir='ltr'><strong>quod</strong></span> <span class='ocrx_word' id='word_1_98' title='bbox 1045 1185 1198 1222; x_wconf 88' lang='lat' dir='ltr'><strong>nemo</strong></span> <span class='ocrx_word' id='word_1_99' title='bbox 1238 1169 1510 1220; x_wconf 67' lang='lat' dir='ltr'><strong>conveniat</strong></span> <span class='ocrx_word' id='word_1_100' title='bbox 1552 1169 1601 1219; x_wconf 91' lang='lat' dir='ltr'><strong>iii</strong></span> 
     </span>
    </p>
   </div>
   <div class='ocr_carea' id='block_1_13' title="bbox 132 1258 1604 1327">
    <p class='ocr_par' dir='ltr' id='par_1_13' title="bbox 132 1258 1604 1327">
     <span class='ocr_line' id='line_1_13' title="bbox 132 1258 1604 1327; baseline -0.005 -13"><span class='ocrx_word' id='word_1_101' title='bbox 132 1262 193 1315; x_wconf 83' lang='lat' dir='ltr'><strong>die</strong></span> <span class='ocrx_word' id='word_1_102' title='bbox 220 1261 346 1315; x_wconf 77' lang='lat' dir='ltr'><strong>festo.</strong></span> <span class='ocrx_word' id='word_1_103' title='bbox 377 1260 624 1327; x_wconf 72' lang='lat' dir='ltr'><strong>Egressus</strong></span> <span class='ocrx_word' id='word_1_104' title='bbox 656 1267 737 1311; x_wconf 85' lang='lat' dir='ltr'><strong>est</strong></span> <span class='ocrx_word' id='word_1_105' title='bbox 774 1273 801 1310; x_wconf 87' lang='lat' dir='ltr'><strong>a</strong></span> <span class='ocrx_word' id='word_1_106' title='bbox 845 1259 975 1311; x_wconf 88' lang='lat' dir='ltr'><strong>faeie</strong></span> <span class='ocrx_word' id='word_1_107' title='bbox 1016 1258 1127 1324; x_wconf 88' lang='lat' dir='ltr'><strong>ejus</strong></span> <span class='ocrx_word' id='word_1_108' title='bbox 1157 1258 1329 1309; x_wconf 91' lang='lat' dir='ltr'><strong>omnis</strong></span> <span class='ocrx_word' id='word_1_109' title='bbox 1358 1258 1514 1308; x_wconf 88' lang='lat' dir='ltr'><strong>decor</strong></span> <span class='ocrx_word' id='word_1_110' title='bbox 1552 1264 1604 1308; x_wconf 91' lang='lat' dir='ltr'><strong>et</strong></span> 
     </span>
    </p>
   </div>
   <div class='ocr_carea' id='block_1_14' title="bbox 132 1349 1605 1419">
    <p class='ocr_par' dir='ltr' id='par_1_14' title="bbox 132 1349 1605 1419">
     <span class='ocr_line' id='line_1_14' title="bbox 132 1349 1605 1419; baseline -0.007 -14"><span class='ocrx_word' id='word_1_111' title='bbox 132 1351 284 1405; x_wconf 75' lang='lat' dir='ltr'><strong>delicia:</strong></span> <span class='ocrx_word' id='word_1_112' title='bbox 307 1350 505 1419; x_wconf 82' lang='lat' dir='ltr'><strong>(Tltrert.</strong></span> <span class='ocrx_word' id='word_1_113' title='bbox 530 1366 575 1411; x_wconf 85' lang='lat' dir='ltr'><strong>t,</strong></span> <span class='ocrx_word' id='word_1_114' title='bbox 600 1356 653 1412; x_wconf 73' lang='grc'><strong>4,</strong></span> <span class='ocrx_word' id='word_1_115' title='bbox 678 1350 732 1413; x_wconf 84' lang='grc'><strong>6)</strong></span> <span class='ocrx_word' id='word_1_116' title='bbox 758 1367 769 1399; x_wconf 91' lang='lat'><strong>:</strong></span> <span class='ocrx_word' id='word_1_117' title='bbox 804 1349 1097 1401; x_wconf 87' lang='lat' dir='ltr'><strong>didicerunt</strong></span> <span class='ocrx_word' id='word_1_118' title='bbox 1128 1350 1237 1399; x_wconf 85' lang='lat' dir='ltr'><strong>vias</strong></span> <span class='ocrx_word' id='word_1_119' title='bbox 1262 1360 1473 1410; x_wconf 77' lang='lat' dir='ltr'><strong>a~peras</strong></span> <span class='ocrx_word' id='word_1_120' title='bbox 1495 1360 1605 1395; x_wconf 89' lang='lat' dir='ltr'><strong>ani-</strong></span> 
     </span>
    </p>
   </div>
   <div class='ocr_carea' id='block_1_15' title="bbox 133 1432 1607 1506">
    <p class='ocr_par' dir='ltr' id='par_1_15' title="bbox 133 1432 1607 1506">
     <span class='ocr_line' id='line_1_15' title="bbox 133 1432 1607 1506; baseline -0.005 -13"><span class='ocrx_word' id='word_1_121' title='bbox 133 1442 273 1493; x_wconf 80' lang='lat' dir='ltr'><strong>bulare</strong></span> <span class='ocrx_word' id='word_1_122' title='bbox 295 1440 505 1506; x_wconf 80' lang='lat' dir='ltr'><strong>virgines</strong></span> <span class='ocrx_word' id='word_1_123' title='bbox 526 1438 659 1506; x_wconf 87' lang='lat' dir='ltr'><strong>ejus,</strong></span> <span class='ocrx_word' id='word_1_124' title='bbox 689 1448 740 1488; x_wconf 89' lang='lat' dir='ltr'><strong>et</strong></span> <span class='ocrx_word' id='word_1_125' title='bbox 765 1438 978 1503; x_wconf 78' lang='lat' dir='ltr'><strong>juvenes</strong></span> <span class='ocrx_word' id='word_1_126' title='bbox 1002 1438 1135 1502; x_wconf 89' lang='lat' dir='ltr'><strong>ejus,</strong></span> <span class='ocrx_word' id='word_1_127' title='bbox 1168 1437 1219 1487; x_wconf 92' lang='lat' dir='ltr'><strong>iti</strong></span> <span class='ocrx_word' id='word_1_128' title='bbox 1248 1436 1378 1487; x_wconf 82' lang='lat' dir='ltr'><strong>aulis</strong></span> <span class='ocrx_word' id='word_1_129' title='bbox 1402 1432 1607 1486; x_wconf 87' lang='lat' dir='ltr'><strong>educati</strong></span> 
     </span>
    </p>
   </div>
   <div class='ocr_carea' id='block_1_16' title="bbox 134 1526 1604 1590">
    <p class='ocr_par' dir='ltr' id='par_1_16' title="bbox 134 1526 1604 1590">
     <span class='ocr_line' id='line_1_16' title="bbox 134 1526 1604 1590; baseline -0.006 -6"><span class='ocrx_word' id='word_1_130' title='bbox 134 1530 532 1590; x_wconf 78' lang='lat' dir='ltr'><strong>monasteriorum,</strong></span> <span class='ocrx_word' id='word_1_131' title='bbox 558 1528 795 1579; x_wconf 90' lang='lat' dir='ltr'><strong>abierunt</strong></span> <span class='ocrx_word' id='word_1_132' title='bbox 828 1543 873 1578; x_wconf 73' lang='lat' dir='ltr'><strong>in</strong></span> <span class='ocrx_word' id='word_1_133' title='bbox 901 1526 1249 1590; x_wconf 69' lang='lat' dir='ltr'><strong>captivitatem</strong></span> <span class='ocrx_word' id='word_1_134' title='bbox 1282 1526 1604 1587; x_wconf 84' lang='lat' dir='ltr'><strong>Maurorum;</strong></span> 
     </span>
    </p>
   </div>
   <div class='ocr_carea' id='block_1_17' title="bbox 134 1614 1604 1687">
    <p class='ocr_par' dir='ltr' id='par_1_17' title="bbox 134 1614 1604 1687">
     <span class='ocr_line' id='line_1_17' title="bbox 134 1614 1604 1687; baseline -0.002 -17"><span class='ocrx_word' id='word_1_135' title='bbox 134 1622 227 1671; x_wconf 85' lang='lat' dir='ltr'><strong>dunt</strong></span> <span class='ocrx_word' id='word_1_136' title='bbox 247 1618 422 1685; x_wconf 87' lang='lat' dir='ltr'><strong>lapides</strong></span> <span class='ocrx_word' id='word_1_137' title='bbox 444 1615 533 1687; x_wconf 79' lang='grc' dir='ltr'><strong>[σι.</strong></span> <span class='ocrx_word' id='word_1_138' title='bbox 559 1614 746 1682; x_wconf 82' lang='lat' dir='ltr'><strong>sancti]</strong></span> <span class='ocrx_word' id='word_1_139' title='bbox 770 1615 1050 1666; x_wconf 87' lang='lat' dir='ltr'><strong>sanctuarii</strong></span> <span class='ocrx_word' id='word_1_140' title='bbox 1068 1614 1179 1678; x_wconf 71' lang='lat' dir='ltr'><strong>ejus</strong></span> <span class='ocrx_word' id='word_1_141' title='bbox 1205 1614 1571 1681; x_wconf 76' lang='lat' dir='ltr'><strong>disperguntur</strong></span> <span class='ocrx_word' id='word_1_142' title='bbox 1588 1655 1604 1680; x_wconf 97' lang='lat'><strong>,</strong></span> 
     </span>
    </p>
   </div>
   <div class='ocr_carea' id='block_1_18' title="bbox 1693 453 3228 521">
    <p class='ocr_par' dir='ltr' id='par_1_18' title="bbox 1693 453 3228 521">
     <span class='ocr_line' id='line_1_18' title="bbox 1693 453 3228 521; baseline 0.001 -16"><span class='ocrx_word' id='word_1_143' title='bbox 1693 454 1905 506; x_wconf 83' lang='lat' dir='ltr'><strong>sitastis.</strong></span> <span class='ocrx_word' id='word_1_144' title='bbox 1929 455 2189 521; x_wconf 68' lang='lat' dir='ltr'><strong>Praecipue</strong></span> <span class='ocrx_word' id='word_1_145' title='bbox 2208 464 2281 516; x_wconf 91' lang='lat' dir='ltr'><strong>tu,</strong></span> <span class='ocrx_word' id='word_1_146' title='bbox 2300 455 2447 506; x_wconf 81' lang='lat' dir='ltr'><strong>beate</strong></span> <span class='ocrx_word' id='word_1_147' title='bbox 2466 453 2635 516; x_wconf 86' lang='lat' dir='ltr'><strong>Petre,</strong></span> <span class='ocrx_word' id='word_1_148' title='bbox 2657 470 2813 521; x_wconf 88' lang='lat' dir='ltr'><strong>quare</strong></span> <span class='ocrx_word' id='word_1_149' title='bbox 2830 454 2954 507; x_wconf 87' lang='lat' dir='ltr'><strong>siles</strong></span> <span class='ocrx_word' id='word_1_150' title='bbox 2974 463 2996 491; x_wconf 69' lang='grc' dir='ltr'><strong><em>θ</em></strong></span> <span class='ocrx_word' id='word_1_151' title='bbox 3016 470 3109 521; x_wconf 94' lang='lat' dir='ltr'><strong>pro</strong></span> <span class='ocrx_word' id='word_1_152' title='bbox 3121 455 3228 506; x_wconf 88' lang='lat' dir='ltr'><strong>ovi-</strong></span> 
     </span>
    </p>
   </div>
   <div class='ocr_carea' id='block_1_19' title="bbox 1697 543 3231 611">
    <p class='ocr_par' dir='ltr' id='par_1_19' title="bbox 1697 543 3231 611">
     <span class='ocr_line' id='line_1_19' title="bbox 1697 543 3231 611; baseline -0.005 -16"><span class='ocrx_word' id='word_1_153' title='bbox 1697 544 1791 595; x_wconf 90' lang='lat' dir='ltr'><strong>bus</strong></span> <span class='ocrx_word' id='word_1_154' title='bbox 1811 552 1861 597; x_wconf 92' lang='lat' dir='ltr'><strong>et</strong></span> <span class='ocrx_word' id='word_1_155' title='bbox 1877 545 2019 611; x_wconf 82' lang='lat' dir='ltr'><strong>agnis</strong></span> <span class='ocrx_word' id='word_1_156' title='bbox 2039 560 2065 595; x_wconf 89' lang='lat' dir='ltr'><strong>a</strong></span> <span class='ocrx_word' id='word_1_157' title='bbox 2089 545 2345 595; x_wconf 88' lang='lat' dir='ltr'><strong>communi</strong></span> <span class='ocrx_word' id='word_1_158' title='bbox 2369 558 2553 609; x_wconf 78' lang='lat' dir='ltr'><strong>magno</strong></span> <span class='ocrx_word' id='word_1_159' title='bbox 2568 543 2784 594; x_wconf 88' lang='lat' dir='ltr'><strong>Doniino</strong></span> <span class='ocrx_word' id='word_1_160' title='bbox 2802 558 2983 609; x_wconf 85' lang='lat' dir='ltr'><strong>magna</strong></span> <span class='ocrx_word' id='word_1_161' title='bbox 3003 544 3091 595; x_wconf 83' lang='lat' dir='ltr'><strong>tibi</strong></span> <span class='ocrx_word' id='word_1_162' title='bbox 3108 557 3231 595; x_wconf 81' lang='lat' dir='ltr'><strong>ean-</strong></span> 
     </span>
    </p>
   </div>
   <div class='ocr_carea' id='block_1_20' title="bbox 1698 630 3233 699">
    <p class='ocr_par' dir='ltr' id='par_1_20' title="bbox 1698 630 3233 699">
     <span class='ocr_line' id='line_1_20' title="bbox 1698 630 3233 699; baseline 0.001 -16"><span class='ocrx_word' id='word_1_163' title='bbox 1698 632 1795 683; x_wconf 88' lang='lat' dir='ltr'><strong>tela</strong></span> <span class='ocrx_word' id='word_1_164' title='bbox 1831 643 1881 683; x_wconf 88' lang='lat' dir='ltr'><strong>et</strong></span> <span class='ocrx_word' id='word_1_165' title='bbox 1905 632 2251 685; x_wconf 72' lang='lat' dir='ltr'><strong>sollicitudine</strong></span> <span class='ocrx_word' id='word_1_166' title='bbox 2280 632 2651 684; x_wconf 79' lang='lat' dir='ltr'><strong>commendatis</strong></span> <span class='ocrx_word' id='word_1_167' title='bbox 2674 630 2845 699; x_wconf 83' lang='lat' dir='ltr'><strong>(Joan.</strong></span> <span class='ocrx_word' id='word_1_168' title='bbox 2868 647 2977 692; x_wconf 74' lang='lat' dir='ltr'><strong>XXI,</strong></span> <span class='ocrx_word' id='word_1_169' title='bbox 3001 632 3233 697; x_wconf 74' lang='lat' dir='ltr'><strong>l5:eq.)?</strong></span> 
     </span>
    </p>
   </div>
   <div class='ocr_carea' id='block_1_21' title="bbox 1696 719 3230 787">
    <p class='ocr_par' dir='ltr' id='par_1_21' title="bbox 1696 719 3230 787">
     <span class='ocr_line' id='line_1_21' title="bbox 1696 719 3230 787; baseline -0.001 -14"><span class='ocrx_word' id='word_1_170' title='bbox 1696 720 1773 773; x_wconf 85' lang='lat' dir='ltr'><strong>Tu</strong></span> <span class='ocrx_word' id='word_1_171' title='bbox 1801 728 1979 771; x_wconf 78' lang='lat' dir='ltr'><strong>sancte</strong></span> <span class='ocrx_word' id='word_1_172' title='bbox 2001 720 2152 772; x_wconf 85' lang='lat' dir='ltr'><strong>l’aule</strong></span> <span class='ocrx_word' id='word_1_173' title='bbox 2180 720 2407 787; x_wconf 85' lang='lat' dir='ltr'><strong>gentium</strong></span> <span class='ocrx_word' id='word_1_174' title='bbox 2432 721 2695 787; x_wconf 78' lang='lat' dir='ltr'><strong>magister,</strong></span> <span class='ocrx_word' id='word_1_175' title='bbox 2715 720 2802 785; x_wconf 92' lang='lat' dir='ltr'><strong>qui</strong></span> <span class='ocrx_word' id='word_1_176' title='bbox 2828 719 2893 771; x_wconf 87' lang='lat' dir='ltr'><strong>ab</strong></span> <span class='ocrx_word' id='word_1_177' title='bbox 2912 719 3230 773; x_wconf 73' lang='lat' dir='ltr'><strong>llierusalt-m</strong></span> 
     </span>
    </p>
   </div>
   <div class='ocr_carea' id='block_1_22' title="bbox 1696 802 3230 876">
    <p class='ocr_par' dir='ltr' id='par_1_22' title="bbox 1696 802 3230 876">
     <span class='ocr_line' id='line_1_22' title="bbox 1696 802 3230 876; baseline -0.001 -15"><span class='ocrx_word' id='word_1_178' title='bbox 1696 823 1859 873; x_wconf 88' lang='lat' dir='ltr'><strong>usque</strong></span> <span class='ocrx_word' id='word_1_179' title='bbox 1886 808 1949 861; x_wconf 86' lang='lat' dir='ltr'><strong>ad</strong></span> <span class='ocrx_word' id='word_1_180' title='bbox 1984 808 2240 876; x_wconf 68' lang='lat' dir='ltr'><strong>Illyricum</strong></span> <span class='ocrx_word' id='word_1_181' title='bbox 2273 808 2558 873; x_wconf 66' lang='lat' dir='ltr'><strong>prtedicasti</strong></span> <span class='ocrx_word' id='word_1_182' title='bbox 2590 802 2921 873; x_wconf 83' lang='lat' dir='ltr'><strong>Evangelinm</strong></span> <span class='ocrx_word' id='word_1_183' title='bbox 2954 808 3230 875; x_wconf 69' lang='lat' dir='ltr'><strong>Dei(ltom.</strong></span> 
     </span>
    </p>
   </div>
   <div class='ocr_carea' id='block_1_23' title="bbox 1700 897 3233 966">
    <p class='ocr_par' dir='ltr' id='par_1_23' title="bbox 1700 897 3233 966">
     <span class='ocr_line' id='line_1_23' title="bbox 1700 897 3233 966; baseline -0.002 -15"><span class='ocrx_word' id='word_1_184' title='bbox 1700 914 1789 962; x_wconf 77' lang='lat' dir='ltr'><strong>xv,</strong></span> <span class='ocrx_word' id='word_1_185' title='bbox 1811 900 1917 965; x_wconf 80' lang='lat' dir='ltr'><strong>l9),</strong></span> <span class='ocrx_word' id='word_1_186' title='bbox 1934 914 2186 965; x_wconf 80' lang='lat' dir='ltr'><strong>cognosce</strong></span> <span class='ocrx_word' id='word_1_187' title='bbox 2207 898 2324 966; x_wconf 90' lang='lat' dir='ltr'><strong>quid</strong></span> <span class='ocrx_word' id='word_1_188' title='bbox 2340 898 2552 951; x_wconf 78' lang='lat' dir='ltr'><strong>Vandali</strong></span> <span class='ocrx_word' id='word_1_189' title='bbox 2575 898 2767 951; x_wconf 87' lang='lat' dir='ltr'><strong>faciunt</strong></span> <span class='ocrx_word' id='word_1_190' title='bbox 2792 908 2842 949; x_wconf 89' lang='lat' dir='ltr'><strong>et</strong></span> <span class='ocrx_word' id='word_1_191' title='bbox 2859 898 3057 957; x_wconf 88' lang='lat' dir='ltr'><strong>Ariani,</strong></span> <span class='ocrx_word' id='word_1_192' title='bbox 3074 911 3117 949; x_wconf 90' lang='lat' dir='ltr'><strong>et</strong></span> <span class='ocrx_word' id='word_1_193' title='bbox 3144 897 3233 949; x_wconf 84' lang='lat' dir='ltr'><strong>lilii</strong></span> 
     </span>
    </p>
   </div>
   <div class='ocr_carea' id='block_1_24' title="bbox 1703 984 3234 1056">
    <p class='ocr_par' dir='ltr' id='par_1_24' title="bbox 1703 984 3234 1056">
     <span class='ocr_line' id='line_1_24' title="bbox 1703 984 3234 1056; baseline -0.001 -17"><span class='ocrx_word' id='word_1_194' title='bbox 1703 990 1773 1040; x_wconf 92' lang='lat' dir='ltr'><strong>tui</strong></span> <span class='ocrx_word' id='word_1_195' title='bbox 1804 999 2016 1056; x_wconf 73' lang='lat' dir='ltr'><strong>gemunt</strong></span> <span class='ocrx_word' id='word_1_196' title='bbox 2042 989 2265 1055; x_wconf 83' lang='lat' dir='ltr'><strong>lugendo</strong></span> <span class='ocrx_word' id='word_1_197' title='bbox 2292 987 2501 1053; x_wconf 83' lang='lat' dir='ltr'><strong>captivi.</strong></span> <span class='ocrx_word' id='word_1_198' title='bbox 2534 984 2557 1022; x_wconf 68' lang='grc' dir='ltr'><em>δ</em></span> <span class='ocrx_word' id='word_1_199' title='bbox 2586 987 2662 1039; x_wconf 83' lang='lat' dir='ltr'><strong>Tu</strong></span> <span class='ocrx_word' id='word_1_200' title='bbox 2702 986 2838 1039; x_wconf 86' lang='lat' dir='ltr'><strong>Petri</strong></span> <span class='ocrx_word' id='word_1_201' title='bbox 2886 1000 3149 1053; x_wconf 78' lang='lat' dir='ltr'><strong>germane,</strong></span> <span class='ocrx_word' id='word_1_202' title='bbox 3182 994 3234 1037; x_wconf 92' lang='lat' dir='ltr'><strong>et</strong></span> 
     </span>
    </p>
   </div>
   <div class='ocr_carea' id='block_1_25' title="bbox 1702 1074 3233 1144">
    <p class='ocr_par' dir='ltr' id='par_1_25' title="bbox 1702 1074 3233 1144">
     <span class='ocr_line' id='line_1_25' title="bbox 1702 1074 3233 1144; baseline -0.005 -14"><span class='ocrx_word' id='word_1_203' title='bbox 1702 1093 1801 1130; x_wconf 91' lang='lat' dir='ltr'><strong>non</strong></span> <span class='ocrx_word' id='word_1_204' title='bbox 1836 1079 1885 1129; x_wconf 92' lang='lat' dir='ltr'><strong>in</strong></span> <span class='ocrx_word' id='word_1_205' title='bbox 1917 1076 2156 1144; x_wconf 76' lang='lat' dir='ltr'><strong>paSsione</strong></span> <span class='ocrx_word' id='word_1_206' title='bbox 2184 1076 2380 1142; x_wconf 84' lang='lat' dir='ltr'><strong>dispar,</strong></span> <span class='ocrx_word' id='word_1_207' title='bbox 2418 1076 2647 1143; x_wconf 76' lang='lat' dir='ltr'><strong>gloriose</strong></span> <span class='ocrx_word' id='word_1_208' title='bbox 2677 1076 2903 1134; x_wconf 85' lang='lat' dir='ltr'><strong>Andrea,</strong></span> <span class='ocrx_word' id='word_1_209' title='bbox 2938 1075 3021 1141; x_wconf 89' lang='lat' dir='ltr'><strong>qui</strong></span> <span class='ocrx_word' id='word_1_210' title='bbox 3066 1074 3233 1126; x_wconf 68' lang='lat' dir='ltr'><strong>inter-</strong></span> 
     </span>
    </p>
   </div>
   <div class='ocr_carea' id='block_1_26' title="bbox 1702 1164 3231 1241">
    <p class='ocr_par' dir='ltr' id='par_1_26' title="bbox 1702 1164 3231 1241">
     <span class='ocr_line' id='line_1_26' title="bbox 1702 1164 3231 1241; baseline -0.003 -23"><span class='ocrx_word' id='word_1_211' title='bbox 1702 1166 1926 1234; x_wconf 85' lang='lat' dir='ltr'><strong>pretaris</strong></span> <span class='ocrx_word' id='word_1_212' title='bbox 1953 1166 2134 1226; x_wconf 86' lang='lat' dir='ltr'><strong>virilis,</strong></span> <span class='ocrx_word' id='word_1_213' title='bbox 2166 1166 2408 1241; x_wconf 77' lang='lat' dir='ltr'><strong>quoniam</strong></span> <span class='ocrx_word' id='word_1_214' title='bbox 2440 1165 2659 1218; x_wconf 83' lang='lat' dir='ltr'><strong>viriliter</strong></span> <span class='ocrx_word' id='word_1_215' title='bbox 2691 1166 2900 1217; x_wconf 84' lang='lat' dir='ltr'><strong>eertasti</strong></span> <span class='ocrx_word' id='word_1_216' title='bbox 2921 1206 2934 1230; x_wconf 92' lang='lat'><strong>,</strong></span> <span class='ocrx_word' id='word_1_217' title='bbox 2959 1164 3231 1216; x_wconf 82' lang='lat' dir='ltr'><strong>considera</strong></span> 
     </span>
    </p>
   </div>
   <div class='ocr_carea' id='block_1_27' title="bbox 1701 1253 3229 1323">
    <p class='ocr_par' dir='ltr' id='par_1_27' title="bbox 1701 1253 3229 1323">
     <span class='ocr_line' id='line_1_27' title="bbox 1701 1253 3229 1323; baseline -0.002 -15"><span class='ocrx_word' id='word_1_218' title='bbox 1701 1259 1948 1323; x_wconf 77' lang='lat' dir='ltr'><strong>gemitum</strong></span> <span class='ocrx_word' id='word_1_219' title='bbox 1978 1256 2207 1308; x_wconf 88' lang='lat' dir='ltr'><strong>Africani</strong></span> <span class='ocrx_word' id='word_1_220' title='bbox 2240 1254 2441 1323; x_wconf 89' lang='lat' dir='ltr'><strong>populi,</strong></span> <span class='ocrx_word' id='word_1_221' title='bbox 2474 1265 2523 1307; x_wconf 93' lang='lat' dir='ltr'><strong>et</strong></span> <span class='ocrx_word' id='word_1_222' title='bbox 2554 1269 2657 1307; x_wconf 91' lang='lat' dir='ltr'><strong>non</strong></span> <span class='ocrx_word' id='word_1_223' title='bbox 2686 1254 2955 1321; x_wconf 81' lang='lat' dir='ltr'><strong>displiceat</strong></span> <span class='ocrx_word' id='word_1_224' title='bbox 2986 1255 3105 1317; x_wconf 85' lang='lat' dir='ltr'><strong>tibi,</strong></span> <span class='ocrx_word' id='word_1_225' title='bbox 3138 1253 3229 1305; x_wconf 86' lang='lat' dir='ltr'><strong>sed</strong></span> 
     </span>
    </p>
   </div>
   <div class='ocr_carea' id='block_1_28' title="bbox 1704 1342 3234 1410">
    <p class='ocr_par' dir='ltr' id='par_1_28' title="bbox 1704 1342 3234 1410">
     <span class='ocr_line' id='line_1_28' title="bbox 1704 1342 3234 1410; baseline -0.003 -13"><span class='ocrx_word' id='word_1_226' title='bbox 1704 1344 1955 1397; x_wconf 88' lang='lat' dir='ltr'><strong>interveni</strong></span> <span class='ocrx_word' id='word_1_227' title='bbox 1996 1360 2088 1410; x_wconf 74' lang='lat' dir='ltr'><strong>pro</strong></span> <span class='ocrx_word' id='word_1_228' title='bbox 2124 1344 2271 1405; x_wconf 86' lang='lat' dir='ltr'><strong>nobis</strong></span> <span class='ocrx_word' id='word_1_229' title='bbox 2312 1344 2375 1395; x_wconf 90' lang='lat' dir='ltr'><strong>ad</strong></span> <span class='ocrx_word' id='word_1_230' title='bbox 2413 1343 2595 1396; x_wconf 88' lang='lat' dir='ltr'><strong>Deum.</strong></span> <span class='ocrx_word' id='word_1_231' title='bbox 2636 1342 2975 1409; x_wconf 82' lang='lat' dir='ltr'><strong>Universique</strong></span> <span class='ocrx_word' id='word_1_232' title='bbox 3019 1343 3234 1409; x_wconf 84' lang='lat' dir='ltr'><strong>ingemi-</strong></span> 
     </span>
    </p>
   </div>
   <div class='ocr_carea' id='block_1_29' title="bbox 1705 1433 3239 1502">
    <p class='ocr_par' dir='ltr' id='par_1_29' title="bbox 1705 1433 3239 1502">
     <span class='ocr_line' id='line_1_29' title="bbox 1705 1433 3239 1502; baseline 0.001 -17"><span class='ocrx_word' id='word_1_233' title='bbox 1705 1435 1835 1487; x_wconf 77' lang='lat' dir='ltr'><strong>srite</strong></span> <span class='ocrx_word' id='word_1_234' title='bbox 1870 1434 2033 1486; x_wconf 88' lang='lat' dir='ltr'><strong>sancti</strong></span> <span class='ocrx_word' id='word_1_235' title='bbox 2063 1435 2216 1487; x_wconf 90' lang='lat' dir='ltr'><strong>simul</strong></span> <span class='ocrx_word' id='word_1_236' title='bbox 2250 1449 2342 1502; x_wconf 86' lang='lat' dir='ltr'><strong>pro</strong></span> <span class='ocrx_word' id='word_1_237' title='bbox 2372 1434 2522 1486; x_wconf 88' lang='lat' dir='ltr'><strong>nobis</strong></span> <span class='ocrx_word' id='word_1_238' title='bbox 2554 1442 2577 1469; x_wconf 77' lang='grc' dir='ltr'>ε</span> <span class='ocrx_word' id='word_1_239' title='bbox 2615 1435 2853 1500; x_wconf 86' lang='lat' dir='ltr'><strong>apostoli.</strong></span> <span class='ocrx_word' id='word_1_240' title='bbox 2914 1433 3017 1488; x_wconf 81' lang='lat' dir='ltr'><strong>Sed</strong></span> <span class='ocrx_word' id='word_1_241' title='bbox 3045 1436 3239 1486; x_wconf 89' lang='lat' dir='ltr'><strong>scimus</strong></span> 
     </span>
    </p>
   </div>
   <div class='ocr_carea' id='block_1_30' title="bbox 1706 1522 3239 1591">
    <p class='ocr_par' dir='ltr' id='par_1_30' title="bbox 1706 1522 3239 1591">
     <span class='ocr_line' id='line_1_30' title="bbox 1706 1522 3239 1591; baseline 0.003 -21"><span class='ocrx_word' id='word_1_242' title='bbox 1706 1522 1823 1590; x_wconf 84' lang='lat' dir='ltr'><strong>quia</strong></span> <span class='ocrx_word' id='word_1_243' title='bbox 1871 1523 2135 1591; x_wconf 87' lang='lat' dir='ltr'><strong>indignum</strong></span> <span class='ocrx_word' id='word_1_244' title='bbox 2176 1534 2257 1575; x_wconf 88' lang='lat' dir='ltr'><strong>est</strong></span> <span class='ocrx_word' id='word_1_245' title='bbox 2286 1523 2430 1575; x_wconf 88' lang='lat' dir='ltr'><strong>vobis</strong></span> <span class='ocrx_word' id='word_1_246' title='bbox 2474 1539 2567 1590; x_wconf 88' lang='lat' dir='ltr'><strong>pro</strong></span> <span class='ocrx_word' id='word_1_247' title='bbox 2610 1526 2757 1575; x_wconf 89' lang='lat' dir='ltr'><strong>nobis</strong></span> <span class='ocrx_word' id='word_1_248' title='bbox 2786 1539 2969 1585; x_wconf 82' lang='lat' dir='ltr'><strong>orare;</strong></span> <span class='ocrx_word' id='word_1_249' title='bbox 2996 1526 3111 1590; x_wconf 83' lang='lat' dir='ltr'><strong>quia</strong></span> <span class='ocrx_word' id='word_1_250' title='bbox 3146 1523 3239 1575; x_wconf 76' lang='lat' dir='ltr'><strong>ista</strong></span> 
     </span>
    </p>
   </div>
   <div class='ocr_carea' id='block_1_31' title="bbox 1708 1612 3242 1679">
    <p class='ocr_par' dir='ltr' id='par_1_31' title="bbox 1708 1612 3242 1679">
     <span class='ocr_line' id='line_1_31' title="bbox 1708 1612 3242 1679; baseline 0.001 -15"><span class='ocrx_word' id='word_1_251' title='bbox 1708 1628 1824 1679; x_wconf 71' lang='lat' dir='ltr'><strong>qua:</strong></span> <span class='ocrx_word' id='word_1_252' title='bbox 1845 1628 2007 1665; x_wconf 76' lang='lat' dir='ltr'><strong>evetie</strong></span> <span class='ocrx_word' id='word_1_253' title='bbox 2036 1625 2125 1665; x_wconf 89' lang='lat' dir='ltr'><strong>unt</strong></span> <span class='ocrx_word' id='word_1_254' title='bbox 2158 1613 2327 1672; x_wconf 81' lang='lat' dir='ltr'><strong>nobis,</strong></span> <span class='ocrx_word' id='word_1_255' title='bbox 2357 1629 2457 1665; x_wconf 86' lang='lat' dir='ltr'><strong>non</strong></span> <span class='ocrx_word' id='word_1_256' title='bbox 2481 1613 2543 1665; x_wconf 85' lang='lat' dir='ltr'><strong>ad</strong></span> <span class='ocrx_word' id='word_1_257' title='bbox 2577 1612 2957 1679; x_wconf 80' lang='lat' dir='ltr'><strong>probationem,</strong></span> <span class='ocrx_word' id='word_1_258' title='bbox 2982 1614 3242 1676; x_wconf 79' lang='lat' dir='ltr'><strong>quomodo</strong></span> 
     </span>
    </p>
   </div>
   <div class='ocr_carea' id='block_1_32' title="bbox 136 1696 3233 1773">
    <p class='ocr_par' dir='ltr' id='par_1_32' title="bbox 136 1696 3233 1773">
     <span class='ocr_line' id='line_1_32' title="bbox 136 1696 3233 1773; baseline -0.001 -16"><span class='ocrx_word' id='word_1_259' title='bbox 136 1725 213 1762; x_wconf 83' lang='lat' dir='ltr'><strong>non</strong></span> <span class='ocrx_word' id='word_1_260' title='bbox 239 1706 411 1760; x_wconf 81' lang='lat' dir='ltr'><strong>tantum</strong></span> <span class='ocrx_word' id='word_1_261' title='bbox 446 1709 495 1756; x_wconf 88' lang='lat' dir='ltr'><strong>in</strong></span> <span class='ocrx_word' id='word_1_262' title='bbox 532 1704 785 1770; x_wconf 77' lang='lat' dir='ltr'><strong>capitibus</strong></span> <span class='ocrx_word' id='word_1_263' title='bbox 815 1704 1045 1755; x_wconf 76' lang='lat' dir='ltr'><strong>omnium</strong></span> <span class='ocrx_word' id='word_1_264' title='bbox 1077 1704 1362 1768; x_wconf 77' lang='lat' dir='ltr'><strong>platearum</strong></span> <span class='ocrx_word' id='word_1_265' title='bbox 1394 1701 1601 1773; x_wconf 78' lang='lat' dir='ltr'><strong>(Thren.</strong></span> <span class='ocrx_word' id='word_1_266' title='bbox 1636 1696 1681 1755; x_wconf 83' lang='grc' dir='ltr'><strong><em>Β</em></strong></span> <span class='ocrx_word' id='word_1_267' title='bbox 1705 1706 1918 1767; x_wconf 81' lang='lat' dir='ltr'><strong>sanctis,</strong></span> <span class='ocrx_word' id='word_1_268' title='bbox 1947 1705 2034 1756; x_wconf 82' lang='lat' dir='ltr'><strong>scd</strong></span> <span class='ocrx_word' id='word_1_269' title='bbox 2067 1704 2214 1757; x_wconf 87' lang='lat' dir='ltr'><strong>malis</strong></span> <span class='ocrx_word' id='word_1_270' title='bbox 2245 1703 2444 1757; x_wconf 86' lang='lat' dir='ltr'><strong>meritis</strong></span> <span class='ocrx_word' id='word_1_271' title='bbox 2474 1703 2724 1769; x_wconf 87' lang='lat' dir='ltr'><strong>supplicia</strong></span> <span class='ocrx_word' id='word_1_272' title='bbox 2751 1702 3097 1755; x_wconf 80' lang='lat' dir='ltr'><strong>debebantur.</strong></span> <span class='ocrx_word' id='word_1_273' title='bbox 3130 1703 3233 1755; x_wconf 86' lang='lat' dir='ltr'><strong>Sed</strong></span> 
     </span>
    </p>
   </div>
   <div class='ocr_carea' id='block_1_33' title="bbox 138 1792 1615 1861">
    <p class='ocr_par' dir='ltr' id='par_1_33' title="bbox 138 1792 1615 1861">
     <span class='ocr_line' id='line_1_33' title="bbox 138 1792 1615 1861; baseline 0.001 -15"><span class='ocrx_word' id='word_1_274' title='bbox 138 1813 190 1861; x_wconf 80' lang='lat' dir='ltr'><strong>iv,</strong></span> <span class='ocrx_word' id='word_1_275' title='bbox 209 1798 267 1860; x_wconf 83' lang='lat' dir='ltr'><strong>t),</strong></span> <span class='ocrx_word' id='word_1_276' title='bbox 288 1794 370 1848; x_wconf 90' lang='lat' dir='ltr'><strong>scd</strong></span> <span class='ocrx_word' id='word_1_277' title='bbox 391 1792 541 1846; x_wconf 87' lang='lat' dir='ltr'><strong>etiam</strong></span> <span class='ocrx_word' id='word_1_278' title='bbox 566 1792 619 1844; x_wconf 92' lang='lat' dir='ltr'><strong>in</strong></span> <span class='ocrx_word' id='word_1_279' title='bbox 649 1792 775 1852; x_wconf 78' lang='lat' dir='ltr'><strong>locis</strong></span> <span class='ocrx_word' id='word_1_280' title='bbox 796 1792 1047 1859; x_wconf 82' lang='lat' dir='ltr'><strong>squalidis</strong></span> <span class='ocrx_word' id='word_1_281' title='bbox 1077 1793 1426 1846; x_wconf 85' lang='lat' dir='ltr'><strong>metallorum.</strong></span> <span class='ocrx_word' id='word_1_282' title='bbox 1450 1792 1615 1848; x_wconf 87' lang='lat' dir='ltr'><strong>Dicite</strong></span> 
     </span>
    </p>
   </div>
   <div class='ocr_carea' id='block_1_34' title="bbox 140 1882 1615 1950">
    <p class='ocr_par' dir='ltr' id='par_1_34' title="bbox 140 1882 1615 1950">
     <span class='ocr_line' id='line_1_34' title="bbox 140 1882 1615 1950; baseline -0.001 -12"><span class='ocrx_word' id='word_1_283' title='bbox 140 1887 221 1938; x_wconf 76' lang='lat' dir='ltr'><strong>Deo</strong></span> <span class='ocrx_word' id='word_1_284' title='bbox 241 1894 399 1937; x_wconf 81' lang='lat' dir='ltr'><strong>nostro</strong></span> <span class='ocrx_word' id='word_1_285' title='bbox 419 1884 702 1949; x_wconf 82' lang='lat' dir='ltr'><strong>siiseeptori</strong></span> <span class='ocrx_word' id='word_1_286' title='bbox 722 1882 855 1949; x_wconf 89' lang='lat' dir='ltr'><strong>ejus,</strong></span> <span class='ocrx_word' id='word_1_287' title='bbox 874 1882 1123 1936; x_wconf 62' lang='lat' dir='ltr'><strong>habentes</strong></span> <span class='ocrx_word' id='word_1_288' title='bbox 1149 1883 1385 1937; x_wconf 81' lang='lat' dir='ltr'><strong>ﬁduciam</strong></span> <span class='ocrx_word' id='word_1_289' title='bbox 1411 1883 1615 1950; x_wconf 88' lang='lat' dir='ltr'><strong>suppli-</strong></span> 
     </span>
    </p>
   </div>
   <div class='ocr_carea' id='block_1_35' title="bbox 136 1973 1615 2041">
    <p class='ocr_par' dir='ltr' id='par_1_35' title="bbox 136 1973 1615 2041">
     <span class='ocr_line' id='line_1_35' title="bbox 136 1973 1615 2041; baseline 0 -14"><span class='ocrx_word' id='word_1_290' title='bbox 136 1974 508 2041; x_wconf 75' lang='lat' dir='ltr'><strong>aindi,quoniani</strong></span> <span class='ocrx_word' id='word_1_291' title='bbox 537 1973 828 2035; x_wconf 90' lang='lat' dir='ltr'><strong>tribulatur,</strong></span> <span class='ocrx_word' id='word_1_292' title='bbox 849 1982 900 2025; x_wconf 89' lang='lat' dir='ltr'><strong>et</strong></span> <span class='ocrx_word' id='word_1_293' title='bbox 914 1981 1095 2025; x_wconf 79' lang='lat' dir='ltr'><strong>venter</strong></span> <span class='ocrx_word' id='word_1_294' title='bbox 1120 1974 1255 2025; x_wconf 92' lang='lat' dir='ltr'><strong>illius</strong></span> <span class='ocrx_word' id='word_1_295' title='bbox 1284 1976 1520 2027; x_wconf 87' lang='lat' dir='ltr'><strong>turbatus</strong></span> <span class='ocrx_word' id='word_1_296' title='bbox 1534 1984 1615 2027; x_wconf 88' lang='lat' dir='ltr'><strong>est</strong></span> 
     </span>
    </p>
   </div>
   <div class='ocr_carea' id='block_1_36' title="bbox 136 2060 1617 2132">
    <p class='ocr_par' dir='ltr' id='par_1_36' title="bbox 136 2060 1617 2132">
     <span class='ocr_line' id='line_1_36' title="bbox 136 2060 1617 2132; baseline 0.003 -17"><span class='ocrx_word' id='word_1_297' title='bbox 136 2064 270 2115; x_wconf 83' lang='lat' dir='ltr'><strong>alieni</strong></span> <span class='ocrx_word' id='word_1_298' title='bbox 298 2060 624 2132; x_wconf 77' lang='lat' dir='ltr'><strong>ejns(Tfiren.</strong></span> <span class='ocrx_word' id='word_1_299' title='bbox 659 2078 695 2124; x_wconf 91' lang='lat' dir='ltr'><strong>t,</strong></span> <span class='ocrx_word' id='word_1_300' title='bbox 721 2061 843 2131; x_wconf 71' lang='lat'><strong>20);</strong></span> <span class='ocrx_word' id='word_1_301' title='bbox 874 2066 994 2131; x_wconf 86' lang='lat' dir='ltr'><strong>quia</strong></span> <span class='ocrx_word' id='word_1_302' title='bbox 1023 2063 1155 2117; x_wconf 87' lang='lat' dir='ltr'><strong>sedit</strong></span> <span class='ocrx_word' id='word_1_303' title='bbox 1183 2066 1313 2117; x_wconf 89' lang='lat' dir='ltr'><strong>inter</strong></span> <span class='ocrx_word' id='word_1_304' title='bbox 1337 2076 1536 2130; x_wconf 78' lang='lat' dir='ltr'><strong>gentes.</strong></span> <span class='ocrx_word' id='word_1_305' title='bbox 1565 2074 1617 2119; x_wconf 88' lang='lat' dir='ltr'><strong>et</strong></span> 
     </span>
    </p>
   </div>
   <div class='ocr_carea' id='block_1_37' title="bbox 136 2151 1614 2222">
    <p class='ocr_par' dir='ltr' id='par_1_37' title="bbox 136 2151 1614 2222">
     <span class='ocr_line' id='line_1_37' title="bbox 136 2151 1614 2222; baseline 0.003 -17"><span class='ocrx_word' id='word_1_306' title='bbox 136 2156 322 2219; x_wconf 70' lang='lat' dir='ltr'><strong>riquietn</strong></span> <span class='ocrx_word' id='word_1_307' title='bbox 335 2168 429 2204; x_wconf 87' lang='lat' dir='ltr'><strong>non</strong></span> <span class='ocrx_word' id='word_1_308' title='bbox 443 2151 660 2213; x_wconf 87' lang='lat' dir='ltr'><strong>invenit,</strong></span> <span class='ocrx_word' id='word_1_309' title='bbox 680 2166 774 2205; x_wconf 90' lang='lat' dir='ltr'><strong>nec</strong></span> <span class='ocrx_word' id='word_1_310' title='bbox 788 2152 962 2221; x_wconf 88' lang='lat' dir='ltr'><strong>estqui</strong></span> <span class='ocrx_word' id='word_1_311' title='bbox 977 2154 1273 2205; x_wconf 84' lang='lat' dir='ltr'><strong>consoletur</strong></span> <span class='ocrx_word' id='word_1_312' title='bbox 1287 2153 1614 2222; x_wconf 78' lang='lat' dir='ltr'><strong>eani(Tltren.</strong></span> 
     </span>
    </p>
   </div>
   <div class='ocr_carea' id='block_1_38' title="bbox 139 2240 1618 2308">
    <p class='ocr_par' dir='ltr' id='par_1_38' title="bbox 139 2240 1618 2308">
     <span class='ocr_line' id='line_1_38' title="bbox 139 2240 1618 2308; baseline 0.002 -16"><span class='ocrx_word' id='word_1_313' title='bbox 139 2244 225 2303; x_wconf 56' lang='grc' dir='ltr'><strong>ιλ.</strong></span> <span class='ocrx_word' id='word_1_314' title='bbox 244 2242 307 2307; x_wconf 81' lang='grc'><strong>5).</strong></span> <span class='ocrx_word' id='word_1_315' title='bbox 337 2242 578 2306; x_wconf 73' lang='lat' dir='ltr'><strong>Qumsivit</strong></span> <span class='ocrx_word' id='word_1_316' title='bbox 599 2257 628 2293; x_wconf 87' lang='lat' dir='ltr'><strong>a</strong></span> <span class='ocrx_word' id='word_1_317' title='bbox 649 2240 673 2277; x_wconf 71' lang='grc' dir='ltr'>δ</span> <span class='ocrx_word' id='word_1_318' title='bbox 697 2241 931 2294; x_wconf 85' lang='lat' dir='ltr'><strong>Patribus</strong></span> <span class='ocrx_word' id='word_1_319' title='bbox 952 2242 1177 2295; x_wconf 79' lang='lat' dir='ltr'><strong>Orientis</strong></span> <span class='ocrx_word' id='word_1_320' title='bbox 1207 2244 1291 2308; x_wconf 87' lang='lat' dir='ltr'><strong>qui</strong></span> <span class='ocrx_word' id='word_1_321' title='bbox 1321 2242 1471 2295; x_wconf 88' lang='lat' dir='ltr'><strong>simul</strong></span> <span class='ocrx_word' id='word_1_322' title='bbox 1492 2257 1618 2295; x_wconf 85' lang='lat' dir='ltr'><strong>con-</strong></span> 
     </span>
    </p>
   </div>
   <div class='ocr_carea' id='block_1_39' title="bbox 139 2318 1675 2394">
    <p class='ocr_par' dir='ltr' id='par_1_39' title="bbox 139 2318 1675 2394">
     <span class='ocr_line' id='line_1_39' title="bbox 139 2318 1675 2394; baseline 0.001 -13"><span class='ocrx_word' id='word_1_323' title='bbox 139 2341 397 2393; x_wconf 67' lang='lat' dir='ltr'><strong>tratatetur,</strong></span> <span class='ocrx_word' id='word_1_324' title='bbox 420 2340 472 2384; x_wconf 89' lang='lat' dir='ltr'><strong>et</strong></span> <span class='ocrx_word' id='word_1_325' title='bbox 500 2345 601 2383; x_wconf 89' lang='lat' dir='ltr'><strong>non</strong></span> <span class='ocrx_word' id='word_1_326' title='bbox 630 2318 1144 2394; x_wconf 86' lang='lat' dir='ltr'><strong>fuit;consolantetii,</strong></span> <span class='ocrx_word' id='word_1_327' title='bbox 1165 2336 1217 2383; x_wconf 88' lang='lat' dir='ltr'><strong>et</strong></span> <span class='ocrx_word' id='word_1_328' title='bbox 1242 2347 1344 2383; x_wconf 84' lang='lat' dir='ltr'><strong>non</strong></span> <span class='ocrx_word' id='word_1_329' title='bbox 1375 2332 1573 2384; x_wconf 83' lang='lat' dir='ltr'><strong>invenit</strong></span> <span class='ocrx_word' id='word_1_330' title='bbox 1600 2346 1615 2383; x_wconf 89' lang='lat'><strong>:</strong></span> <span class='ocrx_word' id='word_1_331' title='bbox 1663 2318 1675 2331; x_wconf 61' lang='grc'><em>’</em></span> 
     </span>
    </p>
   </div>
   <div class='ocr_carea' id='block_1_40' title="bbox 134 2420 1619 2489">
    <p class='ocr_par' dir='ltr' id='par_1_40' title="bbox 134 2420 1619 2489">
     <span class='ocr_line' id='line_1_40' title="bbox 134 2420 1619 2489; baseline 0.005 -20"><span class='ocrx_word' id='word_1_332' title='bbox 134 2424 230 2472; x_wconf 84' lang='lat' dir='ltr'><strong>dum</strong></span> <span class='ocrx_word' id='word_1_333' title='bbox 251 2422 561 2474; x_wconf 84' lang='lat' dir='ltr'><strong>manducatet</strong></span> <span class='ocrx_word' id='word_1_334' title='bbox 581 2422 631 2474; x_wconf 84' lang='lat' dir='ltr'><strong>iii</strong></span> <span class='ocrx_word' id='word_1_335' title='bbox 650 2437 764 2474; x_wconf 84' lang='lat' dir='ltr'><strong>esca</strong></span> <span class='ocrx_word' id='word_1_336' title='bbox 789 2435 879 2473; x_wconf 90' lang='lat' dir='ltr'><strong>sua</strong></span> <span class='ocrx_word' id='word_1_337' title='bbox 899 2420 984 2487; x_wconf 90' lang='lat' dir='ltr'><strong>fel,</strong></span> <span class='ocrx_word' id='word_1_338' title='bbox 1004 2431 1058 2473; x_wconf 83' lang='lat' dir='ltr'><strong>et</strong></span> <span class='ocrx_word' id='word_1_339' title='bbox 1078 2422 1126 2473; x_wconf 93' lang='lat' dir='ltr'><strong>in</strong></span> <span class='ocrx_word' id='word_1_340' title='bbox 1145 2421 1228 2475; x_wconf 92' lang='lat' dir='ltr'><strong>siti</strong></span> <span class='ocrx_word' id='word_1_341' title='bbox 1244 2437 1335 2474; x_wconf 89' lang='lat' dir='ltr'><strong>sua</strong></span> <span class='ocrx_word' id='word_1_342' title='bbox 1356 2432 1619 2489; x_wconf 79' lang='lat' dir='ltr'><strong>polat‘etttl&#39;</strong></span> 
     </span>
    </p>
   </div>
   <div class='ocr_carea' id='block_1_41' title="bbox 133 2512 1614 2581">
    <p class='ocr_par' dir='ltr' id='par_1_41' title="bbox 133 2512 1614 2581">
     <span class='ocr_line' id='line_1_41' title="bbox 133 2512 1614 2581; baseline 0.001 -18"><span class='ocrx_word' id='word_1_343' title='bbox 133 2521 250 2566; x_wconf 71' lang='lat' dir='ltr'><strong>aceto</strong></span> <span class='ocrx_word' id='word_1_344' title='bbox 276 2513 378 2576; x_wconf 80' lang='lat' dir='ltr'><strong>(Ps.</strong></span> <span class='ocrx_word' id='word_1_345' title='bbox 410 2527 548 2569; x_wconf 78' lang='lat' dir='ltr'><strong>Lvtit.</strong></span> <span class='ocrx_word' id='word_1_346' title='bbox 579 2512 670 2575; x_wconf 76' lang='lat'><strong>2|,</strong></span> <span class='ocrx_word' id='word_1_347' title='bbox 705 2512 819 2578; x_wconf 61' lang='grc' dir='ltr'><strong>Ἠ),</strong></span> <span class='ocrx_word' id='word_1_348' title='bbox 859 2514 1032 2579; x_wconf 85' lang='lat' dir='ltr'><strong>spoosi</strong></span> <span class='ocrx_word' id='word_1_349' title='bbox 1060 2522 1113 2565; x_wconf 88' lang='lat' dir='ltr'><strong>et</strong></span> <span class='ocrx_word' id='word_1_350' title='bbox 1146 2514 1347 2566; x_wconf 88' lang='lat' dir='ltr'><strong>Domitii</strong></span> <span class='ocrx_word' id='word_1_351' title='bbox 1391 2516 1471 2567; x_wconf 90' lang='lat' dir='ltr'><strong>sui</strong></span> <span class='ocrx_word' id='word_1_352' title='bbox 1504 2532 1614 2581; x_wconf 80' lang='lat' dir='ltr'><strong>pas-</strong></span> 
     </span>
    </p>
   </div>
   <div class='ocr_carea' id='block_1_42' title="bbox 136 2601 1619 2671">
    <p class='ocr_par' dir='ltr' id='par_1_42' title="bbox 136 2601 1619 2671">
     <span class='ocr_line' id='line_1_42' title="bbox 136 2601 1619 2671; baseline 0.005 -21"><span class='ocrx_word' id='word_1_353' title='bbox 136 2602 276 2653; x_wconf 68' lang='lat' dir='ltr'><strong>siones</strong></span> <span class='ocrx_word' id='word_1_354' title='bbox 310 2601 571 2662; x_wconf 85' lang='lat' dir='ltr'><strong>imitando,</strong></span> <span class='ocrx_word' id='word_1_355' title='bbox 604 2603 690 2667; x_wconf 87' lang='lat' dir='ltr'><strong>qui</strong></span> <span class='ocrx_word' id='word_1_356' title='bbox 736 2602 926 2653; x_wconf 89' lang='lat' dir='ltr'><strong>idcirco</strong></span> <span class='ocrx_word' id='word_1_357' title='bbox 968 2617 1151 2668; x_wconf 84' lang='lat' dir='ltr'><strong>passus</strong></span> <span class='ocrx_word' id='word_1_358' title='bbox 1188 2610 1269 2657; x_wconf 89' lang='lat' dir='ltr'><strong>est</strong></span> <span class='ocrx_word' id='word_1_359' title='bbox 1310 2619 1404 2671; x_wconf 86' lang='lat' dir='ltr'><strong>pro</strong></span> <span class='ocrx_word' id='word_1_360' title='bbox 1433 2620 1522 2668; x_wconf 87' lang='lat' dir='ltr'><strong>ea,</strong></span> <span class='ocrx_word' id='word_1_361' title='bbox 1567 2616 1619 2657; x_wconf 92' lang='lat' dir='ltr'><strong>ut</strong></span> 
     </span>
    </p>
   </div>
   <div class='ocr_carea' id='block_1_43' title="bbox 132 2674 1158 2760">
    <p class='ocr_par' dir='ltr' id='par_1_43' title="bbox 132 2674 1158 2760">
     <span class='ocr_line' id='line_1_43' title="bbox 132 2674 1158 2760; baseline 0.003 -19"><span class='ocrx_word' id='word_1_362' title='bbox 132 2698 331 2753; x_wconf 42' lang='lat' dir='ltr'><strong>scrutatur</strong></span> <span class='ocrx_word' id='word_1_363' title='bbox 363 2674 573 2759; x_wconf 75' lang='lat' dir='ltr'><strong>vestigia</strong></span> <span class='ocrx_word' id='word_1_364' title='bbox 602 2690 715 2757; x_wconf 90' lang='lat' dir='ltr'><strong>ejus</strong></span> <span class='ocrx_word' id='word_1_365' title='bbox 743 2691 796 2758; x_wconf 84' lang='grc'><strong>(1</strong></span> <span class='ocrx_word' id='word_1_366' title='bbox 826 2689 937 2744; x_wconf 86' lang='lat' dir='ltr'><strong>Pet.</strong></span> <span class='ocrx_word' id='word_1_367' title='bbox 968 2707 1025 2755; x_wconf 90' lang='lat' dir='ltr'><strong>tt,</strong></span> <span class='ocrx_word' id='word_1_368' title='bbox 1046 2692 1158 2760; x_wconf 71' lang='grc'><strong>21).</strong></span> 
     </span>
    </p>
   </div>
   <div class='ocr_carea' id='block_1_44' title="bbox 189 2776 1618 2849">
    <p class='ocr_par' dir='ltr' id='par_1_44' title="bbox 189 2776 1618 2849">
     <span class='ocr_line' id='line_1_44' title="bbox 189 2776 1618 2849; baseline 0.005 -20"><span class='ocrx_word' id='word_1_369' title='bbox 189 2776 280 2829; x_wconf 76' lang='lat' dir='ltr'><strong>XX.</strong></span> <span class='ocrx_word' id='word_1_370' title='bbox 306 2779 484 2831; x_wconf 76' lang='lat' dir='ltr'><strong>Auctor</strong></span> <span class='ocrx_word' id='word_1_371' title='bbox 509 2788 709 2832; x_wconf 79' lang='lat' dir='ltr'><strong>sanctos</strong></span> <span class='ocrx_word' id='word_1_372' title='bbox 740 2779 956 2834; x_wconf 83' lang='lat' dir='ltr'><strong>invocat.</strong></span> <span class='ocrx_word' id='word_1_373' title='bbox 988 2810 1057 2820; x_wconf 92' lang='lat'><strong>—</strong></span> <span class='ocrx_word' id='word_1_374' title='bbox 1084 2781 1466 2849; x_wconf 87' lang='lat' dir='ltr'><strong>Deprecamini,</strong></span> <span class='ocrx_word' id='word_1_375' title='bbox 1495 2800 1618 2836; x_wconf 89' lang='lat' dir='ltr'><strong>san-</strong></span> 
     </span>
    </p>
   </div>
   <div class='ocr_carea' id='block_1_45' title="bbox 129 2866 1618 2941">
    <p class='ocr_par' dir='ltr' id='par_1_45' title="bbox 129 2866 1618 2941">
     <span class='ocr_line' id='line_1_45' title="bbox 129 2866 1618 2941; baseline 0.007 -24"><span class='ocrx_word' id='word_1_376' title='bbox 129 2866 305 2919; x_wconf 81' lang='lat' dir='ltr'><strong>ctissimi</strong></span> <span class='ocrx_word' id='word_1_377' title='bbox 341 2867 669 2935; x_wconf 64' lang='lat' dir='ltr'><strong>patriarchas,</strong></span> <span class='ocrx_word' id='word_1_378' title='bbox 705 2868 771 2921; x_wconf 88' lang='lat' dir='ltr'><strong>de</strong></span> <span class='ocrx_word' id='word_1_379' title='bbox 812 2884 1031 2937; x_wconf 89' lang='lat' dir='ltr'><strong>quorum</strong></span> <span class='ocrx_word' id='word_1_380' title='bbox 1067 2871 1229 2938; x_wconf 89' lang='lat' dir='ltr'><strong>stirpe</strong></span> <span class='ocrx_word' id='word_1_381' title='bbox 1268 2874 1473 2941; x_wconf 86' lang='lat' dir='ltr'><strong>generis</strong></span> <span class='ocrx_word' id='word_1_382' title='bbox 1502 2886 1618 2927; x_wconf 86' lang='lat' dir='ltr'><strong>nata</strong></span> 
     </span>
    </p>
   </div>
   <div class='ocr_carea' id='block_1_46' title="bbox 130 2958 1613 3030">
    <p class='ocr_par' dir='ltr' id='par_1_46' title="bbox 130 2958 1613 3030">
     <span class='ocr_line' id='line_1_46' title="bbox 130 2958 1613 3030; baseline 0.004 -23"><span class='ocrx_word' id='word_1_383' title='bbox 130 2968 195 3009; x_wconf 75' lang='lat' dir='ltr'><strong>ist</strong></span> <span class='ocrx_word' id='word_1_384' title='bbox 221 2973 316 3025; x_wconf 60' lang='lat' dir='ltr'><strong>qua!</strong></span> <span class='ocrx_word' id='word_1_385' title='bbox 342 2973 473 3011; x_wconf 87' lang='lat' dir='ltr'><strong>nunc</strong></span> <span class='ocrx_word' id='word_1_386' title='bbox 515 2958 720 3011; x_wconf 89' lang='lat' dir='ltr'><strong>laborat</strong></span> <span class='ocrx_word' id='word_1_387' title='bbox 767 2958 817 3010; x_wconf 91' lang='lat' dir='ltr'><strong>in</strong></span> <span class='ocrx_word' id='word_1_388' title='bbox 853 2962 1026 3012; x_wconf 89' lang='lat' dir='ltr'><strong>terris.</strong></span> <span class='ocrx_word' id='word_1_389' title='bbox 1063 2960 1243 3026; x_wconf 83' lang='lat' dir='ltr'><strong>Orate,</strong></span> <span class='ocrx_word' id='word_1_390' title='bbox 1287 2963 1452 3015; x_wconf 86' lang='lat' dir='ltr'><strong>sancti</strong></span> <span class='ocrx_word' id='word_1_391' title='bbox 1495 2978 1613 3030; x_wconf 86' lang='lat' dir='ltr'><strong>pro-</strong></span> 
     </span>
    </p>
   </div>
   <div class='ocr_carea' id='block_1_47' title="bbox 130 3045 1616 3114">
    <p class='ocr_par' dir='ltr' id='par_1_47' title="bbox 130 3045 1616 3114">
     <span class='ocr_line' id='line_1_47' title="bbox 130 3045 1616 3114; baseline 0.004 -18"><span class='ocrx_word' id='word_1_392' title='bbox 130 3046 287 3107; x_wconf 61' lang='lat' dir='ltr'><strong>pheta,</strong></span> <span class='ocrx_word' id='word_1_393' title='bbox 303 3056 668 3113; x_wconf 81' lang='lat' dir='ltr'><strong>cognoscentes</strong></span> <span class='ocrx_word' id='word_1_394' title='bbox 688 3045 929 3098; x_wconf 83' lang='lat' dir='ltr'><strong>afflictam</strong></span> <span class='ocrx_word' id='word_1_395' title='bbox 954 3061 1104 3114; x_wconf 85' lang='lat' dir='ltr'><strong>quam</strong></span> <span class='ocrx_word' id='word_1_396' title='bbox 1126 3058 1277 3101; x_wconf 88' lang='lat' dir='ltr'><strong>antea</strong></span> <span class='ocrx_word' id='word_1_397' title='bbox 1303 3049 1616 3102; x_wconf 66' lang='lat' dir='ltr'><strong>vatiiinante</strong></span> 
     </span>
    </p>
   </div>
   <div class='ocr_carea' id='block_1_48' title="bbox 130 3136 1616 3203">
    <p class='ocr_par' dir='ltr' id='par_1_48' title="bbox 130 3136 1616 3203">
     <span class='ocr_line' id='line_1_48' title="bbox 130 3136 1616 3203; baseline 0.003 -14"><span class='ocrx_word' id='word_1_398' title='bbox 130 3137 345 3201; x_wconf 62' lang='lat' dir='ltr'><strong>praeconio</strong></span> <span class='ocrx_word' id='word_1_399' title='bbox 386 3137 671 3190; x_wconf 80' lang='lat' dir='ltr'><strong>cecinistis.</strong></span> <span class='ocrx_word' id='word_1_400' title='bbox 706 3136 915 3201; x_wconf 81' lang='lat' dir='ltr'><strong>Estote,</strong></span> <span class='ocrx_word' id='word_1_401' title='bbox 956 3138 1199 3203; x_wconf 86' lang='lat' dir='ltr'><strong>apostoli,</strong></span> <span class='ocrx_word' id='word_1_402' title='bbox 1251 3140 1616 3203; x_wconf 68' lang='lat' dir='ltr'><strong>suifragatores</strong></span> 
     </span>
    </p>
   </div>
   <div class='ocr_carea' id='block_1_49' title="bbox 128 3224 1615 3295">
    <p class='ocr_par' dir='ltr' id='par_1_49' title="bbox 128 3224 1615 3295">
     <span class='ocr_line' id='line_1_49' title="bbox 128 3224 1615 3295; baseline 0.004 -22"><span class='ocrx_word' id='word_1_403' title='bbox 128 3224 220 3290; x_wconf 73' lang='lat' dir='ltr'><strong>ejus</strong></span> <span class='ocrx_word' id='word_1_404' title='bbox 242 3239 378 3293; x_wconf 84' lang='lat' dir='ltr'><strong>quam</strong></span> <span class='ocrx_word' id='word_1_405' title='bbox 424 3225 877 3295; x_wconf 83' lang='lat' dir='ltr'><strong>utaggregaretis,</strong></span> <span class='ocrx_word' id='word_1_406' title='bbox 922 3226 1224 3279; x_wconf 88' lang='lat' dir='ltr'><strong>universum</strong></span> <span class='ocrx_word' id='word_1_407' title='bbox 1268 3226 1481 3292; x_wconf 88' lang='lat' dir='ltr'><strong>orbem,</strong></span> <span class='ocrx_word' id='word_1_408' title='bbox 1533 3243 1615 3279; x_wconf 89' lang='lat' dir='ltr'><strong>as-</strong></span> 
     </span>
    </p>
   </div>
   <div class='ocr_carea' id='block_1_50' title="bbox 179 3354 1611 3425">
    <p class='ocr_par' dir='ltr' id='par_1_50' title="bbox 179 3354 1611 3425">
     <span class='ocr_line' id='line_1_50' title="bbox 179 3354 1611 3425; baseline -0.001 -18"><span class='ocrx_word' id='word_1_409' title='bbox 179 3355 271 3425; x_wconf 69' lang='lat'><strong>89</strong></span> <span class='ocrx_word' id='word_1_410' title='bbox 286 3364 309 3390; x_wconf 78' lang='grc' dir='ltr'><strong>ι</strong></span> <span class='ocrx_word' id='word_1_411' title='bbox 325 3356 408 3408; x_wconf 89' lang='lat' dir='ltr'><strong>llis</strong></span> <span class='ocrx_word' id='word_1_412' title='bbox 419 3355 591 3409; x_wconf 85' lang='lat' dir='ltr'><strong>verbis</strong></span> <span class='ocrx_word' id='word_1_413' title='bbox 604 3354 781 3425; x_wconf 66' lang='lat' dir='ltr'><strong>Victor</strong></span> <span class='ocrx_word' id='word_1_414' title='bbox 806 3354 1077 3425; x_wconf 83' lang='lat' dir='ltr'><strong>episcopos</strong></span> <span class='ocrx_word' id='word_1_415' title='bbox 1096 3363 1146 3406; x_wconf 91' lang='lat' dir='ltr'><strong>et</strong></span> <span class='ocrx_word' id='word_1_416' title='bbox 1170 3355 1519 3423; x_wconf 66' lang='lat' dir='ltr'><strong>presbyteros,</strong></span> <span class='ocrx_word' id='word_1_417' title='bbox 1540 3357 1611 3408; x_wconf 89' lang='lat' dir='ltr'><strong>uti</strong></span> 
     </span>
    </p>
   </div>
   <div class='ocr_carea' id='block_1_51' title="bbox 128 3424 1611 3491">
    <p class='ocr_par' dir='ltr' id='par_1_51' title="bbox 128 3424 1611 3491">
     <span class='ocr_line' id='line_1_51' title="bbox 128 3424 1611 3491; baseline 0.003 -18"><span class='ocrx_word' id='word_1_418' title='bbox 128 3424 314 3482; x_wconf 80' lang='lat' dir='ltr'><strong>videtur,</strong></span> <span class='ocrx_word' id='word_1_419' title='bbox 337 3425 587 3491; x_wconf 71' lang='lat' dir='ltr'><strong>designat.</strong></span> <span class='ocrx_word' id='word_1_420' title='bbox 610 3424 907 3477; x_wconf 77' lang='lat' dir='ltr'><strong>Sacerdotis</strong></span> <span class='ocrx_word' id='word_1_421' title='bbox 930 3436 1116 3475; x_wconf 85' lang='lat' dir='ltr'><strong>nomen</strong></span> <span class='ocrx_word' id='word_1_422' title='bbox 1144 3425 1463 3488; x_wconf 73' lang='lat' dir='ltr'><strong>frequentius</strong></span> <span class='ocrx_word' id='word_1_423' title='bbox 1492 3427 1611 3477; x_wconf 88' lang='lat' dir='ltr'><strong>oliui</strong></span> 
     </span>
    </p>
   </div>
   <div class='ocr_carea' id='block_1_52' title="bbox 129 3491 1615 3561">
    <p class='ocr_par' dir='ltr' id='par_1_52' title="bbox 129 3491 1615 3561">
     <span class='ocr_line' id='line_1_52' title="bbox 129 3491 1615 3561; baseline 0.002 -19"><span class='ocrx_word' id='word_1_424' title='bbox 129 3491 345 3561; x_wconf 55' lang='lat' dir='ltr'><strong>episcopis</strong></span> <span class='ocrx_word' id='word_1_425' title='bbox 370 3509 519 3558; x_wconf 88' lang='lat' dir='ltr'><strong>quam</strong></span> <span class='ocrx_word' id='word_1_426' title='bbox 550 3494 870 3561; x_wconf 70' lang='lat' dir='ltr'><strong>pte~liytcris</strong></span> <span class='ocrx_word' id='word_1_427' title='bbox 895 3493 1237 3553; x_wconf 86' lang='lat' dir='ltr'><strong>tribuebatur,</strong></span> <span class='ocrx_word' id='word_1_428' title='bbox 1265 3504 1319 3544; x_wconf 91' lang='lat' dir='ltr'><strong>ut</strong></span> <span class='ocrx_word' id='word_1_429' title='bbox 1341 3496 1515 3547; x_wconf 86' lang='lat' dir='ltr'><strong>videre</strong></span> <span class='ocrx_word' id='word_1_430' title='bbox 1538 3505 1615 3546; x_wconf 84' lang='lat' dir='ltr'><strong>est</strong></span> 
     </span>
    </p>
   </div>
   <div class='ocr_carea' id='block_1_53' title="bbox 131 3556 1616 3629">
    <p class='ocr_par' dir='ltr' id='par_1_53' title="bbox 131 3556 1616 3629">
     <span class='ocr_line' id='line_1_53' title="bbox 131 3556 1616 3629; baseline 0.004 -20"><span class='ocrx_word' id='word_1_431' title='bbox 131 3556 171 3609; x_wconf 92' lang='lat' dir='ltr'><strong>in</strong></span> <span class='ocrx_word' id='word_1_432' title='bbox 194 3556 431 3629; x_wconf 71' lang='lat' dir='ltr'><strong>Glossario</strong></span> <span class='ocrx_word' id='word_1_433' title='bbox 451 3556 736 3627; x_wconf 55' lang='lat' dir='ltr'><strong>llangiaiio&#39;,</strong></span> <span class='ocrx_word' id='word_1_434' title='bbox 764 3572 812 3613; x_wconf 92' lang='lat' dir='ltr'><strong>et</strong></span> <span class='ocrx_word' id='word_1_435' title='bbox 842 3562 1031 3629; x_wconf 72' lang='lat' dir='ltr'><strong>passim</strong></span> <span class='ocrx_word' id='word_1_436' title='bbox 1052 3565 1185 3627; x_wconf 87' lang='lat' dir='ltr'><strong>apud</strong></span> <span class='ocrx_word' id='word_1_437' title='bbox 1218 3572 1455 3615; x_wconf 74' lang='lat' dir='ltr'><strong>auctores</strong></span> <span class='ocrx_word' id='word_1_438' title='bbox 1484 3566 1616 3615; x_wconf 84' lang='lat' dir='ltr'><strong>anti-</strong></span> 
     </span>
    </p>
   </div>
   <div class='ocr_carea' id='block_1_54' title="bbox 129 3628 1613 3697">
    <p class='ocr_par' dir='ltr' id='par_1_54' title="bbox 129 3628 1613 3697">
     <span class='ocr_line' id='line_1_54' title="bbox 129 3628 1613 3697; baseline 0.003 -18"><span class='ocrx_word' id='word_1_439' title='bbox 129 3640 252 3692; x_wconf 82' lang='lat' dir='ltr'><strong>quos.</strong></span> <span class='ocrx_word' id='word_1_440' title='bbox 279 3628 357 3681; x_wconf 85' lang='lat' dir='ltr'><strong>Sic</strong></span> <span class='ocrx_word' id='word_1_441' title='bbox 378 3636 557 3683; x_wconf 82' lang='lat' dir='ltr'><strong>auctor</strong></span> <span class='ocrx_word' id='word_1_442' title='bbox 586 3629 716 3682; x_wconf 80' lang='lat' dir='ltr'><strong>Viue</strong></span> <span class='ocrx_word' id='word_1_443' title='bbox 741 3628 906 3682; x_wconf 89' lang='lat' dir='ltr'><strong>sancti</strong></span> <span class='ocrx_word' id='word_1_444' title='bbox 937 3629 1191 3697; x_wconf 81' lang='lat' dir='ltr'><strong>Fulgentii</strong></span> <span class='ocrx_word' id='word_1_445' title='bbox 1215 3641 1450 3684; x_wconf 86' lang='lat' dir='ltr'><strong>sanctum</strong></span> <span class='ocrx_word' id='word_1_446' title='bbox 1477 3632 1613 3683; x_wconf 63' lang='lat' dir='ltr'><strong>ltuoc</strong></span> 
     </span>
    </p>
   </div>
   <div class='ocr_carea' id='block_1_55' title="bbox 128 3696 1616 3766">
    <p class='ocr_par' dir='ltr' id='par_1_55' title="bbox 128 3696 1616 3766">
     <span class='ocr_line' id='line_1_55' title="bbox 128 3696 1616 3766; baseline 0.005 -21"><span class='ocrx_word' id='word_1_447' title='bbox 128 3696 263 3766; x_wconf 74' lang='lat' dir='ltr'><strong>viratu</strong></span> <span class='ocrx_word' id='word_1_448' title='bbox 292 3714 317 3747; x_wconf 89' lang='lat' dir='ltr'><strong>:i</strong></span> <span class='ocrx_word' id='word_1_449' title='bbox 343 3697 527 3751; x_wconf 73' lang='lat' dir='ltr'><strong>Fausto</strong></span> <span class='ocrx_word' id='word_1_450' title='bbox 557 3702 805 3765; x_wconf 85' lang='lat' dir='ltr'><strong>episc0po</strong></span> <span class='ocrx_word' id='word_1_451' title='bbox 832 3696 1192 3766; x_wconf 79' lang='lat' dir='ltr'><strong>presbyterum</strong></span> <span class='ocrx_word' id='word_1_452' title='bbox 1223 3701 1382 3752; x_wconf 88' lang='lat' dir='ltr'><strong>fuisse</strong></span> <span class='ocrx_word' id='word_1_453' title='bbox 1407 3702 1616 3753; x_wconf 77' lang='lat' dir='ltr'><strong>ordina-</strong></span> 
     </span>
    </p>
   </div>
   <div class='ocr_carea' id='block_1_56' title="bbox 126 3765 1616 3836">
    <p class='ocr_par' dir='ltr' id='par_1_56' title="bbox 126 3765 1616 3836">
     <span class='ocr_line' id='line_1_56' title="bbox 126 3765 1616 3836; baseline 0.003 -24"><span class='ocrx_word' id='word_1_454' title='bbox 126 3772 214 3817; x_wconf 84' lang='lat' dir='ltr'><strong>tum</strong></span> <span class='ocrx_word' id='word_1_455' title='bbox 242 3765 318 3817; x_wconf 82' lang='lat' dir='ltr'><strong>liis</strong></span> <span class='ocrx_word' id='word_1_456' title='bbox 336 3766 500 3819; x_wconf 84' lang='lat' dir='ltr'><strong>verbis</strong></span> <span class='ocrx_word' id='word_1_457' title='bbox 526 3768 770 3836; x_wconf 78' lang='lat' dir='ltr'><strong>exprimit</strong></span> <span class='ocrx_word' id='word_1_458' title='bbox 805 3765 841 3820; x_wconf 12' lang='lat'><strong>:7</strong></span> <span class='ocrx_word' id='word_1_459' title='bbox 864 3767 1080 3832; x_wconf 73' lang='lat' dir='ltr'><strong>Repente</strong></span> <span class='ocrx_word' id='word_1_460' title='bbox 1106 3785 1215 3819; x_wconf 84' lang='lat' dir='ltr'><strong>cum</strong></span> <span class='ocrx_word' id='word_1_461' title='bbox 1241 3771 1470 3820; x_wconf 81' lang='lat' dir='ltr'><strong>sacerdos</strong></span> <span class='ocrx_word' id='word_1_462' title='bbox 1500 3786 1616 3820; x_wconf 75' lang='lat' dir='ltr'><strong>con-</strong></span> 
     </span>
    </p>
   </div>
   <div class='ocr_carea' id='block_1_57' title="bbox 125 3836 1617 3904">
    <p class='ocr_par' dir='ltr' id='par_1_57' title="bbox 125 3836 1617 3904">
     <span class='ocr_line' id='line_1_57' title="bbox 125 3836 1617 3904; baseline 0.003 -21"><span class='ocrx_word' id='word_1_463' title='bbox 125 3846 253 3904; x_wconf 60' lang='lat' dir='ltr'><strong>terret</strong></span> <span class='ocrx_word' id='word_1_464' title='bbox 274 3836 615 3904; x_wconf 75' lang='lat' dir='ltr'><strong>presbyterum.</strong></span> <span class='ocrx_word' id='word_1_465' title='bbox 642 3836 857 3896; x_wconf 81' lang='lat' dir='ltr'><strong>Tamen,</strong></span> <span class='ocrx_word' id='word_1_466' title='bbox 888 3846 941 3887; x_wconf 91' lang='lat' dir='ltr'><strong>et</strong></span> <span class='ocrx_word' id='word_1_467' title='bbox 969 3837 1174 3901; x_wconf 80' lang='lat' dir='ltr'><strong>quidem</strong></span> <span class='ocrx_word' id='word_1_468' title='bbox 1204 3838 1326 3899; x_wconf 87' lang='lat' dir='ltr'><strong>ipsis</strong></span> <span class='ocrx_word' id='word_1_469' title='bbox 1358 3838 1617 3901; x_wconf 87' lang='lat' dir='ltr'><strong>prioribus</strong></span> 
     </span>
    </p>
   </div>
   <div class='ocr_carea' id='block_1_58' title="bbox 128 3901 1612 3981">
    <p class='ocr_par' dir='ltr' id='par_1_58' title="bbox 128 3901 1612 3981">
     <span class='ocr_line' id='line_1_58' title="bbox 128 3901 1612 3981; baseline -0.001 -26"><span class='ocrx_word' id='word_1_470' title='bbox 128 3901 341 3981; x_wconf 42' lang='lat' dir='ltr'><strong>Ecclesia:</strong></span> <span class='ocrx_word' id='word_1_471' title='bbox 368 3901 448 3981; x_wconf 66' lang='lat' dir='ltr'><strong>stet</strong></span> <span class='ocrx_word' id='word_1_472' title='bbox 468 3907 603 3981; x_wconf 71' lang='lat' dir='ltr'><strong>uiis,</strong></span> <span class='ocrx_word' id='word_1_473' title='bbox 629 3904 916 3981; x_wconf 70' lang='lat' dir='ltr'><strong>sacerdotis</strong></span> <span class='ocrx_word' id='word_1_474' title='bbox 943 3918 1127 3954; x_wconf 88' lang='lat' dir='ltr'><strong>nomen</strong></span> <span class='ocrx_word' id='word_1_475' title='bbox 1174 3905 1487 3981; x_wconf 35' lang='lat' dir='ltr'><strong>presbyteris</strong></span> <span class='ocrx_word' id='word_1_476' title='bbox 1520 3904 1612 3953; x_wconf 80' lang='lat' dir='ltr'><strong>tri-</strong></span> 
     </span>
    </p>
   </div>
   <div class='ocr_carea' id='block_1_59' title="bbox 124 3968 1613 4036">
    <p class='ocr_par' dir='ltr' id='par_1_59' title="bbox 124 3968 1613 4036">
     <span class='ocr_line' id='line_1_59' title="bbox 124 3968 1613 4036; baseline 0.001 -17"><span class='ocrx_word' id='word_1_477' title='bbox 124 3968 273 4021; x_wconf 81' lang='lat' dir='ltr'><strong>butum</strong></span> <span class='ocrx_word' id='word_1_478' title='bbox 302 3984 370 4023; x_wconf 86' lang='lat' dir='ltr'><strong>est</strong></span> <span class='ocrx_word' id='word_1_479' title='bbox 410 3975 456 4023; x_wconf 92' lang='lat' dir='ltr'><strong>in</strong></span> <span class='ocrx_word' id='word_1_480' title='bbox 498 3972 700 4033; x_wconf 81' lang='lat' dir='ltr'><strong>AfriCa,</strong></span> <span class='ocrx_word' id='word_1_481' title='bbox 728 3981 785 4022; x_wconf 89' lang='lat' dir='ltr'><strong>ut</strong></span> <span class='ocrx_word' id='word_1_482' title='bbox 812 3971 985 4020; x_wconf 75' lang='lat' dir='ltr'><strong>videre</strong></span> <span class='ocrx_word' id='word_1_483' title='bbox 1016 3979 1095 4021; x_wconf 90' lang='lat' dir='ltr'><strong>est</strong></span> <span class='ocrx_word' id='word_1_484' title='bbox 1123 3970 1255 4033; x_wconf 90' lang='lat' dir='ltr'><strong>apud</strong></span> <span class='ocrx_word' id='word_1_485' title='bbox 1300 3968 1613 4036; x_wconf 79' lang='lat' dir='ltr'><strong>Cyprianum</strong></span> 
     </span>
    </p>
   </div>
   <div class='ocr_carea' id='block_1_60' title="bbox 124 4036 1616 4101">
    <p class='ocr_par' dir='ltr' id='par_1_60' title="bbox 124 4036 1616 4101">
     <span class='ocr_line' id='line_1_60' title="bbox 124 4036 1616 4101; baseline 0.002 -16"><span class='ocrx_word' id='word_1_486' title='bbox 124 4039 310 4101; x_wconf 72' lang='lat' dir='ltr'><strong>epi-tola</strong></span> <span class='ocrx_word' id='word_1_487' title='bbox 334 4040 416 4098; x_wconf 84' lang='lat'><strong>67,</strong></span> <span class='ocrx_word' id='word_1_488' title='bbox 444 4039 572 4089; x_wconf 88' lang='lat' dir='ltr'><strong>alias</strong></span> <span class='ocrx_word' id='word_1_489' title='bbox 598 4040 684 4089; x_wconf 84' lang='lat'><strong>68.</strong></span> <span class='ocrx_word' id='word_1_490' title='bbox 731 4040 836 4087; x_wconf 91' lang='lat' dir='ltr'><strong>lmo</strong></span> <span class='ocrx_word' id='word_1_491' title='bbox 866 4038 1083 4101; x_wconf 90' lang='lat' dir='ltr'><strong>Optatus</strong></span> <span class='ocrx_word' id='word_1_492' title='bbox 1122 4037 1209 4087; x_wconf 92' lang='lat' dir='ltr'><strong>lib.</strong></span> <span class='ocrx_word' id='word_1_493' title='bbox 1242 4051 1255 4087; x_wconf 88' lang='grc' dir='ltr'><strong>ι</strong></span> <span class='ocrx_word' id='word_1_494' title='bbox 1285 4036 1531 4087; x_wconf 80' lang='lat' dir='ltr'><strong>diaconos</strong></span> <span class='ocrx_word' id='word_1_495' title='bbox 1564 4036 1616 4088; x_wconf 89' lang='lat' dir='ltr'><strong>iu</strong></span> 
     </span>
    </p>
   </div>
   <div class='ocr_carea' id='block_1_61' title="bbox 124 4104 1613 4173">
    <p class='ocr_par' dir='ltr' id='par_1_61' title="bbox 124 4104 1613 4173">
     <span class='ocr_line' id='line_1_61' title="bbox 124 4104 1613 4173; baseline 0.003 -22"><span class='ocrx_word' id='word_1_496' title='bbox 124 4106 236 4155; x_wconf 72' lang='lat' dir='ltr'><strong>tertio</strong></span> <span class='ocrx_word' id='word_1_497' title='bbox 278 4108 537 4156; x_wconf 73' lang='lat' dir='ltr'><strong>sacerdotio</strong></span> <span class='ocrx_word' id='word_1_498' title='bbox 580 4106 868 4156; x_wconf 81' lang='lat' dir='ltr'><strong>constitutos</strong></span> <span class='ocrx_word' id='word_1_499' title='bbox 910 4104 1074 4173; x_wconf 83' lang='lat' dir='ltr'><strong>dicit:</strong></span> <span class='ocrx_word' id='word_1_500' title='bbox 1112 4105 1382 4171; x_wconf 60' lang='lat' dir='ltr'><strong>epiSCOpOs</strong></span> <span class='ocrx_word' id='word_1_501' title='bbox 1424 4106 1613 4173; x_wconf 84' lang='lat' dir='ltr'><strong>primo,</strong></span> 
     </span>
    </p>
   </div>
   <div class='ocr_carea' id='block_1_62' title="bbox 124 4172 1615 4241">
    <p class='ocr_par' dir='ltr' id='par_1_62' title="bbox 124 4172 1615 4241">
     <span class='ocr_line' id='line_1_62' title="bbox 124 4172 1615 4241; baseline 0.005 -21"><span class='ocrx_word' id='word_1_502' title='bbox 124 4173 415 4241; x_wconf 61' lang='lat' dir='ltr'><strong>presbyteros</strong></span> <span class='ocrx_word' id='word_1_503' title='bbox 478 4178 690 4223; x_wconf 72' lang='lat' dir='ltr'><strong>secundo</strong></span> <span class='ocrx_word' id='word_1_504' title='bbox 746 4172 1008 4223; x_wconf 81' lang='lat' dir='ltr'><strong>sacerdotii</strong></span> <span class='ocrx_word' id='word_1_505' title='bbox 1066 4173 1226 4241; x_wconf 83' lang='lat' dir='ltr'><strong>gradu</strong></span> <span class='ocrx_word' id='word_1_506' title='bbox 1278 4176 1615 4227; x_wconf 66' lang='lat' dir='ltr'><strong>concludens.</strong></span> 
     </span>
    </p>
   </div>
   <div class='ocr_carea' id='block_1_63' title="bbox 122 4237 1692 4333">
    <p class='ocr_par' dir='ltr' id='par_1_63' title="bbox 122 4237 1692 4333">
     <span class='ocr_line' id='line_1_63' title="bbox 122 4237 1692 4333; baseline 0.004 -45"><span class='ocrx_word' id='word_1_507' title='bbox 122 4237 228 4299; x_wconf 82' lang='lat' dir='ltr'><strong>Quin</strong></span> <span class='ocrx_word' id='word_1_508' title='bbox 249 4237 297 4292; x_wconf 79' lang='lat' dir='ltr'><strong>et</strong></span> <span class='ocrx_word' id='word_1_509' title='bbox 334 4241 463 4333; x_wconf 69' lang='lat' dir='ltr'><strong>apud</strong></span> <span class='ocrx_word' id='word_1_510' title='bbox 496 4241 945 4321; x_wconf 31' lang='lat' dir='ltr'><strong>Alroszprimates</strong></span> <span class='ocrx_word' id='word_1_511' title='bbox 974 4237 1509 4321; x_wconf 38' lang='lat' dir='ltr'><strong>Meﬁtis-vocabantur</strong></span> <span class='ocrx_word' id='word_1_512' title='bbox 1536 4260 1611 4296; x_wconf 76' lang='grc' dir='ltr'><strong>ιε·</strong></span> <span class='ocrx_word' id='word_1_513' title='bbox 1645 4273 1692 4333; x_wconf 77' lang='lat' dir='ltr'><strong>D</strong></span> 
     </span>
    </p>
   </div>
   <div class='ocr_carea' id='block_1_64' title="bbox 122 4311 1611 4381">
    <p class='ocr_par' dir='ltr' id='par_1_64' title="bbox 122 4311 1611 4381">
     <span class='ocr_line' id='line_1_64' title="bbox 122 4311 1611 4381; baseline 0.006 -24"><span class='ocrx_word' id='word_1_514' title='bbox 122 4321 206 4381; x_wconf 64' lang='lat' dir='ltr'><strong>res,</strong></span> <span class='ocrx_word' id='word_1_515' title='bbox 226 4311 356 4381; x_wconf 83' lang='lat' dir='ltr'><strong>quod</strong></span> <span class='ocrx_word' id='word_1_516' title='bbox 386 4324 572 4381; x_wconf 81' lang='lat' dir='ltr'><strong>nomen</strong></span> <span class='ocrx_word' id='word_1_517' title='bbox 615 4326 642 4361; x_wconf 88' lang='lat' dir='ltr'><strong>a</strong></span> <span class='ocrx_word' id='word_1_518' title='bbox 669 4311 729 4362; x_wconf 81' lang='lat' dir='ltr'><strong>iis</strong></span> <span class='ocrx_word' id='word_1_519' title='bbox 764 4314 920 4381; x_wconf 64' lang='lat' dir='ltr'><strong>etiam</strong></span> <span class='ocrx_word' id='word_1_520' title='bbox 955 4311 1214 4381; x_wconf 71' lang='lat' dir='ltr'><strong>episcopis</strong></span> <span class='ocrx_word' id='word_1_521' title='bbox 1245 4327 1611 4381; x_wconf 84' lang='lat' dir='ltr'><strong>nonnunquam</strong></span> 
     </span>
    </p>
   </div>
   <div class='ocr_carea' id='block_1_65' title="bbox 123 4377 1614 4444">
    <p class='ocr_par' dir='ltr' id='par_1_65' title="bbox 123 4377 1614 4444">
     <span class='ocr_line' id='line_1_65' title="bbox 123 4377 1614 4444; baseline 0.009 -23"><span class='ocrx_word' id='word_1_522' title='bbox 123 4378 409 4441; x_wconf 66' lang='lat' dir='ltr'><strong>tribuebant,</strong></span> <span class='ocrx_word' id='word_1_523' title='bbox 441 4389 496 4430; x_wconf 94' lang='lat' dir='ltr'><strong>ut</strong></span> <span class='ocrx_word' id='word_1_524' title='bbox 522 4380 590 4430; x_wconf 85' lang='lat' dir='ltr'><strong>oh</strong></span> <span class='ocrx_word' id='word_1_525' title='bbox 620 4389 764 4431; x_wconf 61' lang='lat' dir='ltr'><strong>eivat</strong></span> <span class='ocrx_word' id='word_1_526' title='bbox 802 4377 1025 4444; x_wconf 69' lang='lat' dir='ltr'><strong>Cangius</strong></span> <span class='ocrx_word' id='word_1_527' title='bbox 1052 4380 1101 4432; x_wconf 90' lang='lat' dir='ltr'><strong>in</strong></span> <span class='ocrx_word' id='word_1_528' title='bbox 1135 4380 1415 4433; x_wconf 86' lang='lat' dir='ltr'><strong>Glossario.</strong></span> <span class='ocrx_word' id='word_1_529' title='bbox 1448 4377 1614 4434; x_wconf 68' lang='lat' dir='ltr'><strong>Caete-</strong></span> 
     </span>
    </p>
   </div>
   <div class='ocr_carea' id='block_1_66' title="bbox 124 4446 1615 4511">
    <p class='ocr_par' dir='ltr' id='par_1_66' title="bbox 124 4446 1615 4511">
     <span class='ocr_line' id='line_1_66' title="bbox 124 4446 1615 4511; baseline 0.006 -17"><span class='ocrx_word' id='word_1_530' title='bbox 124 4446 337 4499; x_wconf 71' lang='lat' dir='ltr'><strong>tutnha&#39;c</strong></span> <span class='ocrx_word' id='word_1_531' title='bbox 368 4449 518 4501; x_wconf 85' lang='lat' dir='ltr'><strong>verba</strong></span> <span class='ocrx_word' id='word_1_532' title='bbox 550 4460 604 4499; x_wconf 89' lang='lat' dir='ltr'><strong>et</strong></span> <span class='ocrx_word' id='word_1_533' title='bbox 644 4450 907 4511; x_wconf 71' lang='lat' dir='ltr'><strong>sequentia</strong></span> <span class='ocrx_word' id='word_1_534' title='bbox 947 4449 1054 4501; x_wconf 87' lang='lat' dir='ltr'><strong>fere</strong></span> <span class='ocrx_word' id='word_1_535' title='bbox 1098 4451 1267 4501; x_wconf 77' lang='lat' dir='ltr'><strong>omnia</strong></span> <span class='ocrx_word' id='word_1_536' title='bbox 1310 4466 1367 4503; x_wconf 77' lang='lat' dir='ltr'><strong>ex</strong></span> <span class='ocrx_word' id='word_1_537' title='bbox 1397 4450 1615 4503; x_wconf 82' lang='lat' dir='ltr'><strong>Threnis</strong></span> 
     </span>
    </p>
   </div>
   <div class='ocr_carea' id='block_1_67' title="bbox 124 4515 1404 4584">
    <p class='ocr_par' dir='ltr' id='par_1_67' title="bbox 124 4515 1404 4584">
     <span class='ocr_line' id='line_1_67' title="bbox 124 4515 1404 4584; baseline 0.005 -20"><span class='ocrx_word' id='word_1_538' title='bbox 124 4526 197 4584; x_wconf 69' lang='lat' dir='ltr'><strong>aeu</strong></span> <span class='ocrx_word' id='word_1_539' title='bbox 226 4515 696 4584; x_wconf 66' lang='lat' dir='ltr'><strong>baiiienlatintiilius</strong></span> <span class='ocrx_word' id='word_1_540' title='bbox 729 4518 972 4570; x_wconf 65' lang='lat' dir='ltr'><strong>Ieremia:</strong></span> <span class='ocrx_word' id='word_1_541' title='bbox 1019 4532 1219 4584; x_wconf 66' lang='lat' dir='ltr'><strong>sumpta</strong></span> <span class='ocrx_word' id='word_1_542' title='bbox 1263 4530 1404 4570; x_wconf 91' lang='lat' dir='ltr'><strong>sunt.</strong></span> 
     </span>
    </p>
   </div>
   <div class='ocr_carea' id='block_1_68' title="bbox 174 4580 1614 4647">
    <p class='ocr_par' dir='ltr' id='par_1_68' title="bbox 174 4580 1614 4647">
     <span class='ocr_line' id='line_1_68' title="bbox 174 4580 1614 4647; baseline 0.001 -8"><span class='ocrx_word' id='word_1_543' title='bbox 174 4580 360 4639; x_wconf 56' lang='lat' dir='ltr'><strong>’Colb.</strong></span> <span class='ocrx_word' id='word_1_544' title='bbox 393 4591 409 4638; x_wconf 83' lang='grc' dir='ltr'><strong>Ι</strong></span> <span class='ocrx_word' id='word_1_545' title='bbox 453 4595 506 4638; x_wconf 80' lang='lat' dir='ltr'><strong>et</strong></span> <span class='ocrx_word' id='word_1_546' title='bbox 538 4585 713 4647; x_wconf 57' lang='lat' dir='ltr'><strong>Marb,</strong></span> <span class='ocrx_word' id='word_1_547' title='bbox 756 4586 995 4647; x_wconf 81' lang='lat' dir='ltr'><strong>partibus.</strong></span> <span class='ocrx_word' id='word_1_548' title='bbox 1039 4587 1097 4637; x_wconf 74' lang='lat' dir='ltr'><strong>Et</strong></span> <span class='ocrx_word' id='word_1_549' title='bbox 1137 4580 1371 4639; x_wconf 70' lang='lat' dir='ltr'><strong>l&#39;ortassis</strong></span> <span class='ocrx_word' id='word_1_550' title='bbox 1411 4587 1614 4640; x_wconf 87' lang='lat' dir='ltr'><strong>melius.</strong></span> 
     </span>
    </p>
   </div>
   <div class='ocr_carea' id='block_1_69' title="bbox 124 4650 1613 4718">
    <p class='ocr_par' dir='ltr' id='par_1_69' title="bbox 124 4650 1613 4718">
     <span class='ocr_line' id='line_1_69' title="bbox 124 4650 1613 4718; baseline 0.003 -17"><span class='ocrx_word' id='word_1_551' title='bbox 124 4650 259 4715; x_wconf 73' lang='lat' dir='ltr'><strong>Nam,</strong></span> <span class='ocrx_word' id='word_1_552' title='bbox 296 4666 348 4705; x_wconf 93' lang='lat' dir='ltr'><strong>ut</strong></span> <span class='ocrx_word' id='word_1_553' title='bbox 388 4655 520 4707; x_wconf 84' lang='lat' dir='ltr'><strong>infra</strong></span> <span class='ocrx_word' id='word_1_554' title='bbox 561 4654 794 4706; x_wconf 86' lang='lat' dir='ltr'><strong>dicemus</strong></span> <span class='ocrx_word' id='word_1_555' title='bbox 824 4654 873 4704; x_wconf 89' lang='lat' dir='ltr'><strong>in</strong></span> <span class='ocrx_word' id='word_1_556' title='bbox 902 4654 1290 4707; x_wconf 71' lang='lat' dir='ltr'><strong>Commentario</strong></span> <span class='ocrx_word' id='word_1_557' title='bbox 1336 4657 1613 4718; x_wconf 88' lang='lat' dir='ltr'><strong>historico,</strong></span> 
     </span>
    </p>
   </div>
   <div class='ocr_carea' id='block_1_70' title="bbox 102 4721 1618 4793">
    <p class='ocr_par' dir='ltr' id='par_1_70' title="bbox 102 4721 1618 4793">
     <span class='ocr_line' id='line_1_70' title="bbox 102 4721 1618 4793; baseline 0.001 -19"><span class='ocrx_word' id='word_1_558' title='bbox 302 4722 665 4793; x_wconf 72' lang='lat' dir='ltr'><strong>huperatores,</strong></span> <span class='ocrx_word' id='word_1_559' title='bbox 698 4722 1021 4793; x_wconf 55' lang='lat' dir='ltr'><strong>potissimum</strong></span> <span class='ocrx_word' id='word_1_560' title='bbox 1053 4726 1299 4787; x_wconf 87' lang='lat' dir='ltr'><strong>Orientis,</strong></span> <span class='ocrx_word' id='word_1_561' title='bbox 1336 4726 1557 4777; x_wconf 80' lang='lat' dir='ltr'><strong>Africam</strong></span> <span class='ocrx_word' id='word_1_562' title='bbox 1589 4738 1618 4776; x_wconf 87' lang='lat' dir='ltr'><strong>e</strong></span> 
     </span>
    </p>
   </div>
   <div class='ocr_carea' id='block_1_71' title="bbox 123 4784 1617 4853">
    <p class='ocr_par' dir='ltr' id='par_1_71' title="bbox 123 4784 1617 4853">
     <span class='ocr_line' id='line_1_71' title="bbox 123 4784 1617 4853; baseline 0.003 -14"><span class='ocrx_word' id='word_1_563' title='bbox 123 4784 425 4841; x_wconf 67' lang='lat' dir='ltr'><strong>barbarorum</strong></span> <span class='ocrx_word' id='word_1_564' title='bbox 456 4784 923 4851; x_wconf 51' lang='lat' dir='ltr'><strong>nianibus&#39;eripere</strong></span> <span class='ocrx_word' id='word_1_565' title='bbox 949 4795 1117 4844; x_wconf 80' lang='lat' dir='ltr'><strong>conati</strong></span> <span class='ocrx_word' id='word_1_566' title='bbox 1145 4784 1294 4853; x_wconf 54' lang='lat' dir='ltr'><strong>sunt:</strong></span> <span class='ocrx_word' id='word_1_567' title='bbox 1323 4793 1413 4845; x_wconf 85' lang='lat' dir='ltr'><strong>sed</strong></span> <span class='ocrx_word' id='word_1_568' title='bbox 1447 4797 1617 4844; x_wconf 82' lang='lat' dir='ltr'><strong>incas-</strong></span> 
     </span>
    </p>
   </div>
   <div class='ocr_carea' id='block_1_72' title="bbox 122 4857 1615 4925">
    <p class='ocr_par' dir='ltr' id='par_1_72' title="bbox 122 4857 1615 4925">
     <span class='ocr_line' id='line_1_72' title="bbox 122 4857 1615 4925; baseline 0.007 -23"><span class='ocrx_word' id='word_1_569' title='bbox 122 4865 213 4925; x_wconf 74' lang='lat' dir='ltr'><strong>sum</strong></span> <span class='ocrx_word' id='word_1_570' title='bbox 240 4869 398 4923; x_wconf 84' lang='lat' dir='ltr'><strong>usque</strong></span> <span class='ocrx_word' id='word_1_571' title='bbox 432 4857 497 4909; x_wconf 88' lang='lat' dir='ltr'><strong>ad</strong></span> <span class='ocrx_word' id='word_1_572' title='bbox 526 4857 800 4907; x_wconf 78' lang='lat' dir='ltr'><strong>JuStiniaiii</strong></span> <span class='ocrx_word' id='word_1_573' title='bbox 833 4867 1083 4925; x_wconf 83' lang='lat' dir='ltr'><strong>tempora.</strong></span> <span class='ocrx_word' id='word_1_574' title='bbox 1135 4863 1405 4913; x_wconf 77' lang='lat' dir='ltr'><strong>Alricanns</strong></span> <span class='ocrx_word' id='word_1_575' title='bbox 1444 4872 1615 4913; x_wconf 92' lang='lat' dir='ltr'><strong>autem</strong></span> 
     </span>
    </p>
   </div>
   <div class='ocr_carea' id='block_1_73' title="bbox 122 4922 1619 4996">
    <p class='ocr_par' dir='ltr' id='par_1_73' title="bbox 122 4922 1619 4996">
     <span class='ocr_line' id='line_1_73' title="bbox 122 4922 1619 4996; baseline 0.007 -25"><span class='ocrx_word' id='word_1_576' title='bbox 122 4922 173 4971; x_wconf 78' lang='lat' dir='ltr'><strong>ab</strong></span> <span class='ocrx_word' id='word_1_577' title='bbox 200 4922 445 4996; x_wconf 75' lang='lat' dir='ltr'><strong>episcopis</strong></span> <span class='ocrx_word' id='word_1_578' title='bbox 483 4926 831 4979; x_wconf 68' lang='lat' dir='ltr'><strong>Orientalibus</strong></span> <span class='ocrx_word' id='word_1_579' title='bbox 867 4922 1113 4979; x_wconf 62' lang='lat' dir='ltr'><strong>auiilium</strong></span> <span class='ocrx_word' id='word_1_580' title='bbox 1148 4932 1446 4996; x_wconf 87' lang='lat' dir='ltr'><strong>poposcisse</strong></span> <span class='ocrx_word' id='word_1_581' title='bbox 1492 4944 1619 4981; x_wconf 89' lang='lat' dir='ltr'><strong>nus-</strong></span> 
     </span>
    </p>
   </div>
   <div class='ocr_carea' id='block_1_74' title="bbox 122 4992 507 5055">
    <p class='ocr_par' dir='ltr' id='par_1_74' title="bbox 122 4992 507 5055">
     <span class='ocr_line' id='line_1_74' title="bbox 122 4992 507 5055; baseline 0.008 -15"><span class='ocrx_word' id='word_1_582' title='bbox 122 5003 244 5053; x_wconf 75' lang='lat' dir='ltr'><strong>tptaut</strong></span> <span class='ocrx_word' id='word_1_583' title='bbox 271 4992 507 5055; x_wconf 79' lang='lat' dir='ltr'><strong>legimus.</strong></span> 
     </span>
    </p>
   </div>
   <div class='ocr_carea' id='block_1_75' title="bbox 178 5060 1618 5131">
    <p class='ocr_par' dir='ltr' id='par_1_75' title="bbox 178 5060 1618 5131">
     <span class='ocr_line' id='line_1_75' title="bbox 178 5060 1618 5131; baseline 0.006 -22"><span class='ocrx_word' id='word_1_584' title='bbox 178 5068 198 5095; x_wconf 72' lang='grc' dir='ltr'><strong>ι</strong></span> <span class='ocrx_word' id='word_1_585' title='bbox 220 5060 543 5131; x_wconf 70' lang='lat' dir='ltr'><strong>Nonqinppe</strong></span> <span class='ocrx_word' id='word_1_586' title='bbox 570 5062 739 5125; x_wconf 85' lang='lat' dir='ltr'><strong>populi</strong></span> <span class='ocrx_word' id='word_1_587' title='bbox 771 5065 968 5124; x_wconf 86' lang='lat' dir='ltr'><strong>solum,</strong></span> <span class='ocrx_word' id='word_1_588' title='bbox 994 5065 1084 5115; x_wconf 89' lang='lat' dir='ltr'><strong>scd</strong></span> <span class='ocrx_word' id='word_1_589' title='bbox 1120 5076 1170 5116; x_wconf 88' lang='lat' dir='ltr'><strong>et</strong></span> <span class='ocrx_word' id='word_1_590' title='bbox 1202 5066 1325 5131; x_wconf 81' lang='lat' dir='ltr'><strong>ipsa:</strong></span> <span class='ocrx_word' id='word_1_591' title='bbox 1364 5080 1518 5131; x_wconf 84' lang='lat' dir='ltr'><strong>oves,</strong></span> <span class='ocrx_word' id='word_1_592' title='bbox 1567 5064 1618 5117; x_wconf 89' lang='lat' dir='ltr'><strong>id</strong></span> 
     </span>
    </p>
   </div>
   <div class='ocr_carea' id='block_1_76' title="bbox 123 5130 1621 5195">
    <p class='ocr_par' dir='ltr' id='par_1_76' title="bbox 123 5130 1621 5195">
     <span class='ocr_line' id='line_1_76' title="bbox 123 5130 1621 5195; baseline 0.006 -19"><span class='ocrx_word' id='word_1_593' title='bbox 123 5130 496 5195; x_wconf 74' lang='lat' dir='ltr'><strong>estpopuluruin</strong></span> <span class='ocrx_word' id='word_1_594' title='bbox 529 5142 765 5193; x_wconf 84' lang='lat' dir='ltr'><strong>pastores</strong></span> <span class='ocrx_word' id='word_1_595' title='bbox 800 5132 933 5182; x_wconf 81' lang='lat' dir='ltr'><strong>beati</strong></span> <span class='ocrx_word' id='word_1_596' title='bbox 981 5135 1112 5185; x_wconf 89' lang='lat' dir='ltr'><strong>l&#39;etri</strong></span> <span class='ocrx_word' id='word_1_597' title='bbox 1144 5130 1281 5186; x_wconf 67' lang='lat' dir='ltr'><strong>cura:</strong></span> <span class='ocrx_word' id='word_1_598' title='bbox 1329 5137 1621 5185; x_wconf 77' lang='lat' dir='ltr'><strong>commissa:</strong></span> 
     </span>
    </p>
   </div>
   <div class='ocr_carea' id='block_1_77' title="bbox 123 5194 1622 5264">
    <p class='ocr_par' dir='ltr' id='par_1_77' title="bbox 123 5194 1622 5264">
     <span class='ocr_line' id='line_1_77' title="bbox 123 5194 1622 5264; baseline 0.003 -17"><span class='ocrx_word' id='word_1_599' title='bbox 123 5203 233 5264; x_wconf 67' lang='grc' dir='ltr'>ειιιιι.</span> <span class='ocrx_word' id='word_1_600' title='bbox 266 5194 709 5264; x_wconf 23' lang='grc' dir='ltr'><strong>ίΛιιιὺῐοςίιιςι-Ιίι).</strong></span> <span class='ocrx_word' id='word_1_601' title='bbox 754 5212 783 5247; x_wconf 77' lang='lat' dir='ltr'><strong>x</strong></span> <span class='ocrx_word' id='word_1_602' title='bbox 822 5200 873 5249; x_wconf 91' lang='lat' dir='ltr'><strong>iti</strong></span> <span class='ocrx_word' id='word_1_603' title='bbox 902 5200 1086 5251; x_wconf 85' lang='lat' dir='ltr'><strong>Lucam</strong></span> <span class='ocrx_word' id='word_1_604' title='bbox 1109 5242 1122 5264; x_wconf 96' lang='lat'><strong>,</strong></span> <span class='ocrx_word' id='word_1_605' title='bbox 1174 5218 1314 5253; x_wconf 90' lang='lat' dir='ltr'><strong>nutu.</strong></span> <span class='ocrx_word' id='word_1_606' title='bbox 1362 5202 1478 5259; x_wconf 80' lang='grc'>176.</span> <span class='ocrx_word' id='word_1_607' title='bbox 1513 5213 1622 5253; x_wconf 86' lang='lat' dir='ltr'><strong>tres</strong></span> 
     </span>
    </p>
   </div>
   <div class='ocr_carea' id='block_1_78' title="bbox 125 5257 1616 5331">
    <p class='ocr_par' dir='ltr' id='par_1_78' title="bbox 125 5257 1616 5331">
     <span class='ocr_line' id='line_1_78' title="bbox 125 5257 1616 5331; baseline 0.001 -14"><span class='ocrx_word' id='word_1_608' title='bbox 125 5257 314 5331; x_wconf 59' lang='lat' dir='ltr'><strong>“deliqu</strong></span> <span class='ocrx_word' id='word_1_609' title='bbox 345 5264 558 5316; x_wconf 82' lang='lat' dir='ltr'><strong>ordines</strong></span> <span class='ocrx_word' id='word_1_610' title='bbox 588 5262 741 5316; x_wconf 85' lang='lat' dir='ltr'><strong>Petro</strong></span> <span class='ocrx_word' id='word_1_611' title='bbox 761 5257 1149 5319; x_wconf 73' lang='lat' dir='ltr'><strong>commendatos</strong></span> <span class='ocrx_word' id='word_1_612' title='bbox 1193 5271 1349 5321; x_wconf 89' lang='lat' dir='ltr'><strong>fuisse</strong></span> <span class='ocrx_word' id='word_1_613' title='bbox 1380 5257 1616 5331; x_wconf 85' lang='lat' dir='ltr'><strong>testatur,</strong></span> 
     </span>
    </p>
   </div>
   <div class='ocr_carea' id='block_1_79' title="bbox 126 5330 1620 5400">
    <p class='ocr_par' dir='ltr' id='par_1_79' title="bbox 126 5330 1620 5400">
     <span class='ocr_line' id='line_1_79' title="bbox 126 5330 1620 5400; baseline 0.003 -17"><span class='ocrx_word' id='word_1_614' title='bbox 126 5330 259 5400; x_wconf 74' lang='lat' dir='ltr'><strong>primo</strong></span> <span class='ocrx_word' id='word_1_615' title='bbox 281 5332 491 5400; x_wconf 85' lang='lat' dir='ltr'><strong>quidem</strong></span> <span class='ocrx_word' id='word_1_616' title='bbox 522 5347 678 5397; x_wconf 80' lang='lat' dir='ltr'><strong>agnos</strong></span> <span class='ocrx_word' id='word_1_617' title='bbox 701 5369 719 5395; x_wconf 91' lang='lat'><strong>,</strong></span> <span class='ocrx_word' id='word_1_618' title='bbox 755 5337 978 5385; x_wconf 85' lang='lat' dir='ltr'><strong>secunda</strong></span> <span class='ocrx_word' id='word_1_619' title='bbox 1016 5340 1127 5388; x_wconf 89' lang='lat' dir='ltr'><strong>vice</strong></span> <span class='ocrx_word' id='word_1_620' title='bbox 1148 5377 1161 5396; x_wconf 85' lang='lat'><strong>,</strong></span> <span class='ocrx_word' id='word_1_621' title='bbox 1193 5338 1437 5395; x_wconf 68' lang='lat' dir='ltr'><strong>o-iculas,</strong></span> <span class='ocrx_word' id='word_1_622' title='bbox 1470 5330 1620 5389; x_wconf 79' lang='lat' dir='ltr'><strong>tertio</strong></span> 
     </span>
    </p>
   </div>
   <div class='ocr_carea' id='block_1_80' title="bbox 125 5398 1623 5467">
    <p class='ocr_par' dir='ltr' id='par_1_80' title="bbox 125 5398 1623 5467">
     <span class='ocr_line' id='line_1_80' title="bbox 125 5398 1623 5467; baseline 0.005 -17"><span class='ocrx_word' id='word_1_623' title='bbox 125 5398 309 5467; x_wconf 70' lang='lat' dir='ltr'><strong>denique</strong></span> <span class='ocrx_word' id='word_1_624' title='bbox 334 5416 467 5453; x_wconf 78' lang='lat' dir='ltr'><strong>om.</strong></span> <span class='ocrx_word' id='word_1_625' title='bbox 493 5402 644 5454; x_wconf 62' lang='lat' dir='ltr'><strong>Unde</strong></span> <span class='ocrx_word' id='word_1_626' title='bbox 671 5402 948 5467; x_wconf 70' lang='grc' dir='ltr'>οοιιιὶοἱιι-ιι</span> <span class='ocrx_word' id='word_1_627' title='bbox 969 5407 1198 5455; x_wconf 88' lang='lat' dir='ltr'><strong>nonnulli</strong></span> <span class='ocrx_word' id='word_1_628' title='bbox 1229 5406 1277 5455; x_wconf 89' lang='lat' dir='ltr'><strong>in</strong></span> <span class='ocrx_word' id='word_1_629' title='bbox 1297 5415 1434 5455; x_wconf 78' lang='lat' dir='ltr'><strong>textu</strong></span> <span class='ocrx_word' id='word_1_630' title='bbox 1463 5405 1623 5457; x_wconf 77' lang='lat' dir='ltr'><strong>.loan-</strong></span> 
     </span>
    </p>
   </div>
   <div class='ocr_carea' id='block_1_81' title="bbox 124 5466 1617 5539">
    <p class='ocr_par' dir='ltr' id='par_1_81' title="bbox 124 5466 1617 5539">
     <span class='ocr_line' id='line_1_81' title="bbox 124 5466 1617 5539; baseline 0.001 -17"><span class='ocrx_word' id='word_1_631' title='bbox 124 5466 187 5539; x_wconf 62' lang='grc' dir='ltr'>ιιᾷρ</span> <span class='ocrx_word' id='word_1_632' title='bbox 220 5483 321 5539; x_wconf 81' lang='lat' dir='ltr'><strong>pro</strong></span> <span class='ocrx_word' id='word_1_633' title='bbox 345 5484 474 5539; x_wconf 60' lang='lat' dir='ltr'><strong>[oce</strong></span> <span class='ocrx_word' id='word_1_634' title='bbox 499 5470 769 5539; x_wconf 61' lang='lat' dir='ltr'><strong>irooﬁévm,</strong></span> <span class='ocrx_word' id='word_1_635' title='bbox 823 5486 937 5536; x_wconf 56' lang='lat' dir='ltr'><strong>qua:</strong></span> <span class='ocrx_word' id='word_1_636' title='bbox 970 5479 1207 5539; x_wconf 73' lang='lat' dir='ltr'><strong>secundo</strong></span> <span class='ocrx_word' id='word_1_637' title='bbox 1240 5475 1352 5524; x_wconf 84' lang='lat' dir='ltr'><strong>loco</strong></span> <span class='ocrx_word' id='word_1_638' title='bbox 1403 5476 1617 5539; x_wconf 84' lang='lat' dir='ltr'><strong>legitur,</strong></span> 
     </span>
    </p>
   </div>
   <div class='ocr_carea' id='block_1_82' title="bbox 126 5531 1619 5608">
    <p class='ocr_par' dir='ltr' id='par_1_82' title="bbox 126 5531 1619 5608">
     <span class='ocr_line' id='line_1_82' title="bbox 126 5531 1619 5608; baseline 0.004 -21"><span class='ocrx_word' id='word_1_639' title='bbox 126 5531 477 5603; x_wconf 33' lang='lat' dir='ltr'><strong>Olim&#39;scripiuiu</strong></span> <span class='ocrx_word' id='word_1_640' title='bbox 502 5531 664 5589; x_wconf 77' lang='lat' dir='ltr'><strong>fuisse</strong></span> <span class='ocrx_word' id='word_1_641' title='bbox 686 5531 931 5608; x_wconf 60' lang='grc' dir='ltr'><strong>πρῦβάτα.</strong></span> <span class='ocrx_word' id='word_1_642' title='bbox 962 5538 1081 5591; x_wconf 77' lang='lat' dir='ltr'><strong>lla-c</strong></span> <span class='ocrx_word' id='word_1_643' title='bbox 1104 5550 1274 5593; x_wconf 80' lang='lat' dir='ltr'><strong>tamen</strong></span> <span class='ocrx_word' id='word_1_644' title='bbox 1303 5531 1619 5594; x_wconf 49' lang='lat' dir='ltr'><strong>leCtiovnullo</strong></span> 
     </span>
    </p>
   </div>
   <div class='ocr_carea' id='block_1_83' title="bbox 1715 1790 3240 1860">
    <p class='ocr_par' dir='ltr' id='par_1_83' title="bbox 1715 1790 3240 1860">
     <span class='ocr_line' id='line_1_83' title="bbox 1715 1790 3240 1860; baseline -0.002 -14"><span class='ocrx_word' id='word_1_645' title='bbox 1715 1801 1765 1846; x_wconf 89' lang='lat' dir='ltr'><strong>et</strong></span> <span class='ocrx_word' id='word_1_646' title='bbox 1794 1807 1887 1860; x_wconf 89' lang='lat' dir='ltr'><strong>pro</strong></span> <span class='ocrx_word' id='word_1_647' title='bbox 1916 1793 2065 1845; x_wconf 90' lang='lat' dir='ltr'><strong>malis</strong></span> <span class='ocrx_word' id='word_1_648' title='bbox 2090 1804 2236 1845; x_wconf 90' lang='lat' dir='ltr'><strong>orate</strong></span> <span class='ocrx_word' id='word_1_649' title='bbox 2264 1794 2366 1859; x_wconf 77' lang='lat' dir='ltr'><strong>jam</strong></span> <span class='ocrx_word' id='word_1_650' title='bbox 2404 1792 2542 1851; x_wconf 84' lang='lat' dir='ltr'><strong>liliis,</strong></span> <span class='ocrx_word' id='word_1_651' title='bbox 2568 1792 2684 1859; x_wconf 86' lang='lat' dir='ltr'><strong>quia</strong></span> <span class='ocrx_word' id='word_1_652' title='bbox 2714 1802 2765 1845; x_wconf 90' lang='lat' dir='ltr'><strong>et</strong></span> <span class='ocrx_word' id='word_1_653' title='bbox 2801 1790 3038 1843; x_wconf 83' lang='lat' dir='ltr'><strong>Christus</strong></span> <span class='ocrx_word' id='word_1_654' title='bbox 3075 1795 3240 1843; x_wconf 83' lang='lat' dir='ltr'><strong>oravit</strong></span> 
     </span>
    </p>
   </div>
   <div class='ocr_carea' id='block_1_84' title="bbox 1715 1878 3242 1949">
    <p class='ocr_par' dir='ltr' id='par_1_84' title="bbox 1715 1878 3242 1949">
     <span class='ocr_line' id='line_1_84' title="bbox 1715 1878 3242 1949; baseline -0.002 -14"><span class='ocrx_word' id='word_1_655' title='bbox 1715 1882 1870 1935; x_wconf 84' lang='lat' dir='ltr'><strong>etiam</strong></span> <span class='ocrx_word' id='word_1_656' title='bbox 1904 1897 1996 1947; x_wconf 88' lang='lat' dir='ltr'><strong>pro</strong></span> <span class='ocrx_word' id='word_1_657' title='bbox 2027 1882 2247 1934; x_wconf 87' lang='lat' dir='ltr'><strong>inimicis</strong></span> <span class='ocrx_word' id='word_1_658' title='bbox 2272 1881 2463 1933; x_wconf 81' lang='lat' dir='ltr'><strong>.Iuda-is</strong></span> <span class='ocrx_word' id='word_1_659' title='bbox 2487 1881 2632 1949; x_wconf 83' lang='lat' dir='ltr'><strong>(Luc.</strong></span> <span class='ocrx_word' id='word_1_660' title='bbox 2661 1895 2781 1932; x_wconf 81' lang='lat' dir='ltr'><strong>mu</strong></span> <span class='ocrx_word' id='word_1_661' title='bbox 2802 1920 2815 1943; x_wconf 89' lang='lat'><strong>,</strong></span> <span class='ocrx_word' id='word_1_662' title='bbox 2840 1880 2951 1943; x_wconf 74' lang='grc'><strong>54).</strong></span> <span class='ocrx_word' id='word_1_663' title='bbox 2976 1878 3242 1933; x_wconf 72' lang='lat' dir='ltr'><strong>Sufficiam</strong></span> 
     </span>
    </p>
   </div>
   <div class='ocr_carea' id='block_1_85' title="bbox 1715 1970 3243 2037">
    <p class='ocr_par' dir='ltr' id='par_1_85' title="bbox 1715 1970 3243 2037">
     <span class='ocr_line' id='line_1_85' title="bbox 1715 1970 3243 2037; baseline -0.004 -12"><span class='ocrx_word' id='word_1_664' title='bbox 1715 1971 2041 2037; x_wconf 86' lang='lat' dir='ltr'><strong>castigationi</strong></span> <span class='ocrx_word' id='word_1_665' title='bbox 2072 1986 2185 2036; x_wconf 69' lang='lat' dir='ltr'><strong>qua:</strong></span> <span class='ocrx_word' id='word_1_666' title='bbox 2215 1972 2349 2034; x_wconf 79' lang='lat' dir='ltr'><strong>jttste</strong></span> <span class='ocrx_word' id='word_1_667' title='bbox 2375 1970 2511 2021; x_wconf 82' lang='lat' dir='ltr'><strong>illata</strong></span> <span class='ocrx_word' id='word_1_668' title='bbox 2550 1979 2669 2022; x_wconf 89' lang='lat' dir='ltr'><strong>sunt</strong></span> <span class='ocrx_word' id='word_1_669' title='bbox 2706 1970 2871 2033; x_wconf 82' lang='lat' dir='ltr'><strong>nobis,</strong></span> <span class='ocrx_word' id='word_1_670' title='bbox 2905 1982 2956 2021; x_wconf 89' lang='lat' dir='ltr'><strong>et</strong></span> <span class='ocrx_word' id='word_1_671' title='bbox 2983 1972 3086 2035; x_wconf 89' lang='lat' dir='ltr'><strong>jam</strong></span> <span class='ocrx_word' id='word_1_672' title='bbox 3112 1971 3243 2035; x_wconf 65' lang='lat' dir='ltr'><strong>jam.</strong></span> 
     </span>
    </p>
   </div>
   <div class='ocr_carea' id='block_1_86' title="bbox 1714 2060 3243 2127">
    <p class='ocr_par' dir='ltr' id='par_1_86' title="bbox 1714 2060 3243 2127">
     <span class='ocr_line' id='line_1_86' title="bbox 1714 2060 3243 2127; baseline 0.003 -19"><span class='ocrx_word' id='word_1_673' title='bbox 1714 2074 1815 2127; x_wconf 89' lang='lat' dir='ltr'><strong>que</strong></span> <span class='ocrx_word' id='word_1_674' title='bbox 1840 2060 2257 2124; x_wconf 87' lang='lat' dir='ltr'><strong>delinquentibus</strong></span> <span class='ocrx_word' id='word_1_675' title='bbox 2285 2061 2431 2111; x_wconf 89' lang='lat' dir='ltr'><strong>venia</strong></span> <span class='ocrx_word' id='word_1_676' title='bbox 2462 2060 2779 2127; x_wconf 86' lang='lat' dir='ltr'><strong>postuletur;</strong></span> <span class='ocrx_word' id='word_1_677' title='bbox 2813 2062 3113 2127; x_wconf 75' lang='lat' dir='ltr'><strong>dicaturque</strong></span> <span class='ocrx_word' id='word_1_678' title='bbox 3143 2062 3243 2112; x_wconf 81' lang='lat' dir='ltr'><strong>Ao—</strong></span> 
     </span>
    </p>
   </div>
   <div class='ocr_carea' id='block_1_87' title="bbox 1714 2147 3242 2214">
    <p class='ocr_par' dir='ltr' id='par_1_87' title="bbox 1714 2147 3242 2214">
     <span class='ocr_line' id='line_1_87' title="bbox 1714 2147 3242 2214; baseline 0.001 -17"><span class='ocrx_word' id='word_1_679' title='bbox 1714 2148 1827 2214; x_wconf 77' lang='lat' dir='ltr'><strong>gelo</strong></span> <span class='ocrx_word' id='word_1_680' title='bbox 1870 2150 2172 2213; x_wconf 79' lang='lat' dir='ltr'><strong>pertutieiiti</strong></span> <span class='ocrx_word' id='word_1_681' title='bbox 2201 2164 2214 2199; x_wconf 89' lang='lat'><strong>:</strong></span> <span class='ocrx_word' id='word_1_682' title='bbox 2248 2147 2445 2199; x_wconf 75' lang='lat' dir='ltr'><strong>Sufﬁcit</strong></span> <span class='ocrx_word' id='word_1_683' title='bbox 2466 2190 2477 2206; x_wconf 92' lang='lat'><strong>,</strong></span> <span class='ocrx_word' id='word_1_684' title='bbox 2509 2150 2610 2213; x_wconf 86' lang='lat' dir='ltr'><strong>jam</strong></span> <span class='ocrx_word' id='word_1_685' title='bbox 2642 2149 2825 2201; x_wconf 90' lang='lat' dir='ltr'><strong>cohibe</strong></span> <span class='ocrx_word' id='word_1_686' title='bbox 2856 2164 3061 2201; x_wconf 87' lang='lat' dir='ltr'><strong>manum</strong></span> <span class='ocrx_word' id='word_1_687' title='bbox 3105 2160 3242 2202; x_wconf 73' lang='lat' dir='ltr'><strong>Ill-illi</strong></span> 
     </span>
    </p>
   </div>
   <div class='ocr_carea' id='block_1_88' title="bbox 1717 2235 3245 2303">
    <p class='ocr_par' dir='ltr' id='par_1_88' title="bbox 1717 2235 3245 2303">
     <span class='ocr_line' id='line_1_88' title="bbox 1717 2235 3245 2303; baseline 0.003 -17"><span class='ocrx_word' id='word_1_688' title='bbox 1717 2235 1765 2303; x_wconf 87' lang='lat' dir='ltr'><strong>(l</strong></span> <span class='ocrx_word' id='word_1_689' title='bbox 1791 2235 1959 2287; x_wconf 82' lang='lat' dir='ltr'><strong>Parul.</strong></span> <span class='ocrx_word' id='word_1_690' title='bbox 1979 2252 2082 2298; x_wconf 77' lang='lat' dir='ltr'><strong>xxi,</strong></span> <span class='ocrx_word' id='word_1_691' title='bbox 2108 2235 2206 2300; x_wconf 81' lang='lat' dir='ltr'><strong>l5).</strong></span> <span class='ocrx_word' id='word_1_692' title='bbox 2236 2235 2361 2300; x_wconf 86' lang='lat' dir='ltr'><strong>Quis</strong></span> <span class='ocrx_word' id='word_1_693' title='bbox 2390 2236 2591 2301; x_wconf 83' lang='lat' dir='ltr'><strong>ignorat</strong></span> <span class='ocrx_word' id='word_1_694' title='bbox 2621 2238 2730 2289; x_wconf 63' lang='lat' dir='ltr'><strong>hiec</strong></span> <span class='ocrx_word' id='word_1_695' title='bbox 2762 2238 2910 2290; x_wconf 88' lang='lat' dir='ltr'><strong>nobis</strong></span> <span class='ocrx_word' id='word_1_696' title='bbox 2941 2240 3245 2303; x_wconf 87' lang='lat' dir='ltr'><strong>probroruni</strong></span> 
     </span>
    </p>
   </div>
   <div class='ocr_carea' id='block_1_89' title="bbox 1716 2333 3244 2399">
    <p class='ocr_par' dir='ltr' id='par_1_89' title="bbox 1716 2333 3244 2399">
     <span class='ocr_line' id='line_1_89' title="bbox 1716 2333 3244 2399; baseline 0.002 -16"><span class='ocrx_word' id='word_1_697' title='bbox 1716 2340 2009 2385; x_wconf 88' lang='lat' dir='ltr'><strong>nostrorum</strong></span> <span class='ocrx_word' id='word_1_698' title='bbox 2044 2334 2239 2385; x_wconf 85' lang='lat' dir='ltr'><strong>scelera</strong></span> <span class='ocrx_word' id='word_1_699' title='bbox 2271 2347 2596 2399; x_wconf 79' lang='lat' dir='ltr'><strong>procurassc,</strong></span> <span class='ocrx_word' id='word_1_700' title='bbox 2626 2333 2982 2385; x_wconf 73' lang='lat' dir='ltr'><strong>oberrantibus</strong></span> <span class='ocrx_word' id='word_1_701' title='bbox 3021 2350 3048 2385; x_wconf 90' lang='lat' dir='ltr'><strong>a</strong></span> <span class='ocrx_word' id='word_1_702' title='bbox 3098 2353 3244 2388; x_wconf 84' lang='lat' dir='ltr'><strong>mau-</strong></span> 
     </span>
    </p>
   </div>
   <div class='ocr_carea' id='block_1_90' title="bbox 1716 2421 3243 2494">
    <p class='ocr_par' dir='ltr' id='par_1_90' title="bbox 1716 2421 3243 2494">
     <span class='ocr_line' id='line_1_90' title="bbox 1716 2421 3243 2494; baseline 0.001 -20"><span class='ocrx_word' id='word_1_703' title='bbox 1716 2421 1850 2474; x_wconf 89' lang='lat' dir='ltr'><strong>datis</strong></span> <span class='ocrx_word' id='word_1_704' title='bbox 1878 2422 2002 2484; x_wconf 88' lang='lat' dir='ltr'><strong>Dei,</strong></span> <span class='ocrx_word' id='word_1_705' title='bbox 2031 2432 2083 2475; x_wconf 91' lang='lat' dir='ltr'><strong>et</strong></span> <span class='ocrx_word' id='word_1_706' title='bbox 2110 2422 2161 2474; x_wconf 92' lang='lat' dir='ltr'><strong>in</strong></span> <span class='ocrx_word' id='word_1_707' title='bbox 2193 2422 2307 2489; x_wconf 82' lang='lat' dir='ltr'><strong>lege</strong></span> <span class='ocrx_word' id='word_1_708' title='bbox 2333 2421 2445 2487; x_wconf 89' lang='lat' dir='ltr'><strong>ejus</strong></span> <span class='ocrx_word' id='word_1_709' title='bbox 2467 2421 2758 2475; x_wconf 88' lang='lat' dir='ltr'><strong>uolentibus</strong></span> <span class='ocrx_word' id='word_1_710' title='bbox 2785 2424 3050 2475; x_wconf 89' lang='lat' dir='ltr'><strong>ambulare</strong></span> <span class='ocrx_word' id='word_1_711' title='bbox 3077 2423 3243 2494; x_wconf 81' lang='lat' dir='ltr'><strong>(l’sul.</strong></span> 
     </span>
    </p>
   </div>
   <div class='ocr_carea' id='block_1_91' title="bbox 1717 2510 3247 2580">
    <p class='ocr_par' dir='ltr' id='par_1_91' title="bbox 1717 2510 3247 2580">
     <span class='ocr_line' id='line_1_91' title="bbox 1717 2510 3247 2580; baseline 0.002 -16"><span class='ocrx_word' id='word_1_712' title='bbox 1717 2525 1915 2573; x_wconf 71' lang='lat' dir='ltr'><strong>Lxxvit,</strong></span> <span class='ocrx_word' id='word_1_713' title='bbox 1954 2512 2073 2577; x_wconf 75' lang='lat' dir='ltr'><strong>l0)?</strong></span> <span class='ocrx_word' id='word_1_714' title='bbox 2113 2511 2213 2564; x_wconf 88' lang='lat' dir='ltr'><strong>Sed</strong></span> <span class='ocrx_word' id='word_1_715' title='bbox 2264 2510 2503 2577; x_wconf 79' lang='lat' dir='ltr'><strong>prostrati</strong></span> <span class='ocrx_word' id='word_1_716' title='bbox 2551 2526 2816 2578; x_wconf 86' lang='lat' dir='ltr'><strong>rogamus,</strong></span> <span class='ocrx_word' id='word_1_717' title='bbox 2858 2522 2910 2563; x_wconf 93' lang='lat' dir='ltr'><strong>ut</strong></span> <span class='ocrx_word' id='word_1_718' title='bbox 2951 2529 3051 2565; x_wconf 93' lang='lat' dir='ltr'><strong>non</strong></span> <span class='ocrx_word' id='word_1_719' title='bbox 3098 2524 3247 2580; x_wconf 57' lang='lat' dir='ltr'><strong>sper-4</strong></span> 
     </span>
    </p>
   </div>
   <div class='ocr_carea' id='block_1_92' title="bbox 1720 2599 3242 2669">
    <p class='ocr_par' dir='ltr' id='par_1_92' title="bbox 1720 2599 3242 2669">
     <span class='ocr_line' id='line_1_92' title="bbox 1720 2599 3242 2669; baseline 0.001 -18"><span class='ocrx_word' id='word_1_720' title='bbox 1720 2601 1852 2652; x_wconf 85' lang='lat' dir='ltr'><strong>natis</strong></span> <span class='ocrx_word' id='word_1_721' title='bbox 1896 2612 2095 2669; x_wconf 74' lang='lat' dir='ltr'><strong>vestros</strong></span> <span class='ocrx_word' id='word_1_722' title='bbox 2129 2601 2359 2651; x_wconf 73' lang='lat' dir='ltr'><strong>“miseros</strong></span> <span class='ocrx_word' id='word_1_723' title='bbox 2406 2599 2424 2635; x_wconf 71' lang='grc' dir='ltr'>ί</span> <span class='ocrx_word' id='word_1_724' title='bbox 2463 2610 2791 2665; x_wconf 89' lang='lat' dir='ltr'><strong>peccatores,</strong></span> <span class='ocrx_word' id='word_1_725' title='bbox 2848 2614 2938 2665; x_wconf 82' lang='lat' dir='ltr'><strong>per</strong></span> <span class='ocrx_word' id='word_1_726' title='bbox 2985 2617 3101 2653; x_wconf 77' lang='lat' dir='ltr'><strong>eum</strong></span> <span class='ocrx_word' id='word_1_727' title='bbox 3158 2603 3242 2666; x_wconf 91' lang='lat' dir='ltr'><strong>qui</strong></span> 
     </span>
    </p>
   </div>
   <div class='ocr_carea' id='block_1_93' title="bbox 1719 2689 3246 2759">
    <p class='ocr_par' dir='ltr' id='par_1_93' title="bbox 1719 2689 3246 2759">
     <span class='ocr_line' id='line_1_93' title="bbox 1719 2689 3246 2759; baseline 0.001 -16"><span class='ocrx_word' id='word_1_728' title='bbox 1719 2707 1809 2745; x_wconf 88' lang='lat' dir='ltr'><strong>vos</strong></span> <span class='ocrx_word' id='word_1_729' title='bbox 1854 2691 1917 2744; x_wconf 90' lang='lat' dir='ltr'><strong>ad</strong></span> <span class='ocrx_word' id='word_1_730' title='bbox 1964 2691 2302 2759; x_wconf 86' lang='lat' dir='ltr'><strong>apostolicum</strong></span> <span class='ocrx_word' id='word_1_731' title='bbox 2354 2689 2459 2759; x_wconf 66' lang='grc'>49</span> <span class='ocrx_word' id='word_1_732' title='bbox 2502 2690 2706 2743; x_wconf 88' lang='lat' dir='ltr'><strong>culmen</strong></span> <span class='ocrx_word' id='word_1_733' title='bbox 2753 2690 2989 2757; x_wconf 85' lang='lat' dir='ltr'><strong>provexit</strong></span> <span class='ocrx_word' id='word_1_734' title='bbox 3030 2691 3246 2744; x_wconf 89' lang='lat' dir='ltr'><strong>humiles</strong></span> 
     </span>
    </p>
   </div>
   <div class='ocr_carea' id='block_1_94' title="bbox 1721 2782 2022 2849">
    <p class='ocr_par' dir='ltr' id='par_1_94' title="bbox 1721 2782 2022 2849">
     <span class='ocr_line' id='line_1_94' title="bbox 1721 2782 2022 2849; baseline 0 -16"><span class='ocrx_word' id='word_1_735' title='bbox 1721 2782 2022 2849; x_wconf 86' lang='lat' dir='ltr'><strong>piscatores.</strong></span> 
     </span>
    </p>
   </div>
   <div class='ocr_carea' id='block_1_95' title="bbox 1790 2868 3245 2923">
    <p class='ocr_par' dir='ltr' id='par_1_95' title="bbox 1790 2868 3245 2923">
     <span class='ocr_line' id='line_1_95' title="bbox 1790 2868 3245 2923; baseline -0.002 -1"><span class='ocrx_word' id='word_1_736' title='bbox 1790 2870 1926 2923; x_wconf 74' lang='lat' dir='ltr'><strong>XXI.</strong></span> <span class='ocrx_word' id='word_1_737' title='bbox 1958 2869 2144 2922; x_wconf 88' lang='lat' dir='ltr'><strong>Tenuit</strong></span> <span class='ocrx_word' id='word_1_738' title='bbox 2171 2869 2601 2921; x_wconf 62' lang='lat' dir='ltr'><strong>sceleratissimus</strong></span> <span class='ocrx_word' id='word_1_739' title='bbox 2625 2868 2913 2922; x_wconf 89' lang='lat' dir='ltr'><strong>llunericns</strong></span> <span class='ocrx_word' id='word_1_740' title='bbox 2933 2868 3245 2923; x_wconf 75' lang='lat' dir='ltr'><strong>dominatio-</strong></span> 
     </span>
    </p>
   </div>
   <div class='ocr_carea' id='block_1_96' title="bbox 1720 2957 3245 3024">
    <p class='ocr_par' dir='ltr' id='par_1_96' title="bbox 1720 2957 3245 3024">
     <span class='ocr_line' id='line_1_96' title="bbox 1720 2957 3245 3024; baseline 0.002 -13"><span class='ocrx_word' id='word_1_741' title='bbox 1720 2974 1836 3011; x_wconf 90' lang='lat' dir='ltr'><strong>nem</strong></span> <span class='ocrx_word' id='word_1_742' title='bbox 1866 2959 2007 3024; x_wconf 85' lang='lat' dir='ltr'><strong>regni</strong></span> <span class='ocrx_word' id='word_1_743' title='bbox 2047 2958 2194 3019; x_wconf 82' lang='lat' dir='ltr'><strong>annis</strong></span> <span class='ocrx_word' id='word_1_744' title='bbox 2224 2966 2448 3023; x_wconf 77' lang='lat' dir='ltr'><strong>septeni,</strong></span> <span class='ocrx_word' id='word_1_745' title='bbox 2483 2957 2749 3009; x_wconf 86' lang='lat' dir='ltr'><strong>mensibus</strong></span> <span class='ocrx_word' id='word_1_746' title='bbox 2778 2962 2985 3023; x_wconf 81' lang='lat' dir='ltr'><strong>decem,</strong></span> <span class='ocrx_word' id='word_1_747' title='bbox 3033 2964 3245 3014; x_wconf 87' lang='lat' dir='ltr'><strong>merito-</strong></span> 
     </span>
    </p>
   </div>
   <div class='ocr_carea' id='block_1_97' title="bbox 1641 3025 3248 3119">
    <p class='ocr_par' dir='ltr' id='par_1_97' title="bbox 1641 3025 3248 3119">
     <span class='ocr_line' id='line_1_97' title="bbox 1641 3025 3248 3119; baseline 0.001 -20"><span class='ocrx_word' id='word_1_748' title='bbox 1641 3025 1686 3085; x_wconf 67' lang='grc' dir='ltr'>ο</span> <span class='ocrx_word' id='word_1_749' title='bbox 1720 3062 1830 3099; x_wconf 91' lang='lat' dir='ltr'><strong>rum</strong></span> <span class='ocrx_word' id='word_1_750' title='bbox 1860 3061 2068 3098; x_wconf 89' lang='lat' dir='ltr'><strong>suorum</strong></span> <span class='ocrx_word' id='word_1_751' title='bbox 2103 3055 2126 3091; x_wconf 77' lang='grc' dir='ltr'>ε</span> <span class='ocrx_word' id='word_1_752' title='bbox 2158 3055 2375 3097; x_wconf 90' lang='lat' dir='ltr'><strong>mortem</strong></span> <span class='ocrx_word' id='word_1_753' title='bbox 2419 3060 2807 3101; x_wconf 73' lang='lat' dir='ltr'><strong>consumat-aus.</strong></span> <span class='ocrx_word' id='word_1_754' title='bbox 2865 3050 2990 3103; x_wconf 64' lang='lat' dir='ltr'><strong>Nam</strong></span> <span class='ocrx_word' id='word_1_755' title='bbox 3024 3057 3248 3119; x_wconf 74' lang='lat' dir='ltr'><strong>putrela.</strong></span> 
     </span>
    </p>
   </div>
   <div class='ocr_carea' id='block_1_98' title="bbox 1718 3134 3249 3207">
    <p class='ocr_par' dir='ltr' id='par_1_98' title="bbox 1718 3134 3249 3207">
     <span class='ocr_line' id='line_1_98' title="bbox 1718 3134 3249 3207; baseline 0.005 -22"><span class='ocrx_word' id='word_1_756' title='bbox 1718 3148 1829 3188; x_wconf 87' lang='lat' dir='ltr'><strong>etns</strong></span> <span class='ocrx_word' id='word_1_757' title='bbox 1865 3144 1914 3189; x_wconf 90' lang='lat' dir='ltr'><strong>et</strong></span> <span class='ocrx_word' id='word_1_758' title='bbox 1951 3134 2205 3186; x_wconf 89' lang='lat' dir='ltr'><strong>ebulliens</strong></span> <span class='ocrx_word' id='word_1_759' title='bbox 2242 3134 2521 3199; x_wconf 86' lang='lat' dir='ltr'><strong>vermibus,</strong></span> <span class='ocrx_word' id='word_1_760' title='bbox 2569 3152 2667 3188; x_wconf 89' lang='lat' dir='ltr'><strong>non</strong></span> <span class='ocrx_word' id='word_1_761' title='bbox 2708 3154 2914 3204; x_wconf 78' lang='lat' dir='ltr'><strong>corpus,</strong></span> <span class='ocrx_word' id='word_1_762' title='bbox 2956 3142 3045 3193; x_wconf 89' lang='lat' dir='ltr'><strong>sed</strong></span> <span class='ocrx_word' id='word_1_763' title='bbox 3081 3152 3249 3207; x_wconf 71' lang='lat' dir='ltr'><strong>partes</strong></span> 
     </span>
    </p>
   </div>
   <div class='ocr_carea' id='block_1_99' title="bbox 1717 3224 3248 3293">
    <p class='ocr_par' dir='ltr' id='par_1_99' title="bbox 1717 3224 3248 3293">
     <span class='ocr_line' id='line_1_99' title="bbox 1717 3224 3248 3293; baseline 0.005 -15"><span class='ocrx_word' id='word_1_764' title='bbox 1717 3226 1954 3293; x_wconf 84' lang='lat' dir='ltr'><strong>corporis</strong></span> <span class='ocrx_word' id='word_1_765' title='bbox 1994 3225 2110 3291; x_wconf 77' lang='lat' dir='ltr'><strong>ejus</strong></span> <span class='ocrx_word' id='word_1_766' title='bbox 2162 3224 2396 3276; x_wconf 78' lang='lat' dir='ltr'><strong>videntur</strong></span> <span class='ocrx_word' id='word_1_767' title='bbox 2441 3238 2554 3276; x_wconf 80' lang='lat' dir='ltr'><strong>esse</strong></span> <span class='ocrx_word' id='word_1_768' title='bbox 2609 3229 2843 3291; x_wconf 61' lang='lat' dir='ltr'><strong>sepultas.</strong></span> <span class='ocrx_word' id='word_1_769' title='bbox 2898 3225 2920 3262; x_wconf 73' lang='grc' dir='ltr'>δ</span> <span class='ocrx_word' id='word_1_770' title='bbox 2976 3231 3118 3284; x_wconf 90' lang='lat' dir='ltr'><strong>Sicut</strong></span> <span class='ocrx_word' id='word_1_771' title='bbox 3164 3235 3248 3286; x_wconf 85' lang='lat' dir='ltr'><strong>ille</strong></span> 
     </span>
    </p>
   </div>
   <div class='ocr_carea' id='block_1_100' title="bbox 1718 3354 3237 3423">
    <p class='ocr_par' dir='ltr' id='par_1_100' title="bbox 1718 3354 3237 3423">
     <span class='ocr_line' id='line_1_100' title="bbox 1718 3354 3237 3423; baseline 0.005 -16"><span class='ocrx_word' id='word_1_772' title='bbox 1718 3355 1894 3407; x_wconf 86' lang='lat' dir='ltr'><strong>codice</strong></span> <span class='ocrx_word' id='word_1_773' title='bbox 1938 3370 2035 3407; x_wconf 84' lang='lat' dir='ltr'><strong>nis.</strong></span> <span class='ocrx_word' id='word_1_774' title='bbox 2068 3354 2268 3418; x_wconf 87' lang='lat' dir='ltr'><strong>nititur,</strong></span> <span class='ocrx_word' id='word_1_775' title='bbox 2298 3355 2482 3405; x_wconf 80' lang='lat' dir='ltr'><strong>saltem</strong></span> <span class='ocrx_word' id='word_1_776' title='bbox 2510 3357 2717 3420; x_wconf 83' lang='lat' dir='ltr'><strong>cognito</strong></span> <span class='ocrx_word' id='word_1_777' title='bbox 2739 3396 2752 3414; x_wconf 90' lang='lat'><strong>.</strong></span> <span class='ocrx_word' id='word_1_778' title='bbox 2788 3366 2840 3407; x_wconf 94' lang='lat' dir='ltr'><strong>ut</strong></span> <span class='ocrx_word' id='word_1_779' title='bbox 2878 3368 3015 3423; x_wconf 75' lang='lat' dir='ltr'><strong>patet</strong></span> <span class='ocrx_word' id='word_1_780' title='bbox 3041 3371 3144 3412; x_wconf 91' lang='lat' dir='ltr'><strong>tum</strong></span> <span class='ocrx_word' id='word_1_781' title='bbox 3173 3378 3237 3414; x_wconf 75' lang='lat' dir='ltr'><strong>ex</strong></span> 
     </span>
    </p>
   </div>
   <div class='ocr_carea' id='block_1_101' title="bbox 1721 3425 3246 3489">
    <p class='ocr_par' dir='ltr' id='par_1_101' title="bbox 1721 3425 3246 3489">
     <span class='ocr_line' id='line_1_101' title="bbox 1721 3425 3246 3489; baseline 0.005 -15"><span class='ocrx_word' id='word_1_782' title='bbox 1721 3425 1948 3479; x_wconf 88' lang='lat' dir='ltr'><strong>editione</strong></span> <span class='ocrx_word' id='word_1_783' title='bbox 1972 3425 2149 3489; x_wconf 77' lang='lat' dir='ltr'><strong>llegia,</strong></span> <span class='ocrx_word' id='word_1_784' title='bbox 2177 3434 2281 3475; x_wconf 88' lang='lat' dir='ltr'><strong>tum</strong></span> <span class='ocrx_word' id='word_1_785' title='bbox 2312 3440 2374 3477; x_wconf 81' lang='lat' dir='ltr'><strong>ex</strong></span> <span class='ocrx_word' id='word_1_786' title='bbox 2397 3425 2700 3477; x_wconf 74' lang='lat' dir='ltr'><strong>Ovoniensi.</strong></span> <span class='ocrx_word' id='word_1_787' title='bbox 2722 3427 2974 3479; x_wconf 66' lang='lat' dir='ltr'><strong>lla&#39;terntn</strong></span> <span class='ocrx_word' id='word_1_788' title='bbox 3002 3440 3103 3481; x_wconf 84' lang='lat' dir='ltr'><strong>tres</strong></span> <span class='ocrx_word' id='word_1_789' title='bbox 3132 3431 3246 3482; x_wconf 90' lang='lat' dir='ltr'><strong>illos</strong></span> 
     </span>
    </p>
   </div>
   <div class='ocr_carea' id='block_1_102' title="bbox 1718 3494 3249 3567">
    <p class='ocr_par' dir='ltr' id='par_1_102' title="bbox 1718 3494 3249 3567">
     <span class='ocr_line' id='line_1_102' title="bbox 1718 3494 3249 3567; baseline 0.001 -22"><span class='ocrx_word' id='word_1_790' title='bbox 1718 3496 1905 3567; x_wconf 82' lang='lat' dir='ltr'><strong>gradus</strong></span> <span class='ocrx_word' id='word_1_791' title='bbox 1933 3494 2341 3567; x_wconf 62' lang='lat' dir='ltr'><strong>interpretantur</strong></span> <span class='ocrx_word' id='word_1_792' title='bbox 2360 3494 2611 3567; x_wconf 74' lang='lat' dir='ltr'><strong>nonnulli,</strong></span> <span class='ocrx_word' id='word_1_793' title='bbox 2646 3497 2889 3567; x_wconf 82' lang='lat' dir='ltr'><strong>populos.</strong></span> <span class='ocrx_word' id='word_1_794' title='bbox 2920 3500 3249 3567; x_wconf 69' lang='lat' dir='ltr'><strong>presbyteros</strong></span> 
     </span>
    </p>
   </div>
   <div class='ocr_carea' id='block_1_103' title="bbox 1716 3560 3247 3629">
    <p class='ocr_par' dir='ltr' id='par_1_103' title="bbox 1716 3560 3247 3629">
     <span class='ocr_line' id='line_1_103' title="bbox 1716 3560 3247 3629; baseline 0.003 -13"><span class='ocrx_word' id='word_1_795' title='bbox 1716 3560 1769 3616; x_wconf 81' lang='lat' dir='ltr'><strong>et</strong></span> <span class='ocrx_word' id='word_1_796' title='bbox 1797 3564 2087 3629; x_wconf 77' lang='lat' dir='ltr'><strong>episcopos.</strong></span> <span class='ocrx_word' id='word_1_797' title='bbox 2110 3560 2399 3624; x_wconf 75' lang='lat' dir='ltr'><strong>ldeoenittt,</strong></span> <span class='ocrx_word' id='word_1_798' title='bbox 2431 3574 2481 3613; x_wconf 92' lang='lat' dir='ltr'><strong>ut</strong></span> <span class='ocrx_word' id='word_1_799' title='bbox 2499 3564 2563 3615; x_wconf 87' lang='lat' dir='ltr'><strong>ait</strong></span> <span class='ocrx_word' id='word_1_800' title='bbox 2584 3560 2772 3615; x_wconf 83' lang='lat' dir='ltr'><strong>ibidem</strong></span> <span class='ocrx_word' id='word_1_801' title='bbox 2789 3560 3247 3620; x_wconf 80' lang='lat' dir='ltr'><strong>Ambrosiusnuio.</strong></span> 
     </span>
    </p>
   </div>
   <div class='ocr_carea' id='block_1_104' title="bbox 1719 3631 3251 3697">
    <p class='ocr_par' dir='ltr' id='par_1_104' title="bbox 1719 3631 3251 3697">
     <span class='ocr_line' id='line_1_104' title="bbox 1719 3631 3251 3697; baseline 0.003 -13"><span class='ocrx_word' id='word_1_802' title='bbox 1719 3633 1838 3693; x_wconf 68' lang='lat'><strong>175,</strong></span> <span class='ocrx_word' id='word_1_803' title='bbox 1864 3632 1981 3697; x_wconf 85' lang='lat' dir='ltr'><strong>quia</strong></span> <span class='ocrx_word' id='word_1_804' title='bbox 2003 3631 2136 3683; x_wconf 77' lang='lat' dir='ltr'><strong>solus</strong></span> <span class='ocrx_word' id='word_1_805' title='bbox 2161 3631 2417 3697; x_wconf 82' lang='lat' dir='ltr'><strong>proﬁtetur</strong></span> <span class='ocrx_word' id='word_1_806' title='bbox 2437 3647 2497 3683; x_wconf 75' lang='lat' dir='ltr'><strong>ea:</strong></span> <span class='ocrx_word' id='word_1_807' title='bbox 2516 3632 2759 3695; x_wconf 83' lang='lat' dir='ltr'><strong>omnibus,</strong></span> <span class='ocrx_word' id='word_1_808' title='bbox 2791 3633 2994 3697; x_wconf 86' lang='lat' dir='ltr'><strong>Petrus,</strong></span> <span class='ocrx_word' id='word_1_809' title='bbox 3029 3641 3251 3688; x_wconf 75' lang='lat' dir='ltr'><strong>omnibus</strong></span> 
     </span>
    </p>
   </div>
   <div class='ocr_carea' id='block_1_105' title="bbox 1718 3699 3247 3770">
    <p class='ocr_par' dir='ltr' id='par_1_105' title="bbox 1718 3699 3247 3770">
     <span class='ocr_line' id='line_1_105' title="bbox 1718 3699 3247 3770; baseline 0.003 -19"><span class='ocrx_word' id='word_1_810' title='bbox 1718 3705 2008 3770; x_wconf 70' lang='lat' dir='ltr'><strong>antefertur.</strong></span> <span class='ocrx_word' id='word_1_811' title='bbox 2054 3699 2125 3770; x_wconf 67' lang='lat' dir='ltr'><strong>pe</strong></span> <span class='ocrx_word' id='word_1_812' title='bbox 2158 3714 2281 3770; x_wconf 76' lang='lat' dir='ltr'><strong>cura</strong></span> <span class='ocrx_word' id='word_1_813' title='bbox 2318 3715 2545 3770; x_wconf 75' lang='lat' dir='ltr'><strong>animum</strong></span> <span class='ocrx_word' id='word_1_814' title='bbox 2578 3705 2729 3770; x_wconf 66' lang='lat' dir='ltr'><strong>beato</strong></span> <span class='ocrx_word' id='word_1_815' title='bbox 2762 3703 2912 3754; x_wconf 79' lang='lat' dir='ltr'><strong>Petro</strong></span> <span class='ocrx_word' id='word_1_816' title='bbox 2948 3710 3247 3770; x_wconf 60' lang='grc' dir='ltr'>ρεπιιιιιιίρεει,</span> 
     </span>
    </p>
   </div>
   <div class='ocr_carea' id='block_1_106' title="bbox 1724 3768 3245 3837">
    <p class='ocr_par' dir='ltr' id='par_1_106' title="bbox 1724 3768 3245 3837">
     <span class='ocr_line' id='line_1_106' title="bbox 1724 3768 3245 3837; baseline 0.004 -18"><span class='ocrx_word' id='word_1_817' title='bbox 1724 3770 1867 3837; x_wconf 84' lang='lat' dir='ltr'><strong>plura</strong></span> <span class='ocrx_word' id='word_1_818' title='bbox 1888 3768 2038 3819; x_wconf 84' lang='lat' dir='ltr'><strong>habet</strong></span> <span class='ocrx_word' id='word_1_819' title='bbox 2058 3768 2448 3837; x_wconf 75' lang='lat' dir='ltr'><strong>Bernardnslib.</strong></span> <span class='ocrx_word' id='word_1_820' title='bbox 2467 3784 2498 3819; x_wconf 88' lang='grc' dir='ltr'><strong>ιι</strong></span> <span class='ocrx_word' id='word_1_821' title='bbox 2522 3770 2583 3819; x_wconf 83' lang='lat' dir='ltr'><strong>de</strong></span> <span class='ocrx_word' id='word_1_822' title='bbox 2598 3768 3173 3837; x_wconf 79' lang='lat' dir='ltr'><strong>Consideratiooe,eap.</strong></span> <span class='ocrx_word' id='word_1_823' title='bbox 3195 3768 3245 3825; x_wconf 80' lang='lat'><strong>8.</strong></span> 
     </span>
    </p>
   </div>
   <div class='ocr_carea' id='block_1_107' title="bbox 1792 3833 3245 3899">
    <p class='ocr_par' dir='ltr' id='par_1_107' title="bbox 1792 3833 3245 3899">
     <span class='ocr_line' id='line_1_107' title="bbox 1792 3833 3245 3899; baseline 0.004 -13"><span class='ocrx_word' id='word_1_824' title='bbox 1792 3833 1815 3870; x_wconf 78' lang='grc' dir='ltr'><strong><em>ἀ</em></strong></span> <span class='ocrx_word' id='word_1_825' title='bbox 1843 3836 1962 3887; x_wconf 61' lang='lat' dir='ltr'><strong>llaec</strong></span> <span class='ocrx_word' id='word_1_826' title='bbox 1992 3836 2143 3886; x_wconf 89' lang='lat' dir='ltr'><strong>verba</strong></span> <span class='ocrx_word' id='word_1_827' title='bbox 2177 3850 2337 3899; x_wconf 85' lang='lat' dir='ltr'><strong>usque</strong></span> <span class='ocrx_word' id='word_1_828' title='bbox 2362 3838 2423 3886; x_wconf 88' lang='lat' dir='ltr'><strong>ad</strong></span> <span class='ocrx_word' id='word_1_829' title='bbox 2461 3838 2796 3899; x_wconf 72' lang='lat' dir='ltr'><strong>universique,</strong></span> <span class='ocrx_word' id='word_1_830' title='bbox 2824 3834 3004 3890; x_wconf 84' lang='lat' dir='ltr'><strong>desunt</strong></span> <span class='ocrx_word' id='word_1_831' title='bbox 3038 3841 3087 3891; x_wconf 89' lang='lat' dir='ltr'><strong>itt</strong></span> <span class='ocrx_word' id='word_1_832' title='bbox 3121 3833 3245 3893; x_wconf 76' lang='lat' dir='ltr'><strong>iii~s.</strong></span> 
     </span>
    </p>
   </div>
   <div class='ocr_carea' id='block_1_108' title="bbox 1718 3900 3245 3969">
    <p class='ocr_par' dir='ltr' id='par_1_108' title="bbox 1718 3900 3245 3969">
     <span class='ocr_line' id='line_1_108' title="bbox 1718 3900 3245 3969; baseline 0.004 -16"><span class='ocrx_word' id='word_1_833' title='bbox 1718 3902 1865 3969; x_wconf 81' lang='lat' dir='ltr'><strong>Golb.</strong></span> <span class='ocrx_word' id='word_1_834' title='bbox 1900 3904 1957 3969; x_wconf 76' lang='lat' dir='ltr'><strong>l,</strong></span> <span class='ocrx_word' id='word_1_835' title='bbox 1978 3903 2151 3969; x_wconf 71' lang='lat' dir='ltr'><strong>blart.,</strong></span> <span class='ocrx_word' id='word_1_836' title='bbox 2186 3900 2323 3961; x_wconf 86' lang='lat' dir='ltr'><strong>Ful.,</strong></span> <span class='ocrx_word' id='word_1_837' title='bbox 2346 3903 2545 3961; x_wconf 85' lang='lat' dir='ltr'><strong>Germ.,</strong></span> <span class='ocrx_word' id='word_1_838' title='bbox 2574 3912 2627 3953; x_wconf 90' lang='lat' dir='ltr'><strong>et</strong></span> <span class='ocrx_word' id='word_1_839' title='bbox 2652 3904 2701 3954; x_wconf 92' lang='lat' dir='ltr'><strong>in</strong></span> <span class='ocrx_word' id='word_1_840' title='bbox 2724 3906 2877 3957; x_wconf 83' lang='lat' dir='ltr'><strong>editis</strong></span> <span class='ocrx_word' id='word_1_841' title='bbox 2908 3910 3049 3969; x_wconf 60' lang='lat' dir='ltr'><strong>Sun,</strong></span> <span class='ocrx_word' id='word_1_842' title='bbox 3077 3908 3245 3967; x_wconf 83' lang='lat' dir='ltr'><strong>Bald.,</strong></span> 
     </span>
    </p>
   </div>
   <div class='ocr_carea' id='block_1_109' title="bbox 1720 3968 3250 4038">
    <p class='ocr_par' dir='ltr' id='par_1_109' title="bbox 1720 3968 3250 4038">
     <span class='ocr_line' id='line_1_109' title="bbox 1720 3968 3250 4038; baseline -0.002 -19"><span class='ocrx_word' id='word_1_843' title='bbox 1720 3968 1891 4038; x_wconf 69' lang='lat' dir='ltr'><strong>Bign.,</strong></span> <span class='ocrx_word' id='word_1_844' title='bbox 1940 3968 2110 4038; x_wconf 60' lang='grc' dir='ltr'><strong>Οτιὴ.³</strong></span> <span class='ocrx_word' id='word_1_845' title='bbox 2160 3979 2212 4038; x_wconf 82' lang='lat' dir='ltr'><strong>et</strong></span> <span class='ocrx_word' id='word_1_846' title='bbox 2239 3970 2431 4038; x_wconf 78' lang='lat' dir='ltr'><strong>llellor.</strong></span> <span class='ocrx_word' id='word_1_847' title='bbox 2475 3969 2669 4038; x_wconf 83' lang='lat' dir='ltr'><strong>Tamen</strong></span> <span class='ocrx_word' id='word_1_848' title='bbox 2697 3986 2816 4038; x_wconf 79' lang='lat' dir='ltr'><strong>erga</strong></span> <span class='ocrx_word' id='word_1_849' title='bbox 2863 3968 3096 4026; x_wconf 86' lang='lat' dir='ltr'><strong>sanctum</strong></span> <span class='ocrx_word' id='word_1_850' title='bbox 3144 3979 3250 4028; x_wconf 85' lang='lat' dir='ltr'><strong>Ait-</strong></span> 
     </span>
    </p>
   </div>
   <div class='ocr_carea' id='block_1_110' title="bbox 1716 4034 3249 4102">
    <p class='ocr_par' dir='ltr' id='par_1_110' title="bbox 1716 4034 3249 4102">
     <span class='ocr_line' id='line_1_110' title="bbox 1716 4034 3249 4102; baseline 0.006 -14"><span class='ocrx_word' id='word_1_851' title='bbox 1716 4036 1891 4088; x_wconf 86' lang='lat' dir='ltr'><strong>dreani</strong></span> <span class='ocrx_word' id='word_1_852' title='bbox 1938 4034 2182 4102; x_wconf 85' lang='lat' dir='ltr'><strong>singulari</strong></span> <span class='ocrx_word' id='word_1_853' title='bbox 2228 4036 2503 4088; x_wconf 85' lang='lat' dir='ltr'><strong>devotione</strong></span> <span class='ocrx_word' id='word_1_854' title='bbox 2532 4034 2941 4092; x_wconf 50' lang='lat' dir='ltr'><strong>affectus&#39;lniSse</strong></span> <span class='ocrx_word' id='word_1_855' title='bbox 2979 4043 3249 4097; x_wconf 80' lang='lat' dir='ltr'><strong>Africanos</strong></span> 
     </span>
    </p>
   </div>
   <div class='ocr_carea' id='block_1_111' title="bbox 1717 4104 3247 4179">
    <p class='ocr_par' dir='ltr' id='par_1_111' title="bbox 1717 4104 3247 4179">
     <span class='ocr_line' id='line_1_111' title="bbox 1717 4104 3247 4179; baseline 0.005 -24"><span class='ocrx_word' id='word_1_856' title='bbox 1717 4105 2110 4179; x_wconf 63' lang='lat' dir='ltr'><strong>eolligi_potest</strong></span> <span class='ocrx_word' id='word_1_857' title='bbox 2159 4118 2225 4156; x_wconf 81' lang='lat' dir='ltr'><strong>ex</strong></span> <span class='ocrx_word' id='word_1_858' title='bbox 2277 4104 2440 4157; x_wconf 84' lang='lat' dir='ltr'><strong>veteri</strong></span> <span class='ocrx_word' id='word_1_859' title='bbox 2488 4106 2781 4179; x_wconf 80' lang='lat' dir='ltr'><strong>calendario</strong></span> <span class='ocrx_word' id='word_1_860' title='bbox 2826 4110 3247 4179; x_wconf 72' lang='lat' dir='ltr'><strong>Carthaginiensis</strong></span> 
     </span>
    </p>
   </div>
   <div class='ocr_carea' id='block_1_112' title="bbox 1721 4172 3249 4247">
    <p class='ocr_par' dir='ltr' id='par_1_112' title="bbox 1721 4172 3249 4247">
     <span class='ocr_line' id='line_1_112' title="bbox 1721 4172 3249 4247; baseline 0.007 -22"><span class='ocrx_word' id='word_1_861' title='bbox 1721 4172 1988 4247; x_wconf 60' lang='lat' dir='ltr'><strong>Ecclesiae,</strong></span> <span class='ocrx_word' id='word_1_862' title='bbox 2017 4172 2066 4224; x_wconf 91' lang='lat' dir='ltr'><strong>in</strong></span> <span class='ocrx_word' id='word_1_863' title='bbox 2098 4188 2199 4239; x_wconf 90' lang='lat' dir='ltr'><strong>quo</strong></span> <span class='ocrx_word' id='word_1_864' title='bbox 2227 4188 2289 4225; x_wconf 81' lang='lat' dir='ltr'><strong>ex</strong></span> <span class='ocrx_word' id='word_1_865' title='bbox 2305 4176 2565 4247; x_wconf 72' lang='lat' dir='ltr'><strong>apostolis</strong></span> <span class='ocrx_word' id='word_1_866' title='bbox 2594 4180 2735 4247; x_wconf 79' lang='lat' dir='ltr'><strong>solus</strong></span> <span class='ocrx_word' id='word_1_867' title='bbox 2766 4179 2989 4230; x_wconf 79' lang='lat' dir='ltr'><strong>Andreas</strong></span> <span class='ocrx_word' id='word_1_868' title='bbox 3003 4172 3042 4244; x_wconf 62' lang='grc'><strong>,⁷</strong></span> <span class='ocrx_word' id='word_1_869' title='bbox 3059 4183 3144 4247; x_wconf 91' lang='lat' dir='ltr'><strong>qui</strong></span> <span class='ocrx_word' id='word_1_870' title='bbox 3175 4182 3249 4235; x_wconf 91' lang='lat' dir='ltr'><strong>ibi</strong></span> 
     </span>
    </p>
   </div>
   <div class='ocr_carea' id='block_1_113' title="bbox 1718 4242 3247 4314">
    <p class='ocr_par' dir='ltr' id='par_1_113' title="bbox 1718 4242 3247 4314">
     <span class='ocr_line' id='line_1_113' title="bbox 1718 4242 3247 4314; baseline 0.008 -21"><span class='ocrx_word' id='word_1_871' title='bbox 1718 4246 1973 4308; x_wconf 75' lang='lat' dir='ltr'><strong>apostolus</strong></span> <span class='ocrx_word' id='word_1_872' title='bbox 2002 4252 2047 4294; x_wconf 78' lang='lat' dir='ltr'><strong>et</strong></span> <span class='ocrx_word' id='word_1_873' title='bbox 2076 4253 2261 4314; x_wconf 79' lang='lat' dir='ltr'><strong>martyr</strong></span> <span class='ocrx_word' id='word_1_874' title='bbox 2287 4242 2491 4305; x_wconf 90' lang='lat' dir='ltr'><strong>dicitur,</strong></span> <span class='ocrx_word' id='word_1_875' title='bbox 2520 4258 2637 4296; x_wconf 88' lang='lat' dir='ltr'><strong>cum</strong></span> <span class='ocrx_word' id='word_1_876' title='bbox 2665 4244 2879 4314; x_wconf 83' lang='lat' dir='ltr'><strong>Jacobo,</strong></span> <span class='ocrx_word' id='word_1_877' title='bbox 2905 4242 3091 4314; x_wconf 63' lang='lat' dir='ltr'><strong>praeter</strong></span> <span class='ocrx_word' id='word_1_878' title='bbox 3114 4250 3247 4305; x_wconf 84' lang='lat' dir='ltr'><strong>forte</strong></span> 
     </span>
    </p>
   </div>
   <div class='ocr_carea' id='block_1_114' title="bbox 1717 4310 2723 4379">
    <p class='ocr_par' dir='ltr' id='par_1_114' title="bbox 1717 4310 2723 4379">
     <span class='ocr_line' id='line_1_114' title="bbox 1717 4310 2723 4379; baseline 0.004 -16"><span class='ocrx_word' id='word_1_879' title='bbox 1717 4315 2067 4379; x_wconf 77' lang='lat' dir='ltr'><strong>apoStolortmi</strong></span> <span class='ocrx_word' id='word_1_880' title='bbox 2100 4310 2379 4377; x_wconf 86' lang='lat' dir='ltr'><strong>principes,</strong></span> <span class='ocrx_word' id='word_1_881' title='bbox 2410 4315 2723 4367; x_wconf 87' lang='lat' dir='ltr'><strong>celebratur.</strong></span> 
     </span>
    </p>
   </div>
   <div class='ocr_carea' id='block_1_115' title="bbox 1790 4380 3248 4449">
    <p class='ocr_par' dir='ltr' id='par_1_115' title="bbox 1790 4380 3248 4449">
     <span class='ocr_line' id='line_1_115' title="bbox 1790 4380 3248 4449; baseline 0.005 -16"><span class='ocrx_word' id='word_1_882' title='bbox 1790 4390 1811 4415; x_wconf 77' lang='grc' dir='ltr'><strong>ο</strong></span> <span class='ocrx_word' id='word_1_883' title='bbox 1839 4381 1947 4433; x_wconf 89' lang='lat' dir='ltr'><strong>Huc</strong></span> <span class='ocrx_word' id='word_1_884' title='bbox 1987 4380 2314 4449; x_wconf 60' lang='lat' dir='ltr'><strong>referendum</strong></span> <span class='ocrx_word' id='word_1_885' title='bbox 2344 4383 2479 4449; x_wconf 89' lang='lat' dir='ltr'><strong>quod</strong></span> <span class='ocrx_word' id='word_1_886' title='bbox 2510 4384 2576 4435; x_wconf 90' lang='lat' dir='ltr'><strong>de</strong></span> <span class='ocrx_word' id='word_1_887' title='bbox 2602 4383 2738 4435; x_wconf 80' lang='lat' dir='ltr'><strong>Afris</strong></span> <span class='ocrx_word' id='word_1_888' title='bbox 2781 4383 2933 4439; x_wconf 84' lang='lat' dir='ltr'><strong>habet</strong></span> <span class='ocrx_word' id='word_1_889' title='bbox 2974 4387 3248 4442; x_wconf 88' lang='lat' dir='ltr'><strong>Salvianus</strong></span> 
     </span>
    </p>
   </div>
   <div class='ocr_carea' id='block_1_116' title="bbox 1717 4448 3251 4517">
    <p class='ocr_par' dir='ltr' id='par_1_116' title="bbox 1717 4448 3251 4517">
     <span class='ocr_line' id='line_1_116' title="bbox 1717 4448 3251 4517; baseline 0.005 -15"><span class='ocrx_word' id='word_1_890' title='bbox 1717 4449 1768 4502; x_wconf 91' lang='lat' dir='ltr'><strong>in</strong></span> <span class='ocrx_word' id='word_1_891' title='bbox 1801 4449 1945 4502; x_wconf 90' lang='lat' dir='ltr'><strong>libris</strong></span> <span class='ocrx_word' id='word_1_892' title='bbox 1971 4450 2035 4501; x_wconf 85' lang='lat' dir='ltr'><strong>tle</strong></span> <span class='ocrx_word' id='word_1_893' title='bbox 2066 4448 2452 4503; x_wconf 85' lang='lat' dir='ltr'><strong>Gubernatione</strong></span> <span class='ocrx_word' id='word_1_894' title='bbox 2487 4451 2593 4513; x_wconf 90' lang='lat' dir='ltr'><strong>Dei,</strong></span> <span class='ocrx_word' id='word_1_895' title='bbox 2626 4456 2946 4517; x_wconf 87' lang='lat' dir='ltr'><strong>potissimum</strong></span> <span class='ocrx_word' id='word_1_896' title='bbox 2978 4456 3064 4507; x_wconf 91' lang='lat' dir='ltr'><strong>lib.</strong></span> <span class='ocrx_word' id='word_1_897' title='bbox 3107 4473 3175 4509; x_wconf 87' lang='lat' dir='ltr'><strong>vn</strong></span> <span class='ocrx_word' id='word_1_898' title='bbox 3198 4468 3251 4509; x_wconf 86' lang='lat' dir='ltr'><strong>et</strong></span> 
     </span>
    </p>
   </div>
   <div class='ocr_carea' id='block_1_117' title="bbox 1718 4518 3248 4589">
    <p class='ocr_par' dir='ltr' id='par_1_117' title="bbox 1718 4518 3248 4589">
     <span class='ocr_line' id='line_1_117' title="bbox 1718 4518 3248 4589; baseline 0.005 -20"><span class='ocrx_word' id='word_1_899' title='bbox 1718 4533 1825 4589; x_wconf 75' lang='lat' dir='ltr'><strong>viii,</strong></span> <span class='ocrx_word' id='word_1_900' title='bbox 1862 4518 1944 4589; x_wconf 89' lang='lat' dir='ltr'><strong>ubi</strong></span> <span class='ocrx_word' id='word_1_901' title='bbox 1969 4532 2147 4570; x_wconf 89' lang='lat' dir='ltr'><strong>eorum</strong></span> <span class='ocrx_word' id='word_1_902' title='bbox 2174 4519 2637 4589; x_wconf 76' lang='lat' dir='ltr'><strong>depravatissimos</strong></span> <span class='ocrx_word' id='word_1_903' title='bbox 2659 4536 2862 4579; x_wconf 83' lang='lat' dir='ltr'><strong>mores,</strong></span> <span class='ocrx_word' id='word_1_904' title='bbox 2882 4538 2941 4575; x_wconf 84' lang='lat' dir='ltr'><strong>ae</strong></span> <span class='ocrx_word' id='word_1_905' title='bbox 2964 4528 3248 4589; x_wconf 59' lang='lat' dir='ltr'><strong>praesertim</strong></span> 
     </span>
    </p>
   </div>
   <div class='ocr_carea' id='block_1_118' title="bbox 1721 4586 3251 4653">
    <p class='ocr_par' dir='ltr' id='par_1_118' title="bbox 1721 4586 3251 4653">
     <span class='ocr_line' id='line_1_118' title="bbox 1721 4586 3251 4653; baseline 0.005 -16"><span class='ocrx_word' id='word_1_906' title='bbox 1721 4586 1976 4637; x_wconf 81' lang='lat' dir='ltr'><strong>luxuriam</strong></span> <span class='ocrx_word' id='word_1_907' title='bbox 1997 4624 2010 4647; x_wconf 90' lang='lat'><strong>,</strong></span> <span class='ocrx_word' id='word_1_908' title='bbox 2059 4586 2471 4653; x_wconf 78' lang='lat' dir='ltr'><strong>spectaCulorum</strong></span> <span class='ocrx_word' id='word_1_909' title='bbox 2500 4589 2818 4650; x_wconf 87' lang='lat' dir='ltr'><strong>aviditatem,</strong></span> <span class='ocrx_word' id='word_1_910' title='bbox 2848 4586 3111 4642; x_wconf 79' lang='lat' dir='ltr'><strong>hominum</strong></span> <span class='ocrx_word' id='word_1_911' title='bbox 3148 4594 3251 4645; x_wconf 83' lang='lat' dir='ltr'><strong>Deo</strong></span> 
     </span>
    </p>
   </div>
   <div class='ocr_carea' id='block_1_119' title="bbox 1719 4658 3247 4727">
    <p class='ocr_par' dir='ltr' id='par_1_119' title="bbox 1719 4658 3247 4727">
     <span class='ocr_line' id='line_1_119' title="bbox 1719 4658 3247 4727; baseline 0.004 -22"><span class='ocrx_word' id='word_1_912' title='bbox 1719 4667 2039 4727; x_wconf 38' lang='lat' dir='ltr'><strong>sacratorum</strong></span> <span class='ocrx_word' id='word_1_913' title='bbox 2068 4664 2420 4727; x_wconf 75' lang='lat' dir='ltr'><strong>contemptum</strong></span> <span class='ocrx_word' id='word_1_914' title='bbox 2446 4658 2661 4727; x_wconf 77' lang='lat' dir='ltr'><strong>aliaque</strong></span> <span class='ocrx_word' id='word_1_915' title='bbox 2702 4658 2748 4708; x_wconf 91' lang='lat' dir='ltr'><strong>id</strong></span> <span class='ocrx_word' id='word_1_916' title='bbox 2776 4672 2939 4723; x_wconf 79' lang='lat' dir='ltr'><strong>genus</strong></span> <span class='ocrx_word' id='word_1_917' title='bbox 2964 4662 3105 4721; x_wconf 80' lang='lat' dir='ltr'><strong>vitia,</strong></span> <span class='ocrx_word' id='word_1_918' title='bbox 3129 4664 3247 4727; x_wconf 88' lang='lat' dir='ltr'><strong>qtii-</strong></span> 
     </span>
    </p>
   </div>
   <div class='ocr_carea' id='block_1_120' title="bbox 1719 4722 3246 4794">
    <p class='ocr_par' dir='ltr' id='par_1_120' title="bbox 1719 4722 3246 4794">
     <span class='ocr_line' id='line_1_120' title="bbox 1719 4722 3246 4794; baseline 0.001 -19"><span class='ocrx_word' id='word_1_919' title='bbox 1719 4723 1813 4775; x_wconf 89' lang='lat' dir='ltr'><strong>bus</strong></span> <span class='ocrx_word' id='word_1_920' title='bbox 1844 4722 1910 4775; x_wconf 91' lang='lat' dir='ltr'><strong>illi</strong></span> <span class='ocrx_word' id='word_1_921' title='bbox 1945 4723 1993 4794; x_wconf 85' lang='lat' dir='ltr'><strong>in</strong></span> <span class='ocrx_word' id='word_1_922' title='bbox 2038 4737 2154 4794; x_wconf 84' lang='lat' dir='ltr'><strong>sese</strong></span> <span class='ocrx_word' id='word_1_923' title='bbox 2198 4724 2335 4789; x_wconf 70' lang='lat' dir='ltr'><strong>ipSlh</strong></span> <span class='ocrx_word' id='word_1_924' title='bbox 2372 4725 2457 4775; x_wconf 82' lang='lat' dir='ltr'><strong>Dei</strong></span> <span class='ocrx_word' id='word_1_925' title='bbox 2488 4722 3200 4780; x_wconf 16' lang='lat' dir='ltr'><strong>vindictamfootitinoverunt</strong></span> <span class='ocrx_word' id='word_1_926' title='bbox 3232 4769 3246 4794; x_wconf 85' lang='lat'><strong>,</strong></span> 
     </span>
    </p>
   </div>
   <div class='ocr_carea' id='block_1_121' title="bbox 1719 4791 2567 4859">
    <p class='ocr_par' dir='ltr' id='par_1_121' title="bbox 1719 4791 2567 4859">
     <span class='ocr_line' id='line_1_121' title="bbox 1719 4791 2567 4859; baseline 0.002 -15"><span class='ocrx_word' id='word_1_927' title='bbox 1719 4794 1924 4857; x_wconf 83' lang='lat' dir='ltr'><strong>egregie</strong></span> <span class='ocrx_word' id='word_1_928' title='bbox 1951 4791 2191 4859; x_wconf 65' lang='lat' dir='ltr'><strong>describit</strong></span> <span class='ocrx_word' id='word_1_929' title='bbox 2225 4807 2285 4844; x_wconf 89' lang='lat' dir='ltr'><strong>ac</strong></span> <span class='ocrx_word' id='word_1_930' title='bbox 2315 4794 2567 4859; x_wconf 73' lang='lat' dir='ltr'><strong>deplorat.</strong></span> 
     </span>
    </p>
   </div>
   <div class='ocr_carea' id='block_1_122' title="bbox 1796 4858 3249 4927">
    <p class='ocr_par' dir='ltr' id='par_1_122' title="bbox 1796 4858 3249 4927">
     <span class='ocr_line' id='line_1_122' title="bbox 1796 4858 3249 4927; baseline 0.004 -17"><span class='ocrx_word' id='word_1_931' title='bbox 1796 4860 1813 4895; x_wconf 73' lang='grc' dir='ltr'>ί</span> <span class='ocrx_word' id='word_1_932' title='bbox 1850 4858 2143 4927; x_wconf 86' lang='lat' dir='ltr'><strong>Legenduin</strong></span> <span class='ocrx_word' id='word_1_933' title='bbox 2174 4860 2306 4912; x_wconf 87' lang='lat' dir='ltr'><strong>forte</strong></span> <span class='ocrx_word' id='word_1_934' title='bbox 2334 4858 2627 4923; x_wconf 79' lang='lat' dir='ltr'><strong>precatores.</strong></span> <span class='ocrx_word' id='word_1_935' title='bbox 2662 4860 2823 4913; x_wconf 87' lang='lat' dir='ltr'><strong>Porro</strong></span> <span class='ocrx_word' id='word_1_936' title='bbox 2848 4860 2993 4915; x_wconf 91' lang='lat' dir='ltr'><strong>Colb.</strong></span> <span class='ocrx_word' id='word_1_937' title='bbox 3023 4879 3055 4915; x_wconf 93' lang='lat' dir='ltr'><strong>I.</strong></span> <span class='ocrx_word' id='word_1_938' title='bbox 3083 4864 3249 4927; x_wconf 80' lang='lat' dir='ltr'><strong>Port.,</strong></span> 
     </span>
    </p>
   </div>
   <div class='ocr_carea' id='block_1_123' title="bbox 1719 4926 3250 4997">
    <p class='ocr_par' dir='ltr' id='par_1_123' title="bbox 1719 4926 3250 4997">
     <span class='ocr_line' id='line_1_123' title="bbox 1719 4926 3250 4997; baseline 0.002 -17"><span class='ocrx_word' id='word_1_939' title='bbox 1719 4926 1941 4989; x_wconf 24' lang='lat' dir='ltr'><strong>Gerun,’</strong></span> <span class='ocrx_word' id='word_1_940' title='bbox 1968 4926 2104 4997; x_wconf 79' lang='lat' dir='ltr'><strong>Ful.,</strong></span> <span class='ocrx_word' id='word_1_941' title='bbox 2158 4938 2209 4980; x_wconf 89' lang='lat' dir='ltr'><strong>et</strong></span> <span class='ocrx_word' id='word_1_942' title='bbox 2235 4929 2409 4982; x_wconf 70' lang='lat' dir='ltr'><strong>Chii“.</strong></span> <span class='ocrx_word' id='word_1_943' title='bbox 2442 4931 2648 4989; x_wconf 69' lang='lat' dir='ltr'><strong>habent,</strong></span> <span class='ocrx_word' id='word_1_944' title='bbox 2680 4942 2961 4997; x_wconf 78' lang='lat' dir='ltr'><strong>peccatores</strong></span> <span class='ocrx_word' id='word_1_945' title='bbox 2984 4972 2996 4993; x_wconf 94' lang='lat'><strong>,</strong></span> <span class='ocrx_word' id='word_1_946' title='bbox 3037 4943 3089 4984; x_wconf 82' lang='lat' dir='ltr'><strong>ut</strong></span> <span class='ocrx_word' id='word_1_947' title='bbox 3110 4926 3250 4984; x_wconf 82' lang='lat' dir='ltr'><strong>illum</strong></span> 
     </span>
    </p>
   </div>
   <div class='ocr_carea' id='block_1_124' title="bbox 1720 4996 2913 5064">
    <p class='ocr_par' dir='ltr' id='par_1_124' title="bbox 1720 4996 2913 5064">
     <span class='ocr_line' id='line_1_124' title="bbox 1720 4996 2913 5064; baseline 0.006 -19"><span class='ocrx_word' id='word_1_948' title='bbox 1720 5011 1810 5063; x_wconf 77' lang='lat' dir='ltr'><strong>pro</strong></span> <span class='ocrx_word' id='word_1_949' title='bbox 1832 4998 1969 5046; x_wconf 82' lang='lat' dir='ltr'><strong>nobis</strong></span> <span class='ocrx_word' id='word_1_950' title='bbox 1992 4996 2249 5061; x_wconf 65' lang='lat' dir='ltr'><strong>deprecari</strong></span> <span class='ocrx_word' id='word_1_951' title='bbox 2270 4998 2543 5064; x_wconf 84' lang='lat' dir='ltr'><strong>dignemini</strong></span> <span class='ocrx_word' id='word_1_952' title='bbox 2570 5014 2648 5058; x_wconf 79' lang='lat' dir='ltr'><strong>om</strong></span> <span class='ocrx_word' id='word_1_953' title='bbox 2678 4996 2788 5058; x_wconf 85' lang='lat' dir='ltr'><strong>vos,</strong></span> <span class='ocrx_word' id='word_1_954' title='bbox 2811 5010 2913 5052; x_wconf 89' lang='lat' dir='ltr'><strong>etc.</strong></span> 
     </span>
    </p>
   </div>
   <div class='ocr_carea' id='block_1_125' title="bbox 1791 5065 3251 5122">
    <p class='ocr_par' dir='ltr' id='par_1_125' title="bbox 1791 5065 3251 5122">
     <span class='ocr_line' id='line_1_125' title="bbox 1791 5065 3251 5122; baseline 0.006 -9"><span class='ocrx_word' id='word_1_955' title='bbox 1791 5072 1814 5108; x_wconf 78' lang='grc' dir='ltr'><strong>ι</strong></span> <span class='ocrx_word' id='word_1_956' title='bbox 1848 5065 1965 5114; x_wconf 85' lang='lat' dir='ltr'><strong>Lor.</strong></span> <span class='ocrx_word' id='word_1_957' title='bbox 2026 5066 2176 5115; x_wconf 86' lang='lat' dir='ltr'><strong>habet</strong></span> <span class='ocrx_word' id='word_1_958' title='bbox 2230 5078 2385 5116; x_wconf 84' lang='lat' dir='ltr'><strong>morte</strong></span> <span class='ocrx_word' id='word_1_959' title='bbox 2431 5074 2814 5118; x_wconf 77' lang='lat' dir='ltr'><strong>consumiitatus.</strong></span> <span class='ocrx_word' id='word_1_960' title='bbox 2872 5068 2933 5119; x_wconf 78' lang='lat' dir='ltr'><strong>Et</strong></span> <span class='ocrx_word' id='word_1_961' title='bbox 2982 5068 3109 5118; x_wconf 78' lang='lat' dir='ltr'><strong>infra</strong></span> <span class='ocrx_word' id='word_1_962' title='bbox 3155 5070 3251 5122; x_wconf 86' lang='lat' dir='ltr'><strong>soli</strong></span> 
     </span>
    </p>
   </div>
   <div class='ocr_carea' id='block_1_126' title="bbox 1721 5131 3253 5203">
    <p class='ocr_par' dir='ltr' id='par_1_126' title="bbox 1721 5131 3253 5203">
     <span class='ocr_line' id='line_1_126' title="bbox 1721 5131 3253 5203; baseline 0.005 -21"><span class='ocrx_word' id='word_1_963' title='bbox 1721 5131 1927 5203; x_wconf 83' lang='lat' dir='ltr'><strong>Comp.,</strong></span> <span class='ocrx_word' id='word_1_964' title='bbox 1966 5132 2140 5203; x_wconf 62' lang='grc' dir='ltr'><strong>υτιΙι.9</strong></span> <span class='ocrx_word' id='word_1_965' title='bbox 2169 5142 2222 5203; x_wconf 79' lang='lat' dir='ltr'><strong>et</strong></span> <span class='ocrx_word' id='word_1_966' title='bbox 2252 5136 2518 5203; x_wconf 77' lang='lat' dir='ltr'><strong>Lorichius</strong></span> <span class='ocrx_word' id='word_1_967' title='bbox 2550 5134 2738 5187; x_wconf 85' lang='lat' dir='ltr'><strong>habent</strong></span> <span class='ocrx_word' id='word_1_968' title='bbox 2767 5139 3094 5203; x_wconf 73' lang='lat' dir='ltr'><strong>putrefactus.</strong></span> <span class='ocrx_word' id='word_1_969' title='bbox 3144 5137 3253 5189; x_wconf 62' lang='grc' dir='ltr'><strong>(ᾄξεη</strong></span> 
     </span>
    </p>
   </div>
   <div class='ocr_carea' id='block_1_127' title="bbox 1723 5200 2606 5267">
    <p class='ocr_par' dir='ltr' id='par_1_127' title="bbox 1723 5200 2606 5267">
     <span class='ocr_line' id='line_1_127' title="bbox 1723 5200 2606 5267; baseline 0.002 -16"><span class='ocrx_word' id='word_1_970' title='bbox 1723 5200 1814 5267; x_wconf 83' lang='lat' dir='ltr'><strong>teri</strong></span> <span class='ocrx_word' id='word_1_971' title='bbox 1844 5214 1971 5251; x_wconf 80' lang='lat' dir='ltr'><strong>mss.</strong></span> <span class='ocrx_word' id='word_1_972' title='bbox 1998 5210 2049 5250; x_wconf 84' lang='lat' dir='ltr'><strong>et</strong></span> <span class='ocrx_word' id='word_1_973' title='bbox 2078 5201 2225 5265; x_wconf 86' lang='lat' dir='ltr'><strong>cdtti,</strong></span> <span class='ocrx_word' id='word_1_974' title='bbox 2260 5202 2606 5267; x_wconf 79' lang='lat' dir='ltr'><strong>putrefactmtt.</strong></span> 
     </span>
    </p>
   </div>
   <div class='ocr_carea' id='block_1_128' title="bbox 1792 5266 3250 5337">
    <p class='ocr_par' dir='ltr' id='par_1_128' title="bbox 1792 5266 3250 5337">
     <span class='ocr_line' id='line_1_128' title="bbox 1792 5266 3250 5337; baseline 0.004 -19"><span class='ocrx_word' id='word_1_975' title='bbox 1792 5266 1818 5302; x_wconf 68' lang='grc' dir='ltr'><strong>ιι</strong></span> <span class='ocrx_word' id='word_1_976' title='bbox 1852 5267 1995 5319; x_wconf 87' lang='lat' dir='ltr'><strong>llunc</strong></span> <span class='ocrx_word' id='word_1_977' title='bbox 2029 5268 2193 5321; x_wconf 82' lang='lat' dir='ltr'><strong>locum</strong></span> <span class='ocrx_word' id='word_1_978' title='bbox 2221 5266 2294 5322; x_wconf 88' lang='lat' dir='ltr'><strong>sic</strong></span> <span class='ocrx_word' id='word_1_979' title='bbox 2316 5287 2413 5337; x_wconf 88' lang='lat' dir='ltr'><strong>ope</strong></span> <span class='ocrx_word' id='word_1_980' title='bbox 2441 5270 2656 5322; x_wconf 90' lang='lat' dir='ltr'><strong>Ortliod.</strong></span> <span class='ocrx_word' id='word_1_981' title='bbox 2688 5280 2740 5323; x_wconf 82' lang='lat' dir='ltr'><strong>et</strong></span> <span class='ocrx_word' id='word_1_982' title='bbox 2762 5270 2985 5323; x_wconf 82' lang='lat' dir='ltr'><strong>Loricltii</strong></span> <span class='ocrx_word' id='word_1_983' title='bbox 3022 5273 3250 5324; x_wconf 76' lang='lat' dir='ltr'><strong>restitui-</strong></span> 
     </span>
    </p>
   </div>
   <div class='ocr_carea' id='block_1_129' title="bbox 1722 5338 3252 5406">
    <p class='ocr_par' dir='ltr' id='par_1_129' title="bbox 1722 5338 3252 5406">
     <span class='ocr_line' id='line_1_129' title="bbox 1722 5338 3252 5406; baseline 0.004 -19"><span class='ocrx_word' id='word_1_984' title='bbox 1722 5350 1852 5387; x_wconf 89' lang='lat' dir='ltr'><strong>ttius.</strong></span> <span class='ocrx_word' id='word_1_985' title='bbox 1892 5338 1941 5385; x_wconf 89' lang='lat' dir='ltr'><strong>ln</strong></span> <span class='ocrx_word' id='word_1_986' title='bbox 1991 5344 2196 5406; x_wconf 64' lang='lat' dir='ltr'><strong>cmteris</strong></span> <span class='ocrx_word' id='word_1_987' title='bbox 2222 5338 2391 5389; x_wconf 84' lang='lat' dir='ltr'><strong>nullus</strong></span> <span class='ocrx_word' id='word_1_988' title='bbox 2429 5353 2615 5391; x_wconf 84' lang='lat' dir='ltr'><strong>sensus</strong></span> <span class='ocrx_word' id='word_1_989' title='bbox 2654 5350 2885 5405; x_wconf 80' lang='lat' dir='ltr'><strong>apparet.</strong></span> <span class='ocrx_word' id='word_1_990' title='bbox 2920 5341 3252 5406; x_wconf 76' lang='lat' dir='ltr'><strong>Singulorum</strong></span> 
     </span>
    </p>
   </div>
   <div class='ocr_carea' id='block_1_130' title="bbox 1724 5404 3253 5476">
    <p class='ocr_par' dir='ltr' id='par_1_130' title="bbox 1724 5404 3253 5476">
     <span class='ocr_line' id='line_1_130' title="bbox 1724 5404 3253 5476; baseline 0.005 -22"><span class='ocrx_word' id='word_1_991' title='bbox 1724 5416 1891 5455; x_wconf 88' lang='lat' dir='ltr'><strong>tamen</strong></span> <span class='ocrx_word' id='word_1_992' title='bbox 1922 5404 2157 5476; x_wconf 80' lang='lat' dir='ltr'><strong>codicum</strong></span> <span class='ocrx_word' id='word_1_993' title='bbox 2190 5406 2355 5476; x_wconf 78' lang='lat' dir='ltr'><strong>lectio</strong></span> <span class='ocrx_word' id='word_1_994' title='bbox 2382 5422 2437 5458; x_wconf 89' lang='lat' dir='ltr'><strong>es</strong></span> <span class='ocrx_word' id='word_1_995' title='bbox 2462 5404 2834 5469; x_wconf 58' lang='lat' dir='ltr'><strong>repraesentare</strong></span> <span class='ocrx_word' id='word_1_996' title='bbox 2862 5404 3083 5470; x_wconf 20' lang='lat' dir='ltr'><strong>libet,‘ut</strong></span> <span class='ocrx_word' id='word_1_997' title='bbox 3110 5411 3253 5476; x_wconf 72' lang='lat' dir='ltr'><strong>quis~</strong></span> 
     </span>
    </p>
   </div>
   <div class='ocr_carea' id='block_1_131' title="bbox 1721 5473 3251 5546">
    <p class='ocr_par' dir='ltr' id='par_1_131' title="bbox 1721 5473 3251 5546">
     <span class='ocr_line' id='line_1_131' title="bbox 1721 5473 3251 5546; baseline 0.006 -25"><span class='ocrx_word' id='word_1_998' title='bbox 1721 5488 1820 5546; x_wconf 71' lang='lat' dir='ltr'><strong>que</strong></span> <span class='ocrx_word' id='word_1_999' title='bbox 1848 5473 2000 5546; x_wconf 51' lang='lat' dir='ltr'><strong>(fide</strong></span> <span class='ocrx_word' id='word_1_1000' title='bbox 2030 5487 2085 5523; x_wconf 89' lang='lat' dir='ltr'><strong>re</strong></span> <span class='ocrx_word' id='word_1_1001' title='bbox 2116 5475 2273 5546; x_wconf 84' lang='lat' dir='ltr'><strong>possit</strong></span> <span class='ocrx_word' id='word_1_1002' title='bbox 2296 5476 2555 5546; x_wconf 69' lang='lat' dir='ltr'><strong>judicium</strong></span> <span class='ocrx_word' id='word_1_1003' title='bbox 2579 5476 2733 5546; x_wconf 56' lang='lat' dir='ltr'><strong>ferre,</strong></span> <span class='ocrx_word' id='word_1_1004' title='bbox 2768 5476 2948 5546; x_wconf 66' lang='lat' dir='ltr'><strong>utsibi</strong></span> <span class='ocrx_word' id='word_1_1005' title='bbox 2980 5473 3251 5546; x_wconf 70' lang='lat' dir='ltr'><strong>placuerit.</strong></span> 
     </span>
    </p>
   </div>
   <div class='ocr_carea' id='block_1_132' title="bbox 1722 5540 3249 5610">
    <p class='ocr_par' dir='ltr' id='par_1_132' title="bbox 1722 5540 3249 5610">
     <span class='ocr_line' id='line_1_132' title="bbox 1722 5540 3249 5610; baseline 0.003 -19"><span class='ocrx_word' id='word_1_1006' title='bbox 1722 5542 1827 5605; x_wconf 80' lang='lat'><strong>90</strong></span> <span class='ocrx_word' id='word_1_1007' title='bbox 1855 5540 2117 5593; x_wconf 85' lang='lat' dir='ltr'><strong>Editiones</strong></span> <span class='ocrx_word' id='word_1_1008' title='bbox 2144 5542 2605 5604; x_wconf 79' lang='lat' dir='ltr'><strong>ltltenani,Clnfll..</strong></span> <span class='ocrx_word' id='word_1_1009' title='bbox 2634 5542 2750 5596; x_wconf 70' lang='grc' dir='ltr'><strong>ειη.</strong></span> <span class='ocrx_word' id='word_1_1010' title='bbox 2806 5543 2935 5607; x_wconf 73' lang='lat' dir='ltr'><strong>Bign</strong></span> <span class='ocrx_word' id='word_1_1011' title='bbox 2967 5540 3061 5610; x_wconf 42' lang='lat' dir='ltr'><strong>,‘ct</strong></span> <span class='ocrx_word' id='word_1_1012' title='bbox 3085 5546 3249 5609; x_wconf 85' lang='lat' dir='ltr'><strong>Bald.,</strong></span> 
     </span>
    </p>
   </div>
  </div>
