3814 6228
268 292 572 350 mnum“
614 299 681 359 IN
721 294 1078 356 HISTORIAM
1120 292 1390 348 PERSEC.
1431 289 1722 344 VANDAL.
1760 289 2281 346 COMMENTARIUS
2320 287 2736 345 lllSTORICUS.

2962 283 3059 335 574

128 409 249 460 iores
270 403 355 456 sibi
375 405 579 467 faceret,
613 403 666 455 in
692 404 928 456 Arianam
949 403 1208 471 perﬁdiam
1227 406 1440 456 transire
1471 408 1511 462 Α
1545 401 2018 471 instructissimum,
2050 401 2319 454 catholicis
2335 404 2521 471 eontra
2557 398 2776 471 Arianos
2805 396 3064 462 proponit.

143 473 187 528 it.
213 472 300 526 Sed
323 472 395 523 illi
415 473 506 522 hoc
532 472 730 536 facinus
765 473 1155 524 constantissime
1194 487 1436 532 respuen-

132 542 321 596 ritatoin
363 539 730 591 rabidissimam
772 540 900 592 iram
939 541 1169 602 barbaro,
1220 541 1436 604 primum

118 607 222 671 Ipti,
254 607 496 659 deindein
525 607 758 658 exsilium
803 608 919 667 acti,
965 616 1070 657 tum
1115 607 1436 658 atrocissimis

132 675 189 729 iis
221 677 494 739 «cruciati,
525 675 593 725 ad
631 682 928 737 postremum
967 675 1172 726 diversis
1203 675 1438 726 mortibus

110 742 204 809 hui
243 743 416 794 illustri
451 743 695 809 martyrio
747 742 1037 794 mirabiliter
1081 743 1434 801 occubuerunt.

132 808 285 880 tjuogit
304 811 435 880 idem
467 808 652 880 auctor
673 808 879 880 Paulini
898 810 1040 880 pueri
1053 810 1301 880 catholici
1322 824 1439 880 ceri-

108 876 410 945 quui’maluil
433 891 499 930 ex
525 877 696 930 aulico
720 877 972 931 ditissimo
997 877 1097 929 vile
1120 891 1213 945 pro
1241 876 1436 930 L'bristi

110 943 148 1013 is
169 943 621 1013 mancipinmilieri,
651 959 802 1010 quam
833 945 1038 1011 ejurare
1053 943 1180 1013 _lidei
1212 945 1435 997 catholi-

108 1011 400 1078 Ilessionem.
457 1012 598 1064 Puer
625 1022 807 1076 autem,
833 1013 1019 1078 inquit,
1045 1011 1297 1064 Paulillus
1348 1029 1440 1063 uo-

135 1087 268 1149 [ratcr
313 1080 623 1147 Eutychiani
658 1090 703 1133 et
745 1079 1028 1149 Paschasii,
1083 1096 1173 1144 pro
1193 1081 1436 1148 elegantia

108 1148 256 1221 ﬁetque
297 1149 476 1218 ingenii
527 1149 794 1221 admodum
841 1148 942 1221 regi
980 1158 1208 1221 acceptus
1231 1164 1386 1221 ,_c_um_
1406 1164 1437 1200 a

129 1217 221 1272 ioue
235 1216 375 1282 atque
393 1233 571 1268 amore
598 1216 854 1269 catholica:
873 1216 990 1282 ﬁdei
1016 1216 1166 1267 nullis
1189 1217 1334 1267 minis
1355 1217 1442 1267 de-

110 1284 295 1351 lposset,
311 1285 529 1350 fustibus
548 1285 634 1335 diu
644 1299 818 1345 cwsus,
833 1294 877 1336 et
900 1285 966 1334 ad
990 1284 1209 1348 inﬁmam
1228 1285 1437 1336 servitu-

110 1353 292 1420 hnattts
308 1360 418 1405 est:
439 1353 578 1414 ideo,
607 1359 659 1403 ut
687 1361 909 1420 apparet,
931 1367 1032 1402 non
1059 1355 1362 1419 Interfecms,
1380 1367 1441 1404 ne

108 1418 218 1488 fato
227 1422 408 1474 mitia
421 1421 568 1486 impii
584 1418 876 1488 regis-etiam
887 1429 1006 1471 setas
1022 1420 1108 1488 illa
1121 1418 1434 1486 gloriaretur.

112 950 125 959 4

110 1004 117 1013 λ

36 1044 135 1184 l

129 1184 137 1200 Ι

34 1383 201 1552 ﬁ.

108 1555 158 1623 μ
175 1559 515 1610 recentiorum
543 1556 1026 1623 martyrologiorum
1045 1555 1346 1623 scriptores,
1372 1568 1436 1606 ex

108 1621 245 1688 IAdo
272 1625 440 1677 lectum
492 1621 736 1687 Prosperi
773 1623 1023 1686 integrum
1068 1621 1438 1688 martyrologio

139 1691 254 1760 eruit
276 1692 338 1744 ad
366 1693 512 1744 diem
552 1691 620 1760 L3
651 1689 1134 1760 Novembristquod
1183 1699 1234 1741 et
1259 1700 1435 1760 postea

108 1756 507 1827 ﬂauoquoque
558 1758 921 1827 Martyrologio
981 1758 1171 1809 factum
1221 1769 1321 1810 est.
1371 1756 1438 1809 At

108 1825 183 1893 ιω
206 1825 364 1880 solum
387 1825 449 1880 ea
482 1825 664 1879 retulit
683 1840 797 1892 quae
814 1825 876 1878 ad
893 1837 1115 1893 quatuor
1142 1827 1342 1893 priores
1359 1833 1441 1876 at-

108 1893 268 1961 lnibil
307 1896 371 1949 de
414 1895 638 1948 Paulillo
684 1907 1129 1960 commemorans,
1161 1897 1297 1946 sicut
1343 1907 1439 1946 nec

157 1966 202 2014 in
236 1966 379 2026 cujus
417 1962 800 2030 martyrolngio
841 1961 994 2030 iidem
1037 1961 1201 2030 sancti
1245 1961 1438 2021 pariter

112 2028 265 2091 μων,
291 2033 381 2082 sed
412 2032 505 2083 die
541 2028 882 2091 praecedenti.
915 2028 986 2079 Ibi
1016 2029 1196 2091 etiam,
1227 2030 1360 2080 sicut
1383 2039 1440 2083 et

144 2100 270 2150 sisna
312 2098 565 2165 Prosperi
609 2095 853 2149 Cbronici
880 2096 1146 2165 editione,
1176 2097 1262 2162 qui
1303 2098 1437 2150 inter

159 2176 290 2219 artus
311 2168 409 2218 sub
436 2164 653 2218 nomine
680 2164 978 2233 Eutycltiani
1009 2176 1322 2227 recensetnr,
1347 2178 1438 2230 ap-

164 2233 441 2302 Entyrhius.
478 2232 794 2286 Eorumdem
821 2232 1009 2302 Chi-isti
1045 2234 1440 2302 martyrumle-

138 2313 226 2365 nn,
251 2300 414 2355 'veluti
443 2315 660 2356 suorum
707 2300 1017 2364 coneivium,
1050 2300 1315 2352 celebrant
1343 2300 1435 2352 Hi-

141 2371 438 2438 ,scriptores.
475 2371 541 2422 Et
571 2369 758 2438 merito
785 2369 1013 2438 quidem.
1046 2369 1147 2420 Eos
1173 2370 1311 2420 enim
1343 2369 1434 2422 lli-

162 2436 326 2500 fuisse,
372 2440 454 2492 vel
511 2452 579 2490 ex
627 2436 866 2502 Prosperi
919 2437 1035 2488 loco
1081 2451 1236 2502 quem
1282 2451 1436 2501 Supra

134 2503 280 2556 tintus
298 2513 526 2558 constat.
558 2504 709 2556 Plura
742 2518 846 2568 pra:
871 2502 1076 2554 cu-teris
1102 2506 1257 2555 habet
1284 2505 1348 2555 de
1373 2504 1436 2556 iis

153 2573 391 2650 ssataear
425 2571 876 2650 iu_niartyrn_lngio
901 2570 1197 2650 Hispanico,
1229 2571 1435 2650 ubineo-

157 2657 169 2688 l
192 2640 251 2691 ad
278 2642 416 2693 diem
444 2641 513 2692 15
538 2638 844 2692 Novembris
869 2653 933 2690 ex
959 2639 1114 2690 variis
1141 2638 1437 2691 auctoribus

130 2707 304 2775 tinavit.
332 2709 470 2775 Quin
499 2716 557 2760 et
591 2708 656 2759 ibi
701 2706 1016 2774 epitaphium
1043 2721 1222 2758 eorum
1265 2709 1436 2770 sepul-

128 2775 146 2828 Ι
174 2776 343 2841 refert,
391 2778 706 2841 inscriptum
748 2775 950 2838 laudat,
981 2775 1030 2827 in
1057 2789 1160 2842 quo
1185 2775 1438 2828 Arcadius

114 2843 294 2910 Iczteri
319 2846 657 2900 Salmanticaa
679 2843 783 2896 nati
803 2844 1065 2906 dicuntur,
1090 2854 1438 2910 vocantur-que

138 2925 198 2965 nn
219 2913 507 2967 Vandaliem
526 2913 903 2979 persecutionis
919 2911 971 2962 in
994 2911 1163 2964 Africa
1185 2912 1434 2978 primitur.

163 2995 236 3032 um
263 2985 396 3034 hunc
445 2983 655 3033 titulum
697 2983 774 3034 eis
798 2993 913 3032 esse
940 2981 1189 3041 debitum,
1223 2995 1283 3030 ex
1326 2982 1436 3045 epi-

130 1503 244 1540 mm
264 1499 569 1542 sanctorum
601 1489 900 1540 memoriam
923 1487 1186 1538 celebrant
1205 1495 1436 1538 veterum
1470 1496 1474 1500 ‘

1465 1726 1514 1784 B

1543 480 1593 520 ut
1627 470 1816 522 exinde
1837 471 1960 534 quid
1997 471 2353 522 haereticorum
2396 470 2810 522 cavillationibus
2854 476 3066 534 respon-

1537 537 1719 599 deant,
1743 530 1950 590 haurire
1970 539 2186 602 possint,
2215 551 2332 588 cum
2349 536 2415 587 ab
2442 538 2502 589 iis
2537 537 2824 599 impeteren
2852 530 3067 602 ur._|_mo

1541 605 1846 657 Varimatlns
1881 598 2128 658 diaconus
2177 604 2429 663 Arianus,
2472 598 2723 655 adversus
2751 615 2904 666 quem
2934 598 3065 648 liber

1539 672 1637 725 iste
1657 676 1881 740 scriptus
1907 683 2011 740 est,
2036 689 2137 724 non
2168 674 2298 724 alius
2325 672 2526 724 videtur
2550 685 2688 734 esse,
2720 673 2791 740 uti
2827 666 3060 740 suspica-

1541 751 1622 792 tur
1653 734 1959 793 Sirn'iondus
1995 734 2050 792 in
2095 739 2402 807 prtel‘atione
2443 740 2508 792 ad
2549 738 2794 807 onuscula
2835 735 3064 807 quinque

1538 807 1828 874 dogmatica
1858 801 2356 874 superius-laudata,
2385 823 2537 874 quam
2570 805 2857 874 Marivadus
2882 801 3060 854 diaco-

1539 873 1657 938 nus,
1685 891 1862 939 quem,
1891 886 2020 928 teste
2041 878 2262 941 ipsomet
2287 873 2489 927 Victore
2515 874 2706 926 Vitensi
2737 873 2824 924 lib.
2847 887 2882 936 ι,
2901 882 3057 941 num.

1541 944 1625 1006 16,
1672 938 1839 996 adhuc
1886 938 2087 996 vivente
2115 944 2399 996 Gense’rico
2431 943 2718 1011 Hunerieus
2745 938 3065 1011 singulariter

1539 1004 1830 1063 honorabat.
1857 1011 2016 1062 Porro
2045 1013 2275 1073 ejusdem
2304 1012 2477 1074 operis
2505 1004 2767 1062 auctorem
2807 1006 2928 1060 facit
2966 1004 3062 1056 Pc-

1538 1088 1645 1131 trns
1675 1079 1980 1132 Franciscus
2007 1078 2298 1131 Cbilﬂetius
2338 1078 2576 1140 Vigilinm
2607 1078 2923 1141 Tapsensem
2952 1075 3062 1138 epi-

1537 1160 1782 1211 seopuin,
1812 1149 1862 1200 in
1901 1147 2150 1213 cpnsculo
2175 1147 2208 1198 2
2247 1146 2313 1200 de
2345 1146 2593 1198 Vindiciis
2634 1146 2785 1213 huius
2830 1142 3057 1213 Africani

1539 1215 1769 1278 episcopi
1815 1211 2296 1276 elucubratiunutn,
2322 1214 2462 1280 quod
2509 1215 2664 1266 etiam
2710 1212 2808 1264 ltoc
2849 1211 3061 1262 nomine

1537 1283 1699 1334 edidit
1721 1285 1770 1334 in
1798 1283 1957 1336 libros
1981 1293 2084 1334 tres
2111 1283 2463 1335 distributum.
2489 1281 2589 1334 Sed
2623 1281 3060 1346 refragattturrco-

1538 1351 1681 1402 dices
1722 1366 1868 1414 m.~s.,
1896 1353 2004 1418 qtti,
2048 1353 2262 1416 ipsomet
2297 1360 2569 1404 attestan'e
2593 1345 2896 1418 (ΣΙιὶΠιεέιίο,Δ
2921 1345 3057 1397 idem

1538 1431 1668 1480 Opus
1701 1418 1860 1469 ldatin
1905 1415 2151 1484 cpiscopo
2194 1420 2444 1472 tribuunt.
2491 1417 2731 1471 Cliimetii
2761 1415 3058 1480 Opinionem

1539 1485 1804 1552 impugnat
1848 1486 1911 1538 V.
1948 1487 2007 1538 C.
2037 1488 2230 1548 Joseplt
2273 1486 2562 1538 Antelmius
2600 1487 2649 1538 in
2696 1485 3060 1538 dissertatiom

1537 1568 1888 1622 quamnnper
1919 1555 2076 1606 edidit
2105 1554 2171 1606 de
2193 1555 2412 1622 symboli
2442 1554 2780 1622 Athanasiani
2817 1560 3056 1622 auctore.

1537 1630 1665 1672 sect.
1689 1621 1740 1672 2.
1775 1621 1962 1674 Verum
1988 1623 2082 1673 etsi
2116 1619 2415 1687 persuasum
2445 1623 2592 1674 nobis
2613 1621 2681 1674 sit
2707 1621 2921 1673 Idalium
2953 1619 3059 1682 epi-

1539 1702 1748 1755 scopum
1775 1690 1928 1755 hujus
1948 1691 2120 1754 operis
2145 1699 2429 1753 aut-torem,
2457 1702 2780 1756 nequaquam
2807 1702 2924 1741 esse
2948 1687 3056 1756 Idas

1541 1757 1664 1809 tium
1691 1755 1918 1810 Clarium
1946 1761 2244 1824 episcopum
2292 1755 2572 1824 IliSpamlm
2593 1798 2608 1824 ,
2648 1755 2740 1823 qui
2779 1755 3056 1824 Theodosii

1537 1825 1704 1891 Magni
1737 1827 2051 1889 temporibus
2069 1823 2136 1878 ob
2160 1837 2453 1879 accusatum
2479 1823 2854 1878 PrisCilliannm
2887 1823 3058 1876 biero-

1538 1896 1694 1945 ticum
1733 1895 1956 1948 celebris
1983 1894 2093 1957 fuit,
2126 1904 2179 1946 nt
2209 1895 2439 1962 plerique
2467 1909 2528 1947 ex
2562 1893 2933 1946 recentioribus
2959 1907 3054 1943 nn-

1538 1965 1733 2028 rninum
1759 1963 2093 2015 similitudine
2113 1962 2312 2028 decepti
2335 1963 2568 2015 arbitrati
2589 1971 2739 2024 sunt;
2765 1976 2866 2013 non
2887 1969 3056 2012 tamen

1537 2027 1756 2081 inﬁciari
1799 2045 2070 2092 possumus
2113 2027 2282 2096 ipsum
2312 2031 2459 2082 alteri
2490 2030 2674 2095 Idalio,
2707 2030 2926 2082 Lemicze
2951 2030 3056 2080 sci-

1536 2096 1655 2148 licet
1679 2098 1734 2165 in
1762 2097 2001 2150 Callaecia
2033 2099 2296 2165 episeopo,
2323 2098 2510 2151 ascribi
2536 2112 2708 2164 posse,
2739 2113 2891 2163 quem
2920 2096 3057 2165 Gen:

1533 2164 1689 2216 serici
1734 2163 2071 2231 temporibus
2103 2163 2341 2221 ﬂoruisse
2381 2163 2616 2228 constat,
2672 2181 2787 2218 cum
2845 2163 3058 2216 Vandali

1537 2232 1784 2300 Hispania
1806 2235 1982 2284 relicta
2002 2234 2053 2284 in
2076 2233 2302 2286 Africam
2333 2235 2752 2287 translrelarunt.
2773 2234 2832 2286 Et
2850 2233 3056 2300 quidem

1536 2299 1761 2366 ipsemet
1804 2301 1856 2352 in
1884 2302 2162 2362 Chronico,
2209 2304 2342 2364 qttod
2372 2304 2435 2353 ad
2471 2304 2678 2354 tertimn
2713 2317 2872 2368 usque
2903 2300 3059 2368 214.

1537 2369 2152 2443 ἱιῃρει-ειοτίεβηιιιεηιὶἱ
2175 2384 2363 2421 annum
2392 2370 2653 2443 perditsit,
2683 2370 2939 2443 se‘rebus
2964 2385 3054 2434 ge-

1535 2438 1630 2489 stis
1660 2452 1773 2503 quas
1818 2437 1990 2490 narrat
2016 2448 2324 2505 praesentem
2355 2447 2410 2491 ut
2448 2438 2723 2505 plurimum
2749 2437 2906 2490 fuisse
2931 2450 3056 2503 pas-

1535 2508 1632 2556 sim
1659 2512 1896 2558 testatur.

1604 2573 1655 2624 8.
1679 2573 1841 2641 Paulo
1872 2583 1987 2638 post
2023 2573 2159 2626 istud
2192 2582 2413 2641 tempus,
2444 2588 2560 2626 cum
2614 2573 2812 2626 scilicet
2838 2571 3052 2624 Cartha-

1535 2639 1706 2708 ginem
1724 2640 1826 2704 jam
1843 2642 2156 2708 (lctisericus
2175 2639 2466 2700 invasisset.
2484 2641 2710 2694 Cerealis
2725 2643 2793 2693 Ca
2829 2641 3057 2694 tollensis

1535 2707 1810 2775 episcopus
1831 2707 2017 2759 librum
2045 2709 2293 2763 adversus
2317 2711 2649 2762 Maximinum
2683 2711 2886 2762 Ariona:
2901 2719 3057 2761 sectae

1535 2777 1834 2842 episcopum
1861 2777 2190 2844 conscripsit,
2221 2777 2308 2844 qui
2336 2787 2506 2830 exstat
2535 2778 2586 2829 in
2621 2777 2934 2830 Bibliotheca
2963 2776 3057 2828 Pa-

1538 2855 1695 2906 trum,
1722 2845 2101 2910 laudaturquea
2131 2843 2397 2898 Gennadio
2421 2861 2535 2910 cap.
2555 2845 2639 2897 66.
2667 2845 2801 2896 Idem
2828 2844 3057 2898 Cerealis

1536 2913 1589 2967 in
1618 2913 1807 2966 Notitia
1835 2913 2074 2965 Africana
2105 2914 2409 2966 recensetur
2431 2913 2568 2966 inter
2607 2912 2924 2964 Mauritaniae
2946 2911 3057 2963 Ca:-

1538 2981 1785 3034 sariensis
1813 2985 2107 3047 episcopos,
2137 2981 2225 3047 qui
2251 2980 2489 3034 Hunerici
2512 2981 2647 3046 regis
2671 2983 2914 3033 mandato
2931 2978 3056 3032 Cat-

140 3051 308 3102 lnorati
333 3049 613 3118 Antonini,
628 3063 780 3118 quam
797 3062 950 3114 supra
970 3049 1120 3118 213
1144 3047 1430 3118 retulimus,
1462 3047 1505 3108 C
1538 3049 1800 3118 thaginem
1818 3058 2172 3101 convenerunt
2195 3064 2287 3118 pro
2305 3050 2563 3102 reddenda
2585 3048 2698 3101 tidei
2712 3064 2821 3101 sua:
2835 3049 3054 3108 ratione,

153 3124 266 3169 stest
290 3116 535 3170 inlleiari.
582 3113 653 3167 lbi
677 3117 814 3166 enim
857 3113 1132 3166 Area—ubam
1159 3113 1234 3166 sic
1262 3114 1434 3166 Hono-

130 3182 356 3249 lioquitur
385 3199 540 3240 num.
580 3183 644 3236 5:
680 3182 898 3252 Signifer
923 3198 972 3252 es
1011 3182 1213 3252 Christi,
1255 3184 1306 3232 in
1333 3183 1438 3232 acie

145 3253 372 3309 ambulas.
419 3253 479 3306 Si
511 3263 564 3303 tu
595 3250 860 3313 cecideris,
913 3250 972 3300 ab
1017 3251 1231 3300 aliorum
1287 3260 1439 3301 morte

128 3321 148 3374 ἰ
189 3322 437 3382 immunis,
482 3331 592 3373 etc.
637 3319 740 3372 Sed
779 3333 892 3385 qua!
921 3319 1170 3384 praeterea
1211 3317 1277 3368 de
1324 3321 1438 3370 istis

128 3387 224 3448 Ilus
245 3404 306 3444 ex
335 3387 721 3442 recentioribus
752 3395 926 3438 narrat
954 3387 1087 3437 idem
1118 3397 1318 3448 auctor,
1348 3401 1436 3439 ne-

132 3455 179 3510 Ie
195 3456 424 3511 admittet
449 3457 654 3523 absque
677 3456 849 3523 aliquo
870 3458 1000 3507 vade
1022 3455 1259 3506 certioris
1300 3455 1436 3507 lidei.

149 3532 300 3578 terum
311 3527 479 3578 multo
495 3525 672 3591 plures
685 3524 780 3576 hac
796 3533 896 3576 tem
906 3531 1101 3589 pestztte
1123 3530 1374 3591 martyres
1387 3531 1441 3575 et

132 3601 240 3647 ores
258 3609 347 3659 pro
367 3590 566 3646 Christi
595 3591 872 3645 asserenda
895 3592 1162 3643 divinitate
1189 3592 1238 3641 in
1268 3590 1439 3644 Ali-ica

155 3676 208 3714 se
229 3671 470 3716 auctores
500 3661 695 3712 laudati
729 3661 966 3721 innuunt,
992 3660 1225 3725 quamvis
1254 3674 1440 3723 pauco-

158 3731 373 3785 unmodo
407 3730 626 3782 nomina
666 3729 936 3796 brevitatis
957 3727 1125 3796 studio
1165 3741 1443 3779 recensue-

132 3799 327 3852 lcetiam
351 3798 574 3851 deluere
591 3795 901 3849 sanctissimi
929 3795 1194 3859 praesules,
1218 3797 1302 3858 qui
1325 3809 1440 3846 sese

128 3873 285 3932 muros
324 3880 497 3918 aareos
530 3880 628 3932 pro
672 3865 869 3916 domus.
909 3863 1112 3913 Domini
1141 3863 1440 3913 defensione

171 3933 476 3986 iconatibus
506 3941 859 3997 opponerent:
892 3945 955 3981 ex
983 3944 1198 3994 quorum
1225 3942 1440 3978 numero

143 3997 298 4051 laudat
324 4000 635 4052 Gennadius
663 4000 712 4048 in
741 3999 975 4056 catalo;o
1004 3998 1313 4058 scriptorum
1354 4008 1442 4046 ec-

110 4063 311 4133 licorum
354 4068 467 4133 qui,
512 4075 731 4131 accepto
775 4065 994 4125 calamo,
1028 4063 1142 4114 ﬁdei
1172 4063 1441 4114 catholicas

108 4133 187 4197 Ihm
207 4143 382 4186 contra
420 4135 652 4184 Arianos
673 4133 880 4197 scriptis
911 4133 1116 4197 egregie
1147 4145 1438 4197 promtgna-

112 4198 312 4263 lelebris
356 4201 500 4253 inter
529 4200 662 4252 alios
711 4200 804 4251 luit
850 4198 1024 4251 Victor
1069 4201 1342 4250 Cartennze
1391 4201 1438 4251 in

144 4269 533 4336 niaepiscopus,
559 4268 644 4334 qui
674 4267 859 4336 librum
887 4282 913 4317 a
940 4281 997 4320 se
1016 4267 1263 4319 adversus
1293 4268 1440 4320 Aria-

144 4351 219 4388 utn
247 4335 456 4405 ipsimet
488 4340 604 4400 regi
634 4335 917 4389 Genserico
946 4336 1117 4388 olierri
1140 4342 1355 4397 curavit,
1385 4347 1438 4388 ut

158 4405 249 4460 isse
286 4417 510 4461 testatur
545 4405 843 4457 Gennadius
870 4420 990 4471 cap.
1027 4406 1086 4453 77
1116 4420 1176 4455 ex
1207 4407 1436 4467 ejusdem

143 4473 280 4542 ριοςο.
309 4476 383 4528 De
409 4477 512 4526 hoc
538 4474 657 4526 vide
682 4487 835 4538 Supra
863 4488 977 4539 pag.
1010 4473 1108 4524 109
1132 4471 1315 4542 (Nobis
1337 4481 1431 4523 col.

170 4609 311 4664 debet
327 4609 649 4666 breviarium
665 4610 782 4661 ﬁdei
799 4610 1048 4659 adversus
1064 4611 1272 4660 eosdem
1292 4609 1439 4660 Aria-

153 4681 378 4747 criptum,
395 4680 542 4746 quod
571 4691 688 4747 eum
708 4677 1065 4747 aliisqnatuor
1090 4685 1436 4747 vetet-unian-

139 4745 386 4810 opusculis
399 4745 809 4800 edidttJacobus
822 4745 1124 4795 Sirmnndns
1138 4759 1272 4794 anno
1289 4745 1436 4796 1650.

153 4813 300 4879 tnjam
317 4830 472 4880 supra
491 4813 888 4866 observavimus
911 4815 959 4863 in
976 4821 1088 4862 nota
1102 4813 1167 4862 20
1184 4814 1244 4863 ad
1261 4812 1433 4863 Victo-

141 4881 305 4948 ξηαπ)
322 4884 526 4948 (Supra
549 4882 651 4931 col.
669 4882 786 4943 iisti,
809 4897 862 4932 η.
880 4880 948 4947 ε),
968 4880 1326 4932 Sebastianum
1344 4894 1432 4931 co-

135 4941 793 5014 lGenserico'sulltcitatunj
819 4957 873 4999 ut
901 4941 1112 5013 patriam
1133 4948 1431 5012 religionem

221 5028 278 5068 es
295 5015 393 5066 isto
408 5019 675 5068 breviario
689 5006 1070 5080 responsionem
1088 5006 1320 5066 hausisse
1335 5031 1431 5080 qua

129 5082 541 5147 Mutusirritos
555 5082 694 5134 fecit.
715 5082 894 5135 Iisdem
914 5087 1230 5147 temporibus
1245 5084 1437 5145 prodiit

128 5145 336 5216 llnLilm'
365 5164 460 5216 seu
492 5148 778 5199 Declaratio
801 5145 1101 5216 quorumque
1128 5154 1343 5200 locorum
1371 5153 1433 5202 de

187 5229 347 5268 contra
396 5215 736 5268 Varimadum
766 5220 960 5268 Artena:
986 5215 1128 5270 seem:
1152 5219 1433 5280 diaconum,

128 5281 256 5350 μω»
277 5299 407 5350 Opus
436 5284 642 5350 editum
682 5285 831 5334 estin
863 5285 1174 5337 Bibliotheca
1206 5285 1438 5350 Patrum,

140 5349 196 5418 its
214 5349 387 5406 auctor
409 5354 460 5405 in
489 5349 798 5417 praefatione
825 5354 963 5415 operi
989 5359 1196 5417 prmtixa
1223 5366 1278 5402 se
1308 5355 1440 5418 apud

156 5433 186 5472 II
220 5420 516 5488 Campania:
567 5419 754 5488 urbem
798 5423 1129 5488 constitutum
1174 5421 1442 5484 scripsisse

145 5495 222 5550 τεο
247 5485 480 5556 ιειιῲοινε
505 5501 612 5554 quo
658 5485 828 5556 Arioni
874 5489 932 5537 de
971 5489 1246 5550 inﬁdelium
1277 5503 1440 5552 regum

201 5571 252 5610 tt:
279 5554 510 5628 superbia
530 5570 548 5608 :
568 5567 729 5614 quem
754 5554 955 5612 librum.
991 5557 1142 5609 veluti
1163 5559 1437 5608 at‘tttarium

1468 4378 1516 4435 D

142 4555 200 4611 μι,
223 4543 328 4611 50)..
349 4543 425 4596 Ad
459 4542 604 4611 idem
627 4555 830 4611 quoque
851 4543 1029 4611 procul
1056 4541 1211 4591 dubio
1237 4549 1440 4611 tempus
1462 4598 1466 4602 I

1537 3117 1603 3169 de
1627 3131 1904 3186 quosupra
1921 3118 2152 3186 diximus
2167 3117 2281 3186 pag.
2303 3119 2418 3171 1'19.
2443 3118 2640 3169 Floruit
2657 3125 2704 3169 In
2720 3118 3055 3182 eademprovi

1535 3187 1613 3236 eia
1626 3183 1887 3236 Voconius
1907 3183 2098 3236 Castell
2117 3183 2252 3248 inus,
2267 3200 2378 3246 seu,
2406 3197 2460 3239 ut
2485 3187 2637 3238 habet
2657 3194 2889 3237 nostrum
2908 3196 3058 3250 vetus

1537 3266 1686 3304 exem
1696 3251 2458 3318 plar,Castallana:Mauritania:
2474 3254 3057 3317 urbisepiscopus,cujus

1538 3322 1679 3372 varia
1702 3320 1946 3380 npusrula
1964 3320 2504 3372 recensctGennadius
2521 3335 2635 3384 cap.
2660 3320 2742 3372 78.
2763 3320 2885 3371 Vide
2900 3333 3054 3384 supra

1534 3387 1638 3442 col.
1665 3387 2192 3454 173(Nobiscol.543,
2215 3405 2351 3439 num.
2377 3387 2485 3454 75).
2507 3388 2735 3455 Denique
2755 3387 2931 3455 grandi
2947 3388 3053 3448 api-

1536 3457 1887 3509 nionecelebris
1912 3455 2045 3522 apud
2063 3457 2299 3508 eumdem
2324 3468 2609 3519 auctorem,
2626 3471 2737 3520 cap.
2759 3455 2845 3516 73,
2867 3455 3056 3506 dicitur

1538 3526 1808 3590 Aselepius
1834 3525 1955 3578 Afer
1981 3526 2031 3576 in
2059 3526 2278 3577 docendo
2309 3542 2368 3577 ca:
2396 3534 2631 3592 tempore,
2661 3525 2746 3591 qui
2787 3526 2942 3577 etiam
2969 3524 3057 3574 ad-

1536 3609 1720 3646 versus
1745 3593 1968 3660 Arianos
1993 3595 2121 3660 sicut
2150 3601 2203 3644 et
2222 3604 2400 3648 contra
2430 3594 2722 3644 Donatistas
2745 3593 2901 3643 multa
2929 3592 3058 3644 scri-

1538 3662 1704 3729 psisse
1736 3658 2073 3713 memoratur.
2096 3658 2195 3712 Sed
2222 3661 2358 3712 illius
2379 3661 2515 3713 sedis
2543 3675 2732 3712 nomen
2764 3662 2903 3712 varie
2934 3660 3057 3709 varii

1538 3730 1748 3783 codices
1792 3729 2044 3787 scribunt.
2081 3729 2145 3780 ita
2179 3736 2348 3780 tamen
2387 3739 2441 3780 tit
2474 3730 2643 3780 nullus
2669 3744 2696 3780 a
2727 3729 3060 3792 eorrttptione

1539 3800 1770 3850 videatur
1815 3797 2074 3849 immunis.
2106 3797 2240 3848 Editi
2290 3797 2507 3860 habent,
2557 3796 2812 3862 Asclepius
2864 3797 2981 3862 Afer
3008 3797 3059 3846 in

1537 3864 1806 3930 Bagaiensi
1836 3867 2083 3932 territorio
2130 3866 2220 3914 ι’ἱεί
2248 3881 2342 3915 non
2385 3865 2590 3932 grandis
2634 3867 2926 3931 episcopus;
2957 3878 3058 3932 Ano-

1538 3943 1703 3982 strnm
1732 3947 1855 3982 vero
1883 3931 2132 3982 Gennadii
2157 3930 2420 3995 exemplar
2444 3930 2844 3983 vetustissimum
2887 3930 3060 3988 habet,

1537 3999 1590 4049 in
1611 3996 1855 4049 Gabaensi
1883 3999 2131 4048 territorio
2168 3995 2563 4060 Vicinaegrantis,
2589 4009 2723 4059 etc.;
2752 3999 2848 4050 alia
2881 4013 3056 4060 manu,

1539 4080 1642 4117 non
1674 4074 1844 4118 tamen
1873 4063 2004 4117 adeo
2045 4065 2279 4132 antiqua,
2335 4063 2505 4118 Vicine
2551 4068 2778 4117 civitatis.
2829 4067 3058 4117 Priorem

1540 4143 1711 4187 tamen
1760 4135 2029 4185 lectionem
2055 4133 2326 4184 conﬁrmat
2356 4135 2516 4186 codex
2568 4133 2971 4196 Fiseamnensis,
3008 4147 3060 4186 ut

1541 4205 1740 4255 monuit
1763 4216 1844 4255 me
1873 4212 2048 4254 noster
2068 4202 2286 4253 domnus
2315 4200 2620 4254 Guillelmus
2642 4200 2996 4264 Fillastre,ubi
3013 4205 3062 4254 in

1545 4270 1811 4339 Navigensi
1825 4271 2072 4322 territorio
2097 4269 2457 4334 Vicinigrundis
2471 4272 2728 4336 episcopus
2740 4271 2942 4323 dicitur.
2961 4272 3036 4322 H0
3047 4300 3060 4309 -

1542 4341 1717 4391 noritis
1737 4353 1850 4405 cap.
1867 4341 1932 4391 72
1946 4340 2184 4391 eumdem
2202 4341 2502 4404 simpliciter
2524 4341 2573 4390 in
2594 4339 2790 4391 Baiensi
2815 4341 3062 4390 territorio

1543 4409 1822 4474 episcopum
1836 4408 2076 4471 appellat.
2096 4407 2376 4471 thuidem
2397 4409 2476 4457 hic
2491 4407 2621 4458 forte
2644 4422 2826 4458 nomen
2847 4406 3060 4472 alicujus

1543 4476 1640 4526 vici
1657 4476 1974 4540 designatur.
1993 4474 2271 4538 Episc0pos
2289 4476 2422 4524 enim
2445 4477 2495 4524 in
2524 4475 2652 4524 vittis
2681 4483 2723 4524 et
2746 4477 2795 4524 in
2814 4475 3060 4540 fundis,et

1542 4558 1628 4609 per
1655 4539 1797 4608 agros
1820 4542 1870 4592 in
1899 4541 2066 4609 Africa
2098 4540 2256 4592 fuisse
2283 4555 2434 4592 nemo
2465 4542 2653 4609 nescit,
2678 4541 2813 4608 quod
2845 4556 2905 4593 ex
2942 4539 3059 4592 Col-

1503 4656 1508 4661 .
1545 4608 1736 4662 latione
1763 4608 2156 4668 Carthaginiensi
2190 4621 2304 4673 eap.
2348 4609 2435 4661 l8l
2472 4621 2524 4660 et
2569 4608 2684 4672 l8“),
2723 4611 2937 4676 aliisque
2970 4626 3060 4661 ve-

1546 4676 1694 4728 tustis
1739 4676 2084 4728 monumentis
2130 4677 2324 4740 absque
2373 4691 2556 4743 magno
2601 4678 2807 4743 negotio
2858 4681 3062 4742 probari

1547 4754 1733 4808 posset.
1767 4744 1869 4796 Sed
1895 4744 1972 4795 bis
2002 4743 2193 4796 diutius
2219 4747 2477 4796 immorari
2509 4760 2610 4796 non
2643 4756 2810 4800 vacat.
2835 4747 3062 4798 Caeteros

1546 4827 1669 4864 vero
1685 4823 1922 4863 auctores
1944 4812 2027 4877 qui
2051 4813 2484 4876 subsequentibus
2509 4815 2822 4880 temporibus
2841 4815 3065 4865 ﬂoruere

1539 4881 1899 4945 praetermitto,
1948 4890 2080 4932 inter
2108 4897 2237 4946 quos
2282 4884 2468 4934 enituit
2518 4885 2840 4946 potissimum
2883 4883 3062 4934 beatus

1538 4949 1863 5015 Fulgentius,
1891 4949 1956 5000 de
1980 4963 2082 5014 quo
2113 4950 2253 5014 plura
2277 4966 2374 5000 suo
2404 4952 2516 5001 loco
2532 4947 2716 5002 dicturi
2745 4965 2943 5003 sumus.

2134 5039 2352 5093 CAPUT
2385 5040 2420 5090 V

1603 5125 1891 5178 Gensericus
1919 5135 2061 5192 capta
2093 5127 2391 5195 Carthagine
2421 5129 2469 5177 iu
2498 5126 2655 5193 ipsius
2687 5128 2811 5176 cives
2838 5135 2990 5176 sa'vtt.

1617 5217 1664 5267 ‘l.
1696 5215 2027 5279 Gensericus,
2062 5216 2125 5268 de
2153 5218 2298 5281 cujus
2331 5216 2426 5268 fide
2452 5217 2517 5267 ob
2549 5231 2723 5280 pacem
2767 5229 3062 5266 sat-ramen-

1547 5293 1618 5348 to,
1648 5288 1721 5334 uti
1753 5283 1992 5343 diximus,
2017 5286 2394 5343 confirmatam,
2424 5298 2636 5336 securus
2666 5282 2934 5334 videbatur
2972 5287 3060 5332 imo

1548 5362 1770 5419 perator,
1803 5350 1982 5400 videns
2005 5350 2252 5402 Romanis
2275 5354 2373 5404 alio
2395 5353 2636 5411 detentis,
2655 5365 2740 5401 eas
2773 5351 2925 5401 urbes
2951 5365 3063 5416 quat

1545 5421 1641 5472 sibi
1672 5420 1764 5484 ipsi
1798 5432 1898 5468 non
1931 5421 2198 5483 parebant.
2229 5436 2286 5471 se
2312 5421 2441 5472 haud
2476 5434 2660 5482 ιιιτιμιιο
2693 5427 2898 5482 negotio
2924 5420 3062 5469 inva-

1547 5503 1743 5540 surum.
1779 5488 2048 5550 repentino
2073 5489 2262 5550 impetu
2288 5491 2646 5553 Carthaginem
2671 5486 3067 5546 atlt'nlaus,enm

1547 5572 1636 5607 suo
1668 5555 2130 5623 subiecntitnperio,
2165 5571 2322 5618 ratus,
2357 5571 2501 5622 Capta
2527 5556 2684 5607 totius
2713 5553 2899 5608 Alt-ica:
2931 5558 3060 5607 urbe
