3814 6228
577 286 671 348 579

1394 287 1722 342 APPENDIX
1757 289 1849 344 AD
1886 288 2224 345 VICTOREM
2261 284 2595 342 VITENS’EM

3607 279 3690 335 380

577 396 804 454 Eusebii.
821 399 921 452 Sed
946 395 1249 462 venerabilis
1271 398 1466 462 martyr
1487 394 1824 460 aposmlicum
1843 395 2093 449 observa;
2119 406 2164 462 Α
2194 405 2283 448 tuo
2305 402 2554 462 quantum
2583 390 2787 453 petierit
2805 388 2958 462 dabo,
2987 397 3040 442 et
3064 402 3252 462 nexum
3280 389 3690 462 tuteconditionii

578 469 665 521 hat
695 471 1023 534 pra'cv‘plinn.
1047 461 1314 534 Serviebat
1340 461 1551 514 domino
1567 464 1794 534 carnali,
1821 476 1923 534 non
1943 463 2092 534 quasl

579 539 640 590 ad
667 528 1140 593 oculuin'scrviens,
1176 532 1266 583 sed
1298 541 1540 596 tanquam
1567 530 1674 582 Deo
1703 528 1846 582 omni
1875 528 2095 594 imperio

580 612 605 639 ⁸
626 605 830 655 sublimi
870 603 1070 653 subdita
1102 598 1408 666 (ΕρΙιειηι-ι,
1433 603 1492 658 ll;
1518 596 1627 648 Col.
1658 611 1734 659 In,
1756 598 1847 663 22)
1877 596 2094 649 famula-

581 671 745 723 batur.
777 671 838 723 Et
865 672 980 722 licet
1008 669 1033 706 ιι
1059 672 1285 733 paganus
1312 665 1492 733 fuisset
1512 666 1751 716 dominus
1772 666 1904 731 ejus,
1933 666 2094 718 admi-

579 741 785 790 rabatur
814 746 1008 789 tantum
1038 731 1150 802 eius
1179 731 1376 786 servitii
1404 733 1646 802 virtutem
1681 739 1930 802 :propter
1955 734 2092 801 quod

577 808 731 858 etiam
757 808 806 858 in
828 808 998 873 aliq’uo’
1026 801 1728 873 vene‘rabatnrconstantiam
1756 801 1987 873 ejusdem
2011 816 2089 873 re-

577 874 801 938 Iigiottis.
825 875 892 926 At
915 868 1001 924 iibi
1017 872 1225 937 expleto
1248 870 1461 938 servitio
1485 868 1762 938 famulatus
1782 870 1860 920 sui
1890 870 2092 938 requies

579 936 638 993 ei
659 945 772 993 data
805 943 982 993 fuisset
1004 979 1019 1003 ,
1045 936 1131 992 aut
1159 937 1366 990 lectioni
1389 937 1602 989 vacabat
1626 975 1641 998 ,
1665 945 1754 989 aut
1772 936 2090 990 orationibus

574 1008 861 1064 insistebat.
897 1008 1057 1075 lgitttr
1082 1016 1199 1075 cum
1227 1017 1294 1075 se
1317 1004 1417 1056 cibi
1437 1004 1750 1075 coitu-itione
1780 1004 1832 1057 in
1859 1019 2089 1075 amorem

578 1075 664 1130 Dei
687 1077 839 1153 [Βοιιἶ
857 1117 875 1153 ,_
904 1069 1177 1153 adliget-eq
1211 1069 1479 1138 afflgeret,
1507 1073 1803 1153 nullatenus
1831 1086 1862 1124 a
1879 1073 2091 1153 domino

567 1139 792 1197 auo‘nec
827 1139 1192 1196 blandimentis
1215 1178 1230 1201 ,
1261 1155 1358 1192 nec
1391 1139 1762 1192 monitionibus
1782 1179 1798 1204 ,
1827 1142 1908 1193 vel
1939 1143 2091 1193 unius

569 1209 700 1276 diei,
733 1224 787 1264 ut
828 1212 1024 1273 fertur,
1051 1207 1449 1277 jejuniopotnit
1471 1207 1704 1277 relaxari
1725 1247 1741 1270 ,
1779 1209 1879 1277 nisi
1919 1211 2087 1262 solum

573 1274 986 1332 liesnrrct-tionis
1027 1274 1065 1315 θ’
1082 1274 1355 1329 dominica:
1382 1274 1504 1327 diei.
1537 1274 1765 1328 Pallebat
1785 1276 1956 1329 vultus
1977 1279 2090 1340 ejus

567 1345 784 1412 ji-jiinio,
815 1348 905 1399 sed
930 1348 1058 1398 ﬁdes
1089 1345 1233 1397 lii-ma
1250 1342 1467 1412 durabat
1494 1359 1506 1393 :
1530 1345 1838 1396 arescebant
1857 1345 2088 1397 membra

569 1414 876 1474 afﬂictione,
904 1415 996 1467 sed
1025 1426 1168 1464 mens
1207 1411 1342 1464 caelo
1369 1414 1564 1464 intenta
1594 1413 1768 1466 verbis
1800 1414 1889 1466 Dei
1917 1415 2088 1476 quoti-

570 1480 656 1551 die
691 1483 1032 1551 pascebatur;
1074 1479 1868 1551 pallebatuviolisabstinentite,
1912 1479 2088 1551 [Forte

566 1548 878 1620 albescebat]
898 1548 1202 1620 ardescebat
1232 1547 1350 1620 lilils
1375 1549 1648 1620 castitatis.

638 1616 717 1668 IlI.
755 1614 929 1685 Itaque
957 1617 1196 1670 dominus
1223 1615 1337 1682 ejus
1363 1616 1584 1668 carnalis
1634 1614 1889 1669 Eusebius
1913 1654 1928 1678 .
1959 1617 2086 1670 civis

566 1681 730 1750 Syria
746 1681 1046 1749 Palaestinae,
1075 1685 1138 1738 ad
1164 1681 1356 1739 Gallias
1377 1697 1493 1734 cum
1521 1685 1908 1749 pretiosissimis
1937 1699 2080 1738 mer-

563 1752 798 1805 cimoniis
825 1767 1106 1820 properans
1131 1795 1146 1816 ,
1177 1752 1567 1820 inopinantibus
1587 1752 1931 1820 nobistqttnd
1972 1767 2088 1817 pre-

562 1825 750 1873 tiosum
801 1817 978 1874 habuit
1010 1821 1188 1886 Capite
1230 1821 1454 1872 Corsica:
1497 1817 1723 1884 reliquit.
1775 1819 1934 1885 Igitur
1969 1835 2087 1873 eum

561 1886 751 1941 ibidem
781 1888 1074 1941 fortissimis
1109 1886 1336 1954 remigiis
1365 1888 1534 1954 navim
1572 1900 1716 1938 suam
1750 1889 1991 1940 anchoris
2018 1890 2089 1941 si-

560 1963 776 2020 sterent,
803 1957 977 2009 vident
999 1955 1154 2024 220
1178 1953 1379 2024 eminus
1410 1953 1540 2024 ritus
1580 1955 1954 2007 sacrificiorum
1985 1957 2082 2010 ibi-

559 2024 680 2075 dem
719 2040 746 2072 ιι
787 2020 1286 2090 paganis—impendi.
1316 2020 1516 2090 iSlabillI
1566 2032 1793 2090 pra-ceps
1837 2025 2087 2077 husebius

558 2101 676 2141 cum
700 2089 806 2144 suis
823 2091 1061 2144 omnibus
1087 2092 1151 2143 ad
1167 2089 1559 2143 sacrificandum
1583 2089 1865 2143 descendit.
1893 2092 2084 2146 Eadem

557 2169 681 2224 tero
698 2158 782 2211 die
803 2168 998 2211 taurum
1022 2159 1343 2212 daemonibus
1364 2161 1472 2210 suis
1503 2159 1854 2212 immolabant.
1885 2161 2084 2214 Interea

556 2233 677 2276 ctnn
725 2225 794 2277 illi
838 2227 1065 2287 crapulis
1111 2227 1516 2290 baccharentur,
1564 2238 1741 2280 sancta
1784 2243 1911 2281 vero
1949 2229 2083 2282 Julia

560 2303 767 2361 propter
791 2295 991 2348 illotum
1018 2310 1248 2349 errorem
1269 2298 1333 2348 de
1353 2297 1457 2347 imo
1481 2295 1707 2360 pectoris
1729 2296 1829 2347 alta
1861 2298 2081 2363 suspiria

557 2364 901 2432 protraheret,
933 2366 1221 2417 nuntiatum
1247 2373 1328 2418 est
1350 2364 1505 2415 Felici
1523 2363 1547 2397 ά
1566 2378 1595 2414 a
1619 2364 1925 2415 satellitibus
1949 2367 2079 2432 suis,

553 2429 607 2480 in
629 2433 742 2484 navi
771 2447 887 2485 esse
916 2435 1135 2498 puellam
1179 2448 1294 2497 qua:
1331 2432 1526 2482 cultum
1565 2433 1779 2498 deorum
1819 2429 2078 2486 irrideri-t.

553 2498 850 2562 Alloquitur
888 2496 1168 2552 Eusebium
1199 2496 1333 2551 [ilius
1360 2498 1636 2564 serpentis,
1667 2496 1844 2549 dicens
1877 2516 1887 2548 :
1912 2500 2083 2563 Quare

552 2579 656 2616 non
694 2580 876 2618 omnes
919 2568 1006 2632 qui
1053 2578 1220 2619 tecum
1249 2575 1396 2627 sunt,
1429 2566 1494 2617 ad
1522 2568 1716 2616 cultum
1744 2566 1958 2619 deorum
1989 2584 2082 2620 no-

551 2632 778 2684 atrorum
830 2634 1245 2686 descenderunt?
1312 2635 1568 2686 Praeterea
1637 2633 1793 2685 audio
1846 2634 1917 2686 ibi
1965 2650 2082 2690 esse

582 2700 774 2752 {uellam
805 2717 919 2767 qua:
940 2703 1145 2754 nomina
1173 2703 1388 2755 deorum
1420 2711 1718 2753 nostrorum
1747 2702 1967 2756 deridet.
1999 2705 2079 2756 Ad

632 2774 661 2819 c‘
691 2769 941 2822 Eusebius
959 2770 1227 2836 reapondit
1257 2787 1269 2822 :
1303 2769 1528 2824 Puellam
1553 2783 1705 2835 quam
1738 2769 1888 2830 dicis.
1915 2773 2082 2824 nullo-

549 2836 705 2888 modo
739 2852 764 2886 a
791 2840 930 2890 cultu
956 2838 1035 2891 vel
1063 2839 1434 2906 superstitione
1471 2838 1888 2906 Christianorum
1930 2855 2076 2892 amo-

549 2906 963 2973 verepraettalui,
997 2904 1161 2973 neque
1180 2908 1277 2959 sub
1306 2904 1723 2959 interminatione
1751 2905 1814 2957 ad
1847 2917 2076 2962 nostram

548 2971 850 3041 religionem
896 2971 1152 3028 adducere
1183 2975 1353 3041 potui;
1393 2982 1446 3028 et
1476 2975 1573 3027 nisi
1621 2973 1744 3028 mihi
1770 2973 2076 3029 ﬁdelissimo

2195 457 2426 515 absolvo.
2459 461 2645 513 Sancta
2672 468 2810 510 vero"
2835 458 2967 509 Julia
3005 457 3273 521 respondit
3301 473 3315 507 :
3348 458 3575 511 Libertas
3596 477 3686 514 mea

2193 530 2382 582 Christi
2425 528 2690 580 servitium
2739 536 2847 588 est,
2878 526 2958 576 cui
2989 539 3084 591 ego
3126 524 3359 591 quotidie
3388 540 3511 589 pura
3542 540 3688 584 mente

2195 595 2724 663 deservioqCaeterum
2755 593 2904 663 istum
2923 602 3149 663 vestrum
3171 607 3525 663 errorem_non
3547 598 3687 663 solum

2191 680 2293 718 non
2323 660 2576 726 veneror,
2615 676 2794 714 verum
2823 662 2978 712 etiam
3024 668 3076 714 et
3100 661 3354 714 detestor.
3391 660 3533 714 Tunc
3571 661 3686 718 Felix

2192 734 2330 786 Saxo
2350 733 2490 797 jubet
2507 745 2622 795 eam
2647 729 2813 792 alapis
2831 729 2982 780 utcdi.
3009 729 3194 782 Sintta
3219 743 3343 780 vi-ro
3362 727 3490 780 Julia
3519 733 3588 782 ait
3613 750 3622 782 :
3645 736 3687 785 Si

2189 801 2439 854 Dominus
2479 813 2626 851 utens
2669 797 2822 850 Jesus
2857 798 3095 849 Christus
3141 805 3354 864 propter
3376 811 3457 848 me
3487 807 3624 864 sputa
3647 811 3690 854 et

2189 869 2368 935 alapas
2387 868 2438 922 in
2469 866 2599 918 facie
2619 864 3025 935 aecepit,quare
3054 863 3272 935 nonego
3303 863 3373 935 [ιτ
3375 873 3478 916 orte
3506 877 3689 934 propter

2189 933 2389 1006 ipsum]
2429 943 2640 1006 pr0pter
2693 949 2780 1006 me
2825 933 2988 1006 ipsam
3043 933 3206 1000 alapis
3243 933 3416 1006 credar
3441 974 3455 995 .
3484 944 3565 1006 _et
3600 933 3687 1003 pro

2187 1002 2622 1072 aputis'laCrymis
2652 1002 2781 1072 meis
2810 1002 3038 1072 maxillae
3078 1017 3208 1072 mea:
3239 1003 3503 1072 rigentur?
3526 1002 3684 1072 lterum

2187 1069 2506 1125 sanissimus
2528 1070 2688 1122 draco
2705 1069 2858 1135 jussit
2878 1084 2991 1120 eam
3019 1070 3250 1122 crinibus
3271 1070 3518 1136 torqueri.
3549 1071 3685 1125 Vene-

2188 1140 2366 1193 rabilis
2399 1139 2490 1192 Dei
2518 1149 2714 1204 martyr
2737 1143 3032 1202 torquetur,
3057 1138 3364 1204 ﬂagellatur.
3397 1137 3484 1190 Illa
3514 1154 3628 1192 vero
3645 1143 3684 1195 in

2187 1210 2518 1261 confessione
2546 1220 2639 1274 sua
2675 1205 2934 1258 clamabat
2965 1222 2978 1256 :
3012 1205 3156 1257 Illum
3189 1206 3440 1274 conﬁteor
3467 1208 3550 1272 qui
3591 1225 3687 1274 pro.

2187 1285 2305 1342 pter
2333 1290 2415 1328 me
2457 1273 2672 1342 ﬂagellis
2701 1287 2865 1325 caesus
2905 1280 2985 1324 est
3011 1289 3024 1324 :
3050 1288 3166 1324 nam
3208 1275 3250 1326 si
3296 1273 3540 1327 Dominus
3566 1273 3687 1330 metu

2188 1340 2399 1412 prepter
2424 1355 2510 1396 me
2535 1340 2699 1406 Spinis
2722 1353 2800 1392 est
2838 1351 3115 1393 comitatus
3132 1383 3148 1406 ,
3177 1351 3241 1412 et,
3269 1351 3516 1412 tropaeum
3543 1348 3687 1398 crucis

2185 1408 2436 1475 suscepit,
2482 1423 2640 1478 quare
2678 1422 2778 1478 non
2822 1422 2919 1475 ego
2968 1424 3059 1478 per
3103 1408 3376 1478 mollitiem
3405 1412 3684 1475 capillorum

2186 1494 2422 1532 meorum
2446 1521 2462 1544 ,
2497 1476 2549 1531 it
2575 1493 2665 1544 per
2692 1477 2805 1545 ejus
2843 1477 3085 1529 vexillum
3115 1476 3230 1529 ﬁdei
3256 1479 3533 1529 sustineam
3561 1480 3687 1545 hujus

2187 1549 2442 1614 passionis
2461 1546 2771 1612 certamina,
2795 1553 2850 1598 ut
2869 1559 3075 1599 merear
3097 1548 3370 1614 pervenire
3398 1547 3460 1598 ad
3485 1549 3685 1616 martyrii

2255 1617 2407 1668 lmam
2428 1617 2453 1668 τ

2255 1630 2286 1666 ιι

2186 1630 2536 1751 mv‘iai‘t‘aijue
2574 1680 2796 1751 festinus
2821 1681 2981 1734 draco
3002 1721 3020 1746 ,
3053 1697 3119 1737 ne
3157 1682 3372 1751 saevitia:
3399 1695 3503 1751 suae
3524 1683 3687 1738 damna

2116 1733 2163 1794 Β
2191 1733 2690 1816 missusa...
2712 1733 2871 1817 jussit
2892 1733 3130 1804 ’saiiétaiii
3159 1733 3366 1803 Christi,
3394 1733 3684 1806 rariiuiaiiiiii

2194 1821 2421 1879 ratibu‘lo
2461 1820 2632 1872 crucis
2711 1817 2934 1882 imponi;
2982 1828 3036 1872 et
3080 1821 3444 1885 expergefacto
3491 1819 3686 1874 Eusebio

2191 1887 2381 1940 ibidem
2412 1890 2634 1942 maxima
2669 1887 2963 1953 perdomuit
3005 1887 3176 1939 carnis
3210 1888 3493 1940 certamina
3529 1892 3684 1942 victrix

2189 1955 2388 2008 ultima.
2426 1964 2449 1991 ο
2478 1957 2710 2023 Cumque
2738 1955 2822 2007 ille
2844 1955 3046 2021 saporis
3083 1955 3224 2008 frena
3255 1956 3513 2018 laxasset,
3535 1968 3684 2010 sancta

2190 2023 2278 2076 illa
2304 2024 2475 2076 anima
2505 2038 2660 2077 carne
2687 2024 2854 2076 soluta
2875 2063 2890 2087 ,
2917 2023 3150 2090 martyrii
3181 2024 3350 2090 palma
3379 2033 3572 2075 roseata
3593 2064 3608 2086 ,
3634 2025 3684 2076 ad

2190 2101 2327 2144 astra
2353 2094 2602 2145 cwlorum
2633 2093 2808 2144 lxetum
2834 2105 2950 2143 cum
2970 2093 3166 2157 angelis
3186 2092 3312 2158 petit
3337 2093 3582 2154 volatum,
3607 2093 3686 2144 ibi-

2184 2159 2303 2212 dem
2330 2161 2380 2212 in
2412 2161 2639 2213 thalamo
2667 2160 2838 2212 crucis
2863 2160 3050 2212 dotalia
3092 2173 3213 2222 sua,
3246 2160 3531 2211 astantibus
3555 2175 3688 2226 ange-

2186 2227 2267 2286 lis,
2297 2228 2445 2293 plena
2478 2228 2577 2280 fide
2607 2228 2946 2280 confessionis
2974 2227 3228 2289 recitavit,
3252 2239 3297 2279 et
3331 2227 3588 2294 sanguinis
3620 2230 3686 2281 sui

2182 2295 2437 2348 elfusione
2479 2295 2788 2362 subscripsit
2825 2312 2836 2344 :
2869 2303 3022 2361 atque
3041 2309 3142 2400 1ρει·
3176 2311 3266 2346 eos
3295 2295 3468 2347 divina
3505 2297 3686 2363 dispen-

2184 2363 2390 2400 cnlinnn
2431 2364 2479 2400 in
2522 2363 2682 2400 incula-
2733 2363 3002 2400 Μαρίων-ηρ
3104 2363 3392 2400 nnnlialnm
3435 2366 3569 2400 σαι
3621 2373 3685 2400 oar

2184 2363 2390 2416 satione
2431 2364 2479 2415 in
2522 2363 2683 2415 insula
2733 2363 3003 2430 Margarita
3041 2363 3058 2400 τ
3104 2363 3392 2415 nuntiatum
3435 2366 3577 2483 22}
3621 2373 3687 2416 est

2184 2441 2480 2483 sanctorum
2507 2434 2892 2483 congregationi
2912 2433 3307 2483 monachorum.
3326 2431 3530 2483 Ouicoxi
3552 2432 3682 2483 estita

2183 2441 2480 2484 sanctorum
2507 2434 2892 2498 congregationi
2912 2433 3307 2484 monachorum.
3326 2431 3682 2495 Quietififestim

2183 2501 2354 2552 navim
2397 2499 2832 2561 conscenderunt,
2877 2507 2930 2552 et
2973 2501 3204 2552 levantes
3239 2502 3351 2553 vela
3378 2538 3393 2562 ,
3441 2509 3686 2564 prastanto

2182 2567 2281 2620 sibi
2330 2576 2483 2621 vento
2509 2569 2788 2630 solatium,
2845 2568 3016 2620 subito
3055 2579 3403 2634 pervenerunt
3433 2567 3481 2620 in
3529 2567 3686 2631 Capite

2179 2637 2440 2699 Lorsicte,
2469 2647 2522 2689 et
2548 2637 2867 2699 requirentes
2903 2638 2971 2688 ita
3001 2637 3306 2689 invenerunt
3333 2675 3348 2698 ,
3386 2637 3518 2687 sicut
3542 2635 3610 2687 eis
3633 2636 3686 2688 ab

2179 2705 2379 2768 angelis
2411 2704 2574 2758 fuerat
2605 2704 2911 2756 revelatum.
2954 2704 3050 2767 Qui
3083 2718 3199 2756 cum
3236 2703 3378 2755 omni
3418 2704 3686 2757 reverentia

2154 2784 2157 2789 ‘
2179 2771 2499 2837 deponentes
2519 2786 2708 2834 corpus
2729 2783 2921 2824 sancta:
2952 2774 3195 2840 martyris
3223 2771 3416 2824 Christi
3442 2770 3503 2823 de
3523 2786 3680 2837 crure,

2179 2847 2463 2904 posuerunt
2489 2854 2602 2891 eam
2626 2840 2676 2891 in
2701 2839 2836 2899 navi,
2868 2848 2922 2891 et
2949 2839 3178 2891 levantes
3207 2841 3319 2890 vela
3341 2840 3684 2904 navigaverunt

2178 2906 2276 2959 sub
2290 2906 2428 2959 omni
2442 2906 2708 2960 celeritate
2720 2906 3072 2974 regredientes
3086 2913 3366 2974 praestante
3377 2907 3470 2958 sibi
3486 2915 3683 2959 ventos.

2251 2974 2332 3027 VI.
2363 2975 2508 3029 Tunc
2544 2973 2883 3028 obviaver’nnt
2922 2977 3003 3028 eis
3041 2973 3276 3027 menachi
3321 2989 3438 3027 cum
3485 2973 3597 3027 navi
3623 2976 3678 3028 de

546 3039 1087 3122 servitiiimramulatus
1132 3039 1237 3122 sui_
1262 3045 1580 3122 necessaria"
1606 3053 1767 3122 esset,
1799 3044 1909 3111 jam
1956 3060 2071 3122 eam
2101 3061 2145 3122 ρ
2179 3042 2341 3096 insula
2369 3059 2485 3112 qua:
2525 3042 2763 3122 diciturh
2788 3043 3050 3122 Capt-aria,
3079 3052 3357 3122 praestante
3395 3042 3491 3096 sibi
3544 3053 3685 3122 vento

547 3107 713 3170 pinnis
732 3107 1010 3162 allicerem.
1035 3111 1178 3163 Tunc
1199 3111 1346 3165 Felix
1373 3112 1512 3164 Saxo
1532 3112 1661 3164 dixit
1686 3111 1750 3163 ad
1778 3107 1895 3165 enm
1921 3129 1935 3165 :
1971 3115 2073 3168 Aut

543 3187 658 3247 eam
683 3175 781 3247 diis
806 3185 937 3247 nosti
953 3179 994 3228 is
1019 3187 1131 3232 vota
1147 3180 1348 3234 solvere
1367 3181 1640 3247 compelle,
1668 3180 1913 3247 autcerte
1937 3181 2072 3235 dabo

548 3240 636 3294 tlbi
667 3242 734 3317 de
758 3246 887 3317 _meis
915 3255 1135 3310 quatuor
1173 3247 1321 3317 [ϐοά.
1352 3240 1501 3301 Rom:
1525 3285 1541 3310 ,
1572 3240 1793 3317 ancillis]
1834 3250 2067 3314 ancillas,

541 3323 660 3374 qua:
682 3312 768 3382 tibi
799 3312 1077 3382 placuerim
1097 3312 1374 3377 meliores;
1404 3323 1492 3366 aut
1521 3317 1740 3380 pretium
1761 3312 1898 3382 quod
1922 3312 2071 3367 taxa?

542 3385 648 3428 tum
680 3378 868 3439 fuerit.
903 3390 1098 3432 tantum
1130 3385 1192 3432 da
1232 3385 1356 3435 mihi
1385 3378 1534 3435 eam;
1570 3383 1647 3434 Ad
1675 3378 1792 3434 hate
1816 3382 2071 3436 Eusebius

541 3446 846 3514 respondit:
879 3446 934 3498 Si
974 3448 1096 3499 mihi
1120 3449 1373 3514 integrum
1403 3462 1614 3501 censum
1652 3457 1794 3499 tuum
1824 3449 1950 3502 dare
1976 3463 2069 3502 vo-

541 3512 720 3588 lueris,
753 3525 850 3565 non
878 3515 1066 3579 poterit
1083 3517 1146 3568 ad
1173 3512 1405 3581 ejusdem
1432 3515 1673 3568 meritum
1700 3516 1898 3568 servitii
1926 3530 2069 3569 com-

539 3589 729 3644 parari.
1529 3599 1536 3608 ο

608 3646 690 3718 IV.
724 3645 869 3718 Tunc
912 3646 1088 3700 habito
1124 3649 1355 3718 consilio,
1379 3649 1814 3702 venenatissimus
1849 3665 2067 3718 serpens

536 3712 830 3786 convivium
861 3719 1182 3782 praeparavit,
1212 3719 1294 3771 ubi
1325 3717 1580 3770 Eusebius
1609 3719 1806 3782 poculis
1834 3712 2069 3786 crapula-

539 3789 622 3854 tus
648 3821 664 3844 ,
695 3785 800 3834 alto
827 3798 1009 3838 Somno
1037 3787 1236 3852 sopitus
1272 3796 1371 3839 est.
1401 3788 1581 3840 Statim
1608 3787 1874 3854 gentilium
1916 3785 2062 3841 turba

535 3847 711 3922 furens
741 3854 914 3922 navim
950 3847 1388 3917 conscendertuit,
1431 3865 1584 3922 atque
1609 3847 1802 3907 Exinde
1832 3870 2060 3909 sanetam

535 3917 724 3990 Juliani
762 3921 824 3971 ad
856 3921 998 3974 littus
1025 3925 1398 3990 deposuerunt.
1430 3917 1574 3977 Tunc
1601 3923 1740 3977 Felix
1762 3925 1901 3977 Saxo
1927 3925 2061 3979 dixit

534 3986 595 4035 ad
625 4000 737 4038 eam
774 4002 787 4039 :
822 3990 1064 4044 Sacrifica
1095 3986 1225 4055 diis,
1268 3993 1434 4059 puella
1470 4010 1481 4044 :
1516 4007 1614 4060 ego
1641 4009 1735 4060 pro
1778 4005 1826 4046 te
1849 3993 2061 4046 domino

599 4122 625 4189 ξ
666 4116 817 4189 ML,
847 4121 1052 4189 intperio
1085 4122 1284 4172 subdita
1302 4123 1496 4189 publice
1527 4123 1883 4189 famulabatur.

599 4179 626 4216 δ
667 4179 1043 4247 Papebrochius
1071 4199 1249 4239 censet
1276 4179 1452 4253 reponi
1475 4179 1666 4240 debere
1697 4191 1935 4251 Artorius,
1968 4201 2056 4240 aut

533 4247 835 4304 Saracenos.
870 4253 937 4304 At
968 4263 1072 4304 tota
1116 4247 1370 4319 passionis
1399 4257 1562 4306 series
1588 4257 1750 4321 exigit
1781 4269 1836 4307 ut
1865 4247 2061 4322 legatur

555 4335 565 4362 ›
633 4332 658 4366 a
770 4360 778 4368 .

534 4332 632 4456 ia}:
785 4386 952 4438 verbis
986 4388 1244 4456 quaslibet
1268 4387 1554 4440 dominicas
1581 4388 1692 4442 dies
1721 4388 1967 4455 intellige,
2001 4399 2058 4441 ttt

532 4454 581 4504 in
629 4455 885 4521 plerisque
921 4454 1178 4522 sequioris
1217 4459 1309 4508 iI‘VI
1350 4459 1664 4509 auctoribus.
1707 4458 1828 4509 Vide
1867 4454 2060 4521 episto-

530 4523 628 4593 lum
662 4523 717 4573 Η
748 4518 814 4575 εξ
837 4518 1023 4576 l.e0nis
1064 4527 1304 4576 editionis
1330 4527 1688 4589 Quesnclianie
1720 4541 1834 4593 quae
1882 4518 1962 4577 est
1991 4526 2054 4577 ad
2089 4518 2133 4573 D

538 4591 838 4642 Dioscor'um
870 4594 1294 4644 Alexandrinum.

594 4654 619 4690 ἀ
648 4658 776 4728 Cod.
814 4660 1000 4712 Bodec.
1033 4662 1165 4726 apud
1203 4661 1334 4713 Boll.
1368 4661 1530 4723 addit,
1553 4663 1639 4727 qui
1669 4663 1834 4728 major
1862 4669 1966 4712 erat
1989 4661 2060 4712 in-

527 4731 606 4795 ter
627 4726 794 4775 turbas
823 4729 1198 4778 immolantium.
1243 4729 1294 4779 Itt
1323 4729 1516 4779 Adonis
1546 4726 1831 4795 appendit'c
1867 4731 2060 4781 dicitur

528 4791 793 4865 princeps."
814 4798 942 4865 quod
961 4797 1104 4865 _forte
1130 4799 1421 4860 praecipuus
1445 4791 1700 4849 esset-loci
1735 4799 1888 4849 illius.
1923 4799 2057 4848 lnl'ra

525 4858 713 4932 eicitur
749 4856 897 4932 Felia:
946 4863 1104 4925 Saxo,
1133 4856 1459 4932 Ione—Sage,
1509 4881 1534 4914 a
1581 4867 1782 4932 Sagona
1826 4867 2055 4918 Corsica:

529 4926 654 5000 urbe
681 4942 815 4978 nunc
843 4929 1031 5000 diruta,
1063 4942 1117 5000 ut
1147 4926 1439 4995 suspicatur
1472 4926 1870 4997 Papebrvochius.
1907 4934 2054 5000 Apud

525 4990 820 5069 [curacum
879 4998 926 5046 itt
979 4990 1251 5065 Catali-go'
1293 4990 1590 5052 sane-tumin
1655 5008 1812 5055 ltaliie
1863 4990 2053 5054 dicitur

520 5056 670 5110 Felix
691 5062 958 5113 Tribunus.

545 5194 553 5201 '
590 5136 610 5159 θ
642 5129 937 5201 Lectioneni
969 5131 1084 5201 cod.
1135 5133 1448 5201 Bodecensis
1481 5138 1808 5192 retinuiinns.
1834 5139 2051 5191 Floren-

519 5199 656 5267 linus
695 5208 743 5267 et
795 5199 989 5262 licmig.
1027 5200 1248 5261 habent,
1283 5200 1501 5267 Cumque
1549 5208 1795 5256 laxusscnt
1832 5218 2050 5256 ctaiistra

519 5264 729 5339 "pulcri"
770 5269 986 5339 subjecta
1017 5269 1200 5339 meritis
1223 5307 1234 5327 ,
1277 5283 1336 5317 ex
1374 5264 1459 5319 ore
1495 5273 1600 5337 ejus
1625 5275 1847 5324 columba
1873 5277 2048 5339 rapido

520 5331 653 5394 petiit
690 5344 820 5381 astra
852 5331 1034 5384 uolatu.
1071 5331 1259 5384 Ibidem
1281 5373 1293 5394 ,
1318 5344 1419 5387 etc.

547 5392 604 5474 ..ί
642 5396 764 5474 Coti.
798 5403 994 5462 liemig.
1023 5403 1162 5474 addit
1192 5442 1204 5462 ,
1239 5392 1347 5474 quis
1365 5419 1504 5474 nunc
1533 5407 1676 5474 vulgo
1703 5405 1936 5474 Gorgona
1959 5410 2034 5458 die

512 5465 657 5538 citur.
709 5466 795 5538 Est
849 5478 1018 5538 autem
1059 5472 1191 5538 inter
1229 5470 1492 5522 Corsicam
1541 5465 1760 5524 insulam
1790 5465 1842 5527 evt
1889 5491 2030 5526 oram

518 5530 709 5582 Inscite
739 5536 831 5584 sita
859 5574 870 5584 .
912 5536 1033 5588 f‘IIIlI
1077 5536 1380 5590 I'isanorum
1408 5579 1421 5596 .
1469 5555 1603 5594 nunc
1626 5578 1640 5598 ,
1673 5546 1804 5595 sicut
1833 5556 1882 5597 ct
1919 5545 2031 5594 l’isa

2180 3111 2420 3178 magnum
2461 3112 2729 3175 solatium;
2772 3123 2825 3166 et
2850 3111 3023 3164 mirati
3048 3121 3167 3164 sunt
3193 3111 3331 3175 quod
3355 3123 3532 3164 contra
3558 3112 3684 3164 venti

2178 3181 2528 3233 fortitudinem
2553 3181 2602 3233 iti
2627 3181 2832 3233 modum
2857 3180 3118 3233 volucrum
3137 3180 3247 3230 vela
3267 3180 3416 3245 plena
3440 3183 3533 3230 iter
3549 3194 3682 3230 suum

2174 3259 2407 3315 agerent.
2426 3249 2520 3311 Qui
2544 3248 2850 3301 accedentes
2869 3257 2920 3300 et
2941 3247 3336 3314 diligentissime
3360 3245 3681 3315 requirentes.

2173 3312 2292 3380 qua:
2311 3317 2475 3368 virtus
2504 3315 2594 3367 Dei
2624 3325 2763 3367 esset
2793 3315 2843 3366 in
2879 3315 3018 3374 navi,
3042 3312 3405 3380 exposuerunt
3427 3313 3502 3364 eis
3529 3312 3682 3364 omnia

2177 3395 2269 3447 per
2293 3382 2528 3434 ordinem
2574 3384 2705 3433 sicut
2731 3390 2876 3448 gesta
2922 3381 3145 3444 fuerant,
3194 3388 3248 3432 et
3283 3381 3603 3446 postulantes
3624 3382 3682 3430 ab

2175 3451 2252 3500 eis
2277 3449 2613 3515 reliquiarum
2651 3449 3062 3501 benedictionem
3106 3449 3508 3513 impetraverunt
3533 3457 3583 3500 et
3607 3463 3679 3500 re-

2173 3517 2337 3582 gressi
2360 3528 2482 3570 sunt
2511 3517 2560 3569 in
2587 3531 2700 3569 sua.
2726 3516 2801 3568 Illi
2831 3527 3003 3568 autem
3030 3524 3374 3582 pervenerunt
3397 3517 3446 3567 in
3477 3517 3680 3567 insulam

2175 3581 2582 3650 Gorgonensem,
2607 3595 2657 3635 et
2678 3583 2998 3650 deponentes
3023 3581 3212 3644 Corpus
3240 3585 3352 3649 ejus
3390 3584 3453 3636 de
3483 3583 3613 3640 navi.
3635 3595 3679 3635 et

2169 3653 2476 3704 condientes
2497 3666 2609 3703 eam
2633 3654 2951 3705 aromatibus
2974 3665 3260 3716 posuerunt
3288 3653 3337 3703 in
3361 3662 3680 3703 monumento

2168 3734 2284 3771 cum
2310 3720 2498 3787 gaudio
2529 3734 2734 3785 magno.
2760 3719 2918 3772 Gesta
2945 3731 3117 3772 autem
3148 3728 3270 3770 sunt
3306 3719 3415 3772 hac
3445 3733 3494 3770 xt
3519 3720 3678 3770 calen-

2168 3789 2260 3840 das
2288 3787 2444 3840 Junii.
2497 3787 2549 3839 In
2579 3802 2682 3854 quo
2721 3787 2836 3839 loco
2877 3787 3063 3840 florent
3096 3788 3363 3854 orationes
3399 3798 3678 3839 sanctorum

2167 3858 2230 3908 ad
2258 3856 2458 3908 laudem
2501 3853 2702 3908 Domini
2730 3857 2892 3908 nostri
2925 3856 3047 3909 Jesn
3075 3853 3285 3917 Christi,
3311 3857 3394 3908 cui
3420 3864 3497 3908 est
3525 3854 3678 3906 honor

2167 3935 2221 3978 et
2241 3925 2404 3993 gloria
2427 3924 2476 3976 in
2508 3926 2694 3978 saecula
2723 3927 3052 3978 saeculorum.
3075 3927 3240 3976 .tnieu

2161 4125 2269 4187 ipsa
2294 4163 2308 4184 ,
2348 4138 2536 4189 magno
2564 4125 2785 4176 Etruria:
2815 4124 2940 4176 duci-
2963 4125 3185 4177 subdita.
3213 4125 3286 4177 De
3315 4125 3678 4192 Gorgonm‘in-

2161 4192 2588 4261 anlte_mon:_ichis
2612 4193 2892 4256 Gregorius
2917 4192 3128 4256 Magnus
3151 4194 3200 4244 in
3225 4195 3315 4244 ιιι».
3341 4210 3388 4256 t,
3417 4207 3568 4261 epist.
3596 4195 3671 4246 50.

2232 4255 2408 4326 “_Cod.
2437 4257 2509 4306 Bo
2531 4261 2588 4316 l.,
2619 4255 2854 4324 prospero
2889 4255 3026 4309 uento
3063 4255 3384 4326 pervenerunt
3416 4255 3482 4310 ait
3510 4277 3675 4311 mana-

2161 4324 2365 4374 sterium
2387 4339 2552 4380 suum.
2576 4336 2676 4376 etc.

2230 4389 2254 4424 δ
2286 4391 2450 4441 Insula
2478 4391 2721 4456 Capraria
2750 4383 2916 4442 m'edia
2947 4401 3028 4443 est
3053 4392 3187 4444 inter
3206 4391 3466 4445 Corsicam
3488 4406 3536 4447 et
3557 4395 3676 4448 Gor-

2159 4471 2366 4523 gonani,
2412 4458 2636 4515 Huiusce
2678 4458 2857 4510 insulae
2900 4464 3184 4512 monachos
3228 4461 3295 4512 ob
3336 4466 3674 4514 conversatio-

2162 4541 2277 4577 nem
2295 4537 2523 4577 sanctam
2545 4527 3048 4594 laudatAugustinus
3065 4530 3218 4591 epist.
3238 4530 3303 4579 48
3324 4531 3386 4579 ad
3405 4531 3674 4582 Eudoxinni

2162 4608 2341 4643 eorum
2402 4595 2638 4645 abbatem
2694 4596 2831 4647 data.
2880 4597 3128 4648 Mascczirl
3183 4599 3430 4649 adVersus
3478 4598 3674 4650 fratrem

2162 4675 2313 4712 suum
2347 4661 2616 4733 Gildonem
2656 4665 2704 4733 in
2748 4663 2921 4716 Africa
2966 4665 3302 4716 rebellantem
3354 4676 3673 4733 pugnaturus,

2162 4738 2340 4780 not-tes
2372 4731 2419 4780 iii
2444 4731 2763 4782 orationibus
2784 4747 2900 4782 eum
2923 4733 3184 4795 Caprarize
3213 4731 3393 4784 insula:
3423 4731 3675 4785 monachis

2161 4799 2438 4862 transegit;
2490 4801 2610 4862 quin
2641 4808 2693 4849 et
2728 4814 2906 4850 eorum
2951 4801 3146 4864 aliqum
3172 4816 3346 4854 secum
3379 4803 3429 4853 in
3458 4804 3671 4855 Africam

2159 4867 2322 4935 duxit,
2372 4875 2425 4914 ut
2468 4865 2578 4935 ipse
2619 4866 2798 4929 armis,
2844 4868 2913 4918 illi
2956 4883 3078 4918 vero
3109 4869 3343 4934 precibus
3376 4882 3670 4935 pugnarent.

2162 4931 2281 4982 I’ost
2305 4941 2504 5003 noctein
2525 4934 2571 4981 iii
2597 4935 2788 5003 hymnis
2815 4947 2856 4983 et
2880 4931 3177 4986 orationibus
3203 4931 3497 5003 pervigilem
3519 4953 3674 4992 trans«

2154 5013 2320 5074 actam
2351 5002 2566 5074 munitus
2606 5001 2726 5074 ipsis
2767 5004 3032 5053 ca'lesti'um
3056 5001 3474 5058 sacramentorum
3503 5017 3674 5074 myste-

2153 5071 2242 5118 riis
2276 5067 2680 5138 prmliunriniit,
2736 5079 2888 5136 atque
2925 5087 3039 5122 cum
3079 5088 3232 5138 parva
3274 5075 3493 5126 militum
3525 5067 3670 5126 manu

2154 5139 2412 5201 ingentem
2459 5135 2722 5185 rebellium
2765 5135 3046 5190 exercitum
3080 5135 3141 5191 'in
3187 5142 3356 5204 fugam
3407 5145 3573 5203 vcriit,
3621 5150 3666 5191 ut

2153 5215 2328 5254 nari-at
2371 5205 2835 5272 l'aulusDrosins,
2889 5220 3069 5258 auctor
3114 5209 3320 5261 illorum
3363 5220 3667 5272 temiorum.

2152 5272 2240 5322 lib.
2271 5286 2357 5329 vn,
2401 5286 2512 5335 Cap.
2541 5271 2626 5322 95.
2661 5273 2935 5326 Monachus
2967 5277 3170 5327 Etrusci
3207 5279 3361 5329 niari~
3395 5271 3670 5331 insularum

2151 5353 2176 5388 a
2216 5339 2424 5410 Fabiola
2448 5342 2686 5410 visitatus
2714 5340 2870 5394 fuisse
2897 5343 3075 5394 scribit
3106 5344 3446 5410 Hieronymus
3468 5349 3516 5397 in
3541 5349 3670 5410 ejus-

2139 5410 2254 5456 dem
2287 5406 2507 5456 i’abiolx
2531 5409 2949 5472 epitapliio.Viile
2977 5412 3250 5463 Baronium
3275 5406 3330 5464 et
3349 5423 3587 5465 auctores
3609 5409 3670 5460 ali

2139 5489 2202 5526 co
2236 5475 2468 5524 laudatos
2507 5475 2569 5524 ad
2612 5490 2801 5526 annum
2843 5480 2963 5530 598.
3004 5479 3258 5530 Caeterum
3285 5481 3452 5531 codex
3485 5480 3665 5528 lloilec.

2140 5543 2265 5593 nihil
2299 5543 2450 5594 habet
2476 5541 2537 5594 de
2565 5542 2661 5595 hoc
2687 5543 2945 5608 Caprariie
2971 5549 3340 5600 monachorum
3363 5561 3604 5600 occursu.
