3812 6226
647 418 740 472 Ιῦὸ
1820 422 2120 478 SIDONIUS

2277 424 2608 480 mussms.
3192 500 3195 503 η
3669 432 3743 488 tu

651 545 3137 563 vim—ww
3150 548 3738 563 ——_-——.

680 544 3734 581 W

1785 653 1944 698 ANNO
1985 655 2204 698 υολιηιι
2246 655 2634 704 CCCCLXXX".

736 783 1879 995 SIDONIUS
2037 788 3266 999 APOLLINA
3284 790 3667 997 BIS

1748 1056 1751 1063 ’
1784 1063 2201 1120 ARVERNORUII
2246 1066 2590 1127 EPISCOPUS,
2934 1091 2937 1094 ‘

1980 1192 2445 1207 _————-—-

1612 1294 2796 1407 PROLEGOMENA.

1992 1491 2461 1515 -ι--υι--φ--σ

1451 1580 2038 1695 EPI-STOL-A
2086 1606 2986 1717 ,DEDICATOBIA.

1354 1778 1617 1841 Jsconus
1677 1778 2035 1839 Snauouoos
2101 1780 2171 1838 ι).
2223 1780 2689 1849 Roplmcsuno
2737 1779 3079 1849 Rannmo,‘

1501 1917 1565 1974 S.
1596 1916 1669 1979 It.
1700 1917 1776 1983 Ε.
1818 1918 2122 1980 cardinali
2149 1921 2427 1996 episcopo
2460 1920 2925 1983 Silvanectenet.

2001 2069 2447 2081 —-—.—-——-—————n

719 2175 1093 2235 Destinatum
1122 2176 1236 2237 tibi
1259 2185 1401 2237 ante
1429 2194 1621 2238 annos
1644 2180 1980 2257 complures
2006 2183 2331 2245 Sidonium
2362 2193 2664 2253 nostrum.
2697 2181 3104 2245 illustrissime
3130 2179 3491 2248 cardinal",
3516 2194 3622 2255 pro
3647 2186 3756 2234 voto
3782 2244 3783 2255 χ

641 2271 864 2335 accidit
896 2280 963 2333 ut
994 2289 1104 2349 per
1135 2273 1365 2334 eosdem
1393 2276 1515 2353 fere
1547 2276 1670 2336 dies
1694 2278 1866 2353 prelo
1900 2277 2275 2357 subjicerem,
2308 2281 2526 2360 quibus
2555 2290 2611 2340 te
2639 2280 2711 2341 ab
2739 2280 2929 2342 Italia
2959 2278 3234 2341 reducem
3272 2277 3569 2355 plaudens
3596 2272 3783 2334 Gallia?

640 2368 901 2446 privatis
922 2367 1294 2447 publicisque
1319 2372 1836 2447 gratulationibus
1862 2376 2360 2454 prosequebatur.
2388 2378 2546 2440 Nam
2581 2364 2713 2437 cum
2740 2397 2777 2437 a
2807 2394 2896 2437 me
2922 2375 3132 2437 itidem
3163 2392 3243 2436 ea:
3269 2373 3494 2434 veteris
3519 2371 3758 2432 clientela
3782 2408 3783 2419 η

640 2483 805 2525 nexu
832 2465 1250 2546 adventorium
1276 2467 1390 2528 tibi
1411 2485 1628 2527 munus
1655 2470 1906 2547 aliquod
1939 2471 2140 2532 deberi
2173 2474 2479 2545 sentirem,
2515 2470 2846 2548 optandum
2878 2478 3004 2530 erat
3032 2470 3307 2547 pro/ceto
3347 2476 3421 2527 ut
3464 2467 3578 2529 tale
3599 2466 3783 2525 nanci-‘

642 2577 857 2630 scerer,
886 2561 1049 2639 quod
1075 2578 1199 2621 non
1229 2563 1423 2623 solum
1455 2564 1749 2625 desideria
1776 2576 1985 2626 nostra
2018 2569 2253 2638 testari,
2287 2568 2390 2627 sed
2419 2578 2580 2627 tuam
2626 2585 2859 2646 quoque
2904 2567 3165 2644 gratiam
3192 2566 3350 2626 inire
3378 2584 3453 2625 ac
3480 2564 3758 2641 promereri
3782 2572 3783 2629 Τ

638 2665 859 2738 posset.
888 2657 1067 2724 Nunc
1094 2676 1235 2719 vero
1258 2678 1369 2722 sua
1389 2670 1601 2737 sponte
1638 2661 1703 2721 id
1729 2660 1993 2722 oblatum
2021 2673 2132 2738 est,
2166 2664 2329 2743 quod
2350 2665 2545 2723 amari
2567 2664 2671 2723 abs
2701 2672 2780 2737 te,
2813 2664 2868 2722 si
2896 2668 2952 2721 te
2974 2676 3160 2726 amas.
3182 2648 3555 2739 probarique
3576 2674 3759 2717 necesse
3782 2666 3783 2747 ἐ

642 2754 750 2813 sit.
784 2753 949 2825 Quid
988 2755 1145 2815 enim
1171 2754 1343 2815 aliud
1373 2755 1485 2815 tibi
1511 2756 1697 2833 offero
1728 2774 1863 2817 cum
1891 2759 2221 2819 Sidonium
2254 2762 2468 2838 o/I'ero,
2502 2778 2682 2838 quam
2706 2760 2963 2821 alterum
2991 2767 3045 2818 te
3074 2756 3210 2827 tibi,
3248 2757 3363 2818 hoc
3396 2768 3485 2816 est
3510 2754 3783 2835 prastost-3

648 2851 941 2910 tissimum
959 2866 1195 2927 genere,
1216 2852 1518 2923 doctrina,
1543 2854 1773 2915 virtute
1790 2858 2145 2926 antistitem.
2170 2858 2381 2918 iisdem
2403 2857 2684 2917 laudibus
2713 2857 3193 2935 ornamentisque
3212 2855 3473 2934 preedito
3502 2854 3731 2914 antistiti
3739 2851 3759 2906 l

645 2949 923 3024 pra/ecta
955 2949 1294 3011 Galliarum
1335 2957 1513 3029 patre
1538 2961 1770 3023 natum,
1804 2951 2135 3016 Gallicana:
2178 2954 2414 3015 militia:
2459 2954 2740 3029 magistri
2788 2954 2914 3030 ﬁlio
2937 2972 2960 3021 ,~
2999 2952 3350 3031 prafectum
3390 2951 3537 3013 urbi
3579 2949 3783 3027 Bonum}

648 3047 952 3111 cardinali
979 3058 1353 3125 tantumnon
1371 3049 1570 3127 primo
1593 3050 1658 3110 in
1687 3050 1748 3109 Ε
1756 3049 1979 3110 σοιειίω
2006 3051 2287 3110 Romanae
2308 3052 2505 3126 gradu
2531 3050 2867 3113 constituto
2882 3068 2904 3117 ,-
2926 3049 3271 3125 episcopum
3296 3048 3553 3125 denique
3576 3045 3759 3110 Arver-

647 3158 865 3203 norum
883 3144 1228 3213 Arvernic‘c
1253 3145 1409 3207 sedis
1428 3146 1685 3223 ejusdem
1701 3147 1977 3224 episcopo
1992 3148 2024 3205 Υ
2047 3148 2311 3208 Tametsi
2333 3148 2489 3208 enim
2511 3154 2567 3205 te
2584 3146 2871 3206 Arvernis
2892 3144 3015 3204 tuis
3036 3143 3395 3220 iampridem
3419 3142 3759 3205 subduxerit.

648 3240 1045 3320 maluerisque
1069 3242 1399 3305 desiderari
1425 3242 1500 3302 ab
1529 3243 1612 3303 iis
1640 3245 2020 3321 prasentiam
2055 3252 2215 3302 tuam
2240 3261 2417 3320 quam
2441 3251 2800 3321 perpetuum
2830 3240 2961 3302 illis
2992 3240 3211 3301 bonum
3236 3259 3356 3301 esse
3386 3259 3509 3319 quo
3535 3226 3783 3321 frueban-

651 3342 778 3412 tur,
806 3336 984 3398 haeret
1010 3348 1220 3422 tamen
1273 3339 1544 3417 vigetque
1576 3341 1643 3400 in
1676 3342 1944 3400 omnium
1975 3341 2193 3403 animis
2233 3340 2579 3417 gratissima
2625 3342 3022 3417 pontiﬁcatus
3064 3341 3162 3400 tui
3202 3339 3578 3399 recordatio.
3605 3336 3759 3411 Nequl

644 3432 772 3493 ulla
796 3450 1059 3512 unquam
1090 3435 1206 3495 erit
1232 3444 1377 3496 mtas
1406 3452 1537 3513 qua
1560 3436 1757 3495 lustra
1784 3438 1893 3496 illa
1920 3437 2182 3514 quinque
2209 3453 2337 3495 non
2364 3436 2637 3511 celebret,
2663 3434 2879 3515 quibus
2903 3435 2982 3494 ad
3004 3435 3290 3494 Ecclesia
3313 3432 3757 3493 Claromontona

646 3532 882 3595 clavum
910 3533 1139 3603 sedens,
1175 3551 1370 3615 omnes
1416 3533 1514 3594 illi
1550 3526 2011 3608 prudentissimi
2044 3532 2616 3609 vigilantissimique
2639 3532 2911 3609 pastoris
2936 3546 3217 3590 muneras
3258 3527 3588 3589 reddidisti
3620 3544 3759 3587 :cum

648 3626 936 3689 creditam
980 3627 1094 3691 tibi
1114 3628 1340 3704 plebem
1378 3627 1708 3688 caelestibus
1743 3628 2108 3703 disciplinis.
2143 3645 2251 3688 nec
2283 3627 2481 3686 verbis
2514 3634 2750 3686 tantum
2776 3643 2847 3685 ac
2875 3642 3167 3700 sermone,
3200 3625 3302 3685 sed
3342 3625 3595 3705 scriptis
3624 3624 3760 3684 etiam

648 3723 1083 3797 voluminibus,
1126 3740 1278 3784 vere
1308 3725 1555 3801 pietatis
1585 3724 1867 3799 magister
1895 3723 2201 3791 erudires;
2234 3731 2375 3784 tum‘
2388 3727 2572 3784 vitam
2604 3726 2752 3800 ipse,
2782 3718 3131 3801 morumque
3171 3724 3437 3802 formam
3466 3741 3676 3784 omnem
3697 3724 3761 3779 sie

647 3822 999 3894 instrueres,
1028 3829 1099 3880 ut
1121 3821 1336 3899 quibus
1358 3821 1754 3887 successissss.
1777 3837 2108 3898 quorumve
2133 3822 2199 3880 in
2224 3821 2504 3881 cathedra
2522 3821 2751 3879 sederes
2768 3866 2783 3895 ,
2809 3828 3099 3898 perpetuo
3128 3820 3443 3895 meditari,
3470 3819 3761 3881 laudanda-

647 3936 761 3995 que
787 3918 1149 3981 imitationis
1180 3918 1409 3989 studio,
1441 3936 1605 3978 nunc
1650 3919 2083 3995 Austremonii,
2110 3918 2425 3997 Illidiique
2453 3920 2865 3988 sanctitatem.
2908 3918 3250 3980 Venerandi
3282 3927 3471 3996 atque
3510 3915 3760 3994 Eporehii

648 4015 1022 4093 religionem,
1046 4016 1375 4092 Quintiani
1404 4018 1833 4090 constantiam,
1859 4018 2022 4079 Galli
2048 4004 2977 4097 modestiam,benignitatemque
3002 4020 3276 4080 amulari
3296 4001 3614 4081 viderere:
3636 4026 3761 4078 nunc

648 4111 821 4180 eniti,
848 4122 916 4171 ut
944 4114 1349 4172 humanaruw
1363 4130 1561 4173 rerum
1588 4114 1980 4191 despicientia
2010 4115 2299 4189 Bonitos,
2327 4129 2641 4173 sacrorum
2671 4114 2942 4175 locorum
2984 4114 3151 4174 cultu
3183 4114 3494 4187 Genesios,
3519 4129 3760 4173 revocan-

647 4210 741 4269 dis
782 4210 860 4269 ad
904 4219 1124 4270 rectam
1170 4212 1338 4287 ﬁdem
1387 4210 1577 4270 deviis
1606 4212 1861 4283 Avitos,
1907 4209 2289 4269 sublevandis
2324 4211 2577 4285 inopum
2610 4209 3051 4269 calamitatibus
3082 4208 3411 4279 Sidonios,
3465 4209 3761 4270 universum

647 4306 895 4389 denique
920 4307 1373 4367 lectissimorum
1406 4307 1708 4384 quondam
1737 4307 2062 4383 pra-sutum
2089 4298 2384 4381 senatum,
2414 4308 2723 4381 Arvernia
2745 4325 2865 4367 sua!
2888 4307 3185 4367 virtutum
3212 4312 3463 4367 tuarum
3483 4304 3763 4367 luminibus

648 4402 1047 4479 exemplisque
1088 4388 1427 4465 renovasse;
1461 4403 1815 4478 Quanquam
1855 4405 1977 4460 hac
2011 4422 2046 4459 a
2086 4420 2175 4459 me
2216 4418 2527 4477 quorsum,
2575 4404 2681 4478 qui
2712 4420 2817 4462 nec
2846 4402 3050 4461 laudes
3084 4410 3218 4461 tuas
3243 4403 3511 4463 scribere
3538 4402 3761 4467 institui,

651 4517 759 4557 nec
779 4500 831 4557 si
861 4498 1059 4564 velim,
1082 4513 1230 4571 opus
1262 4496 1499 4553 habeam
1538 4498 1850 4571 praterita
1878 4504 2169 4563 retexere,
2208 4514 2341 4555 cum
2365 4497 2430 4555 in
2448 4506 2736 4572 promptu
2756 4497 2902 4563 sint,
2930 4513 3002 4553 ac
3030 4494 3263 4555 laudem
3280 4513 3518 4555 omnem
3533 4497 3762 4556 vincant.

651 4612 780 4669 quea
810 4594 875 4651 in
904 4600 959 4649 te
1000 4599 1102 4648 aut
1135 4593 1321 4648 Roma
1347 4606 1540 4666 nuper
1567 4597 1848 4647 venerata
1873 4597 1980 4653 est.
2012 4598 2119 4647 aut
2149 4605 2313 4648 nunc
2338 4589 2480 4647 aula
2529 4589 2812 4663 suspicit,
2856 4595 2962 4645 aut
2996 4587 3154 4662 forte
3179 4604 3289 4643 sua
3322 4587 3453 4647 lmti
3476 4587 3762 4665 pradicant

652 4692 1120 4751 Silvanectenses
1172 4691 1305 4747 tui?
1336 4691 1614 4747 Attamen
1659 4687 1799 4745 hinc
1845 4686 2042 4754 vides,
2093 4685 2499 4747 illustrissime
2542 4684 2895 4751 cardinalis,
2945 4700 3062 4759 qua
3112 4682 3336 4756 ﬁducia
3388 4684 3763 4745 benevolentia

654 4770 1227 4863 approbationisque
1270 4792 1383 4843 tute
1406 4782 1796 4843 vernaculum
1825 4780 1936 4839 tibi
1964 4798 2032 4839 ac
2074 4797 2218 4855 pene
2241 4778 2628 4838 domesticum
2660 4795 2873 4836 munus
2895 4774 3201 4834 exhibeam
3226 4796 3245 4842 ;
3281 4785 3349 4835 ut
3378 4794 3519 4837 cum
3547 4776 3765 4838 nominis

655 4887 747 4949 tui
776 4883 1183 4942 studiosorum
1214 4891 1463 4947 conatus
1510 4898 1707 4937 omnes
1752 4878 1998 4955 benigne
2026 4877 2339 4951 complecti
2382 4876 2601 4941 soleas.
2636 4874 2999 4957 praecipuam
3046 4880 3240 4929 tamen
3281 4871 3552 4949 Sidonio
3591 4883 3761 4934 nostra

651 4985 909 5058 gratiam
936 4990 1025 5040 tot
1051 4980 1161 5041 tibi
1188 4980 1531 5039 nominibus
1560 4978 1801 5038 addicto
1831 4985 1888 5036 et
1914 4982 2265 5037 consecrato
2294 4973 2493 5034 deberi
2521 4974 2840 5051 conﬁdam.
2872 4972 3085 5047 Itaque
3112 4986 3184 5028 ne
3207 4971 3389 5031 istam
3421 4973 3651 5051 quidem
3675 4978 3759 5029 tam

654 5078 806 5143 lenti
831 5091 971 5160 post
1008 5092 1095 5142 tot
1123 5101 1316 5141 annos
1345 5080 1533 5156 ofﬁcii
1567 5080 1929 5147 tarditatem,
1963 5094 2038 5134 ne
2064 5075 2209 5134 mihi
2234 5075 2447 5151 fraudi
2472 5076 2550 5135 sit
2580 5074 2957 5150 pertimesco,
3002 5083 3133 5126 cum
3151 5068 3393 5145 facilem
3421 5074 3761 5160 veniammul

654 5158 884 5241 laudem
912 5185 1138 5259 potius.
1176 5180 1239 5237 ni
1285 5179 1493 5253 fallor,
1517 5176 1757 5253 judicio
1784 5183 1886 5233 tuo
1915 5174 2221 5232 relaturus
2251 5169 2496 5239 videar;
2526 5186 2697 5248 quem
2735 5162 3035 5259 intelliget
3061 5161 3171 5221 hac
3207 5163 3338 5238 ipsa
3362 5169 3583 5227 veteris
3614 5158 3763 5259 debili

652 5252 1016 5353 professione
1045 5275 1355 5351 antiquam
1402 5282 1455 5331 et
1502 5278 1871 5333 constantem
1908 5270 1973 5327 in
2012 5267 2107 5325 tui
2140 5264 2523 5324 veneratione
2568 5270 2743 5337 atque
2769 5255 3047 5333 obsequio
3073 5261 3588 5330 perseverantiam
3617 5252 3761 5316 decla-

655 5391 809 5435 rare.

1438 5442 1729 5507 ιι.Α.Τ.

2576 5510 2986 5570 Deditissimus
3017 5510 3148 5567 hc.
3176 5508 3571 5580 Slauonous,

2872 5606 3001 5667 Sue.
3032 5606 3175 5664 Jesu
3214 5610 3420 5681 prcsb.
