3812 6226
579 189 679 244 850

1797 186 2034 241 8100811
2076 185 2508 243 ΑΡυιιιιιιιειιιιε

3615 189 3697 242 16)

581 297 956 353 stantissimum
997 298 1194 361 virum,
1239 303 1484 352 tractatus
1515 296 1612 350 iste
1657 310 1760 350 non
1798 296 1970 362 latuit,
2018 298 2106 366 qui
2129 302 2182 358 Α
2213 307 2268 350 ιιι
2297 298 2457 351 moris
2483 291 2584 363 est,
2606 308 2635 349 e
2655 295 2868 364 regione
2888 295 3198 351 consistunt.
3223 295 3448 352 Ot'fertur
3462 295 3684 364 prmium,

583 385 806 438 Arvandi
857 384 1138 448 amicitias,
1167 398 1375 452 quoque
1421 399 1612 453 genere
1657 384 1918 449 incursas,
1970 385 2105 439 inter

582 475 743 538 ipsius
771 473 983 528 adversa
1015 472 1196 547 vitare,
1231 472 1501 541 perfidum,
1534 473 1832 541 barbarum,
1859 475 2102 543 ignavum

582 561 1023 631 computabamus.
1052 561 1341 616 Deferimus
1382 561 1536 629 igitur
1565 562 1693 616 nihil
1720 563 1820 618 tale
1848 565 2100 618 metuenti

583 661 610 689 ι
639 645 796 705 tritam
826 651 1215 719 perirnachiam,
1239 664 1392 719 quam
1414 664 1615 703 summo
1635 650 1852 705 artificio
1881 666 2029 706 acres
2050 659 2104 705 et

583 741 804 796 flammei
820 741 918 794 viri
935 741 1176 800 occulere
1197 741 1248 792 in
1270 746 1472 807 tempus
1487 738 1668 809 judicii
1691 739 2100 795 meditabantur:

581 832 783 886 scilicet
822 841 876 885 ut
902 829 1254 885 adversarium
1284 829 1570 894 incautum,
1602 839 1654 885 et
1693 829 1926 885 consiliis
1952 830 2106 884 soda-

583 920 706 974 lium
735 913 1020 986 repridiatis
1042 917 1140 972 sibi
1166 917 1261 971 soli
1286 924 1484 972 temere
1507 909 1754 972 fidentem
1784 915 2108 987 professione

582 1008 819 1077 responsi
851 1005 1127 1074 praecipitis
1166 1004 1514 1060 involverent.
1542 1005 1768 1060 Dicimus
1805 1019 1958 1074 ergo,
1988 1006 2108 1074 quid

583 1096 754 1161 nobis,
801 1094 925 1165 quid
962 1095 1145 1149 amicis
1190 1094 1558 1150 secretioribus
1614 1103 1778 1150 tutum
1824 1106 2108 1165 putaretur.

583 1185 872 1241 Snademus
895 1184 966 1239 nil
994 1183 1140 1254 quasi
1160 1183 1276 1238 leve
1301 1183 1595 1251 fatendum,
1626 1185 1666 1238 si
1697 1185 1818 1255 quid
1844 1186 2110 1239 abininri-

585 1275 660 1328 eis
683 1274 837 1328 etiam
865 1287 956 1341 pro
974 1273 1237 1348 levissimo
1262 1273 1615 1342 flagitaretur:
1646 1275 1808 1343 ipsam
1839 1275 1980 1329 illam
2001 1275 2108 1330 dis-

589 1362 970 1417 simulationem
998 1361 1448 1416 tribulosissimam
1480 1361 1611 1428 fure,
1642 1377 1743 1432 quo
1773 1363 1974 1419 facilius
1995 1378 2113 1434 per-

586 1452 844 1506 suasionis
873 1452 1204 1505 securitatem
1234 1449 1502 1505 inferrent.
1529 1450 1727 1517 Quibus
1755 1451 1960 1522 agnitis,
1992 1467 2113 1521 pro-

587 1543 709 1612 ripit
754 1555 908 1606 sese;
955 1549 1110 1610 atque
1155 1541 1206 1594 in
1253 1540 1486 1595 convicia
1526 1541 1696 1595 subita
1725 1541 2109 1609 prorumpens:

2211 385 2333 451 riis,
2364 395 2484 440 ante
2505 385 2873 453 propositionis
2918 383 3209 451 exordium,
3243 388 3328 458 jus
3353 387 3576 442 sedendi.
3618 391 3693 440 Ar-

2212 475 2408 528 vandus
2429 473 2537 543 jam
2581 483 2703 528 tunc
2745 475 2937 531 infelici
2967 475 3282 550 impudentia
3321 477 3518 530 concito
3543 491 3694 545 gressu

2210 553 2397 619 mediis
2437 579 2596 634 prope
2633 564 2862 631 jud'rum
2893 565 3091 620 sinibus
3119 565 3388 636 ingeritur.
3418 551 3692 635 Ferreolus,

2207 652 2712 708 circumsistentibus
2738 653 2897 708 latera
2924 654 3161 723 collegis,
3205 655 3495 710 verecunde
3513 671 3568 710 ac
3591 657 3693 710 leni-

2209 750 2291 797 ter
2311 742 2362 796 in
2395 742 2500 794 imo
2536 742 2901 796 subselliorum
2940 743 3114 812 capite
3151 743 3408 802 consedit.
3436 745 3501 796 ita
3539 751 3693 799 utnon

2209 833 2382 886 minus
2406 831 2629 899 legatum
2668 845 2728 887 se
2753 847 2906 900 quam
2933 843 3228 889 senatorem
3267 836 3691 890 reminisceretur:

2214 921 2329 989 plus
2349 920 2416 975 ob
2431 920 2530 974 hoc
2557 928 2733 989 postea
2757 919 2996 976 laudatus
3016 922 3426 991 honoratusque.
3453 924 3574 977 Dum
3586 923 3691 989 hinc,

2209 1019 2263 1065 et
2308 1011 2399 1079 qui
2439 1023 2710 1078 procerum
2747 1009 3038 1075 defuerant,
3075 1012 3372 1076 adfuerunt,
3416 1023 3693 1082 consurgunt

2147 1157 2150 1159 Α
2212 1105 2404 1165 partes,
2436 1097 2693 1165 legatique
2718 1106 3030 1165 preponrrnt.
3077 1098 3330 1166 Epistula,
3363 1109 3476 1167 post
3518 1100 3693 1169 provin-

2209 1184 2339 1238 ciale
2359 1183 2660 1238 mandatum
2678 1185 2826 1252 cujus
2847 1199 3002 1251 supra
3030 1185 3226 1238 mentio
3247 1185 3379 1239 facta
3406 1196 3505 1253 est,
3532 1189 3695 1257 profer.

2212 1283 2330 1330 trrr:
2369 1283 2522 1343 atqrre
2567 1288 2685 1329 eum
2717 1276 2910 1328 sensim
2955 1275 3283 1340 recitaretur,
3313 1276 3576 1330 Arvandus
3601 1291 3696 1331 nee

2211 1363 2332 1416 dum
2361 1363 2706 1430 interrogatus
2733 1370 2795 1416 se’
2821 1364 3042 1416 dictasse
3067 1364 3369 1431 proclamat.
3402 1363 3696 1431 Respondent

2212 1451 2386 1518 legati,
2408 1448 2704 1519 quanquam
2727 1451 2876 1506 valde
2899 1452 3132 1519 nequiter
3164 1459 3432 1506 constaret
3461 1453 3586 1522 quod
3612 1454 3700 1519 ipse

2213 1541 2478 1595 dictasset.
2508 1544 2574 1595 At
2599 1541 2685 1595 ubi
2714 1556 2772 1595 se
2809 1540 2983 1595 furens
3011 1541 3115 1606 ille,
3153 1554 3503 1610 quantumque
3525 1543 3698 1596 caderet

587 1630 739 1686 Abite
769 1630 1071 1700 degeneres,
1099 1629 1286 1699 inquit,
1326 1638 1378 1684 et
1405 1628 1748 1697 praefectoriis
1774 1631 2005 1697 patribus
2024 1633 2105 1684 in-
2136 1626 2184 1684 Β
2211 1629 2439 1696 ignarus,
2469 1629 2549 1706 bis
2590 1637 2772 1698 terque
2800 1631 3018 1698 reprtita
3055 1630 3384 1686 confessione
3425 1631 3664 1684 transfodit
3683 1673 3696 1693 ,

587 1721 767 1791 digni,
798 1737 915 1776 cum
960 1723 1059 1776 bac
1107 1719 1480 1788 superforanea
1523 1719 1903 1788 trepidatione:
1943 1720 2069 1773 mibi
2095 1759 2110 1786 ,

588 1813 709 1883 quia
733 1811 857 1865 nihil
902 1809 1207 1877 intelligitis,
1246 1808 1379 1862 banc
1409 1807 1601 1876 negotii
1622 1819 1824 1877 partem
1849 1809 2001 1864 sinite
2025 1824 2116 1864 cu-

587 1903 824 1959 randam.
855 1901 992 1954 Satis
1032 1899 1277 1953 Arvando
1312 1897 1624 1952 conscientia
1646 1911 1737 1952 sua
1766 1899 1992 1954 sufficit:
2025 1899 2111 1952 vix

588 1991 715 2046 ll’ud
744 1990 992 2058 dignabor
1013 1986 1304 2060 admittere,
1326 1992 1385 2041 ιιι
1403 1985 1641 2040 advocati
1667 1985 1792 2040 mibi
1814 1987 1865 2042 in
1895 1985 2114 2041 actioni-

593 2080 689 2133 bus
716 2077 1113 2147 repetundarum
1138 2076 1548 2144 patrocinentur.
1574 2074 1895 2130 Discedimus
1916 2077 2110 2142 tristes,

590 2181 643 2223 et
670 2181 772 2222 non
800 2167 977 2236 magis
1003 2165 1209 2242 injuria
1248 2179 1400 2233 quam
1440 2150 1675 2218 maerore
1721 2164 1954 2219 confusi:
1998 2165 2116 2232 quis

589 2256 725 2312 enim
757 2255 1075 2311 medicorum
1097 2254 1214 2322 jure
1240 2259 1527 2319 moveatur,
1559 2252 1762 2322 quoties
1783 2252 2113 2321 desperatum

591 2347 732 2400 furor
766 2344 1022 2412 arripiat?
1049 2343 1188 2397 inter
1216 2341 1329 2395 hinc
1356 2354 1477 2395 reus
1505 2351 1684 2402 noster
1704 2353 1879 2394 aream
1909 2340 2118 2409 Capito-

591 2434 745 2485 linam
777 2444 1086 2500 percurrere
1123 2428 1363 2481 albatus:
1406 2427 1562 2481 modo
1589 2425 1823 2481 subdolis
1851 2427 2118 2480 salutatio-

592 2523 744 2576 nibus
788 2517 951 2589 pasci,
982 2516 1138 2570 modo
1178 2524 1453 2582 crepantes
1477 2515 1829 2569 adulationum
1868 2516 2032 2569 bullas
2062 2523 2119 2570 ιιι

499 2610 506 2622 ⁵
592 2619 966 2676 recognoscens
995 2604 1222 2658 libenter
1262 2603 1461 2666 audire,
1503 2605 1602 2673 ιε
1644 2603 1798 2658 modo
1844 2605 2036 2667 serica,
2066 2612 2119 2658 et

593 2709 844 2770 gemmas,
869 2706 924 2752 et
947 2696 1168 2764 pretiosa
1198 2707 1414 2762 qumque
1444 2694 1804 2760 trapezitarum
1853 2692 2116 2747 involucra

594 2785 789 2850 rimari,
823 2793 874 2838 et
894 2781 1042 2851 qrrasi
1065 2790 1388 2837 mercaturus
1427 2779 1704 2850 inspicere,
1733 2794 2002 2848 prensare,
2030 2780 2118 2833 de—

594 2875 837 2944 prcliare,
867 2871 1164 2934 devolvere,
1194 2878 1246 2923 et
1264 2869 1398 2922 inter
1419 2867 1671 2936 agendum
1710 2867 1922 2920 multum
1948 2867 2014 2920 de
2039 2868 2112 2922 le-

595 2963 760 3032 gibus,
790 2960 856 3014 de
885 2957 1228 3026 temporibus,
1259 2954 1324 3009 de
1351 2963 1559 3023 senatu,
1591 2955 1661 3008 de
1691 2955 1919 3024 principe
1948 2957 2114 3023 queri,
2144 2956 2185 3016 C

594 3048 733 3118 quod
762 3061 820 3102 se
859 3045 1288 3115 non-priusquam
1337 3044 1678 3109 discuterent,
1723 3043 2115 3099 ulciscerentur.

596 3136 748 3192 Pauci
770 3136 1072 3200 nrediidies;
1092 3134 1132 3189 it
1152 3135 1202 3189 in
1235 3134 1588 3188 tractatorium
1611 3133 1853 3202 frequens
1875 3145 2115 3204 senatus;

595 3228 671 3281 sie
694 3235 813 3295 post
840 3224 1070 3293 comperi
1097 3241 1109 3275 :
1155 3237 1273 3276 nam
1304 3223 1439 3275 inter
1481 3222 1576 3274 ista
1601 3220 1960 3275 discesseram.
1993 3223 2120 3275 Pro-

597 3316 732 3368 cedit
771 3321 947 3366 nostcr
975 3311 1264 3363 ad'curiam
1293 3308 1446 3373 paulo
1477 3317 1599 3360 ante
1619 3307 1865 3362 detonsus
1886 3312 2118 3375 pumica-

597 3415 801 3469 tusque,
832 3415 948 3454 cum
967 3407 1296 3472 accusatores
1325 3394 1639 3462 semipullati
1662 3403 1813 3463 atque
1856 3398 2082 3448 concreti
2101 3437 2116 3458 ,

597 3491 807 3547 nuntios
830 3489 901 3540 δτι
932 3473 1240 3540 decemviris
1282 3483 1629 3550 operirentur,
1674 3491 1726 3537 et
1763 3484 1826 3537 ab
1869 3483 2121 3536 industria

596 3580 815 3650 squa'idi
843 3575 1231 3645 pneripuissent
1253 3586 1342 3626 reo
1365 3571 1588 3626 debitam
1611 3572 1996 3626 miserationem
2028 3574 2124 3625 sub

600 3670 790 3726 invidia
820 3665 1223 3721 sordidatorum.
1255 3661 1409 3716 Citati
1448 3660 1894 3726 intromittuntur;
1927 3672 2122 3729 partes,

600 3815 756 3856 causa
784 3799 982 3864 legatus
1013 3794 1171 3864 Ililari
1190 3805 1345 3864 papas
1367 3789 1566 3864 synodo
1595 3788 1846 3864 interfuit,
1873 3798 1934 3864 ut
1957 3788 2118 3864 iiilari

600 3857 1128 3939 cpistolmvtestantur.
1145 3857 1376 3915 Alterum
1392 3857 1651 3939 abbatem,
1673 3857 1937 3939 Sidoniam

600 3923 680 3993 hic
703 3936 833 4003 aprrd
859 3936 1118 4003 Arvernos
1135 3939 1517 3979 successer-em:
1541 3925 1603 3979 de
1623 3937 1724 3992 quo
1744 3923 1832 3977 lib.
1859 3937 1947 3988 vn,
1964 3924 2115 3988 epist.

601 4008 665 4062 17
695 4002 756 4058 ad
789 4002 1138 4054 Volusiauurn.

671 4085 695 4109 ι
717 4074 902 4125 Tutum
935 4071 1191 4130 susceptae
1235 4060 1580 4130 accusationis
1619 4059 1851 4130 ordinem
1884 4069 1934 4111 et
1962 4072 2121 4130 appa-

601 4154 790 4195 ratum.
819 4140 992 4204 Leguti
1023 4126 1181 4204 enim,
1213 4145 1331 4204 eum
1377 4128 1567 4204 duplici
1596 4129 1804 4204 actione
1823 4126 2118 4204 Arvandum

2219 1717 2318 1786 ιθ
2346 1717 2660 1770 acclamatur
2700 1717 2764 1772 ab
2796 1720 3198 1780 accusatoribus,
3225 1720 3612 1773 conclamatura
3631 1718 3702 1787 ju-

2213 1803 2442 1870 dicibus,
2484 1819 2632 1859 reum
2662 1804 2800 1860 lassae
2843 1806 3128 1874 nrajestatis
3170 1810 3502 1862 confitentem
3544 1809 3700 1863 teneri.

2213 1892 2292 1948 Ad
2317 1894 2435 1959 hoc,
2467 1905 2519 1949 et
2545 1896 2772 1950 millibus
2801 1894 3135 1949 formularum
3172 1897 3304 1964 juris
3339 1897 3389 1951 id
3419 1897 3702 1952 sancientum

2207 1983 2557 2053 jngnlabatur.
2571 1983 2701 2037 Tum
2719 1983 2924 2038 demum
2951 1984 3239 2038 laboriosus
3256 1983 3400 2038 tarda
3420 1985 3702 2052 pcnnitudine

2214 2073 2540 2141 loquacitatis
2565 2072 2884 2140 impalluisse
2916 2073 3239 2140 perhibetur,
3273 2081 3392 2127 sero
3420 2085 3704 2141 cognoscens

2214 2177 2367 2230 posse
2389 2177 2533 2215 reum
2565 2161 2851 2230 majeStatis
2873 2163 3192 2230 pronuntiari
3215 2162 3372 2216 etiam
3397 2177 3512 2217 eum
3531 2162 3608 2229 qui
3622 2176 3703 2214 non

2215 2249 2509 2304 affectasset
2551 2250 2782 2304 habitum
2829 2261 3246 2319 purpuratorum.
3283 2248 3560 2305 Confestim
3582 2249 3708 2319 privi-

2217 2339 2363 2406 legiis
2392 2339 2614 2406 geminas
2635 2336 2986 2405 praefectura,
3017 2353 3170 2407 quam
3201 2353 3293 2406 per
3330 2337 3705 2407 quinquennium

2215 2427 2446 2495 repetitis
2489 2426 2713 2482 fascibus
2755 2437 3000 2494 rexerat,
3043 2423 3412 2494 exauguratus,
3441 2435 3491 2482 et
3526 2425 3706 2494 plebei:

2216 2516 2422 2569 familiae.
2445 2532 2546 2569 non
2573 2524 2628 2570 ut
2667 2515 2896 2583 additus,
2918 2515 3008 2570 sed
3039 2525 3094 2570 ut
3121 2516 3376 2582 redditus,
3409 2507 3598 2582 publico
3613 2527 3706 2567 car-

2216 2604 2320 2656 ceri
2369 2603 2694 2669 adjudieatus
2733 2613 2832 2656 est.
2874 2603 3007 2656 Illud
3054 2617 3180 2656 sane
3207 2603 3705 2660 :erumnosissimum.

2216 2690 2350 2744 sicut
2365 2705 2653 2749 narravere
2673 2691 2759 2758 qui
2776 2690 3040 2755 viderant,
3063 2691 3199 2758 quod
3216 2693 3335 2758 quia
3366 2706 3422 2744 se
3443 2691 3532 2745 sub
3555 2689 3709 2741 atratis

2219 2789 2607 2844 accusatoribus
2645 2795 2953 2842 exornatum
3002 2787 3111 2854 ille,
3143 2788 3462 2855 politumque
3484 2783 3709 2854 iudicibus

2220 2888 2486 2950 intulerat,
2516 2885 2668 2956 paulo
2696 2895 2810 2954 post
2837 2900 2952 2938 cum
2979 2883 3259 2939 duceretur
3282 2883 3534 2949 addictus,
3555 2882 3705 2944 miser,

2218 3003 2314 3043 nec
2339 2985 2646 3040 miserabilis
2669 2995 2801 3039 erat.
2817 2985 2942 3048 Quis
2959 2984 3096 3038 enim
3118 2997 3274 3051 super
3295 2993 3434 3038 statu
3455 2985 3560 3052 ejus
3580 2982 3710 3036 nimis

2219 3085 2590 3142 inflecteretur.
2618 3096 2771 3150 quem
2802 3079 3001 3134 videret
3027 3090 3324 3134 accuratum
3355 3081 3710 3145 delibutumque

2219 3180 2444 3235 iatomiis
2471 3188 2556 3232 aut
2584 3178 2844 3244 ergastulo
2872 3175 3088 3230 inferri?
3116 3176 3219 3230 Sed
3249 3185 3302 3229 et
3322 3176 3517 3243 judicio
3543 3175 3616 3230 vix
3636 3189 3709 3242 per

2221 3273 2594 3328 liebdomadem
2625 3271 2880 3339 duplicem
2909 3270 3393 3337 comperendinato,
3416 3273 3575 3340 capite
3596 3271 3711 3324 mul-

2222 3380 2378 3434 tatus,
2401 3371 2455 3423 in
2481 3380 2501 3407 ο
2525 3370 2744 3422 insulam
2769 3367 3033 3437 conjectus
3053 3376 3134 3422 est
3157 3369 3416 3437 serpentis
3442 3369 3709 3440 Epidaurii:

2226 3469 2309 3520 ubi
2342 3480 2504 3533 usqrre
2530 3465 2591 3519 ad
2626 3465 2947 3518 inimicorum
2969 3463 3202 3518 dolorem
3230 3465 3610 3531 devenustatus,
3628 3476 3710 3520 eta

2227 3567 2381 3620 rebus
2408 3565 2646 3619 bumanis
2673 3565 2830 3618 veluti
2858 3566 3053 3618 vomitu
3080 3565 3300 3617 fortuna.-
3329 3566 3614 3618 nauseantis
3636 3578 3710 3617 ex-

2229 3673 2428 3732 sputus,
2461 3678 2598 3717 nunc
2617 3659 2643 3698 ά
2671 3677 2732 3716 ex
2761 3671 2937 3715 vetere
2983 3660 3430 3715 senatusconsulto
3469 3659 3712 3715 Tiberiano

2224 3790 2353 3843 dens
2398 3790 2741 3858 Hieronymus
2785 3788 3035 3858 adversus
3064 3785 3396 3858 Vigilrntium
3422 3826 3436 3850 ,
3469 3786 3711 3858 Senatorii:

2222 3859 2442 3910 ride/icit
2470 3856 2724 3926 dignitatis
2751 3866 2882 3917 sunt,
2913 3856 3287 3926 ijtquit,_rrtnon
3319 3856 3445 3906 inter
3472 3856 3711 3926 homicida:

2224 3928 2468 3978 teterrima
2498 3923 2709 3986 carcere,
2737 3925 2821 3978 sed
2849 3927 2899 3977 in
2927 3923 3079 3975 libera
3100 3924 3397 3989 honesteque
3424 3925 3650 3982 custodia,
3673 3925 3709 3973 in

2226 3991 2623 4058 Fortunatam":
2642 3994 2834 4053 insulis,
2851 4003 2896 4044 et
2918 3993 2969 4043 in
2986 3991 3184 4057 Campis
3210 3991 3390 4058 Elysiis
3407 3992 3711 4044 recluduntur.

2226 4060 2347 4127 Post
2370 4059 2483 4112 ιιωο
2519 4047 2786 4114 coni-.erto
2819 4047 2923 4127 jam
2951 4047 3166 4127 crimine
3196 4047 3402 4126 publico
3430 4061 3618 4112 carceri
3640 4059 3709 4108 ad-

2225 4126 2430 4179 dicitur.
2469 4127 2746 4178 Venuieins
2770 4126 2828 4178 d.’
2853 4127 2992 4187 eud.,
3033 4129 3066 4181 l.
3098 4126 3166 4177 5:
3201 4128 3258 4177 Si
3306 4127 3556 4192 confessus
3590 4127 3712 4194 [item

603 4189 1031 4274 ὸέςῖέὶιιιιςῖποι,
1059 4189 1344 4274 majestatis
1371 4195 1437 4246 ob
1452 4189 1743 4271 litteras-ad.
1769 4194 2007 4274 Eurrcpm
2031 4196 2122 4245 da-
2147 4189 2199 4247 D
2225 4210 2353 4274 rius,
2378 4195 2532 4274 donec
2561 4196 2697 4274 deﬂeo
2728 4196 3069 4274 pronuntietur
3096 4195 3147 4274 in
3177 4189 3714 4274 vinculaA'pultiica-cou-

670 4249 694 4270 ἢ

606 4260 702 4334 tas,
725 4283 778 4324 ct
799 4260 1194 4336 repetunr'iaru'm
1216 4266 1284 4336 ob
1306 4274 1453 4323 notas
1478 4262 1776 4336 posterioris
1806 4260 2124 4336 praefectura:

607 4329 960 4407 populationes
985 4335 1188 4407 ;7solam
1214 4335 1346 4407 lianc
1376 4345 1479 4400 prm
1506 4344 1565 4407 se
1584 4329 1946 4406 ferebanttde.
1963 4330 2122 4407 maje-

607 4397 740 4460 state
787 4405 954 4456 studio
989 4397 1412 4462 "dissimulabant,
1458 4407 1513 4451 ut
1555 4399 1816 4467 incautum
1849 4397 1900 4449 in
1929 4397 2120 4463 judicio

608 4480 1015 4538 imparaturnrptc
1040 4471 1412 4538 opprimerent.

676 4531 700 4577 ὖ
725 4539 852 4603 Quid
872 4531 944 4588 mi
963 4531 1230 4602 legendum
1253 4535 1533 4602 conj'ciunt
1551 4549 1578 4583 a
1597 4533 1948 4603 quinqueuIr-is
1965 4531 2117 4603 {quia

608 4599 808 4663 Scilicet
838 4607 899 4657 de
924 4599 1088 4668 Cathe
1114 4599 1366 4653 senatoris
1398 4603 1510 4652 t-u'm
1543 4601 1781 4665 prsic-ctu
1806 4600 1957 4652 Urbis
1983 4599 2120 4665 judi—

609 4679 795 4732 cabant
817 4675 1040 4738 quinque
1064 4679 1327 4738 senatores
1359 4677 1498 4738 sorte
1524 4671 1679 4730 ducti,
1705 4685 1764 4720 ex
1797 4670 1909 4735 lege
1940 4669 2117 4720 ultima

607 4747 724 4798 cod.
758 4734 966 4793 'l‘heod.
990 4739 1081 4804 17
1121 4737 1184 4804 de
1213 4734 1602 4798 Jurisdictiunc,
1648 4738 1754 4789 eti.
1801 4734 1888 4788 χιιι
1935 4738 2000 4788 de
2042 4751 2119 4788 ac-

606 4805 973 4865 cusationibus.
994 4803 1150 4868 Quod
1176 4816 1298 4855 sane
1333 4810 1446 4866 pest
1475 4803 1669 4854 Sidonii
1708 4805 1861 4856 etiarn
1887 4813 2118 4869 tempora

607 4886 958 4938 observatum,
1012 4869 1475 4939 proditijudicium
1523 4871 1691 4921 Basilii
1735 4880 1786 4923 et
1827 4871 2121 4926 Praetextati

607 4950 745 5014 apud
796 4936 1157 5014 Cassiodorum
1188 4938 1219 4989 4
1250 4936 1533 5014 Variarum.
1563 4939 1661 4991 Sed
1712 4939 1762 4990 in
1808 4939 2123 4994 decemviris

609 5011 705 5069 boc
733 5018 844 5068 lucu
868 5013 978 5064 libri
1001 5021 1181 5061 omnes
1205 5011 1548 5058 consentiunt.
1615 5041 1620 5045 .

681 5095 701 5122 ε
728 5079 1030 5144 ᾹΞεςιιΙτιρὶἱ.
1054 5075 1264 5144 Triplex
1285 5075 1460 5144 itaque
1487 5072 1536 5123 in
1565 5071 1660 5124 hoc
1680 5072 1874 5144 judicio
1899 5074 2124 5144 Arvandi

609 5153 860 5204 custodia.
905 5141 1128 5200 Primum
1153 5143 1288 5196 enim
1321 5141 1493 5192 liberte
1522 5143 1770 5192 custodite
1791 5141 2006 5193 traditur
2034 5143 2124 5193 Iro-

611 5223 728 5282 spiti
755 5219 957 5270 Asello:
987 5212 1121 5279 quod
1146 5209 1368 5282 hominis
1393 5207 1629 5282 dignitati
1667 5207 2122 5282 tributrfnrestju-

612 5273 747 5338 dicio
771 5273 1324 5338 nondum'constituto,
1363 5290 1422 5328 ex
1451 5276 1484 5327 ι.
1514 5273 1535 5324 1
1561 5274 1612 5325 (1.
1649 5276 1710 5327 de
1737 5277 1966 5327 Custodia
2009 5273 2124 5327 reo-

615 5367 746 5403 rum.
776 5355 908 5402 ltros
936 5351 1070 5400 enirn
1109 5347 1355 5412 dignitate
1382 5342 1708 5408 conspicuos,
1740 5351 1792 5392 ut
1819 5355 2083 5394 senatores
2106 5383 2118 5405 ,

616 5431 731 5470 ante
758 5422 1078 5485 probationes
1120 5416 1319 5469 carceri
1367 5429 1467 5464 non
1497 5413 1816 5464 addicebant.
1851 5415 1960 5468 Quo
1987 5413 2117 5462 aliu-

2217 4262 2467 4330 jiciendur
2492 4271 2582 4330 est.
2613 4262 2755 4330 Nunc
2779 4260 3000 4330 denique
3029 4261 3258 4326 judicum
3289 4261 3557 4330 Sententiis
3593 4260 3714 4330 dare:

2227 4339 2377 4380 natus
2425 4330 2475 4379 in
2523 4327 2740 4379 inSnIam
2781 4328 3076 4380 Tiberinam
3131 4330 3426 4392 curijicitur,
3467 4327 3625 4380 donec
3662 4327 3712 4376 ad

2227 4397 2508 4461 principem
2543 4395 2816 4448 referatur.

2293 4462 2317 4499 ἀ
2346 4463 2491 4527 Quod
2513 4463 2703 4516 Tiberii
2728 4462 2942 4530 Augusti
2972 4462 3120 4530 jussu
3151 4461 3338 4514 factum
3369 4469 3470 4524 est,
3495 4469 3552 4530 ut
3574 4472 3714 4530 picata

2223 4532 2579 4583 damnatorurrr
2603 4547 2628 4582 ιι
2661 4527 2910 4584 senatuin
2951 4529 3204 4582 decimum
3243 4543 3450 4584 senoer
3475 4527 3607 4581 diem
3635 4527 3715 4577 dil-

2224 4600 2513 4660 ferrentur;
2547 4611 2600 4652 ut
2625 4609 2834 4651 narrant
2877 4598 3084 4651 Tacitus
3123 4613 3175 4650 ιιι
3206 4595 3416 4658 Aunal.,
3445 4605 3496 4649 et
3530 4596 3617 4648 Dio
3639 4595 3711 4645 lib.

2224 4684 2344 4722 Lvrr.
2379 4668 2564 4721 Verum
2605 4668 2845 4720 Arvando
2875 4681 3024 4734 pmna
3061 4681 3162 4719 non
3193 4669 3254 4718 l0
3275 4706 3288 4726 ,
3319 4666 3505 4734 sed730
3541 4666 3713 4717 dierum

2223 4739 2389 4806 spatio
2418 4736 2593 4788 dilata.
2619 4736 2788 4806 Quare
2807 4731 2982 4806 Justus
3012 4734 3214 4800 Lipsius
3255 4731 3530 4806 $ido_n_i_um_
3555 4744 3716 4805 memo-

2225 4800 2298 4874 ria
2324 4806 2520 4874 lapsum
2543 4800 2765 4874 censuit,
2780 4802 2868 4871 qui
2889 4803 3336 4874 senatusconsulto
3359 4800 3629 4874 Tiberiano
3645 4800 3716 4874 tri-

2225 4871 2346 4924 buat
2373 4867 2508 4938 quod
2541 4867 2809 4938 proprium
2837 4879 2947 4925 erat
2984 4871 3111 4937 legis
3140 4869 3517 4923 Theodosiana:
3553 4867 3608 4922 Si
3632 4867 3716 4938 vis:

2225 4931 2403 5005 dicari,
2434 4931 2556 4991 cod:
2585 4931 2649 4992 de
2680 4942 2866 5006 pmnis,
2897 4953 3010 5006 qua:
3037 4931 3152 4990 dies
3173 4938 3238 4990 50
3272 4951 3479 5006 poenam
3501 4931 3715 5006 suspendi

2219 5000 2398 5072 jussit.
2443 5007 2544 5060 Sed
2597 5000 2694 5060 nos
2722 5000 3028 5074 politiss'imo
3074 5007 3186 5056 viro
3215 5000 3466 5074 assentiri
3503 5000 3605 5058 res'
3629 5000 3715 5064 ipsa

2227 5086 2382 5126 vetat.
2411 5074 2612 5127 Etenim
2640 5072 2734 5128 lex'
2761 5075 3058 5137 Theodosii,
3087 5083 3143 5126 ut
3173 5072 3329 5124 verba
3356 5073 3716 5130 declarant.»

2229 5143 2326 5193 lius
2356 5144 2499 5207 princ
2524 5144 2597 5205 pis
2626 5148 2907 5195 sententias
2933 5143 3190 5205 coercuit,
3239 5137 3717 5207 senatusconsultu!!!
3776 5157 3777 5207 ι

2229 5210 2336 5260 srrla
2358 5197 2575 5262 senatus
2600 5209 2809 5275 judicia.
2839 5220 2892 5262 ut
2917 5210 3008 5261 Dio
3028 5197 3189 5262 nutat:
3215 5208 3448 5260 Arvandi
3469 5218 3589 5260 vero
3610 5197 3717 5275 Ιιξδί·
3776 5197 3777 5237 ‘

2227 5277 2363 5326 cium
2394 5268 2704 5327 senatorium
2732 5277 2844 5337 fuit,
2871 5291 2930 5330 ac
2959 5277 3250 5344 proindaex
3273 5268 3715 5344 senatusconsulta.

2230 5357 2330 5392 non
2359 5358 2418 5394 ex
2451 5345 2561 5407 lege
2589 5343 2978 5396 moderandum.
3004 5345 3148 5409 Quod
3175 5344 3333 5410 igitur
3364 5343 3432 5396 30
3458 5343 3567 5393 dies
3589 5347 3715 5388 aem-

2228 5411 2543 5462 tuscunsulto
2568 5413 2796 5469 asCribit.
2819 5422 3120 5479 argumento
3148 5409 3220 5464 est
3245 5411 3308 5462 ad
3334 5412 3448 5463 dies
3476 5409 3536 5460 l0
3560 5410 3715 5458 vetem
