3812 6226
106 230 177 283 ιοι
1311 232 1774 290 Ειηετοωιιυιι
1811 234 1935 288 LIB.
1965 237 1988 291 Ἰ
2005 274 2016 288 .

3109 233 3210 291 αισι

106 342 272 409 triginta
297 340 496 394 dierum
531 342 690 395 vitam
721 351 834 410 post
861 344 1169 398 sententiam
1192 347 1371 411 trahit,
1395 360 1582 400 uncum
1613 350 1660 408 Α
1689 354 1796 411 tur,
1842 347 2052 400 student
2077 343 2191 412 pila:
2217 358 2398 409 senes,
2423 346 2522 416 21
2552 343 2680 400 alere
2717 343 2966 412 juvenes,
3003 351 3026 380 °
3051 346 3210 401 armis

105 447 141 490 ct
159 433 418 502 gemonias,
450 443 506 487 et
535 434 772 499 laqueum
804 450 892 503 per
919 436 1076 490 horas
1105 437 1385 492 turbulenti
1414 441 1590 493 carni-

105 524 189 576 ficis
205 521 522 576 horrescens.
549 520 654 574 Nos
673 521 906 590 quidem,
933 532 1088 591 prout
1115 524 1367 590 valemus,
1399 528 1586 580 absen-

104 623 162 667 tes
185 621 552 680 praesentesque
581 601 709 666 vota
729 612 967 677 facimus,
1020 628 1202 683 preces
1250 617 1588 686 supplicatio-

103 718 257 773 nosque
301 703 648 771 geminamus,
691 712 745 755 ut
792 717 1048 772 suspenso
1093 705 1200 760 ictu
1245 707 1351 774 jam
1375 705 1589 774 jamque

100 794 318 848 mucronis
343 793 560 856 exserti,
595 793 764 860 pietas
804 794 1031 862 Augusm
1060 798 1400 862 seminecem,
1427 811 1587 864 quan-

98 897 218 949 quam
239 881 334 950 20
356 880 634 947 publicatis
673 880 846 944 bonis,
879 883 958 936 vel
989 889 1016 919 ⁸
1042 883 1231 938 exsilio
1267 893 1585 938 muneretur.

98 974 168 1026 liio
192 982 366 1033 tamen,
413 987 508 1024 seu
537 980 805 1038 exspectat
844 981 1074 1026 extrema
1101 987 1348 1043 quaeque,
1374 987 1468 1027 seu
1494 989 1586 1028 su-

95 1063 253 1126 stinet,
279 1059 537 1113 infelicius
576 1061 704 1114 nihil
727 1070 842 1127 e~t,
871 1062 915 1115 si
959 1069 1075 1130 post
1103 1070 1176 1116 tot
1216 1073 1366 1116 notas
1391 1063 1586 1117 inustas

95 1149 517 1216 contumeliasque,
546 1150 740 1218 aliquid
791 1165 929 1205 nunc
967 1151 1191 1226 amplius
1232 1167 1386 1222 quam
1411 1151 1587 1206 vivere

95 1239 228 1289 timet.
269 1237 406 1289 Vale.
959 1279 965 1284 .

576 1326 897 1382 EPISTOLA
939 1328 1071 1382 Vill.

316 1415 560 1469 Sidonius
583 1414 608 1452 ι’
639 1415 952 1468 Candidiano
982 1433 1072 1468 suo
1097 1403 1326 1470 salutem.

145 1505 307 1568 tlorari
350 1521 431 1558 me
457 1505 639 1558 Romae
688 1505 1107 1574 congratularis:
1151 1505 1201 1558 id
1235 1517 1405 1559 tamen
1435 1507 1582 1575 quasi

93 1597 255 1658 facete,
295 1607 348 1650 et
386 1595 744 1664 fatigationum
775 1595 969 1648 salibus
1016 1596 1278 1670 admixtis.
1325 1596 1417 1650 Ais
1441 1597 1580 1650 enim

1689 433 1930 497 eunuchi,
1965 434 2152 488 litteris
2179 434 2435 488 fmdmati.
2457 434 2536 488 Tu
2570 435 2688 489 vide
2711 435 2879 503 qualis
2916 435 2983 488 sit
3005 434 3206 500 civitas,

1690 525 1776 578 ubi
1820 525 1911 580 tibi
1942 525 2019 578 lar
2046 524 2313 579 familiaris
2340 525 2600 591 incolitur,
2631 539 2747 592 quae
2779 522 2798 563 ί
2831 524 3032 580 facilius
3058 527 3206 581 terri-

1689 614 1879 668 torium
1918 615 2084 682 potuit
2128 613 2322 668 habere
2364 629 2516 682 quam
2565 621 2777 668 terram.
2809 614 3060 680 Quocirca
3101 631 3210 670 tne-

1686 715 1864 758 mento
1889 704 2111 758 innoxiis
2139 702 2493 771 Transalpinis
2512 716 2627 758 esse
2641 703 2984 772 parcendum,
3023 705 3212 772 quibus

1684 794 1801 846 caeli
1839 792 1922 846 sui
1945 793 2067 846 dote
2091 794 2370 859 contentis,
2404 808 2504 847 nou
2527 793 2735 861 grandis
2763 793 2926 860 gloria
2952 793 3125 860 datur,
3163 795 3206 848 si

1685 881 1998 935 deteriorum
2021 875 2303 936 eollatione
2323 883 2627 936 clarescant.
2656 881 2793 934 Vale.

2217 1011 2536 1067 EPISTULA
2573 1009 2663 1063 IX.

1981 1125 2223 1178 Sidonius
2253 1133 2277 1171 ε
2309 1122 2530 1176 Heronio
2566 1138 2657 1175 suo
2683 1121 2908 1176 salt-tem.

1751 1233 1874 1288 Post
1895 1235 2099 1302 nuptias
2121 1234 2324 1304 patricii
2352 1233 2642 1298 Ricimeris,
2664 1233 2713 1286 id
2739 1243 2836 1295 est,
2862 1240 2976 1300 post
2997 1234 3199 1300 imperii

1683 1328 1950 1393 utriusque
1994 1339 2124 1392 opes
2169 1324 2495 1387 eventilatas,
2541 1325 2744 1391 tantidem
2792 1323 3014 1376 restum
3047 1324 3202 1377 estin

1681 1412 1940 1479 publicam
1969 1413 2303 1479 serietatem,
2348 1425 2466 1479 qua:
2490 1412 2645 1464 rebus
2684 1410 2957 1465 aetitandis
2993 1411 3202 1478 jauuam

1679 1517 2022 1570 campumque
2051 1501 2309 1569 patefecit.
2333 1500 2534 1553 Interea
2575 1515 2668 1552 nos
2695 1496 2722 1535 ιι
2760 1500 2902 1552 Pauli
2934 1499 3205 1566 przelecto-

1679 1591 1740 1644 rii
1772 1599 1874 1643 tant
1915 1589 2150 1643 doctrina
2193 1603 2346 1656 quam
2394 1588 2670 1641 sanctitate
2720 1588 3028 1642 venerandis
3080 1587 3205 1657 lari-

89 1687 282 1749 gaudere
306 1693 376 1748 te,
405 1685 543 1752 quod
575 1684 854 1750 aliquando
881 1687 1206 1741 necessarius
1229 1695 1346 1740 tuus
1376 1687 1576 1740 videam
1612 1674 1654 1732 Β
1683 1679 1778 1732 bus
1828 1679 2067 1746 excepti,
2104 1677 2324 1732 comiter
2366 1675 2569 1728 blandae
2620 1675 2983 1741 hospitalitatis
3022 1674 3206 1729 ofﬁciis

89 1777 401 1840 SOiCIlI,Qlll‘lll
425 1774 604 1840 utique
627 1788 744 1827 raro
765 1772 960 1828 bibitor
983 1775 1221 1829 Atarieus
1244 1775 1580 1844 inspexerim.

88 1862 273 1914 Nebulas
299 1861 438 1914 enim
468 1861 596 1914 mihi
641 1877 874 1916 meorum
918 1863 1344 1932 Lugdunensium
1388 1880 1583 1934 expro—

87 1951 198 2016 bras,
233 1962 281 2005 et
299 1951 436 2005 diem
483 1965 571 2019 qui
589 1952 723 2005 reris
761 1953 909 2005 nobis
951 1953 1201 2006 matutina
1242 1954 1464 2022 caligine
1489 1953 1581 2006 ob-

87 2051 302 2095 srructum
327 2043 413 2095 vix
447 2041 735 2095 meridiano
771 2043 969 2095 fervore
998 2042 1236 2096 reserari.
1271 2043 1333 2095 Et
1358 2051 1410 2094 tu
1454 2043 1579 2096 mihi

90 2131 178 2184 hac
215 2132 305 2184 ista
331 2128 616 2184 Casenatis
657 2130 792 2184 furni
825 2130 992 2198 potius
1028 2146 1180 2196 quam
1217 2131 1392 2200 oppidi
1420 2146 1577 2184 verna

89 2214 384 2268 deblateras?
407 2215 480 2268 De
503 2215 653 2281 cujus
675 2215 859 2267 natalis
883 2214 974 2266 tibi
1004 2215 1122 2277 soli,
1160 2213 1242 2268 vel
1259 2213 1579 2282 jocundittite

90 2302 150 2353 vel
168 2303 466 2366 commodo;
497 2303 618 2370 quid
642 2304 795 2356 etiam
821 2304 1185 2370 ipseseutircs,
1226 2303 1346 2356 dtnn
1360 2307 1572 2372 migras,

85 2390 311 2445 indicasti:
344 2393 409 2445 ita
453 2400 626 2445 tamen
664 2394 800 2460 quod
844 2401 894 2446 te
923 2391 1181 2446 Ravenna:
1211 2394 1411 2447 felicius
1432 2409 1578 2447 exsu-

85 2477 258 2540 lantem,
306 2479 517 2531 auribus
565 2479 774 2532 Padano
813 2480 976 2533 culice
1001 2481 1268 2547 perfossis,
1294 2482 1578 2548 municipa-

85 2567 180 2616 lium
200 2581 430 2618 ranarum
454 2566 642 2633 loquax
663 2567 811 2620 turba
835 2567 1157 2621 circumsilit.
1186 2568 1238 2620 lu
1269 2585 1369 2638 qua
1389 2570 1576 2638 palude

84 2653 396 2706 indesinenter
425 2669 599 2708 rerum
631 2655 861 2709 omnium
893 2656 1004 2725 lege
1041 2673 1304 2724 perversa,
1333 2659 1465 2714 muri
1491 2675 1576 2713 t-a-

79 2745 198 2807 dunt,
224 2760 366 2813 aqua:
391 2755 558 2810 stant,
598 2752 768 2800 turres
791 2746 954 2800 ﬂuunt
974 2787 989 2812 ,
1021 2763 1180 2802 naves
1207 2749 1390 2804 sedent
1414 2790 1429 2814 ,
1451 2752 1575 2819 aegri

80 2831 390 2898 deambulant,
416 2833 603 2886 nzedici
631 2836 825 2902 jacent,
856 2834 1032 2903 algent
1064 2835 1273 2903 balnea,
1307 2836 1572 2892 domicilia

79 2920 380 2987 Conflagrant,
419 2921 605 2974 sitiunt
631 2922 755 2987 vivi,
788 2931 967 2976 natant
1003 2924 1213 2992 sepulti,
1247 2925 1463 2994 vigilant
1491 2926 1571 2980 fu-

1682 1768 2071 1822 excolebamur.
2130 1767 2291 1820 Porro
2336 1777 2437 1819 non
2493 1764 2593 1817 isto
2638 1762 2908 1830 quisquam
2961 1762 3077 1815 viro
3125 1770 3206 1816 est

1681 1860 1732 1913 in
1789 1859 1930 1912 omni
1985 1859 2174 1912 artium
2227 1870 2419 1924 genere
2463 1853 2805 1922 praestantior.
2849 1852 2986 1905 Deus
3035 1853 3201 1920 bone,

1678 1964 1794 2020 quae
1823 1949 1910 2003 ille
1940 1945 2377 2016 prepositionibns
2406 1944 2676 2012 aenigmata
2698 1981 2712 2006 ,
2755 1942 3022 1996 sententiis
3056 1942 3205 1996 sche-

1679 2046 1856 2100 mata,
1924 2035 2154 2089 versibus
2218 2041 2511 2097 commata,
2576 2030 2749 2101 digitis
2816 2030 3204 2086 mechanemata

1677 2126 1836 2179 facit?
1871 2127 1997 2179 Illud
2018 2135 2199 2179 tamen
2231 2125 2280 2177 in
2318 2124 2500 2178 eodem
2527 2123 2813 2178 studiorum
2841 2123 3068 2176 omnium
3098 2123 3204 2176 cul-

1675 2231 1794 2269 men
1836 2213 2137 2278 antevenit,
2183 2213 2318 2281 Quod
2367 2214 2520 2266 habet
2561 2213 2680 2266 huic
2705 2213 2948 2266 eminenti
2977 2211 3204 2267 scientia:

1673 2303 2042 2357 conscientiam
2088 2301 2431 2370 superiorem.
2476 2300 2633 2367 Igitur
2666 2315 2755 2367 per
2783 2299 2921 2353 hunc
2959 2303 3200 2367 primum,

1673 2393 1716 2443 si
1747 2394 1862 2459 quis
1888 2406 2094 2460 quoquo
2124 2390 2274 2444 modo
2312 2389 2478 2442 aulam
2509 2388 2685 2457 gratia:
2718 2388 2917 2452 aditus,
2948 2389 3158 2458 exploro
3186 2405 3199 2442 :

1673 2494 1789 2532 cum
1821 2480 1919 2533 hoc
1942 2479 2171 2542 confero,
2203 2479 2408 2546 quinam
2439 2476 2761 2545 potissimum
2790 2491 3061 2546 procerum
3087 2492 3202 2545 Spe-

1673 2570 1769 2623 bus
1800 2570 1993 2624 valeret
2018 2569 2209 2624 nostris
2239 2569 2500 2637 opitulari.
2528 2568 2632 2623 Nec
2659 2584 2785 2624 sane
2809 2568 2965 2622 multa
2994 2581 3202 2624 cuncta-

1675 2659 1764 2724 tio,
1798 2659 1915 2726 quia
1947 2658 2114 2726 pauei,
2147 2659 2212 2712 de
2238 2673 2454 2726 quorum
2483 2657 2721 2725 eligendo
2745 2657 3026 2726 patrocinio
3050 2658 3202 2713 dubi-

1673 2755 1912 2800 taretur-
1946 2748 2106 2801 Erant
2151 2745 2360 2816 quidem
2422 2747 2473 2799 in
2517 2757 2697 2799 senatu
2747 2747 2977 2815 plerique
3019 2749 3200 2816 opibus

1672 2836 1832 2901 culti,
1861 2850 2052 2904 genere
2087 2839 2186 2905 22
2227 2834 2506 2899 sublimes,
2548 2844 2698 2887 tetate
2743 2847 2955 2902 graves,
2984 2835 3200 2890 consilio

1673 2926 1822 2979 utiles
1844 2964 1859 2988 ,
1901 2925 2149 2992 dignitate
2189 2924 2311 2978 elati
2334 2949 2361 2988 ,ν
2389 2925 2687 2991 dignatione
2733 2938 3034 2979 communes
3059 2942 3078 2979 :
3107 2928 3198 2982 sed

79 3021 160 3070 res,
185 3007 438 3061 dormiunt
481 3018 788 3076 potestates,
821 3020 843 3048 ο
877 3011 1177 3066 fenerantur
1203 3013 1428 3081 clerici;
1453 3014 1569 3084 Syri
1594 3000 1641 3060 (ἶ
1672 3027 1871 3072 servata
1904 3031 2029 3084 pace
2056 3016 2367 3083 reliquorum
2386 3056 2398 3077 ,
2428 3016 2532 3069 duo
2569 3015 2935 3084 fastigatissimi
2963 3018 3201 3072 consula-

77 3093 296 3158 psallunt,
327 3095 350 3131 ἀ
380 3099 732 3164 negotiatores
773 3098 1028 3164 militant,
1063 3102 1253 3156 milites
1303 3106 1567 3170 negotian-

78 3254 474 3324 senatusoonsulti
491 3255 776 3308 accessisse
799 3264 972 3320 postea
999 3255 1122 3323 (quo
1145 3265 1377 3324 tempore
1400 3257 1568 3311 inccr-

73 3325 178 3387 tum)
204 3323 308 3377 dies
336 3325 460 3378 alios
486 3324 574 3387 20,
608 3331 661 3378 et
705 3331 874 3377 tamen
919 3324 1086 3379 eidem
1119 3323 1570 3380 senatusconsulto

76 3392 260 3444 tributos
286 3392 464 3456 fuisse,
488 3408 591 3461 quo
608 3407 754 3446 more
775 3392 974 3460 legibus
999 3392 1164 3454 .luliis,
1200 3396 1418 3462 aliisque
1441 3398 1570 3449 inul-

77 3467 113 3536 ta
139 3475 237 3523 quae
257 3462 359 3514 illis
385 3475 562 3536 postea
584 3462 785 3526 adjeCta
807 3463 1034 3525 fuerunt,
1067 3463 1221 3515 tribui
1245 3464 1417 3518 solere
1437 3466 1569 3533 juris

76 3533 351 3594 interpretes
370 3533 735 3583 observarunt.

128 3603 146 3629 ³
173 3597 272 3666 lloc
296 3599 496 3651 Sidonii
531 3599 770 3666 precibus
795 3599 1118 3652 concessisse
1138 3599 1344 3653 videtur
1366 3602 1566 3656 Anthe-

74 3662 197 3735 mius.
222 3665 343 3719 Nam
368 3662 730 3729 Cassiodorus,
757 3666 944 3719 Paulus
967 3667 1216 3721 diaconus
1244 3679 1296 3721 et
1324 3670 1432 3735 alii,
1472 3672 1568 3724 Ar—

75 3732 259 3785 vandum
284 3736 432 3802 jusm
460 3737 722 3789 Anthemii
744 3749 845 3788 non
875 3745 1061 3801 morte,
1094 3739 1185 3789 sed
1203 3732 1566 3790 exsiliotiiulc-

74 3808 202 3851 latum
227 3804 477 3855 scribunt.

123 3866 144 3904 δ
163 3869 272 3924 Fuit
293 3874 337 3922 is
361 3872 603 3923 Cataonas
626 3871 812 3934 patria,
843 3869 934 3922 sed
965 3869 1119 3919 domu
1145 3869 1436 3922 Ravennas.
1468 3872 1565 3922 Ra-

72 3947 255 3988 vennam
283 3937 422 3989 enim
466 3938 735 4000 migrarat.
762 3937 894 3989 Huic
949 3950 1072 3987 vero
1123 3939 1463 4000 cognominis,
1513 3949 1566 3991 et

71 4003 135 4073 qui
163 4017 244 4067 per
269 4013 474 4073 aetatem
511 4016 640 4055 avus
685 4016 804 4056 esse
833 4002 1387 4073 potuit,(}andidianus
1411 4007 1561 4073 alter,

70 4072 322 4140 nuiooutra
359 4070 614 4140 Joannem
663 4079 936 4138 tyrannum
964 4070 1028 4122 ad
1065 4071 1361 4140 liavennam
1404 4070 1563 4126 multa

71 4136 557 4210 I'ortter_gessit:_de
584 4136 699 4206 quo
732 4140 866 4192 inter
913 4139 1042 4194 alios
1079 4139 1480 4210 Olympiodorus
1514 4148 1563 4197 in

71 4207 288 4271 execrptis
313 4207 504 4260 Pbotii.

125 4276 212 4343 18
235 4285 258 4314 ο
291 4275 477 4348 Procul
519 4284 670 4329 erant
706 4289 736 4329 a
766 4275 959 4348 fenoris
996 4288 1194 4346 quaestu
1216 4279 1411 4343 clerici,
1434 4298 1562 4348 quos

68 4353 239 4424 quoque
259 4346 414 4397 modo
441 4345 742 4424 tenerentur
761 4345 1190 4424 ordine_nioveri,
1219 4345 1563 4424 καθαιρεῖξῖοαι

67 4417 130 4489 ἷώ
155 4416 575 4489 γλήεονηεειιιοιιςε
603 4415 805 4480 iubent.
832 4415 1184 4489 At_Syr_orum
1224 4435 1307 4472 ars
1356 4415 1559 4486 ὑτοῐπίο

68 4479 276 4536 [ςιιειτιέὶ.
307 4484 479 4546 Quare
509 4479 758 4551 Syrorum
785 4479 992 4554 nomine
1020 4479 1367 4540 feneratorum
1402 4479 1560 4554 génus

67 4560 188 4622 omne
206 4557 504 4622 complexus
525 4561 621 4614 est,
650 4560 704 4622 ut
720 4552 988 4606 Salvianus
1012 4555 1101 4608 lib.
1125 4571 1173 4607 tv
1192 4557 1256 4608 de
1279 4552 1555 4610 Providen-

67 4617 568 4692 tia:_Consi¢leremus
594 4620 730 4692 solas
776 4625 1136 4690 negotiatorum
1179 4634 1222 4676 et
1263 4626 1551 4692 Syricurum

66 4687 251 4738 omnium
272 4691 462 4750 turbas.
488 4704 600 4756 qua:
629 4687 867 4756 majorem
893 4692 1045 4758 {erute
1071 4687 1327 4744 civitatum
1358 4695 1553 4747 univer-

65 4762 278 4825 ιέτμξζίιιι
300 4768 489 4822 partem
517 4766 838 4825 occuparunt.

115 4814 141 4895 εξ
161 4819 262 4874 Non
285 4814 452 4895 solum
471 4814 698 4895 armat},
725 4827 815 4879 sed
839 4828 977 4880 omni
1003 4842 1212 4894 prorsus
1248 4829 1427 4883 militia
1459 4845 1548 4883 ne-

63 4892 305 4964 ggliattxes
334 4892 599 4959 prohibiti.
631 4893 794 4964 Cod.:
826 4892 1183 4961 Negoti—stores
1207 4911 1273 4950 ne
1304 4900 1544 4952 militent.

64 4952 270 5034 tliliubus
297 4952 504 5034 rursum
535 4973 638 5013 non
664 4962 770 5034 sola
816 4952 1127 5034 me'fcatura,
1171 4965 1261 5017 sed
1291 4969 1387 5019 alia
1421 4983 1547 5033 (ιιιυο

63 5027 331 5095 queprirati
361 5041 488 5095 usus
512 5032 716 5095 negotia
755 5031 1044 5085 interdicta.
1071 5027 1383 5088 Ambrosius
1413 5027 1498 5087 li'h.
1537 5051 1551 5087 ι

63 5089 338 5166 de_0fiiciis_:
362 5093 564 5166 Etenim
582 5089 636 5147 ’δὲ
659 5100 700 5149 is
720 5099 803 5166 qui
823 5100 1105 5166 imperatori
1131 5101 1310 5154 militat
1332 5116 1362 5154 α
1390 5118 1554 5154 susce-

62 5159 476 5234 ptiouibttslitiunt,
504 5173 618 5216 actu
644 5159 946 5234 negotiorum
967 5169 1260 5234 forensium,
1280 5173 1554 5222 venditione

64 5233 263 5306 mercium
307 5232 606 5306 prohibetur
636 5231 877 5306 immanis
920 5231 1142 5306 legibus;
1183 5246 1365 5302 qutmto
1396 5240 1552 5306 magis

63 5299 126 5373 qui
157 5299 264 5373 ﬁdei
281 5311 468 5354 exercet
497 5301 729 5352 militiam
743 5301 802 5352 ub
825 5299 1080 5356 ontui'usu
1094 5299 1438 5373 negotiationis
1467 5299 1554 5358 ἇὺο

64 5370 206 5419 uittae
224 5370 379 5422 debet.

117 5436 368 5509 '_“lli|3l‘¢
397 5438 668 5509 eunuchos
698 5436 812 5502 jure
835 5453 935 5492 nou
963 5441 1192 5507 potuisse
1221 5443 1385 5509 arguit
1415 5443 1493 5496 lex
1526 5445 1556 5495 4

65 5499 100 5550 ἀι
122 5505 173 5559 dc
197 5524 247 5562 re
264 5508 476 5564 utilitati
509 5526 516 5558 :
554 5517 605 5560 et
635 5499 947 5565 Claudianus
965 5499 1022 5564 in
1053 5499 1375 5578 Eutr-opima,
1397 5516 1551 5564 Arma

1672 3121 1776 3170 res,
1814 3103 1828 3142 ί
1866 3105 2160 3159 Gennadius
2186 3105 2444 3171 Avienus,
2478 3105 2568 3158 ctl
2607 3104 2810 3158 lancina
2841 3104 3059 3162 Basilius
3093 3121 3200 3178 pra:

1671 3260 1894 3328 relinque
1922 3260 2059 3311 viris.
2094 3259 2352 3310 Fmderati
2371 3268 2564 3324 autem,
2595 3273 2723 3325 quos
2750 3260 2937 3314 iterum
2967 3265 3199 3322 nominat

1670 3329 1759 3381 lib.
1788 3343 1843 3389 ll,
1874 3328 2086 3394 epistola
2133 3342 2251 3390 xm,
2285 3329 2502 3379 militum
2541 3341 2704 3394 genus
2743 3339 2939 3384 erante
2966 3331 3200 3388 barbaris

1667 3398 1928 3464 gentibm,
1972 3411 2086 3462 qua:
2119 3411 2211 3462 pro
2257 3397 2498 3464 Romanis
2529 3395 2844 3462 principibus
2884 3399 3193 3458 militabant.

1669 3463 1929 3538 inquibus
1977 3465 2124 3538 facile
2165 3466 2422 3538 principes
2451 3463 2749 3538 Gothi,_qui
2787 3481 2814 3518 a
2856 3466 3197 3525 Constantino

1669 3537 1888 3602 primum
1935 3534 2176 3588 Conducti
2227 3535 2592 3587 foederatorum
2645 3534 2764 3587 inde
2803 3552 2990 3590 nomen
3029 3541 3196 3594 sortiti

1667 3605 1991 3676 suunréﬁot
2015 3602 2295 3676 φοιδοράτξρι
2325 3605 2373 3655 in
2405 3605 2628 3676 epitome
2644 3602 2867 3676 Novellte
2891 3606 3087 3661 Grata
3110 3611 3191 3661 ll.

1649 3672 1766 3725 'Sed
1800 3672 2080 3724 fuaderatos
2103 3672 2164 3724 ex'
2199 3674 2313 3723 aliis
2353 3673 2510 3724 etiam
2551 3673 2790 3738 gentibus
2829 3674 3000 3728 dictos
3044 3678 3197 3730 docet

1665 3740 2066 3808 Olympiodorus
2094 3741 2142 3792 in
2166 3741 2423 3807 excerptis
2441 3742 2627 3796 Phntii.
2646 3748 2695 3792 ct
2721 3741 2917 3794 novella
2940 3743 3000 3796 51
3026 3743 3196 3798 Theo-

1664 3809 1816 3878 dosii,
1847 3824 1960 3874 qtnc
1990 3811 2303 3860 Sarracenos
2335 3814 2613 3863 l'tnderatus
2640 3821 3031 3864 commemorat.
3054 3815 3189 3878 .ltem

1666 3875 1952 3940 Procopius
1980 3892 1994 3928 ι
2028 3878 2146 3928 belli
2171 3878 2387 3930 l’ersirl.

1738 3941 1756 3977 ί
1791 3945 2008 4008 l‘mpter
2047 3944 2386 3996 circumfusas
2408 3944 2638 4010 paludes,
2673 3960 2788 4012 qua:
2815 3954 2968 4000 terra:
2990 3959 3185 4008 partem

1664 4021 1935 4076 occupant,
1970 4011 2186 4076 ejusque
2216 4016 2361 4082 usum
2395 4021 2605 4082 negant.
2653 4011 2744 4067 Est
2791 4016 2929 4067 enim
2982 4021 3189 4082 preprie

1665 4087 1797 4130 terra
1825 4095 1937 4144 qua:
1967 4087 2141 4148 aratur
2169 4089 2223 4131 et
2243 4079 2454 4148 colitur:
2485 4078 2800 4132 territorium
2828 4078 3034 4148 quoquo
3059 4078 3185 4138 civi.

1664 4148 1783 4198 tatis
1817 4148 1941 4200 lines
1969 4156 2022 4199 et
2045 4147 2160 4212 jura
2187 4145 2484 4214 tenduntur.
2844 4145 2854 4146 ί
2948 4145 2960 4148 ”
3072 4164 3074 4166 ν

1736 4225 1758 4262 6
1786 4217 1861 4268 Ad
1878 4231 2029 4284 quem
2053 4215 2259 4281 scripsit
2281 4216 2552 4281 epistolam
2579 4215 2632 4278 5,
2652 4214 2797 4281 cuius
2826 4215 2934 4271 liter.
2961 4218 3183 4283 quodam

1667 4285 1819 4337 modo
1848 4285 2157 4339 Succidauea
2203 4294 2318 4347 est,
2359 4285 2556 4353 reliqua
2585 4299 2899 4352 persequens
2944 4286 3187 4342 ltonianm

1667 4354 2006 4420 narrationis,
2064 4367 2179 4407 cum
2226 4353 2582 4421 praefecturam
2632 4353 2770 4407 urbis
2824 4354 3042 4424 adeptus
3075 4356 3184 4425 jam

1667 4433 1821 4476 CSSM.

1736 4493 1761 4527 ιι
1787 4493 1856 4561 De
1879 4493 1975 4543 hoc
1997 4489 2195 4546 Sidonii
2217 4489 2417 4556 hospite
2438 4489 2596 4542 Paulo
2616 4503 2769 4557 quem
2793 4498 3060 4561 tantopere
3079 4493 3185 4547 lau-

1663 4559 1768 4621 dat,
1800 4560 1925 4612 nihil
1955 4566 2300 4622 compertum.

1737 4628 1748 4663 ί
1779 4629 1985 4693 Collega
2007 4624 2350 4693 Valentiniani
2374 4626 2501 4692 Aug.
2522 4625 2742 4690 septimo
2763 4627 2873 4693 eius
2892 4631 3177 4691 consulatu,

1658 4710 1794 4747 anno
1831 4692 2023 4748 Christi
2049 4694 2170 4747 450.
2214 4692 2368 4746 Vetus
2396 4693 2661 4759 inscriptio
2689 4692 2867 4749 Romae
2895 4699 2946 4748 in
2975 4698 3179 4749 basilica

1657 4765 1720 4818 Ι),
1753 4763 1896 4817 l‘auli
1930 4779 1942 4812 :

3043 4829 3146 4884 FL.

1726 4963 1742 5011 i
1785 4961 1972 5028 Quinto
2001 4968 2119 5014 ante
2148 4960 2257 5014 iure
2281 4975 2414 5014 anno
2432 4964 2617 5016 consul
2645 4978 2757 5017 cum
2787 4963 3014 5014 Viviano.
3045 4961 3181 5014 Fue-

1653 5041 1735 5084 rat
1756 5031 1890 5083 idem
1922 5039 1972 5081 et
2001 5029 2274 5097 praefectus
2302 5040 2448 5096 praet.
2478 5031 2637 5083 Italiae
2667 5047 2754 5097 per
2780 5032 2970 5094 aliquot
2993 5042 3178 5092 anni-5,

1623 5128 1628 5134 ς
1654 5109 1706 5150 et
1734 5098 1996 5162 patricius,
2028 5107 2081 5148 ut
2103 5109 2355 5151 testantur
2376 5101 2590 5152 novella:
2612 5098 2873 5164 Majoriani
2906 5106 2958 5148 et
2978 5097 3178 5151 Severi.

1655 5167 1777 5218 I’ost
1806 5167 1941 5219 hunc
1967 5175 2138 5219 autem
2162 5166 2428 5231 Basilium,
2452 5168 2553 5219 duo
2578 5169 2659 5220 alii
2682 5167 2792 5228 ejus
2813 5165 3033 5216 nominis
3058 5179 3181 5216 eon-

1653 5235 1791 5286 sules
1819 5235 1959 5287 fuere
1990 5251 2002 5284 ε
2029 5249 2158 5286 unus
2186 5235 2366 5287 ultimo
2383 5249 2519 5288 anno
2542 5235 2803 5292 Odoacris,
2829 5233 2912 5297 qui
2939 5233 3002 5283 ad
3028 5234 3178 5300 hujus

1656 5303 1816 5355 nostri
1843 5302 2123 5356 discrimen
2154 5303 2368 5356 Basilius
2391 5305 2562 5371 juninr
2587 5303 2768 5355 dicitur
2788 5317 2816 5353 a
2844 5301 3178 5371 (lassiotloro,

1659 5374 1740 5439 qui
1764 5381 1815 5424 et
1841 5370 1951 5436 ipse
1972 5372 2242 5438 praefectus
2268 5369 2504 5436 prieterio
2526 5372 2679 5423 Italire
2699 5383 2758 5439 ac
2785 5370 2994 5432 patriciu
3045 5369 3136 5424 fuit
3166 5392 3177 5423 :

1659 5437 1787 5492 alter
1830 5437 1985 5492 anno?
2014 5442 2078 5494 15
2124 5439 2433 5503 Iustiniani,
2489 5437 2863 5490 ortlinariorum
2911 5442 3178 5492 consulum

1657 5518 1963 5577 pistrcmus.
1989 5539 2053 5548 -—
2096 5511 2212 5562 llxc
2244 5520 2360 5563 uota
2390 5510 2450 5563 ad
2477 5525 2588 5575 pag.
2622 5507 2718 5574 13
2759 5508 2994 5573 pertinet.
3031 5511 3166 5561 LDJT.
