3812 6226
144 349 233 401 165

1357 336 1823 394 EPISTOLARUM
1864 336 1985 392 L13.
2025 337 2065 391 l.

3111 331 3114 335 ’
3202 335 3305 393 M36

139 461 489 527 probitatem,
519 454 880 520 voluptuosius
908 466 1046 508 nunc
1073 462 1097 489 ⁸
1127 449 1364 518 epuseuli
1392 449 1553 519 ipsius
1581 464 1668 503 re-
1694 452 1743 507 A
1770 450 1997 518 quinque
2023 446 2313 502 Brundusio
2341 446 2599 517 profectas
2626 448 2731 517 25
2755 462 2871 501 cum
2902 447 3175 514 speciebus
3205 452 3302 502 tri-

141 547 361 619 legendis
399 544 632 601 versibus
675 540 1055 612 immorabere,
1088 541 1238 603 scio;
1287 549 1440 609 atque
1468 539 1536 593 ob
1567 537 1667 593 hoc

137 656 338 695 carmen
373 638 537 707 ipsum
569 636 755 705 loquax
799 633 853 687 in
889 631 1330 709 consequentibus
1359 629 1539 683 charta
1569 628 1664 683 tle-

135 742 335 802 portat,
374 746 487 802 qua:
516 743 613 798 pro
640 743 725 782 me
762 726 972 781 interim
999 725 1123 779 dum
1162 725 1316 778 venio
1355 722 1539 776 diebus
1569 721 1664 775 tibi

134 824 358 894 pauculis
391 819 790 875 sermocinetur.
838 816 933 869 Cui
961 816 1003 869 si
1032 814 1290 869 examinis
1337 812 1408 865 tui
1459 825 1666 881 quoque

132 923 314 984 puncta
344 912 629 967 tiibuantur
650 948 667 975 ,
702 922 850 977 reque
885 915 1088 985 gratum
1138 903 1263 958 mihi
1284 942 1302 969 ,
1350 917 1409 957 ac
1434 904 1476 957 si
1508 917 1591 957 me
1615 902 1667 955 in

129 1004 338 1058 comitio
388 1000 465 1055 vel
507 998 649 1052 inter
690 1004 857 1051 rostra
915 995 1298 1059 concionante,
1358 991 1424 1045 ad
1473 991 1668 1058 sophos

131 1107 300 1149 meum
324 1130 343 1157 ,
383 1103 483 1143 non
515 1087 672 1142 modo
700 1086 788 1138 lati
816 1083 950 1139 clavi
975 1123 990 1147 ,
1034 1081 1127 1136 sed
1159 1081 1425 1136 tribulium
1459 1091 1669 1148 quoque

128 1184 298 1252 fragor
324 1180 691 1235 concitaretur.
729 1175 867 1230 Sane
907 1184 1119 1238 moneo,
1150 1184 1363 1241 prmque
1390 1168 1668 1243 denuntio,

128 1268 425 1342 quisquilias
452 1268 594 1337 ipsas
621 1265 764 1318 filius
793 1273 893 1316 tute
924 1261 1242 1316 hexametris
1278 1259 1492 1314 minime
1534 1275 1674 1314 exte-

128 1376 272 1432 ques.
321 1360 502 1416 Merito
530 1358 670 1413 enim
693 1355 882 1410 collata
906 1354 1094 1408 vestris
1122 1365 1238 1406 mea
1267 1352 1500 1406 carmina
1521 1390 1534 1416 ,
1566 1365 1671 1405 non

130 1451 454 1505 heroicorum
476 1447 728 1517 phaleris,
755 1443 847 1499 sed
869 1441 1302 1512 epitapbiSIarum
1324 1440 1509 1493 muniis
1530 1453 1673 1492 com-

129 1542 461 1610 parabuntur.
491 1520 559 1591 At
596 1546 768 1589 tamen
801 1532 996 1601 gaude,
1027 1530 1131 1600 24
1158 1530 1296 1596 quod
1324 1528 1409 1581 hic
1440 1530 1553 1596 ipse
1580 1542 1672 1596 pa-

128 1633 423 1702 negyricus,
464 1637 517 1683 et
554 1628 596 1681 si
628 1641 732 1680 non
772 1624 1045 1691 judicium,
1084 1633 1224 1675 certe
1264 1629 1507 1675 eventum
1551 1618 1671 1673 boni

126 1724 296 1791 operis
348 1717 561 1787 accepit.
611 1715 978 1783 Quapropter,
1028 1712 1069 1765 si
1117 1720 1291 1765 tamen
1337 1710 1519 1765 tetrica
1550 1716 1672 1763 sunt

1768 539 1855 593 tici
1886 552 1945 592 ac
1970 537 2157 601 mellis,
2185 537 2317 591 ostia
2344 537 2584 592 Tiberina
2616 537 2865 604 tetigisse.
2896 538 3124 600 Quarum
3144 551 3303 591 onera

1766 627 2140 695 exspectationi
2185 626 2349 693 plebis
2371 668 2385 689 ,
2420 626 2463 679 si
2492 624 2613 693 quid
2648 618 2865 685 strenue
2908 624 3079 693 gerit,
3116 625 3304 695 raptim

1768 716 1921 769 faciet
1955 716 2128 769 olferri
2153 755 2167 778 ,
2198 715 2654 770 commendaturus
2688 729 2746 770 se
2786 712 2910 767 mibi
2935 754 2952 781 ,
2977 728 3064 770 me
3092 715 3303 785 populo,

1768 816 2043 873 utrumque
2073 806 2184 860 tibi.
2213 805 2361 860 Vale.

2318 896 2638 954 EPISTOLA
2674 898 2763 953 XI.

2097 987 2334 1043 Sidonius
2368 986 2385 1025 τ
2422 987 2612 1041 Montio
2640 1005 2729 1042 suo
2755 990 2978 1043 salutem.
3030 998 3033 999 ⁷

1838 1077 1979 1133 Petis
2008 1076 2128 1142 tibi,
2161 1079 2245 1132 vir
2269 1078 2639 1143 disertissime,
2667 1078 2934 1148 Sequanos
2964 1088 3079 1133 tuos
3107 1079 3309 1147 expeti-

1772 1174 1888 1221 turo
1914 1176 2140 1238 satyram
2169 1167 2347 1220 nescio
2375 1181 2526 1231 quam
2551 1210 2565 1234 ,
2599 1169 2641 1220 si
2671 1168 2737 1221 sit
2764 1182 2790 1219 a
2821 1168 2971 1222 nobis
2999 1169 3307 1237 perscripta,

1773 1255 2048 1309 transmitti
2073 1255 2245 1324 :quod
2270 1257 2507 1326 equidem
2535 1266 2584 1311 te
2610 1258 2899 1325 postulasse
2922 1258 3169 1312 demiror.
3199 1257 3309 1311 Non

1770 1347 1908 1401 enim
1934 1338 2168 1401 sanctum
2193 1356 2291 1411 est,
2314 1357 2369 1400 ut
2387 1347 2453 1402 tle
2480 1348 2711 1402 moribus
2732 1349 2883 1403 amici
2905 1351 3006 1402 cito
3032 1364 3308 1419 perperam

1771 1438 1983 1492 sentias.
2034 1438 2160 1492 lluic
2186 1454 2328 1492 eram
2378 1440 2592 1493 themati
2622 1440 2818 1494 se;lieet
2861 1440 3196 1493 incubaturus
3216 1479 3229 1502 ,
3259 1438 3307 1493 id

1767 1528 1871 1596 jam
1898 1543 2055 1597 agens
2082 1530 2195 1593 Otii,
2226 1530 2382 1597 idque
2412 1528 2607 1585 habens
2636 1533 2750 1593 arvi,
2782 1534 2918 1600 quod
2939 1533 3182 1600 juvenem
3213 1532 3308 1584 mi-

1771 1619 2110 1699 litantemque
2145 1619 2370 1675 dictasse
2412 1622 2860 1689 prazsumptiosum
2892 1622 3100 1685 fuisset,
3133 1621 3307 1687 publi-

1771 1723 1919 1764 cas-‘e
1942 1719 2114 1763 autem
2146 1710 2514 1776 periculosum.
2546 1710 2638 1764 Cui
2667 1725 2887 1779 namque
2912 1711 3308 1779 grammaticum

125 1808 432 1885 amana'nda
450 1802 935 1873 locularibt’tﬁvolo
959 1801 1195 1871 paginam
1219 1800 1469 1869 glorioso,
1494 1798 1542 1852 id
1566 1807 1667 1863 est,
1699 1791 1746 1852 Β
1772 1798 1852 1853 vel
1881 1798 2122 1853 salutanti
2158 1798 2381 1854 Calaber
2408 1799 2496 1853 ille
2526 1814 2627 1853 non
2657 1799 2784 1852 dixit
2812 1817 2823 1850 :

125 1899 266 1967 quasi
297 1895 663 1952 Thrasoniano
699 1892 801 1947 line
844 1891 1188 1958 concludere,
1221 1890 1445 1945 Plautini
1477 1890 1672 1959 Pyrgo-

125 1989 383 2061 polynicis
411 1988 656 2041 imitator.
707 1984 868 2055 lgitur
892 1997 1010 2037 cum
1045 1983 1110 2036 ad
1152 1982 1545 2050 praefecturam,
1574 1980 1671 2035 sub

125 2096 219 2149 ope
243 2080 466 2144 Christi,
496 2077 617 2145 styli
644 2076 918 2130 occasione
948 2072 1294 2141 pervenerim,
1322 2071 1505 2140 jubeas
1534 2070 1673 2122 ilicet

128 2170 154 2209 δ
180 2187 274 2240 pro
305 2178 567 2239 potestate
610 2166 863 2231 cinctuti,
910 2164 1138 2233 undique
1184 2159 1414 2216 omnium
1463 2158 1671 2212 laudum

128 2259 425 2314 convasatis
452 2255 931 2318 acclamationibus,
967 2254 1029 2306 ad
1057 2260 1194 2305 astra
1232 2260 1459 2319 portare,
1488 2248 1531 2301 si
1559 2247 1671 2316 pla-

128 2348 627 2415 ceo,~cloquentiam
656 2362 670 2407 ;
718 2344 761 2399 si
792 2343 1042 2411 displiceo
1066 2382 1079 2405 ,
1118 2340 1435 2395 felicitatem.
1484 2338 1675 2392 Videre

129 2436 249 2487 milii
281 2435 472 2488 videor
500 2444 554 2487 ut
594 2433 765 2486 rideas
788 2470 804 2495 ,
846 2432 965 2500 quia
1004 2430 1258 2499 perspicis
1296 2434 1529 2482 nostram
1557 2442 1674 2481 cum

127 2525 254 2579 tu‘lit
305 2523 523 2579 Comico
553 2521 877 2577 ferocissimo
898 2520 1219 2589 jactantiam.
1247 2517 1397 2572 Vale.

694 2654 1015 2719 EPISTOL.\
1058 2653 1124 2707 Χ.

380 2764 624 2819 Sidonius
657 2774 678 2803 ο
711 2757 1052 2833 Campaniano
1079 2780 1168 2816 suo
1196 2763 1426 2819 salutem.

187 2876 388 2946 Accepi
417 2873 447 2913 ἀ
479 2890 571 2945 per
597 2875 897 2940 praefectum
925 2889 1143 2931 annonas
1172 2852 1372 2931 litteras
1403 2885 1535 2944 tuas,
1562 2876 1677 2944 qui-

127 2967 217 3021 bus
243 2982 365 3019 vum
401 2966 493 3020 tibi
536 2967 769 3019 sodalem
805 2975 1034 3020 veterem
1082 2966 1207 3019 mihi
1253 2966 1486 3021 insinuas
1519 2967 1681 3035 judici

127 3070 277 3108 novo.
327 3055 542 3108 Gratias
583 3069 680 3120 ago
709 3068 922 3122 magnas
951 3055 1062 3119 illi,
1095 3056 1348 3109 maximas
1378 3055 1510 3123 tibi,
1543 3056 1679 3124 quod

1890 1908 1941 1974 Si
1958 1909 2074 1974 mala
2106 1910 2369 1974 condiderit
2388 1911 2434 1959 in
2470 1924 2608 1974 quem
2633 1913 2739 1974 quis
2761 1912 2982 1970 carmina,
2999 1911 3076 1972 jus
3099 1917 3188 1969 est,

1894 1970 2265 2031 iudiciumque?

1843 2068 1943 2125 Sed
1972 2086 2036 2124 ne
2061 2072 2184 2137 quid
2225 2071 2359 2125 ultra
2390 2082 2443 2125 tu
2473 2073 2537 2128 de
2564 2072 2727 2126 sodali
2755 2073 2921 2126 simile
2950 2071 3154 2139 credas,
3186 2070 3308 2139 quid

1763 2150 1919 2211 'fncrit
1954 2158 2074 2210 illud
2097 2199 2110 2221 ,
2151 2159 2286 2227 quod
2318 2175 2400 2214 me
2435 2160 2659 2215 sinistra:
2690 2177 2868 2216 rumor
2896 2176 2957 2216 ac
2995 2160 3162 2215 fumus
3200 2159 3312 2227 opi-

1771 2247 1942 2300 nionis
1963 2248 2173 2310 afﬂavit,
2197 2248 2396 2316 longius
2420 2250 2592 2313 paulo,
2616 2251 2707 2303 sed
2728 2251 2792 2304 ab
2813 2251 3012 2316 origine
3032 2263 3309 2317 exponam.

1773 2337 2115 2405 Temporibus
2160 2338 2379 2406 Augusti
2426 2336 2690 2406 Majoriani
2719 2380 2732 2401 ,
2782 2340 2926 2392 venit
2968 2339 3030 2391 in
3084 2337 3311 2390 medium

1773 2428 1949 2481 charta
1978 2432 2278 2484 comitatum
2299 2474 2311 2489 .
2343 2430 2433 2485 sed
2462 2446 2643 2485 carens
2670 2429 2861 2493 indice,
2890 2443 3134 2481 versuum
3164 2426 3313 2493 plena

1775 2519 2119 2588 satyricorum
2149 2521 2643 2575 mordaciumzsane
2674 2520 2757 2587 qui
2782 2520 2906 2573 satis
2937 2520 3314 2574 invectivaliter

1776 2610 1921 2663 abusi
1952 2612 2220 2664 nominum
2262 2610 2516 2675 nuditate,
2549 2610 2829 2676 carpebant
2860 2609 3139 2675 plurimum
3171 2608 3316 2680 vitia,

1778 2702 1892 2769 plus
1930 2701 2185 2754 homines.
2234 2700 2372 2753 lntcr
2404 2700 2514 2753 lucc
2559 2701 2779 2752 fremere
2815 2698 3145 2752 Arelatenses
3169 2737 3183 2759 ,
3214 2710 3319 2762 quo

1779 2790 1879 2845 loci
1902 2806 1987 2844 res
2015 2791 2285 2858 agebatur,
2316 2798 2366 2842 et
2389 2782 2621 2857 qumrere
2646 2803 2799 2855 quem
2830 2796 3096 2854 poetarum
3125 2788 3318 2855 publici

1779 2883 1971 2938 furoris
2015 2884 2200 2935 mer‘to
2239 2879 2439 2945 pondus
2477 2888 2718 2946 urgeret,
2757 2879 2860 2946 26
2888 2879 2949 2931 iis
2976 2879 3199 2933 maxime
3227 2892 3317 2932 au-

1779 2971 2008 3025 ctoribus
2032 2983 2162 3036 quos
2187 2968 2323 3021 notis
2364 2967 2521 3019 certis
2556 2975 2735 3019 auctor
2776 2966 3003 3020 incertus
3031 2966 3321 3021 exacerba.

1780 3065 1946 3112 verat.
1991 3056 2186 3110 Acc'dit
2216 3068 2338 3108 casu
2364 3095 2377 3117 ,
2407 3064 2462 3106 ιιι
2492 3063 2516 3101 s
2546 3054 2832 3107 Catullinus
2861 3056 3076 3108 illustris
3106 3065 3227 3109 tunc
3252 3055 3318 3109 ab

128 3144 379 3199 nutristis
415 3143 482 3196 de
524 3143 749 3196 amicitia
781 3158 929 3206 mea,
961 3143 1042 3195 vel
1076 3157 1391 3210 prmsumere
1427 3152 1562 3208 tuta,
1596 3147 1676 3197 vel
1704 3123 1748 3183 (ἶ
1781 3146 2029 3201 Arvernis
2054 3145 2143 3198 illo
2162 3146 2509 3204 ven?ret.cum
2533 3158 2739 3212 semper
2764 3145 2909 3211 mihi,
2930 3156 3035 3199 tum
3062 3147 3320 3214 praecipue

128 3235 288 3289 illaesa
308 3233 555 3290 credere.
582 3232 691 3302 Ego
712 3248 838 3287 vero
862 3232 1097 3287 notitiam
1126 3235 1221 3287 viri
1249 3233 1678 3287 familiaritatem-

127 3341 225 3393 que
271 3341 380 3382 non
429 3323 599 3379 solum
640 3324 821 3378 volens
846 3364 861 3388 ,
902 3324 991 3377 sed
1033 3333 1084 3377 et
1122 3324 1303 3378 avidus
1343 3325 1676 3388 amplector:

128 3416 314 3484 quippe
336 3414 432 3484 qui
463 3413 699 3468 noverim
728 3421 958 3467 nostram
987 3424 1191 3481 quoque
1217 3413 1435 3480 gratiam
1466 3412 1563 3467 hoc
1589 3412 1683 3467 ob—

128 3506 307 3573 sequio
348 3518 479 3559 meo
520 3503 629 3558 fore
658 3503 1053 3571 copulatiorem.
1098 3502 1199 3555 Sed
1230 3512 1279 3555 et
1318 3512 1371 3556 tu
1405 3504 1682 3571 vigilantia:

129 3609 230 3649 sua:
255 3610 379 3659 me,
414 3595 465 3648 id
494 3604 594 3661 est,
629 3594 780 3648 fama;
810 3609 939 3648 metr
971 3601 1169 3646 statum
1192 3609 1504 3663 causamque
1533 3598 1695 3650 com-'

131 3685 341 3740 menda.
399 3684 605 3739 Vereor
646 3694 819 3737 autem
874 3700 938 3738 ne
975 3693 997 3720 ο
1030 3684 1219 3739 famem
1259 3686 1429 3753 p0puli
1461 3686 1681 3739 Romani

131 3774 406 3829 theatralis
436 3788 631 3837 cavete,
656 3774 829 3842 fragor
870 3774 1075 3827 insonet
1104 3814 1115 3835 ,
1160 3784 1213 3827 et
1254 3772 1537 3827 infortunio
1565 3790 1683 3829 meo

130 3863 332 3932 publica
359 3863 645 3930 deputetur
672 3863 891 3915 esuries.
943 3861 1079 3913 Sane
1109 3862 1246 3913 hunc
1276 3862 1442 3926 ipsum
1472 3877 1500 3914 e
1530 3862 1683 3914 vessi-

130 3954 211 4024 gio
252 3955 318 4007 ad
374 3962 587 4020 portum
633 3951 839 4003 mittere
888 3965 1013 4017 paro
1040 3993 1053 4016 ,
1098 3951 1217 4016 quia
1260 3951 1488 4016 comperi
1529 3964 1685 4002 naves

192 4093 217 4121 ι
262 4079 587 4148 Panegyrici
627 4077 991 4140 Antbemiani,
1023 4090 1175 4145 quem
1217 4090 1333 4129 cum
1384 4075 1461 4127 Itis
1500 4070 1685 4130 litteris

128 4153 382 4206 ιιιίιιυιιςιι.

192 4218 218 4257 δ
259 4220 375 4272 Mea
405 4215 655 4269 nimirum
699 4214 1038 4279 praefectorio.
1068 4216 1166 4283 21
1197 4214 1441 4277 C‘nctoti,
1468 4214 1567 4268 hoc
1605 4222 1683 4268 est

130 4289 278 4345 cincti
303 4294 467 4340 erant
520 4284 773 4349 prmlecti,
806 4294 857 4335 et
885 4284 971 4334 alii
1004 4298 1184 4335 omnes
1216 4283 1546 4350 magistratus
1574 4285 1687 4351 qui-

130 4356 220 4427 bus
245 4354 413 4423 gladii
431 4355 524 4427 jus
542 4362 908 4427 eral,quorum
928 4353 1128 4419 insigne
1154 4353 1415 4427 cingulum
1447 4356 1684 4427 oif’qoxrlu

130 4421 505 4498 ἆβχόιέσιμςτά
526 4426 691 4493 ξίφους
715 4426 793 4498 ttat:
819 4424 1130 4498 relegantur,
1152 4431 1206 4474 ut
1237 4421 1687 4498 loquitur_G_r'ego-

130 4490 233 4549 ritis
260 4490 635 4548 Nazianzenus
666 4491 881 4557 epistola
913 4490 976 4542 ad
1020 4492 1319 4545 Africanum
1360 4508 1370 4541 :
1404 4490 1488 4559 qui
1527 4494 1692 4544 honor

124 4564 314 4633 cinguli
340 4578 396 4633 in
411 4564 540 4633 jure
555 4559 773 4633 passim.
794 4561 921 4613 lliue
942 4560 1031 4633 illa
1064 4562 1319 4633 superius,
1344 4561 1530 4633 cinctus
1551 4563 1695 4633 ᾼυὶεέ

132 4628 234 4692 ιιιιέ
264 4632 391 4685 Basi
417 4631 502 4683 ius
532 4630 829 4694 discinclus;
859 4637 911 4681 et
942 4628 1031 4682 lib.
1064 4645 1113 4691 v,
1145 4644 1229 4693 ep.
1264 4630 1316 4694 7,
1344 4630 1516 4681 ciuilis
1551 4632 1690 4698 jura,

132 4701 385 4753 discinctis
415 4714 493 4770 pr.
506 4698 703 4770 vilegia.

196 4779 221 4808 ε
259 4771 353 4823 Sic
408 4764 622 4819 veteres
662 4764 775 4817 libri
800 4808 813 4829 ,
852 4780 956 4817 non
996 4766 1271 4830 Campania
1302 4782 1319 4817 :
1350 4766 1609 4830 quomodo
1648 4775 1699 4819 ct

134 4836 291 4890 Julius
307 4836 486 4888 Ferox
500 4834 877 4900 Campaniauus
893 4835 952 4887 V.
976 4834 1030 4888 C.
1059 4835 1329 4899 prasfectus
1351 4835 1472 4887 Urbi
1504 4844 1701 4902 tempo-

134 4906 270 4959 ribus
281 4903 604 4957 Diocletiani
625 4903 674 4953 in
687 4904 907 4969 antiqua:
938 4903 1074 4957 basis
1106 4903 1441 4968 inseriptioue
1457 4920 1467 4954 :
1485 4915 1529 4954 et
1551 4901 1699 4953 Cam-

134 4976 388 5043 panianus
423 4970 893 5043 virdisertissitnus
922 4971 1358 5043 apudACassiodJ.
1394 4987 1464 5033 ιιι,
1498 4971 1617 5043 Var.
1645 4971 1697 5022 4.

196 5040 223 5079 ἀ
274 5041 405 5095 Erat
460 5039 506 5089 is
556 5038 655 5088 sub
702 5040 931 5104 prtelecti
988 5040 1141 5094 Urbis
1196 5048 1472 5105 potestate.
1526 5040 1697 5103 Quare

138 5110 291 5165 Paulo
318 5115 448 5176 post
490 5105 557 5157 ad
590 5114 793 5176 portum
825 5110 1117 5162 Ostiensem
1150 5117 1242 5161 mit
1269 5108 1369 5161 itur
1398 5121 1425 5157 a
1456 5106 1693 5168 Sidonio,

138 5189 189 5233 ut
228 5174 565 5232 frumentum
598 5174 735 5236 quod
780 5186 935 5229 naves
979 5178 1316 5230 Brundusium
1352 5179 1693 5239 advexerant,

137 5263 224 5315 per
248 5247 385 5302 caud
411 5244 597 5315 caries
623 5240 703 5315 _i_n
732 5240 917 5315 Urbem
949 5246 1337 5299 subvehendum
1369 5254 1532 5298 curet.
1581 5243 1693 5315 Etsi

138 5308 267 5379 enim
296 5322 518 5382 augere
539 5308 701 5362 Urbis
726 5312 900 5382 cupias
938 5316 1144 5379 prepria
1172 5324 1284 5367 erat
1312 5330 1433 5367 cura
1466 5310 1695 5382 praefecti

140 5378 618 5449 annonmfeadetn
648 5384 814 5449 tamen
841 5379 903 5430 ad
940 5378 1257 5447 praelectum
1312 5397 1515 5449 quoque
1549 5379 1699 5433 Urbis

142 5466 374 5521 tanquam
407 5448 478 5521 ad
503 5444 834 5521 ξυρξτῖοςρηι
863 5444 1167 5521 potestatem
1207 5444 1527 5521 pertinebat,
1571 5450 1615 5521 l._
1653 5450 1699 5508 l,

139 5510 249 5576 Μ’
273 5520 342 5574 de
370 5510 835 5583 ofticio'PraefeCti
866 5510 1013 5569 Urbi.
1048 5510 1221 5583 itaque
1251 5530 1299 5571 et
1332 5510 1572 5571 Sidonius
1605 5517 1701 5567 hoc

143 5592 272 5651 loco,
298 5596 354 5641 et
369 5581 743 5655 Symmachus
774 5583 856 5635 illi.
885 5600 936 5643 ιι,
966 5602 1046 5653 rp.
1080 5581 1165 5646 43,
1193 5590 1494 5653 prrclectura
1527 5587 1701 5638 urlxica

142 5664 411 5729 fungentes
456 5662 809 5709 comtttuuetu
850 5670 965 5708 cum
1024 5657 1267 5723 prmlecto
1307 5671 1524 5711 llilllOliCC
1563 5669 1703 5708 cum-

1717 4392 1767 4451 D

1780 3234 2083 3290 commilitio
2112 3235 2306 3288 recenti
2331 3234 2613 3285 familiaris.
2645 3233 2795 3301 Saepe
2822 3235 2957 3287 enim
2990 3236 3130 3288 cives
3157 3236 3321 3304 magis

1781 3326 1977 3381 amicos
2008 3323 2358 3393 peregrinatio
2393 3321 2535 3375 facit.
2586 3322 2740 3390 lgitur
2772 3323 2985 3375 insidias
3034 3325 3310 3387 nescit-ni,

1784 3427 1885 3472 tam
1915 3417 2176 3479 Pteonius,
2204 3429 2358 3484 quam
2390 3414 2478 3484 Big
2512 3429 2601 3468 rus
2623 3413 2716 3467 has
2746 3414 3095 3477 tetenderunt,
3127 3422 3183 3469 ut
3207 3416 3321 3484 plu-

1782 3509 1927 3563 rimis
1956 3521 2132 3561 coram
2173 3514 2414 3575 tanquam
2453 3505 2519 3558 ab
2550 3506 2756 3559 incauto
2785 3507 3190 3567 sciscitarentur,
3224 3506 3325 3560 hoc

1786 3615 1975 3655 novum
2008 3613 2213 3652 carmen
2242 3612 2305 3651 an
2334 3606 2751 3665 recognosceret.
2779 3597 2839 3649 Et
2867 3598 2954 3647 ille
2984 3616 2996 3649 :
3026 3597 3099 3657 Si,
3135 3598 3321 3663 inquit,
3382 3656 3385 3659 η

1787 3690 2043 3743 dixeritis.
2074 3688 2309 3753 Cumque
2344 3687 2533 3741 frustra
2562 3687 2765 3741 diversa
2791 3726 2804 3751 ,
2849 3687 2995 3753 quasi
3032 3682 3120 3752 per
3148 3687 3322 3753 jorum

1788 3779 2111 3831 etTundcrent
2134 3816 2147 3839 ,
2175 3790 2214 3828 ει
2239 3776 2391 3829 hitur
2415 3776 2695 3828 Catullinus
2718 3780 2765 3826 in
2791 3777 2971 3835 risum,
3004 3775 3328 3839 intempesti-

1791 3879 1957 3931 \oque
1978 3865 2222 3929 sullragio
2251 3862 2478 3914 clamare
2503 3863 2681 3929 cmpit,
2713 3861 2923 3929 dignum
2957 3876 3158 3927 poema,
3188 3862 3324 3928 quod

1750 4022 1753 4033 Ἀ
1786 3952 2015 4019 apicibus
2047 3949 2431 4016 perennandum
2474 3952 2667 4003 auratis
2691 3949 2828 4017 juste
2864 3948 2888 3985 δ
2921 3950 3092 4003 tabula
3132 3960 3329 4004 ro;tra-

1790 4084 1991 4129 meatus
2023 4088 2197 4129 curam
2226 4082 2431 4141 gerunt.

1861 4156 1882 4181 ε
1921 4144 2153 4208 Querelae
2181 4144 2345 4210 panis,
2377 4158 2466 4203 per
2491 4156 2618 4211 quas
2649 4144 2868 4210 populus
2897 4144 3168 4211 ingruente
3196 4147 3330 4203 fama

1791 4212 2216 4271 tumultttahatur,
2252 4211 2476 4273 pra‘fecti
2530 4210 2684 4265 Urbis
2727 4214 2881 4281 capiti
2927 4210 3065 4277 stupe
3096 4216 3332 4272 immine-

1789 4286 1943 4348 bant,
1977 4297 2025 4331 ιιι
2067 4281 2283 4336 Tertulli
2312 4281 2605 4344 exemplum
2636 4282 2784 4335 docet
2815 4283 2947 4349 apud
2982 4286 3331 4338 Marcellinum

1794 4354 1882 4406 illi.
1919 4367 2026 4404 XIX.
2061 4352 2151 4404 lla:
2180 4366 2347 4404 au'cm
2384 4352 2431 4403 in
2467 4351 2683 4402 theatris
2712 4358 2941 4407 maxime
2968 4354 3222 4419 circisque
3244 4369 3334 4403 au-

1794 4423 2088 4487 diebantur,
2115 4422 2198 4473 ubi
2230 4433 2279 4473 et
2309 4421 2527 4485 populus
2558 4419 2813 4484 frequens.
2840 4430 2891 4473 et
2920 4420 3084 4487 major
3106 4422 3333 4475 licentia.

1798 4492 2004 4544 Tacitus
2030 4505 2061 4541 v
2091 4491 2278 4541 Annal.
2309 4492 2355 4540 in
2389 4487 2594 4539 Domitii
2624 4498 2674 4539 et
2716 4488 2978 4541 Scribonis
3011 4489 3280 4539 consulatu
3316 4507 3329 4541 :

1799 4560 1983 4612 Iisdem
2023 4556 2304 4609 consulibus
2340 4558 2577 4624 grauitate
2614 4571 2825 4624 annona:
2855 4557 3005 4624 juatta
3052 4556 3335 4609 seditionem

1800 4640 1991 4681 ventum
2016 4643 2031 4677 :
2056 4628 2303 4692 multaque
2325 4622 2365 4675 et
2388 4623 2552 4691 plltrl’s
2575 4625 2661 4686 per
2688 4622 2788 4673 dies
2816 4624 2864 4673 in
2896 4622 3082 4692 theatro
3112 4626 3339 4679 licentius

1801 4697 2087 4763 efﬂagitata.
2125 4690 2573 4763 Decircensialio
2604 4692 2826 4743 tumultu
2852 4690 3337 4763 qui_Constantino-

1802 4758 2135 4832 poli'accidit,
2175 4761 2433 4832 Euuapius
2457 4761 2509 4809 in
2538 4758 2759 4832 Sopatro
2793 4776 2804 4810 :
2837 4759 2900 4832 de
2933 4759 3168 4832 Romano
3196 4763 3341 4817 Zosi-

1805 4826 1917 4884 inus
1950 4831 2039 4882 lib.
2072 4844 2121 4887 v,
2152 4828 2357 4895 quando
2390 4826 2693 4880 lleracliano
2730 4830 2920 4881 comite
2956 4829 3144 4884 Africa:
3180 4846 3339 4885 occu-

1802 4911 1945 4969 patos
1974 4908 2148 4961 portus
2182 4905 2390 4969 tenente
2421 4895 2593 4949 feralis
2624 4897 2703 4948 illa
2736 4912 2832 4949 vox
2866 4898 2916 4950 in
2946 4899 3088 4953 circo
3120 4901 3295 4953 audita
3324 4918 3339 4954 :

1802 4967 1939 5020 Pone
1971 4970 2178 5032 pretium
2204 4967 2344 5016 carui
2367 4967 2612 5016 humanm.
3297 4999 3307 5009 .

1878 5036 1892 5072 ί
1935 5035 2195 5101 Sequano,
2219 5044 2275 5087 ut
2294 5036 2456 5101 prima
2480 5036 2653 5087 statim
2678 5034 2833 5088 verba
2857 5036 3104 5089 indicant.
3136 5037 3306 5104 Script

1802 5116 1878 5159 est
1903 5104 2116 5169 epistola
2146 5105 2466 5170 temporibus
2496 5103 2790 5168 Alllllemli;
2822 5106 2912 5159 sed
2943 5120 3001 5158 ea
3033 5116 3207 5157 narrat
3227 5120 3341 5170 qua!

1803 5172 2083 5239 Majoriano
2116 5184 2367 5239 regnante
2408 5172 2739 5237 acciderant,
2788 5189 2957 5237 anno,
3008 5182 3064 5225 ut
3106 5173 3341 5227 Severini

1801 5242 2101 5296 consulatus
2124 5241 2370 5305 ostendit,
2394 5243 2516 5295 461.

1875 5320 1896 5354 ιζ
1942 5308 1995 5360 ln
2044 5310 2326 5375 epigraphe
2372 5312 2619 5363 carminis
2666 5311 2730 5362 l9.
2780 5324 2879 5361 non
2926 5308 3144 5373 amplius
3190 5324 3343 5373 quam

1805 5378 2126 5432 clarissimus
2165 5379 2473 5444 appellatur.
2524 5380 2730 5432 Honore
2774 5381 2923 5443 igitur
2951 5386 3037 5428 aut
3078 5377 3351 5447 privilegio

1808 5449 2047 5516 quopiam
2086 5455 2299 5498 ornalus
2330 5458 2505 5514 postea
2537 5449 2701 5501 fuerat
2731 5450 3002 5513 quoﬁet'ct
3037 5446 3275 5516 tllustris.

1880 5513 1901 5549 ιι
1951 5516 2135 5578 iligna,
2160 5516 2363 5585 inquit,
2395 5530 2565 5585 satyra
2590 5557 2601 5578 ,
2635 5534 2747 5581 qua:
2778 5518 2823 5565 in
2857 5530 2925 5565 res
2954 5514 3109 5585 incisa
3146 5532 3240 5581 pro
3266 5529 3349 5569 ro-

1810 5586 1930 5637 stris
1957 5586 2035 5635 νει
2071 5585 2119 5635 in
2145 5582 2183 5635 C
2203 5586 2401 5649 spitolio
2430 5582 2559 5637 inter
2590 5590 2757 5649 legunt
2789 5597 2848 5635 ac
2886 5584 3210 5650 publicorum
3240 5600 3347 5639 m0-

1812 5655 2175 5708 numcntorum
2208 5654 2406 5710 tabulas
2436 5656 2740 5709 collocetur.
