3812 6226
147 417 223 473 ιω

1333 411 1803 469 EPISTOLARUM
1840 411 1963 466 LIB.
2001 411 2054 492 l.

3173 415 3274 472 470

144 523 393 579 ordinarius
413 523 724 586 Severinus,
764 523 841 577 vir
875 523 1010 578 inter
1055 523 1290 592 ingentes
1334 524 1626 592 principum
1657 528 1706 586 Α
1734 523 1867 592 piter
1895 521 2140 578 Paeonius
2165 535 2302 592 a‘gre
2343 521 2568 590 tulisset,
2591 523 2728 593 quod
2749 523 2850 579 fuit
2876 525 3098 594 turpius,
3124 541 3271 584 cotu-

139 625 282 684 utotus
301 623 449 681 atque
488 612 802 681 intequaiem
853 611 1154 680 reipublicae
1197 618 1388 674 statum
1455 613 1635 680 gratia:

141 717 314 770 semper
355 702 590 767 aequalis.
637 699 794 755 Juxta
834 714 953 754 eum
993 699 1225 767 Magnus,
1261 699 1384 753 olim
1413 715 1472 754 ex
1503 716 1638 769 prm-

138 794 268 857 fccto,
295 791 392 861 29
419 804 585 859 nuper
611 803 677 845 ex
704 788 937 856 consule,
960 801 1052 856 par
1079 787 1364 843 honoribus
1411 803 1634 856 persona

135 879 408 950 geminatis:
435 877 778 933 recumbente
805 885 924 944 post
951 890 1009 930 se
1027 875 1249 930 Camillo
1292 875 1396 930 lilio
1435 863 1632 945 fratris,

134 969 203 1037 qni
216 967 399 1022 duabus
418 965 756 1036 dignitatibus
784 974 836 1020 et
861 966 972 1034 ipse
994 964 1245 1024 decursis,
1272 965 1463 1032 pariter
1483 980 1636 1020 orna-

135 1065 256 1112 verat
279 1054 696 1124 proconsulatum
717 1056 899 1123 patris,
924 1054 1091 1123 patrui
1116 1055 1463 1109 consulatum.
1490 1054 1637 1108 Pato-

134 1144 229 1200 nlus
247 1144 358 1199 hinc
385 1156 620 1213 propter,
649 1153 805 1213 atque
827 1145 948 1199 hinc
978 1145 1255 1209 Athenius,
1285 1145 1441 1200 homo
1469 1145 1634 1200 litium

133 1244 494 1301 temporumque
518 1231 860 1286 varietatibus
900 1232 1237 1287 exercitatus.
1268 1232 1414 1287 liune
1448 1248 1632 1302 seqne~

131 1321 259 1375 batur
275 1321 632 1376 Gratianensis
662 1321 804 1374 omni
832 1321 899 1374 ab
929 1321 1138 1374 infamia
1180 1321 1256 1375 vir
1301 1332 1636 1389 sequestran-

130 1413 226 1477 dus,
251 1415 328 1481 qui
351 1412 660 1466 Severinum
684 1413 818 1466 sicut
847 1414 1043 1467 honore
1067 1413 1329 1481 postibat,
1362 1412 1432 1466 ita
1458 1411 1633 1466 favore

131 1509 459 1568 praecesserat.
511 1500 739 1567 Ultimus
768 1516 864 1570 ego
906 1499 1166 1570 iacebam,
1207 1515 1306 1568 qua
1358 1501 1631 1568 purpurati

127 1591 286 1643 la-vum
338 1591 470 1644 latus
504 1590 555 1643 in
596 1590 779 1645 dextro
807 1591 1043 1659 margine
1087 1588 1463 1657 porrigebatur.
1495 1588 1631 1641 Edu-

129 1680 234 1733 lium
258 1679 411 1733 multa
441 1689 590 1747 parte
611 1679 778 1741 finita,
801 1678 1020 1732 Cresaris
1051 1677 1115 1731 ad
1152 1677 1418 1731 consulem
1456 1690 1629 1731 sermo

127 1770 354 1837 dirigitur,
384 1770 532 1836 isque
568 1769 897 1822 succinctus:
940 1768 1060 1821 inde
1101 1767 1392 1822 devolvitur
1415 1766 1482 1821 ad
1505 1781 1630 1820 cou-

1737 611 1927 680 pellato
1970 617 2173 666 tacente
2200 609 2487 678 respondit.
2519 611 2744 667 Subrisit
2771 613 3055 682 Augustus,
3083 624 3139 670 ut
3159 627 3275 670 erat

1733 699 2044 754 auctoritate
2056 707 2279 762 servata,
2303 712 2419 752 cum
2442 712 2500 752 se
2521 698 2875 754 communioni
2901 699 3150 769 dedisset,
3165 702 3271 771 joci

1735 788 1919 855 plenus
1970 804 1984 840 ε
2025 802 2118 856 per
2163 801 2318 855 quem
2365 786 2674 842 cachinnum
2726 801 2830 843 non
2877 790 3047 844 minus
3087 779 3273 859 obtigit

1735 873 1961 928 Athenio
1982 874 2242 938 vindictae,
2273 891 2424 944 quam
2447 875 2751 945 contigisset
2790 875 3012 946 injuriae.
3062 877 3274 950 Colligit

1733 965 2043 1034 itaque‘sese
2069 973 2096 1003 λ
2127 965 2515 1021 trebacissimus
2545 980 2728 1031 senex,
2759 976 2810 1022 et
2841 975 2896 1022 ut
2933 983 3144 1037 semper
3191 971 3269 1024 in-

1734 1052 1988 1107 trinsecus
2015 1060 2144 1106 testu
2177 1051 2388 1120 pudoris
2412 1054 2820 1121 excoquebatur,
2866 1070 2961 1110 cur
2999 1057 3099 1112 sibi
3126 1058 3269 1112 Pinn-

1733 1139 1850 1193 nius
1885 1139 2255 1205 anteferretur,
2279 1139 2389 1194 Non
2436 1141 2619 1205 miror,
2659 1141 2845 1211 inquit,
2875 1147 3125 1214 Auguste,
3163 1147 3269 1216 39

1732 1230 1777 1282 si
1804 1227 1932 1282 mihi
1958 1227 2126 1282 standi
2153 1227 2322 1282 locum
2349 1231 2630 1297 praeripere
2659 1221 2895 1296 conetur,
2924 1234 3010 1300 qui
3045 1233 3138 1287 tibi
3190 1236 3268 1288 in-

1734 1319 1922 1374 vadere
1947 1333 2050 1374 non
2078 1320 2343 1374 erubescit
2371 1321 2638 1388 loquendi.
2671 1320 2729 1374 Et
2766 1321 2848 1375 vir
2895 1318 3108 1377 illustris
3135 1323 3264 1378 Gra-

1732 1410 2002 1473 tianensis,
2030 1410 2238 1474 Multus,
2270 1411 2454 1479 inquit,
2481 1411 2719 1480 satyricis
2744 1414 2840 1467 hoc
2863 1412 3033 1483 jurgio
3051 1429 3264 1482 campus

1731 1497 1979 1566 aperitur.
2006 1497 2100 1551 llic
2127 1498 2430 1566 imperator,
2461 1500 2525 1553 ad
2569 1515 2655 1556 me
2692 1499 2718 1538 δ
2749 1503 2953 1556 cervice
2991 1516 3262 1568 conversa,

1729 1585 1917 1652 Audio,
1946 1587 2038 1649 ait,
2070 1596 2091 1624 ε
2121 1600 2296 1640 comes
2319 1586 2522 1654 Sidoni,
2545 1589 2681 1658 quod
2705 1599 2932 1659 satyram
2947 1591 3166 1647 scribas.
3200 1594 3294 1647 Et’

1728 1687 1846 1740 ego,
1873 1673 2102 1742 inquam,
2132 1674 2233 1729 hoc
2256 1675 2433 1742 audio,
2460 1676 2670 1732 domine
2701 1677 2958 1748 princeps.
2981 1679 3127 1735 Tunc
3151 1682 3260 1747 ille,

1729 1756 1757 1797 ἀ
1784 1761 1877 1814 sed
1907 1760 2103 1824 ridens,
2136 1777 2290 1832 parce
2310 1764 2391 1818 vel
2417 1765 2590 1820 nobis.
2618 1766 2684 1819 At
2712 1780 2829 1834 ego,
2868 1767 3099 1834 inquam,
3127 1771 3261 1834 quod

126 1860 347 1921 ωιτη-ειη,
373 1870 490 1911 cum
526 1870 632 1925 quo
671 1862 812 1926 smpe
857 1856 1131 1924 repetitus,
1166 1857 1286 1924 quia
1333 1856 1399 1911 de
1441 1854 1627 1910 litteris
1658 1854 1701 1914 Β
1727 1850 1792 1904 ab
1823 1849 2013 1904 illicitis
2040 1859 2294 1920 tempero,
2326 1853 2452 1907 mihi
2496 1868 2672 1922 pareo.
2702 1853 2822 1909 Post
2863 1870 2981 1922 quae
3026 1856 3114 1910 ille
3152 1874 3166 1909 :
3201 1857 3261 1912 Et

125 1928 375 2010 iaetu-ad
403 1947 571 2001 virum
617 1947 873 2002 illustrem
920 1947 1196 2002 Camillum
1240 1961 1305 2002 ex
1352 1946 1628 2003 occasione

123 2035 421 2100 transfedur,
487 2035 540 2090 iu
590 2044 788 2090 tantum
845 2047 899 2090 ut
932 2037 1134 2091 diceret
1177 2037 1442 2104 princeps,
1497 2035 1629 2089 Vere

125 2122 261 2178 habes
281 2132 538 2192 patruum,
567 2124 728 2179 frater
756 2126 987 2193 Camille,
1021 2136 1230 2193 propter
1251 2140 1403 2193 quem
1435 2139 1515 2178 me
1553 2124 1628 2176 fa-

124 2214 256 2268 milize
268 2222 364 2268 tua!
383 2216 713 2270 consulatum
732 2232 888 2270 unum
915 2216 1145 2285 gratuler
1156 2216 1455 2270 contulisse.
1481 2214 1628 2267 Tunc

123 2306 215 2369 i'le,
238 2305 318 2375 qui
339 2307 508 2360 simile
537 2306 730 2374 aliquid
752 2315 976 2376 optaret,
1003 2316 1234 2374 tempore
1257 2306 1486 2367 invento,
1514 2303 1625 2356 Non

122 2407 275 2457 unum,
307 2394 490 2462 inquit,
516 2395 736 2449 Domine
763 2396 1016 2463 Auguste,
1052 2395 1146 2449 sed
1186 2394 1426 2461 primum.
1470 2391 1635 2452 Sum-I

121 2496 193 2534 tuo
217 2480 434 2551 fragore,
477 2493 534 2536 ut
581 2495 678 2536 nec
728 2481 944 2550 Augusti
993 2481 1282 2535 reverentia
1321 2481 1619 2542 obsiszeret,

117 2581 305 2640 excepta
333 2573 590 2628 sententia
619 2580 716 2626 est.
742 2571 865 2625 inde
894 2573 1072 2626 nescio
1095 2570 1214 2638 quid
1243 2569 1520 2625 Athenium
1543 2571 1623 2624 in-

121 2670 359 2729 tcrrogans
379 2662 731 2728 superjectum
758 2660 1019 2714 Paeonium
1036 2659 1367 2730 compellatio
1389 2660 1538 2728 Augu
1557 2665 1626 2710 ta

119 2748 359 2814 prietcriit,
387 2763 512 2804 casu
539 2764 604 2802 an
631 2749 905 2813 industria,
934 2748 1133 2818 ignoro.
1164 2748 1309 2816 Quod
1359 2762 1480 2803 cum
1513 2756 1622 2802 tur-

115 2878 228 2942 apud
256 2893 347 2932 nos
373 2878 526 2942 primi
557 2887 610 2934 et
635 2879 813 2933 eximii
848 2879 1133 2934 accubitus.
1171 2879 1384 2934 Summa
1429 2872 1622 2934 cornua

117 2945 320 3001 iuvenco
346 2948 433 3002 lib.
463 2962 520 3001 ιιι
545 2963 559 3000 :
1205 2964 1208 2967 ·

211 3036 352 3099 ξιτεδ
368 3037 572 3099 quisque
594 3043 726 3084 vocat
749 3049 895 3099 errare
919 3039 1128 3085 convivia
1156 3050 1351 3099 ponens,

208 3094 430 3159 Cornibus
451 3094 707 3159 insomniis
730 3098 875 3159 evitat
899 3109 1079 3158 ponere
1101 3094 1314 3147 membra

213 3155 420 3216 Quisque
441 3157 580 3215 sapit.

113 3229 154 3284 ld
179 3247 352 3304 novum
380 3235 552 3302 potius
579 3234 744 3289 videri
773 3244 950 3304 queat,
989 3245 1041 3290 et
1085 3237 1151 3289 ab
1189 3252 1281 3291 usu
1318 3246 1498 3290 nostro
1537 3253 1615 3288 re-

112 3301 297 3372 tnotius,
327 3301 460 3369 quod
488 3305 693 3367 tertius,
724 3301 937 3372 quartus
965 3318 1024 3357 ac
1051 3305 1232 3372 reliqui
1269 3305 1512 3371 de.ncep.-
1560 3306 1612 3358 il-

111 3367 194 3445 lum
220 3367 394 3445 ordine
431 3367 816 3445 subsequantur
855 3373 942 3445 qui
989 3367 1189 3445 primus
1232 3382 1311 3426 est
1359 3373 1408 3425 in
1451 3367 1611 3445 cornu

111 3438 315 3511 fittiSU'O.
353 3441 483 3495 Nam
543 3438 661 3511 post
706 3438 1012 3511 Severinum
1054 3438 1321 3511 consu'em
1377 3443 1612 3511 sequitur

111 3505 299 3574 Magnus
321 3523 383 3564 ex
414 3505 650 3574 consule,
683 3519 789 3564 tum
828 3510 1106 3574 Camillus,
1147 3509 1406 3570 Paeonius.
1451 3505 1612 3565 Athe-

109 3575 224 3638 nitIS,
246 3575 620 3644 Gratianensis,
661 3579 1251 3648 ultimusqueSidonius
1277 3579 1342 3634 ad
1372 3581 1610 3632 dextrum

108 3653 243 3716 cornu
271 3660 509 3716 vergens,
539 3649 592 3716 in
621 3662 723 3715 quo
747 3647 952 3716 jaceb’at
981 3647 1316 3715 Maiorianus.
1346 3649 1522 3716 itaque
1557 3650 1610 3702 in

107 3710 238 3785 pleno
259 3710 478 3769 stibadio
507 3710 718 3770 ultimus
743 3710 910 3785 primo
933 3710 1200 3784 proximus
1222 3725 1353 3780 erat,
1386 3733 1412 3768 a
1439 3710 1612 3783 primo

105 3779 263 3834 eodem
285 3785 664 3840 remotissimus
700 3779 766 3839 ei
793 3779 1013 3839 adverso
1041 3787 1320 3840 seCuntius.
1349 3779 1456 3840 Nec
1478 3787 1610 3840 alius

103 3847 214 3902 ordo
243 3850 332 3904 fuit
360 3853 411 3906 iu
440 3852 648 3906 Maximi
696 3854 933 3907 convivio
955 3857 1040 3908 cui
1070 3855 1302 3908 interfuit
1343 3856 1399 3909 S.
1436 3855 1610 3906 Marti-

103 3928 200 3988 nus.
243 3921 375 3985 apud
419 3921 707 3988 Sulpicium
753 3921 1003 3976 Severum
1035 3931 1088 3976 et
1127 3925 1279 3976 alios.
1329 3923 1382 3975 in
1424 3923 1609 3975 dextro

100 3985 221 4057 enim
243 4001 402 4057 cornu
416 3985 670 4057 Maximus
695 3990 826 4057 Aug.
859 3991 910 4042 in
936 3991 1148 4043 sinistro
1165 3992 1344 4043 consul
1363 3989 1605 4057 Evodius,

101 4050 200 4124 (irin
227 4056 439 4108 comites
460 4055 677 4124 Maximi
705 4050 863 4108 fraier
888 4071 948 4108 ac
974 4067 1207 4124 patruus,
1229 4068 1283 4124 et
1305 4056 1490 4121 reliqui
1510 4050 1607 4124 or;

98 4117 203 4171 dine
225 4134 463 4186 proceres
490 4121 880 4187 descrlbuntnr,
910 4117 1064 4187 atque
1099 4124 1234 4176 inter
1273 4123 1366 4176 bos
1403 4117 1604 4177 medius

99 4187 348 4300 ﬁtesbyter
388 4188 593 4241 Martini
629 4205 642 4241 :
688 4199 831 4269 extra
875 4192 1153 4270 stibadium
1207 4205 1332 4272 vero
1381 4192 1430 4244 in
1475 4192 1603 4272 Sella

140 4261 321 4300 :tl’ltnlls
344 4257 407 4300 ml
427 4259 660 4300 dextram
685 4259 908 4300 Maximi,
939 4259 1183 4300 szltnne
1209 4260 1280 4300 lth
1325 4276 1375 4300 ιιι
1399 4260 1466 4300 lin
1491 4260 1601 4300 Vim

140 4261 321 4310 arttnus
344 4257 408 4309 ad
427 4259 660 4320 dextram
685 4259 911 4312 Maximi.
937 4259 1183 4314 Paulinus
1209 4260 1298 4314 lib.
1323 4276 1377 4314 ιιι
1399 4260 1466 4316 de
1491 4260 1605 4315 Vita

96 4317 296 4387 liartini,
327 4339 441 4379 cum
468 4317 710 4394 proceres
738 4339 1227 4394 commemorasset,

193 4409 286 4476 Eos
308 4415 431 4476 inter
465 4413 666 4476 medius,
689 4426 778 4476 qua
801 4417 946 4475 Sigma
971 4415 1176 4466 ﬂectitur
1199 4417 1335 4475 orbe,

193 4469 446 4536 [Vesbyter
465 4469 717 4523 accubuiti
749 4469 918 4524 dextra
945 4478 1156 4536 Imvaque
1183 4469 1428 4536 potentum

191 4531 516 4596 QrdOtlucum,
554 4537 779 4582 membris
796 4531 1103 4596 super'aut'ea
1129 4531 1271 4585 fulcra
1292 4538 1455 4588 locatis

191 4589 368 4654 Pressit
392 4596 658 4654 subjectum
678 4589 870 4654 pretiosi
895 4595 1090 4644 velleris
1115 4608 1294 4646 ostrum

188 4651 256 4718 ξύ
277 4651 499 4718 dextram
524 4656 653 4718 regis
673 4651 833 4704 sancto
857 4657 1143 4718 venerabilis
1165 4670 1253 4705 ore

190 4711 410 4762 Consedit
441 4711 617 4776 senior.

90 4787 186 4864 Quo
200 4794 442 4864 profecto
470 4794 534 4864 ad
557 4795 790 4864 dextram
815 4795 1022 4850 Maximi
1045 4797 1226 4850 sedere
1244 4815 1346 4862 non
1375 4804 1596 4864 poterat,

89 4858 170 4912 nisi
195 4861 444 4916 Maximus
474 4862 527 4914 in
558 4863 741 4916 dextro
771 4878 932 4916 cornu
971 4858 1320 4919 accititilieret.
1360 4858 1398 4919 li
1438 4858 1596 4919 uera;

89 4927 291 4981 tissimus
321 4945 450 4995 ergo
479 4931 686 4981 stibadii
709 4930 850 4982 locus
880 4945 1042 4983 cornu
1072 4933 1330 4991 dextrum.
1367 4942 1420 4985 ut
1462 4935 1595 4987 dixi-

89 5008 201 5067 mus,
240 4998 510 5067 proximus
555 4996 842 5067 sinistrum.
893 4998 1064 5067 Quare
1105 5001 1238 5067 apud
1285 5000 1588 5067 Gregorium

85 5060 255 5115 Turno.
281 5063 318 5115 l.
347 5063 527 5117 Mirac.
553 5078 710 5130 uxr,
745 5060 961 5117 Arianus
988 5065 1076 5118 ille
1099 5060 1180 5129 qui
1210 5060 1414 5118 dextra?
1429 5069 1588 5133 partis

85 5137 490 5202 curnu‘occupat,
529 5140 582 5184 ct
605 5134 914 5186 catholicum
957 5135 1276 5202 sacerdotem
1334 5133 1588 5202 hospitem

84 5208 210 5249 suum
233 5198 284 5250 in
307 5198 520 5251 ~inistro
543 5203 741 5265 Statuit,
771 5202 992 5254 ludibrio
1031 5201 1174 5253 illum
1207 5201 1302 5252 hac
1342 5198 1497 5254 etiam
1539 5205 1588 5258 in

85 5278 130 5315 re
151 5275 197 5318 ut
214 5265 263 5320 in
283 5267 492 5321 ceteris
511 5267 693 5322 habet.
724 5269 824 5323 Sed
839 5269 1079 5322 admouet
1100 5283 1192 5323 nos
1216 5271 1420 5322 stibadii
1446 5286 1589 5324 men-

85 5331 142 5406 t_io
177 5335 404 5406 et_ortio
447 5337 888 5401 accumbentium,
943 5347 998 5388 ut
1039 5339 1104 5389 de
1143 5340 1331 5390 Christi
1387 5355 1591 5406 quoque

84 5399 263 5474 Domitii
289 5418 537 5472 suprema
560 5419 705 5460 caena
732 5399 1076 5472 disquiramus
1100 5411 1140 5471 ‘,
1168 5423 1318 5474 quam
1353 5399 1593 5463 in‘stiba-

83 5469 156 5522 diu
179 5469 373 5526 itidem'
394 5483 563 5546 strato
608 5469 917 5529 celebratam
964 5469 1282 5529 constat'e‘ni
1322 5477 1589 5546 στιϐάδος,

130 5559 148 5582 ⁸
173 5559 289 5623 Sunt
307 5568 359 5610 et
378 5561 488 5610 dum
511 5564 558 5609 in
582 5565 795 5611 eamdem
821 5577 922 5613 rem
947 5564 1156 5623 ep'stolm
1200 5567 1432 5616 Sirmontii
1451 5570 1592 5621 Jose-

83 5619 161 5677 pho
179 5620 331 5689 Mat-ite
353 5623 578 5689 Suae-5:9
605 5625 839 5689 inscriptae
864 5638 874 5671 :
907 5619 1188 5689 exétautqne
1213 5632 1333 5675 inter
1357 5642 1462 5689 Opp.
1489 5619 1588 5681 Sili-

81 5683 301 5734 montliana
339 5691 454 5734 tom.
498 5681 577 5741 iV,
606 5697 708 5744 pag.
747 5681 839 5735 ὒόό
874 5695 992 5743 seqq
1016 5720 1029 5743 ,
1073 5681 1152 5734 ubi
1193 5681 1584 5748 quoque'L‘mua)

1728 1942 1849 2010 quiti
1881 1941 2130 1998 faciemus
2160 1943 2264 2009 his,
2303 1945 2490 2013 inquit,
2522 1945 2610 2013 qui
2632 1951 2680 1998 te
2709 1945 3003 2000 lacessunt?
3033 1947 3094 2001 Et
3132 1961 3259 2015 ego:

1729 2030 1972 2099 Quisquis
2000 2039 2084 2086 est
2108 2030 2228 2098 iste,
2256 2032 2467 2088 domine
2511 2033 2796 2102 imperator
2818 2075 2831 2100 ,
2871 2036 3071 2102 publice
3110 2050 3260 2089 accu-

1728 2127 1831 2173 set.
1860 2121 1914 2175 Si
1938 2120 2318 2191 redarguimur,
2344 2123 2520 2178 debita
2549 2123 2752 2178 luamus
2793 2124 3042 2193 supplicia
3078 2125 3262 2180 convi-

1727 2209 1837 2262 cti:
1868 2217 2117 2264 czeterum
2149 2211 2354 2280 objecta
2385 2213 2428 2266 si
2454 2227 2558 2267 non
2586 2212 3001 2280 improbabiliter
3024 2228 3261 2269 cassave-

1727 2297 1913 2362 rimus,
1939 2311 2041 2353 oro
2069 2290 2356 2353 utindultu
2399 2302 2690 2357 clementia:
2731 2311 2852 2366 tuae,
2902 2311 3087 2371 praeter
3129 2303 3260 2372 juris

1727 2387 1992 2456 injuriam,
2025 2389 2076 2443 in
2102 2399 2457 2446 accusatorem
2499 2406 2670 2446 meum
2715 2407 2830 2458 qua:
2853 2393 2971 2446 volo
3014 2393 3258 2448 scribam.

1726 2478 1808 2533 Ad
1832 2479 1932 2534 hoc
1956 2479 2068 2548 ipse
2097 2479 2360 2534 Paeonium
2379 2480 2730 2548 conspicatus,
2755 2492 2877 2535 nutu
2892 2483 3048 2549 coepit
3074 2496 3258 2537 censu.

1725 2568 1836 2624 lere
1865 2576 2157 2636 nutantem,
2211 2570 2534 2638 placeretne
2587 2566 2837 2625 conditio.
2892 2571 2993 2628 Sed
3023 2586 3142 2625 cum
3171 2572 3259 2625 ille

1723 2656 1970 2712 confusus
2012 2658 2322 2722 reticuisset,
2355 2659 2700 2734 princepsque
2738 2660 3032 2715 consuleret
3069 2659 3258 2715 erube-

1724 2748 1912 2814 scenti,
1944 2747 2032 2813 ait,
2063 2748 2249 2803 Annuo
2276 2748 2566 2817 postulatis,
2596 2749 2639 2803 si
2666 2749 2765 2804 hoc
2795 2750 2959 2820 ipsum
2985 2765 3016 2806 e
3036 2750 3254 2819 vestigio
3292 2753 3294 2757 '

1727 2877 2047 2949 u_t_loqultur
2071 2878 2481 2949 Chrysostomus
2505 2881 2720 2934 h-»miiia
2748 2882 2816 2933 27
2841 2882 2891 2934 in
2923 2880 2942 2934 ι
2974 2880 3038 2935 ad
3069 2881 3254 2935 Corin-

1729 2947 1904 3010 thios;
1932 2949 2042 3000 sive
2069 2947 2119 3000 in
2165 2947 2386 3014 lectulo,
2417 2957 2472 3002 ut
2526 2949 2874 3003 Tertullianus
2917 2950 2981 3002 de
3025 2949 3250 3004 Corona.

1725 3016 2021 3083 Agnoscam.
2051 3015 2231 3083 inquit,
2256 3031 2447 3069 necesse
2469 3027 2538 3070 est
2562 3028 2606 3068 et
2627 3019 2979 3070 recumbentem
3003 3017 3053 3070 in
3078 3019 3252 3071 lectulo

1725 3082 1994 3136 Christum.
2021 3082 2339 3138 Recubuisse
2363 3087 2533 3138 autem
2562 3085 2611 3138 in
2643 3099 2702 3139 ea
2731 3085 3018 3150 Christum,
3048 3102 3152 3140 non
3200 3088 3252 3141 in

1723 3150 2232 3227 me_dio_stipa_ntibus
2273 3154 2432 3207 latera
2474 3153 2592 3207 hinc
2621 3154 3032 3227 indeapostolis,
3071 3165 3128 3209 ut
3163 3171 3283 3227 no-_

1723 3225 1815 3272 stri
1832 3220 1986 3291 vulgo
2012 3223 2238 3291 pictores
2263 3233 2658 3287 repraesentant,
2674 3225 2763 3276 sed
2789 3226 2973 3277 dextro
2994 3224 3043 3277 in
3066 3238 3249 3291 cornu,

1641 3276 1686 3337 C
1715 3302 1818 3353 quo
1837 3276 1953 3359 loco
1975 3276 2274 3359 Maximum,
2299 3276 2738 3359 ilajorianumque
2753 3276 3250 3359 jacentes’vidimus:

1692 3362 1826 3420 ,tum
1881 3356 1981 3426 alia
2024 3357 2074 3408 iu
2126 3356 2270 3408 libris
2318 3358 2610 3426 tabulisque
2655 3356 2883 3426 ﬁan'iquis
2927 3362 3243 3414 monimenta

1713 3422 2012 3496 ostendunt,
2048 3432 2155 3496 tum
2195 3425 2450 3496 t_n_usivum
2489 3427 2675 3496 Capua:
2711 3422 2860 3496 opus,
2909 3426 3013 3496 24
3051 3441 3078 3479 a
3110 3427 3248 3480 desi-

1712 3490 1859 3561 derio
1881 3491 2150 3561 Casinensi
2173 3492 2377 3561 abbate,
2408 3496 2493 3561 qui
2521 3494 2692 3547 Victor
2722 3490 2761 3546 ll
2797 3490 3131 3561 postea-fuit,
3159 3496 3244 3549 deo

1711 3558 2096 3631 dicatum.Qua2
2108 3560 2314 3629 quidem
2337 3563 2379 3614 si
2407 3558 2471 3614 ad
2495 3577 2668 3616 veram
2694 3558 2967 3631 imaginem
2997 3577 3244 3631 expressa

1711 3637 1830 3700 sunt
1856 3627 1980 3700 (nec
2007 3627 2153 3700 certe
2171 3639 2386 3698 apparet
2413 3645 2507 3685 cur
2535 3632 2697 3686 videri
2727 3627 2829 3685 non
2855 3627 3088 3700 debeat),
3108 3632 3244 3686 haud

1711 3697 1921 3751 difficile
1951 3697 2104 3768 fuerit
2143 3697 2434 3768 intelligere
2462 3715 2555 3752 cur
2602 3710 2692 3753 aut
2733 3700 2982 3765 Joannee,
3023 3697 3110 3768 qui
3153 3716 3245 3768 per

1711 3775 1918 3836 reiatem
1951 3766 2169 3819 fortasse
2217 3767 2431 3821 ultimus
2474 3779 2604 3830 erat,
2642 3768 2850 3823 Chri~to
2887 3766 3165 3836 proximus
3189 3773 3240 3822 in

1709 3834 1823 3904 ejus
1850 3835 1965 3904 sinu
2013 3836 2330 3904 accubuerit,
2380 3845 2466 3888 aut
2503 3836 2706 3903 Pelius,
2759 3836 2846 3904 qui
2888 3834 3136 3891 remotior
3166 3839 3245 3890 in-

1708 3903 1882 3954 nuisse
1910 3902 2092 3955 Joanni
2124 3902 2327 3956 dicatur
2358 3914 2411 3956 ut
2449 3904 2708 3958 Christum
2745 3902 2811 3960 de
2854 3906 3120 3974 proditore
3163 3907 3242 3959 in-

1710 3976 2012 4032 terrogaret.

1776 4043 1801 4070 ⁸
1833 4036 2327 4090 Exercitatissimus.
2359 4037 2524 4104 Supra
2575 4037 2638 4090 de
2665 4039 2868 4101 eodem,
2903 4040 3047 4091 homo
3075 4040 3238 4093 litium

1707 4109 2073 4169 temporumque
2094 4106 2408 4157 varietatibus
2433 4106 2742 4157 exercitatus.
2771 4105 2876 4159 Vox
2906 4108 3101 4161 Graeca:
3127 4109 3236 4162 ori-

1703 4170 1845 4245 ginis.
1865 4170 2003 4245 abeo
2024 4172 2158 4245 quod
2179 4182 2258 4226 est
2285 4175 2488 4245 τρὶϐαξς
2514 4189 2608 4239 qua
2636 4176 2832 4226 ratione
2855 4175 3234 4245 Demosthenes

1705 4238 2004 4315 1"Eschinem
2035 4238 2337 4310 περίτρεμμὰ
2375 4251 2461 4315 τῆς
2492 4238 2675 4315 ὰῄεράς
2705 4243 3017 4315 appellavit,
3057 4246 3143 4311 (jui
3184 4245 3235 4297 in

1705 4307 1816 4377 foro
1845 4319 2079 4362 versatus
2100 4307 2303 4377 usuque
2334 4310 2480 4363 tritus
2513 4307 2668 4364 esset.
2695 4307 2806 4377 Quo
2835 4327 2994 4368 sensu
3021 4307 3232 4368 et'itlar-

1703 4375 1840 4430 tialis
1864 4377 1954 4430 lib.
1991 4392 2061 4430 \‘ll
2089 4377 2155 4432 de
2177 4375 2422 4446 Pompeio
2450 4379 2597 4434 Avito
2625 4397 2634 4432 :

1819 4483 1934 4534 Jure
1959 4486 2168 4546 madens,
2197 4489 2421 4548 varioque
2441 4492 2568 4549 togae
2590 4487 2777 4538 limatus
2799 4491 2844 4536 in
2869 4503 2974 4538 usu.

1629 4609 1678 4669 1)
1705 4602 1881 4677 Neque
1905 4604 2001 4677 alia
2030 4612 2107 4658 est
2137 4606 2278 4677 notio
2306 4613 2390 4677 τᾳῦ
2424 4606 2697 4677 trebaciter
2726 4607 2816 4660 lib.
2858 4623 2929 4670 rx,
2955 4609 3109 4674 epist.
3139 4610 3224 4677 ii,

1702 4673 1854 4743 motui
1883 4676 2082 4743 factum
2138 4674 2358 4743 conﬁteri
2402 4671 2727 4738 simpliciter,
2768 4691 2916 4743 quant
2970 4671 3228 4732 trebaciter

1701 4740 1914 4815 difﬁteri.
1946 4739 2162 4815 ltoc_est_
2183 4740 2367 4815 callide
2397 4749 2449 4815 et
2486 4751 2673 4815 astute.
2713 4739 2921 4813 Ut'ergo
2950 4745 3116 4815 legula
3139 4761 3227 4802 su-

1700 4806 1876 4882 perius
1913 4821 2004 4882 pro
2042 4806 2216 4882 ligula,
2247 4809 2326 4882 sic
2350 4810 2737 4882 trebacissimus
2771 4806 2920 4882 nunc
2968 4806 3089 4868 item
3135 4831 3228 4882 pro

1698 4874 2111 4953 tribacissimus;
2159 4875 2326 4932 facilis
2369 4879 2507 4932 enim
2554 4880 2732 4934 barum
2770 4881 3062 4937 litterarum
3107 4874 3228 4950 per-

1696 4951 1929 4995 mutatio.

1767 5007 1794 5083 ξ’
1824 5009 2063 5083 Bellexa.
2101 5013 2405 5069 Ambrosius
2431 5015 2481 5068 in
2507 5016 2695 5069 Lucam
2747 5030 2860 5083 cap.
2894 5033 3012 5072 xvt:
3046 5018 3226 5070 Nonne

1692 5075 1778 5128 tibi
1801 5077 1988 5149 videtur
2006 5080 2250 5134 Christum
2269 5085 2496 5138 cecidisse
2510 5086 2561 5136 in
2585 5086 2762 5136 collum
2781 5075 3006 5149 Joannis,
3026 5087 3226 5149 quando

1694 5105 1775 5128 "ut
1801 5105 1987 5132 υιιισιιιϊ
2006 5105 2250 5134 uurutum
2269 5105 2496 5138 σιλειίιιαϐ
2510 5105 2561 5136 ιη
2585 5105 2762 5136 cauum
2781 5105 3006 5149 Joannis,
3063 5105 3191 5137 uana

1694 5154 1798 5197 erat
1827 5145 2045 5219 {cannea
2072 5151 2122 5202 in
2153 5156 2264 5204 sinu
2292 5150 2414 5204 Jesu
2443 5154 2624 5204 cervice
2659 5155 2941 5206 recumbens
2967 5105 3146 5219 regem
3169 5154 3193 5204 ?

1770 5223 1790 5251 ε
1826 5214 1901 5269 Ex
1927 5232 1989 5270 eo
2014 5233 2212 5289 genere
2234 5220 2502 5280 comitum,
2528 5230 2581 5272 ut
2609 5221 2813 5286 opinor,
2847 5224 2928 5289 qui
2962 5214 3222 5273 honorarit

1697 5289 1894 5356 tantum
1923 5295 1974 5339 et
2018 5288 2131 5356 sine
2153 5286 2598 5356 administratione
2636 5286 2872 5356 fuerunt,
2897 5289 3221 5342 Censtantini

1694 5351 1826 5472 mg.
1862 5364 2035 5408 vetere
2064 5355 2322 5422 instituto,
2347 5366 2399 5409 ut
2425 5357 2579 5412 docet
2606 5351 2859 5412 Eusebius
2885 5358 2936 5410 in
2969 5356 3081 5408 Vita
3110 5357 3222 5425 ejus

1717 5436 1728 5469 l
1772 5457 1785 5469 .
1817 5435 1884 5470 ιν.

1717 5435 1785 5470 ιυ.
1817 5435 1884 5470 ιν.

1765 5487 1789 5522 ει
1822 5487 1875 5539 in
1905 5502 2031 5554 tns.,
2052 5490 2324 5546 subridens.

1697 5578 1894 5637 Domini,
1925 5595 2011 5629 nec
2035 5594 2124 5629 non
2147 5584 2343 5646 convivii
2371 5581 2491 5646 apud
2517 5579 3099 5646 Simeonemi‘barismum
3124 5585 3220 5646 iypi

1691 5649 1978 5744 ﬁentparent,
2023 5656 2141 5703 quos
2162 5645 2207 5690 in
2250 5640 2410 5702 ipsius
2440 5640 2671 5691 Sirmoudi
2714 5640 2900 5688 scriniis
2937 5643 3116 5700 reperit
3147 5640 3218 5691 rei.

1731 5711 1909 5748 auarus.

1828 5727 1909 5747 tua.
