3812 6226
59 349 124 400 li'l
547 339 554 344 ’
1195 343 1654 401 EPISTOLARUM
1691 345 1814 400 LIB.
1857 348 1915 400 ll.

3040 352 3140 406 478

55 457 304 530 μωροηιωε
339 469 452 510 meo
490 453 630 509 mihi
663 453 778 524 jure
823 455 1151 510 vocitabitur.
1193 455 1316 512 llmc
1344 467 1515 512 tamen
1543 463 1586 518 A
1618 459 1934 514 blaterantes
1958 500 1973 524 ,
2021 474 2214 530 cycnos
2258 469 2413 531 atque
2449 475 2662 518 anseres
2694 461 2944 518 concubia
2992 476 3145 522 nocte

55 546 196 615 aliquid
218 546 370 614 spatio
404 558 502 599 suo
528 544 584 598 in
615 545 806 599 extimo
831 543 1184 598 deambulacri
1222 546 1394 612 capite
1417 545 1513 599 dc-

54 639 230 702 trudans,
255 633 402 689 efficit
425 632 726 687 membrum
753 631 883 687 bene
902 631 1170 700 frigidum,
1199 632 1284 686 ubi
1309 633 1515 700 publico

59 727 311 783 lectisternio
333 726 607 780 exstructo
633 763 650 791 ,
677 711 981 779 clientarum
1009 722 1118 777 sive
1147 723 1404 777 nutricum
1433 723 1512 778 lo-

49 817 326 887 quacisSimus
367 814 565 869 chorus
595 812 826 880 receptui
853 798 1016 874 canit,
1045 825 1162 865 cum
1190 824 1286 879 ego
1309 810 1514 877 meique

49 909 341 962 dormitorium
364 904 665 958 cubiculum
699 890 1022 970 petierimus?
1060 903 1101 955 Α
1125 901 1510 969 cryptoporticu

48 1002 82 1053 in
105 997 288 1053 hiemale
315 995 601 1050 triclinium
631 994 857 1057 venitur,
880 992 1016 1061 quod
1043 989 1282 1044 arcuatili
1308 990 1512 1044 camino

45 1101 146 1153 sape
162 1086 281 1154 ignis
305 1084 566 1138 animatus
593 1082 731 1150 pulla
770 1080 986 1150 fuligine
1025 1079 1225 1134 infecit.
1257 1078 1360 1134 Sed
1389 1077 1511 1146 quid

46 1177 124 1230 hac
143 1174 236 1237 tibi,
262 1187 407 1241 quem
445 1185 588 1224 nunc
618 1171 683 1223 ad
714 1169 885 1224 focum
911 1168 1123 1222 minime
1155 1165 1354 1220 invito?
1388 1166 1510 1232 quin

43 1264 168 1328 potius
187 1260 243 1314 ad
278 1269 344 1324 te,
376 1269 690 1328 tempusque
718 1257 1026 1326 pertinentia
1059 1256 1262 1323 loquar.
1302 1252 1380 1307 Ex
1413 1253 1511 1307 hoc

43 1349 214 1403 triclinio
258 1348 313 1402 fit
375 1351 425 1400 in
487 1348 701 1400 diaetam
753 1345 860 1414 33
912 1345 1022 1398 sive
1075 1342 1509 1397 caenatiunculam

41 1443 265 1500 transitus,
303 1436 382 1490 cui
427 1437 556 1488 fere
584 1443 722 1487 totus
761 1435 934 1496 lacus,
973 1444 1192 1496 qumque
1220 1438 1327 1482 tota
1375 1426 1509 1481 laeui

42 1533 159 1586 patet.
188 1525 234 1576 In
260 1522 352 1577 hac
370 1522 678 1583 stibadium,
705 1530 757 1575 et
777 1521 945 1577 nitens
966 1519 1183 1571 abacus:
1212 1516 1265 1569 in
1290 1529 1506 1583 quorum

41 1628 195 1678 aream,
228 1613 331 1666 sive
370 1621 699 1679 suggestum,
729 1622 757 1660 a
795 1608 1024 1674 subjecta
1065 1606 1264 1673 porticu
1291 1604 1505 1668 sensim,

40 1717 110 1754 non
129 1701 348 1755 breviatis
367 1699 764 1767 angustatisque
784 1696 1029 1765 gradibus
1055 1692 1371 1747 ascenditur.
1395 1692 1508 1757 Quo

1615 548 1934 616 clangentes,
1984 550 2294 617 intempesta
2323 552 2489 620 gallos
2517 552 2828 619 gallinaceos
2855 553 3140 608 concinen-

1617 648 1715 703 tes,
1737 639 1843 709 39
1868 640 2070 694 oscines
2092 655 2282 694 corvos
2303 655 2429 695 voce
2457 642 2708 709 triplicata
2730 645 3001 710 puniceam
3027 658 3141 698 sur-

1611 732 1782 796 gentis
1820 743 2020 782 aurorae
2073 728 2239 783 facem
2288 727 2714 796 consalutantes;
2753 732 2984 787 diluculo
3019 744 3143 790 ante

1612 814 1944 884 philomelam
1992 817 2125 871 inter
2174 816 2386 872 frutices
2432 818 2762 885 sibilantem,
2812 820 2837 858 δ
2886 835 3136 889 prognem

1612 905 1747 958 inter
1765 919 1969 959 asseres
1998 907 2364 960 minurientem
2387 909 2410 960 ἲ
2433 907 2526 962 Cui
2553 911 2824 963 concentui
2848 911 3022 965 licebit
3049 913 3135 966 ad-

1607 990 1792 1059 jungas
1815 993 1998 1048 fistula:
2015 994 2278 1062 septiforis
2298 997 2633 1051 armentalem
2653 996 2961 1064 cam'oanam,
2980 1015 3132 1068 quant

1611 1095 1748 1150 sarpe
1794 1083 2056 1138 nocturnis
2104 1085 2393 1138 carminum
2444 1087 2821 1141 certaminibus
2872 1089 3138 1143 insomnes

1611 1181 1908 1224 nostrorum
1951 1172 2202 1226 montium
2243 1173 2409 1244 Tityri
2446 1185 2730 1240 exercent,
2778 1177 2914 1230 inter
2954 1192 3136 1246 greges

1612 1256 1944 1334 tinnibulatos
1987 1275 2080 1327 per
2105 1260 2318 1328 depasta
2348 1260 2528 1315 buceta
2566 1262 2843 1317 reboantes
2870 1281 2885 1316 :
2917 1279 3031 1332 qua:
3061 1274 3134 1318 ta-

1608 1360 1727 1398 men
1758 1349 1900 1400 varia
1936 1362 2122 1401 vocum
2149 1356 2497 1416 cantuumque
2529 1360 2550 1387 ε
2581 1350 2884 1416 certamina,
2923 1350 3132 1419 profun-

1609 1433 1724 1486 dius
1762 1435 2088 1489 confovendo
2126 1435 2301 1503 sopori
2343 1445 2429 1490 tuo
2468 1437 2920 1492 lenocinabuntur.
2963 1439 3134 1492 l’orti-

1607 1524 1754 1578 cibus
1775 1539 2000 1593 egresso,
2023 1526 2067 1578 si
2089 1536 2289 1593 portum
2318 1526 2506 1588 littoris
2530 1537 2697 1595 petas,
2716 1527 2767 1581 in
2785 1543 2904 1583 area
2926 1530 3135 1596 virenti,

1609 1617 1824 1685 vulgare
1851 1632 2162 1686 quanquam,
2189 1635 2293 1672 non
2316 1620 2496 1687 procul
2521 1636 2734 1675 nemus:
2760 1623 2992 1691 ingentes
3015 1623 3136 1678 tiliae

1608 1709 1743 1770 duae,
1769 1709 2016 1763 connexis
2046 1708 2330 1776 frondibus,
2364 1709 2627 1764 fomitibus
2656 1711 2931 1778 abjunctis,
2978 1728 3133 1768 unam

39 1791 109 1842 loci
127 1790 424 1850 recumbens,
455 1787 505 1842 si
533 1785 656 1854 quid
680 1785 813 1838 inter
833 1783 1089 1838 edendum
1117 1779 1500 1848 vacas,prospi-

1609 1799 1845 1851 umbram
1873 1812 1972 1852 non
2003 1811 2104 1850 una
2143 1799 2318 1853 radice
2349 1799 2632 1853 conficiunt
2658 1815 2672 1851 :
2719 1799 2770 1853 in
2793 1800 2940 1868 cujus
2960 1801 3129 1868 opaci-

37 1881 158 1934 (ἱεηῶ
191 1879 548 1948 voluptatibus
589 1877 882 1946 occuparis.
931 1875 1045 1930 Jam
1092 1875 1136 1929 si
1176 1874 1267 1929 tibi
1311 1889 1375 1927 ex
1417 1874 1507 1926 illo

36 1957 482 2021 conclamatissimo
513 1965 733 2020 fontium
763 1965 972 2018 decocta
1004 1964 1274 2028 referatur,
1305 1962 1507 2016 videbis

37 2056 70 2105 in
96 2055 306 2110 calicibus
347 2062 572 2122 repente
617 2053 842 2123 perfusis
887 2052 1132 2104 nivalium
1173 2052 1402 2104 maculas
1447 2064 1507 2103 ac

37 2145 151 2197 frusta
177 2146 507 2209 nebularum;
540 2152 591 2198 et
632 2144 772 2197 illam
813 2142 981 2196 lucem
1011 2140 1261 2194 lubricam
1299 2139 1506 2206 poculo-

37 2247 131 2296 tam,
148 2234 345 2300 quadam
372 2233 528 2301 quasi
556 2229 869 2300 pinguedine
895 2229 1048 2282 subiti
1069 2228 1270 2296 algoris
1294 2227 1505 2281 hebeta-

38 2328 124 2374 tam.
147 2322 257 2376 Tum
301 2321 689 2390 respondentes
734 2318 934 2388 poculis
970 2318 1241 2386 potiones,
1284 2331 1503 2384 quarum

37 2410 207 2474 rigentes
221 2410 382 2479 cyathi
409 2410 693 2464 siticuloso
716 2408 922 2477 cuique,
955 2421 1019 2460 ne
1040 2404 1209 2459 dicam
1233 2404 1319 2458 tibi
1351 2418 1503 2471 gran-

38 2497 132 2549 diter
159 2498 423 2564 abstemio,
455 2506 834 2552 metuerentur.
861 2496 990 2550 llinc
1013 2496 1120 2564 jam
1159 2495 1418 2562 spectabis
1443 2503 1497 2545 ut

38 2598 274 2652 promoveat
308 2588 484 2643 alnum
540 2587 772 2654 piscator
820 2587 869 2639 in
907 2585 1160 2652 pelagus;
1199 2593 1254 2636 ut
1289 2584 1500 2636 stataria

37 2677 127 2727 retia
162 2676 401 2728 suberinis
448 2675 739 2730 corticibus
778 2674 1062 2737 extendat,
1102 2682 1191 2726 aut
1225 2660 1386 2741 signis
1416 2688 1506 2739 per

36 2772 132 2815 certa
155 2763 400 2819 intervalla
431 2765 706 2832 dispositis
730 2804 745 2829 ,
790 2774 983 2818 tractus
1026 2764 1222 2816 funium
1255 2765 1505 2817 librentur

37 2849 414 2911 hamatizscilicet
457 2866 517 2911 ut
560 2857 831 2911 nocturnis
872 2871 964 2924 per
1010 2858 1177 2908 lacum
1204 2854 1505 2909 excursibus

35 2944 288 3008 rapacissimi
311 2954 334 2982 ⁸
356 2947 564 2999 salares
596 2944 645 2997 in
686 2944 1096 3011 consanguineas
1137 2954 1354 3012 agantur
1380 2945 1503 2995 insi-

36 3030 126 3082 dias.
155 3032 270 3098 Quid
311 3035 452 3087 enim
505 3034 596 3086 hic
649 3033 1018 3099 congruentius
1063 3031 1326 3092 dixerim,
1382 3044 1497 3083 cum

1607 1895 1729 1953 tate,
1757 1902 1874 1941 cum
1900 1901 1983 1940 me
2009 1900 2154 1941 meus
2177 1887 2416 1941 Ecdicius
2439 1886 2686 1954 illustrat,
2716 1888 2833 1956 pila:
2857 1902 3131 1942 vacamus:

1604 1978 1696 2028 sed
1723 1974 1820 2028 hcc
1849 1988 1912 2028 eo
1935 1965 2116 2043 usque,
2142 1974 2306 2028 donec
2330 1973 2575 2028 arborum
2599 1975 2768 2042 imago
2796 1978 3134 2040 contractior,

1605 2065 1738 2117 intra
1781 2064 2001 2131 spatium
2031 2078 2297 2119 ramorum
2337 2079 2546 2118 recussa
2591 2065 2951 2128 cohibeatur;
2977 2073 3132 2132 atque

1604 2154 1709 2207 illic
1727 2155 2028 2208 aleatorium
2059 2153 2212 2207 lassis
2237 2165 2548 2224 consumpto
2578 2154 2928 2224 sphxristerio
2956 2153 3130 2207 faciat.

1603 2243 1705 2296 Sed
1735 2243 1849 2310 quia
1881 2242 1968 2296 tibi
1998 2243 2432 2297 sicut-wdificium
2455 2244 2608 2308 solvi,
2634 2245 2709 2298 sic
2739 2245 2907 2298 lacum
2939 2243 3129 2308 debeo,

1602 2333 1736 2400 quod
1768 2340 1927 2385 restat
1947 2345 2187 2399 agnosce.
2222 2331 2390 2386 Lacus
2427 2333 2480 2386 in
2522 2333 2714 2384 Eurum
2739 2333 2943 2387 deﬂuus
2971 2344 3130 2394 meat.

1603 2421 1816 2490 ejusque
1836 2422 2008 2475 arenis
2037 2420 2365 2475 fundamenta
2389 2421 2636 2490 impressa
2658 2421 2928 2487 domicilii,
2957 2425 3125 2478 ventis

1604 2510 1921 2562 motantibus
1942 2519 2172 2563 aestuans
2191 2509 2455 2564 ltumectat
2476 2510 2686 2565 alluvio.
2708 2512 2752 2563 ls
2780 2511 2985 2577 quidem
3004 2525 3131 2565 sane

1603 2600 1739 2652 circa
1772 2600 2018 2666 principia
2046 2599 2156 2664 sui,
2187 2599 2301 2652 solo
2328 2599 2545 2667 palustri
2580 2600 2934 2666 voraginosus,
2961 2608 3014 2655 et
3037 2614 3130 2654 ve-

1603 2688 1756 2756 Stigio
1787 2687 2095 2756 inspectoris
2134 2689 2393 2742 inadibilis
2420 2699 2500 2743 est
2528 2706 2540 2742 :
2584 2690 2653 2742 ita
2683 2689 2789 2741 limi
2828 2688 2987 2742 bibuli
3018 2690 3130 2756 pin-

1602 2778 1771 2846 guedo
1795 2778 2076 2843 coalescit,
2122 2778 2469 2832 ambientibus
2493 2789 2622 2832 sese
2668 2779 2895 2832 fontibus
2925 2779 3130 2847 algidis,

1604 2867 1865 2921 littoribus
1914 2868 2124 2934 algosis.
2159 2871 2400 2921 Attamen
2446 2867 2612 2935 pelagi
2659 2868 2864 2920 mobilis
2915 2881 3131 2935 campus

1600 2958 1855 3027 cymbnlis
1895 2959 1997 3011 late
2025 2966 2231 3011 secatur
2277 2957 2722 3023 pervagabilibus,
2763 2957 2807 3009 si
2852 2955 3008 3010 ﬂabra
3040 2971 3132 3024 po-

1599 3062 1771 3101 suere.
1817 3047 1872 3100 Si
1911 3046 2060 3099 turbo
2101 3045 2376 3097 Austrinus
2418 3044 2704 3106 insorduit,
2758 3044 2985 3098 immane
3023 3051 3133 3097 tur-

33 3117 144 3183 piscis
163 3120 284 3186 pisce
305 3121 570 3190 decipitur
596 3120 617 3170 τ
661 3119 908 3201 Edulibus
938 3119 1250 3184 terminatis,
1280 3120 1500 3186 excipiet

1605 3134 1763 3201 gescit
1786 3149 1799 3197 ;
1836 3134 1904 3186 ita
1934 3141 1986 3186 ut
2021 3132 2264 3185 arborum
2292 3131 2454 3183 contis
2484 3147 2599 3198 qua:
2627 3131 2844 3199 margini
2872 3131 2976 3201 40
3003 3133 3130 3186 insi-

35 3215 69 3260 te
93 3205 433 3274 diversorium,
481 3211 606 3279 quia
651 3198 859 3262 minime
905 3217 1185 3262 aestuosum
1212 3251 1226 3275 ,
1279 3210 1502 3263 maxime

33 3297 226 3353 cstivum.
251 3300 372 3356 Nam
422 3316 520 3371 per
547 3300 686 3366 hoc,
737 3301 872 3368 quod
918 3301 970 3354 in
1007 3300 1303 3369 aquilonem
1332 3302 1499 3356 solum

33 3390 218 3454 patescit,
255 3392 406 3448 habet
441 3393 586 3447 diem
609 3432 623 3455 ,
670 3406 772 3446 non
803 3392 961 3446 habet
990 3392 1153 3445 solem
1181 3432 1195 3457 ,
1226 3393 1500 3458 interiecto

32 3478 275 3534 consistorio
309 3475 663 3550 perangusto,
705 3481 790 3535 ubi
841 3481 1199 3536 somnolentis:
1236 3482 1500 3537 cubicula-

31 3564 174 3620 riorum
196 3555 502 3624 dormitandi
537 3569 711 3638 potius
739 3585 892 3638 quam
920 3569 1211 3624 dormiendi
1235 3571 1380 3626 locus
1400 3581 1496 3626 est.

32 3650 98 3707 llic
130 3655 218 3724 jam
249 3673 400 3729 quam
425 3662 626 3728 volupe
656 3669 735 3714 est
762 3660 973 3713 auribus
1009 3662 1253 3716 insonare
1296 3665 1500 3718 cicadas

31 3745 191 3804 meridie
209 3759 589 3821 concrepantes
607 3790 621 3816 ,
649 3763 801 3805 ranas
828 3752 1133 3818 crepusculo
1167 3753 1500 3813 incumbente

32 3914 138 3978 llum
162 3920 218 3960 ex
247 3907 356 3972 eius
375 3909 592 3978 scrinio
617 3909 1025 3978 deprompserat.
1071 3909 1196 3978 Nam
1229 3910 1361 3978 apud
1392 3908 1498 3960 Pli-

31 3976 130 4042 lfilm
150 3987 333 4042 quoque
373 3977 759 4042 hippodromus
789 3977 960 4041 inepte
1000 3976 1186 4040 legitur
1214 3991 1305 4041 pro
1337 3977 1496 4042 hypo-

31 4035 180 4093 dromo'.
199 4035 277 4096 Sit:
299 4035 454 4109 igitur
470 4035 701 4095 habent.
726 4035 1265 4107 lianc-dispoﬁtt‘one'm
1294 4035 1495 4094 αηιὶῑῖηὶ-

32 4113 212 4189 ιειξβᾳιω
227 4115 462 4189 trrtorunt
485 4111 638 4189 longe
659 4111 850 4189 lateque
872 4110 1103 4189 prrr'cedit
1130 4110 1488 4189 hypodromus.

33 4167 176 4247 llediis
205 4179 430 4247 patescit,
461 4167 732 4243 statimque
759 4167 1053 4247 intrantium,
1072 4167 1228 4230 oculis
1259 4188 1385 4231 totus
1416 4181 1492 4247 of-

29 4235 156 4318 [θεων.
197 4235 426 4299 Platonis
460 4235 723 4318 rcircuit'ur
759 4262 776 4298 :
822 4246 926 4318 illo:
955 4245 1141 4318 _Ited_era
1170 4235 1491 4318 vestiuntur,

31 4314 150 4383 girls:
169 4326 358 4366 autumo:
382 4317 492 4367 suis
518 4353 534 4378 ,
587 4317 656 4365 ita
684 4315 795 4367 imre
815 4314 991 4367 alienis
1031 4315 1288 4383 frondibus
1318 4317 1492 4369 virent.

31 4369 178 4452 fidem
193 4388 411 4435 truncum
432 4392 485 4452 et
503 4369 675 4452 ramos
705 4393 940 4452 pererrat,
963 4369 1242 4452 vicinasque
1270 4386 1495 4450 platanos

29 4446 199 4522 {facile
219 4464 302 4501 suo
335 4451 566 4522 reputat.
599 4446 713 4503 llas
735 4451 890 4504 buxus
916 4446 1168 4522 interjacct
1193 4469 1210 4505 :
1236 4446 1496 4506 exteriores

29 4509 140 4587 θυτρι
159 4509 458 4587 circumuenit
489 4521 689 4582 laurus,
712 4524 990 4587 amenaque
1015 4509 1331 4586 platanorum
1358 4539 1496 4575 suam

30 4579 180 4657 εηπίςτι.
197 4584 376 4657 βίαια
401 4589 482 4642 hic
514 4579 813 4656 hypodromt‘
836 4579 993 4641 lintea.
1015 4579 1081 4641 Ὶη
1109 4601 1329 4642 extrema
1360 4603 1498 4657 parte

31 4641 233 4726 μενῶ
269 4641 830 4726 Ῑζαηῴιὶινίὼᾱαῑᾳαε
858 4658 1034 4724 {aciem
1065 4674 1081 4710 .'
1118 4641 1370 4724 cupressis,
1393 4641 1493 4709 am;

29 4709 122 4793 ξίεαζ
140 4709 183 4793 ξι
216 4709 405 4792 tegitur:
448 4709 689 4793 densiore
724 4709 893 4777 u'mbr'a
940 4709 1142 4793 opacior
1187 4709 1492 4790 nigriorque.

31 4779 88 4866 at
107 4779 358 4866 hujusrnodi
389 4779 670 4866 'p_ort'icu_m
699 4793 845 4847 Plato
872 4779 1172 4866 κᾳτξὶστεγον
1200 4779 1495 4866 δρ’όμρνἰιῖ-

31 4816 82 4834 ιιι-
107 4816 358 4854 ιιυμιθιηυυι
398 4816 670 4859 μοι-ιιυυω
699 4816 845 4847 τιδιυ
872 4816 1086 4847 καταστε
1125 4816 1172 4846 ον
1203 4816 1380 4866 ορομον
1419 4816 1494 4845 υΙσ

29 4859 114 4904 τετε
132 4856 309 4928 videtur
336 4861 386 4913 in
412 4860 772 4928 Euthydemo,
802 4863 1063 4915 ε⁷σελῡόντε
1198 4864 1380 4927 inquit,
1408 4882 1494 4914 πε-

29 4927 250 5003 ξξπξτιὶτην
270 4927 666 5003 fragrant-Evr,»
702 4929 885 5003 δρόμῳ.
905 4931 1078 5003 _Porro
1103 4938 1271 5003 autem
1302 4940 1358 5003 ut
1383 4930 1498 5003 hip-

31 4986 247 5064 Mromns
270 4995 319 5049 in
340 4997 421 5050 his
454 4986 1086 5064 locis'pro'hvpodromo,
1117 4999 1192 5048 sic
1225 4997 1359 5061 apud
1392 4986 1495 5048 Pli-

33 5060 131 5131 ξξυᾳι
152 5060 346 5117 alterum
375 5066 466 5119 lib.
501 5081 559 5128 ν,
592 5060 708 5131 cap.
734 5060 833 5124 39,-
853 5060 1332 5131 Ηὶρρὶιιρηιοηδίοῑ
1358 5066 1491 5126 apud

74 5122 296 5200 {thoracum
318 5133 370 5185 in
389 5122 753 5199 descriptione
769 5122 1487 5200 Bithynizejtrrmorfroriapég,

35 5181 376 5271 omnia;
392 5181 1219 5271 senessithpaginas:
1236 5181 1306 5271 nt;
1325 5181 1489 5250 plus;

31 5265 258 5338 Elimjrbe
281 5265 457 5338 agunt.
493 5266 826 5338 qu:e_duplex
849 5275 965 5338 erat
996 5265 1044 5338 i_n
1076 5265 1307 5338 Bithynia
1336 5281 1350 5325 ;
1393 5282 1490 5338 una

33 5321 101 5400 ξιξ)
124 5321 552 5400 Olympovmonte,
593 5321 758 5385 altera
798 5333 862 5383 ad
900 5332 1116 5400 llypium
1147 5321 1374 5384 fluvium.
1406 5334 1492 5387 Sic

35 5397 131 5444 tum
156 5397 466 5458 scribendum
507 5397 612 5455 hoc
653 5403 847 5452 nomen
875 5397 1021 5452 docet
1060 5400 1327 5464 inscriptio
1351 5410 1492 5454 vete-

37 5465 114 5509 Νω
132 5473 427 5523 nummorum
458 5473 522 5524 L.
548 5468 670 5522 Veri
693 5477 747 5520 et
769 5467 1152 5519 Diadumeniani
1180 5479 1493 5524 nt‘orxltstm

35 5529 294 5607 9302mm.
331 5547 390 5590 et
411 5549 568 5591 vetns
597 5549 808 5602 quoque
835 5534 1167 5607 lapis‘Romm
1200 5536 1250 5587 in
1283 5553 1383 5605 quo
1415 5541 1490 5588 «li-

36 5599 288 5664 ﬂingunntnr
305 5599 634 5662 Προιτίδωνιὶ
657 5599 771 5654 auo
793 5599 1087 5666 OATMllOi‘,
1112 5613 1160 5658 ct
1191 5599 1488 5659 nro'rsasts

1520 4344 1568 4403 D

1601 3229 1778 3287 stunt,
1831 3220 2134 3286 superjecta:
2179 3220 2462 3288 asperginis
2511 3219 2683 3288 frt-gor
2730 3221 2963 3288 impluat.
3017 3221 3142 3289 Ipse

1601 3324 1771 3364 au'em
1815 3311 2096 3364 secundum
2141 3324 2412 3363 mensuras
2449 3324 2575 3376 quas
2601 3310 2772 3364 ferunt
2798 3312 3049 3374 nauticas,
3079 3312 3127 3362 in

1601 3401 1777 3454 drcem
1816 3411 1864 3452 et
1895 3408 2092 3466 septem
2135 3399 2295 3451 stadia
2337 3399 2589 3465 procedit.
2641 3397 2823 3451 Fluvio
2871 3399 3126 3463 intratur,

1601 3491 1688 3558 qui
1733 3490 2027 3543 salebratim
2063 3504 2304 3544 saxorum
2343 3488 2576 3542 obicibus
2615 3489 2855 3543 affractus
2883 3502 3131 3556 Spumoso

1601 3579 1831 3632 sanescit
1853 3579 2094 3646 impulsu,
2119 3589 2170 3632 et
2198 3592 2292 3631 nec
2309 3579 2514 3646 longum
2537 3577 2762 3644 scopulis
2784 3577 3130 3645 praecipitibus

1601 3675 1895 3734 exemptus,
1927 3667 2039 3720 lacu
2068 3668 2345 3720 conditur:
2384 3680 2536 3735 quem
2569 3666 2674 3719 fors
2707 3665 2832 3730 fuat,
2864 3679 2927 3718 an
2959 3667 3134 3718 incur-

1602 3764 1701 3821 rat,
1735 3770 1799 3808 an
1829 3754 1997 3822 faciat,
2037 3757 2264 3824 prmtcrit
2290 3765 2459 3821 (crto,
2493 3765 2701 3831 coactus
2730 3769 2821 3824 per
2853 3755 2964 3809 cola
3002 3757 3131 3810 sub-

1597 3922 1712 3966 ΔΠΟ
1735 3921 1929 3966 ΥΠῐΟΥ.

1667 3988 1690 4013 α
1722 3979 1884 4046 Hujus
1914 3979 2068 4045 piscis
2091 3980 2324 4034 meminit
2351 3979 2610 4034 Ausonius
2642 3982 2691 4033 in
2724 3981 2972 4035 Mosella:

1715 4073 2068 4134 Purpurcisque
2090 4073 2209 4122 salar
2239 4068 2487 4122 distinctus
2507 4078 2697 4134 tergora
2721 4067 2884 4135 guttis.

1596 4173 1709 4237 Quo
1732 4175 1924 4228 indicio
1950 4188 2322 4244 purpurearum
2353 4183 2613 4244 notarum.
2639 4185 2690 4227 ct
2717 4177 2832 4244 quia
2862 4192 2922 4230 ex
2955 4180 3134 4234 salare

1598 4243 1880 4306 farionem,
1912 4259 1972 4296 ex
2011 4244 2208 4295 farione
2243 4243 2528 4295 salmonem
2570 4243 2678 4294 fieri
2717 4245 2897 4308 ducet,
2926 4247 3127 4302 salares

1601 4319 1792 4366 tructas
1818 4327 1933 4365 esse
1961 4311 2102 4363 multi
2131 4311 2439 4377 conjiciunt,
2473 4326 2572 4378 quo
2606 4312 2904 4365 salmonatre
2929 4330 3121 4367 vocau-

1598 4388 1699 4440 tur,
1729 4384 1830 4450 29
1857 4378 1905 4433 et
1941 4382 1989 4433 in
2019 4382 2302 4434 salmonem
2335 4382 2552 4434 transire
2580 4381 2879 4450 creduntur.
2925 4382 3118 4439 Alanus

1597 4451 1661 4501 ab
1708 4446 1894 4503 lusulis
1939 4450 2001 4501 de
2050 4450 2255 4514 planctu
2301 4459 2530 4500 naturae:
2583 4446 2698 4499 Illic
2736 4452 2946 4500 tructufa
2984 4453 3124 4507 sinus

1595 4521 1811 4569 marinas
1853 4518 2130 4583 ingrediens
2159 4518 2210 4567 in
2239 4531 2432 4586 azquore
2476 4516 2723 4584 baptizata
2763 4519 2997 4573 sulmonis
3032 4541 3120 4575 no-

1596 4588 1726 4638 mine
1751 4587 2050 4638 censebatur.

1627 4684 1638 4688 —
1667 4653 1691 4690 δ
1714 4656 1994 4706 Minuriunt
2021 4651 2320 4704 hirundines
2343 4650 2577 4715 Sidonio,
2607 4654 2884 4719 Spartiano
2913 4655 2962 4708 in
2991 4658 3115 4711 Geta

1596 4724 1880 4789 palumbes.
1910 4721 2051 4773 Scite
2089 4729 2397 4783 utrumque:
2430 4734 2544 4773 nam
2570 4724 2838 4775 minuritio
2871 4736 2921 4775 et
2953 4728 3121 4778 mino-

1594 4808 1708 4845 rum
1743 4790 1909 4840 avinm
1952 4799 2156 4859 cantum
2201 4802 2410 4859 omnem
2451 4792 2738 4856 significat,
2780 4802 2831 4844 ct
2859 4792 3118 4859 flebilem,

1594 4860 1761 4926 qualis
1785 4867 1862 4909 est
1890 4857 2108 4922 gemitus
2137 4855 2470 4922 palumbium.
2503 4859 2571 4910 ita
2604 4863 2926 4926 grammatici
2953 4855 3120 4918 Grzeci

1592 4929 1928 5004 ιέςδυρὶζεινρχ
1938 4935 2132 5004 pprimit
2151 4927 2205 4977 τὸ
2221 4929 2378 5004 ἡρέμα
2403 4931 2486 4979 καὶ
2499 4930 2675 5004 una?
2695 4928 2847 5004 ᾅδειν)
2863 4931 2891 4988 ἦ
2911 4934 3116 5004 Ορηνεῐν.

1593 4989 1774 5048 Cice'ro
1804 5009 1817 5044 ι
1846 4992 1909 5044 de
1943 4993 2197 5067 oratore:
2246 4989 2358 5067 Hoc
2384 5011 2493 5058 nos,
2525 4989 2714 5067 inquit,
2742 5001 2783 5051 si
2812 4989 2972 5067 facere
3000 5003 3117 5051 ueli-

1593 5079 1719 5124 mus,
1749 5069 1860 5134 ante
1885 5062 2268 5134 condemnentur
2292 5064 2328 5115 ii
2350 5079 2557 5134 quorum
2578 5062 2750 5120 causas
2771 5062 3112 5134 receperimus,

1591 5146 1736 5194 quant
1771 5129 1912 5200 toties
1949 5131 2134 5200 quoties
2163 5133 2491 5194 prwtcribitur
2530 5152 2701 5200 pmana
2728 5146 2811 5188 aut
2841 5129 3117 5187 niinuritio-

1593 5214 1699 5248 nem
1726 5198 2029 5270 rlitarintus:
2070 5199 2170 5270 duo
2215 5215 2401 5268 genera
2444 5198 2739 5270 conjunxit,
2783 5217 2990 5270 preana,
3031 5208 3112 5268 qui

1591 5266 1942 5318 concitatioris
1972 5269 2114 5319 vocis
2139 5266 2448 5330 est'cantus,
2478 5266 2957 5328 et'minuriti'ouem,
2999 5266 3114 5332 qure

1592 5334 1920 5386 remissioris.
1957 5334 2264 5389 Plutarchus
2301 5338 2367 5390 de
2407 5341 2710 5393 discrimine
2749 5338 3030 5389 adulatoris
3061 5349 3108 5389 et

1591 5403 1740 5453 amici
1775 5418 1786 5451 :
1817 5404 1872 5454 Οἱ
1895 5405 2055 5475 πολλοὶ
2087 5406 2323 5475 βασςλέων
2345 5409 2434 5460 οὐκ
2458 5410 2742 5465 Ἀπόλλωνες
2771 5411 2854 5475 μέν
2893 5397 2947 5456 ἂν
2977 5429 3109 5475 {arvu-

1591 5429 1740 5453 auuct
1775 5441 1786 5451 .
1817 5429 1872 5454 Ut.
1895 5429 2055 5456 ποΑΑοι
2087 5429 2323 5471 paratum:
2345 5429 2434 5460 ουκ
2475 5429 2742 5465 Λπολλωνες
2771 5429 2854 5475 μεν
2893 5429 2947 5456 αν
3018 5430 3109 5458 tm)-

1591 5476 1795 5545 piafnat.
1836 5474 2050 5528 Λιὸνυσει
2093 5474 2144 5527 δὲ
2188 5470 2242 5526 ἂν
2293 5479 2626 5545 μεθυσθῶσιν,
2664 5475 2913 5545 Ἡρακλεῖς
3059 5473 3114 5527 ἆν

1592 5541 1856 5593 tralaticia.

1665 5620 1684 5642 ο
1718 5609 1769 5660 ln
1799 5609 2052 5669 aliquibus
2073 5611 2235 5676 libris,
2262 5613 2613 5664 nwdulamina.
