3812 6226
1157 177 1618 234 EPISTOLARUM
1657 175 1782 231 LIB.
1819 176 1884 231 ll.

3008 171 3111 225 486

50 281 275 372 teri-menta
292 304 612 357 servantem,
646 290 888 359 probabat
909 296 1262 356 competenter
1280 289 1476 368 ingresf
1503 287 1670 351 Atati
1692 281 1851 354 quem
1871 283 2180 338 verecundia
2203 297 2304 337 non
2347 281 2582 348 adhibet,
2626 280 2804 337 charta
2835 283 3108 350 posuisset.

40 367 118 454 Lm
150 396 170 424 ι
204 385 359 454 quinta
415 381 731 451 digrediens.
797 376 1185 434 Prandetamus
1227 375 1480 442 breviter,

48 479 203 539 boiose,
227 471 534 527 senatorium
561 472 626 522 ad
655 483 872 531 morem,
901 481 1003 536 quo
1033 466 1244 519 insitum
1272 465 1485 520 institu-

76 577 210 626 mque,
238 559 414 613 multas
450 559 631 625 epulas
661 557 837 625 paucis
865 555 1228 624 parOpsidibus
1254 555 1444 622 apponi
1469 571 1485 608 :

49 655 208 716 nutris
229 649 512 704 convivium
543 663 634 716 per
657 647 826 702 edulia
855 660 993 701 nunc
1012 659 1148 710 assa,
1175 659 1312 698 nunc
1339 645 1488 713 juru-

62 752 133 800 tnta
156 744 371 793 varietur.
422 739 559 794 Inter
589 737 868 791 bibendum
909 735 1332 799 narratiunculas,
1355 745 1486 801 qua-

57 843 117 900 m
145 812 323 895 cognitu
383 826 728 880 hilararemur
780 825 1308 892 institueremurque,
1369 821 1488 890 quia

55 921 307 980 lbilariam
331 917 552 984 orditas,
581 915 756 970 lzetitia
777 915 1064 985 peritiaque
1084 913 1486 968 comitabantur.

48 1000 126 1072 bid
150 1007 319 1061 multa?
346 1007 559 1069 Sancte,
590 1005 827 1072 pulchre,
854 1003 1178 1056 abundanter
1202 1000 1484 1068 accipieba-

97 1113 131 1148 τ.
155 1096 257 1148 lnde
279 1101 572 1160 surgentes,
598 1091 624 1131 δ
651 1093 695 1148 si
718 1092 974 1159 Voroangi
1000 1104 1230 1154 eramus,
1259 1090 1381 1160 (hoc
1400 1087 1489 1141 uni

47 1167 176 1250 podio
189 1181 384 1252 nomen)
409 1183 473 1236 ad
501 1182 732 1235 sarcinas
759 1190 811 1236 et
838 1180 902 1233 ad
930 1180 1274 1234 diversorium
1304 1178 1489 1246 pedem

48 1273 312 1332 lien-bamus
336 1289 350 1325 :
371 1275 414 1324 si
445 1271 678 1326 Prusiani
709 1270 804 1340 (sic
834 1269 1022 1322 fundus
1049 1270 1179 1321 alter
1222 1280 1488 1334 nuncupa-

45 1357 156 1432 ilur)
178 1362 470 1416 Tonantium
501 1377 620 1414 eum
652 1360 917 1422 fratribus,
962 1357 1274 1411 lectissimos
1300 1369 1488 1423 atquae-

62 1465 163 1508 I'um
187 1451 417 1505 nobilium
446 1449 731 1518 principes,
767 1446 942 1500 stratis
981 1448 1090 1499 suis
1127 1445 1482 1514 ejicicbamus,

80 1539 217 1596 haec
242 1541 518 1620 facile‘50
542 1539 729 1592 crebro
774 1536 1021 1588 cubilium
1061 1543 1353 1588 nostrorum
1403 1535 1487 1587 in-

1583 380 1810 444 Quarum
1835 388 2042 443 quoque
2067 373 2337 441 replicatio
2357 373 2457 441 51
2483 372 2629 426 lieret
2651 386 2854 426 ammna
2877 381 3107 435 narratu,

1584 465 1686 519 nisi
1722 463 1954 533 epistolae
1977 471 2174 530 tergum
2205 461 2426 516 madidis
2467 462 2734 516 sordidare
2755 463 2968 516 calamis
2996 479 3110 516 ero.

1586 552 1932 607 besceremus.
1959 549 2060 605 Sed
2091 549 2175 620 qui
2201 556 2253 604 et
2290 550 2386 618 ipsi
2432 553 2480 603 in
2511 551 2776 618 procinctu
2804 565 3002 616 sumus,
3039 566 3112 607 te-

1585 657 1687 713 que
1713 643 1809 696 sub
1834 656 1933 710 ope
1971 640 2159 695 Christi
2188 649 2418 695 actutum
2459 641 2610 694 nobis
2657 641 2879 695 invisere
2920 643 3108 710 placet,

1586 733 1886 798 expeditius
1907 732 1995 786 tibi
2024 747 2186 786 ouante
2213 735 2498 785 amicorum
2527 734 2576 784 in
2608 747 2722 786 mea
2749 747 2896 788 creua
2923 744 3110 799 tuaque

1585 821 2168 876 commemorabuntur:
2196 819 2352 872 tnodo
2382 835 2476 872 uos
2505 821 2885 888 quamprimum
2915 822 3110 875 hebdo-

1588 911 1753 964 madis
1777 919 1977 966 exactze
2001 909 2166 978 spatia
2194 911 2447 977 completa
2473 911 2658 965 votiva:
2694 913 2964 966 restituant
2992 926 3110 966 esu-

1587 1001 1761 1054 ritioni
1804 1019 1816 1052 :
1859 1001 1978 1070 quia
2031 999 2318 1066 disruptum
2370 1015 2534 1068 ganea
2593 1001 2914 1053 stomachum
2971 1003 3109 1054 nulla

1586 1088 1782 1144 sarcire
1805 1102 1891 1143 res
1917 1087 2102 1143 melius
2127 1104 2280 1156 quam
2312 1088 2632 1156 parcimouia
2660 1090 2812 1142 solet.
2839 1089 2978 1144 \‘ale.

2140 1238 2461 1293 EPISTOLA
2499 1239 2567 1295 Χ.

1879 1369 2118 1445 Sidonius
2145 1389 2171 1428 (³
2198 1391 2443 1458 Hesperio
2467 1409 2558 1445 suo
2583 1395 2813 1449 salutem.

1654 1539 1786 1588 Amo
1824 1537 1872 1590 itt
1902 1545 1953 1590 te
1993 1537 2129 1605 quod
2172 1537 2372 1591 litteras
2419 1532 2601 1604 amas,
2648 1548 2702 1594 et
2745 1556 3113 1612 usquequaque

57 1625 250 1698 lamenta
270 1615 783 1681 circumlcrcbantur.
830 1623 1060 1676 Excusso
1086 1632 1110 1660 ε
1146 1632 1351 1690 torpore
1382 1637 1491 1676 me-
1522 1615 1564 1674 Β
1594 1627 1864 1693 prmconiis
1901 1627 2325 1679 cumulatissimis
2369 1628 2612 1682 excolere
2654 1631 2912 1684 cottteudo
2959 1643 3114 1686 tantm

40 1710 196 1788 Haec,
220 1717 476 1788 mulisper
500 1716 881 1784 equitabamus,
926 1729 1030 1782 quo
1057 1714 1256 1769 facilius
1281 1721 1492 1781 pectora

40 1788 203 1877 “tida
227 1806 348 1859 cibis
373 1805 672 1859 cmuatnrite
703 1803 824 1875 fami
853 1818 1248 1858 exacueremus.
1268 1803 1494 1856 Balnea:

40 1884 196 1963 ﬂebat
216 1902 427 1963 uterque
447 1895 643 1961 hospes
672 1894 722 1946 iu
748 1909 927 1961 opere,
961 1894 1011 1945 in
1038 1907 1134 1945 usu
1164 1901 1380 1944 neuter:
1402 1891 1494 1946 sed

40 1981 113 2052 In
151 1983 218 2037 vel
267 1983 605 2052 pauxillulum
661 1983 840 2036 bibere
892 1982 1137 2035 desiisset
1178 1981 1492 2033 asseclarum

44 2070 208 2139 Icarum
255 2071 668 2139 famulorumque
714 2071 859 2123 turba
907 2070 1228 2138 compotrix,
1273 2084 1494 2136 quorum

102 2159 204 2213 ebria
251 2158 529 2226 hospitales
569 2171 788 2212 cratem
829 2158 1050 2210 nimium
1109 2158 1365 2209 immersae
1402 2157 1493 2208 do-

40 2230 314 2313 iisabantur,
361 2249 530 2302 vicina
581 2248 706 2300 fonti
750 2256 838 2299 aut
882 2247 1040 2298 ﬂuvio
1082 2246 1266 2312 raptim
1313 2244 1493 2297 serobs

44 2332 276 2403 κώθων,
305 2337 354 2389 in
377 2350 533 2403 quam
560 2334 692 2388 forte
719 2348 838 2388 cum
868 2333 1106 2386 cumulos
1133 2332 1360 2398 lapidum
1384 2346 1498 2384 am-

80 2433 165 2476 atus
194 2423 569 2486 demitteretur,
618 2433 769 2474 antro
813 2423 864 2474 in
906 2420 1242 2488 hemispherii
1274 2420 1492 2474 formam

48 2509 170 2578 niis
194 2509 442 2565 ﬂexilibus
470 2511 699 2574 intexto,
747 2510 884 2563 fossa
930 2510 1263 2564 inardescens
1292 2510 1494 2578 operie-

50 2599 167 2668 μανι
193 2599 260 2655 sic
281 2607 454 2654 tamen
478 2609 536 2652 ut
564 2599 871 2668 superiectis
895 2598 1110 2653 Citii-um
1141 2603 1287 2666 velis,
1319 2611 1497 2668 paten-

81 2677 330 2742 Tinlervalla
353 2690 641 2763 virgarum,
673 2689 862 2742 lumine
878 2689 1109 2752 excluso,
1135 2692 1494 2755 lcnebrantur,

74 2791 215 2846 porcia
259 2780 528 2846 repulsura
576 2778 877 2843 salientem,
931 2779 1017 2847 qui
1059 2780 1212 2832 unde:
1250 2782 1495 2834 lervcatis

80 2869 241 2936 μεῃίηο
285 2869 566 2922 ﬂammatis
608 2868 842 2922 silicibus
883 2869 1176 2924 excuditur.
1222 2871 1314 2923 Hic
1341 2872 1494 2924 nobis

54 2955 304 3022 poliantur
354 2957 537 3016 horae,
589 2969 691 3008 non
735 2957 930 3022 absque
977 2957 1302 3009 sermonibus
1343 2957 1495 3010 salsis

42 3042 406 3110 pluribusque;
463 3055 596 3109 quos
624 3042 760 3095 inter
795 3042 956 3095 halitu
997 3043 1199 3096 nebula:
1228 3044 1495 3098 stridentis

48 3116 213 3196 blatis,
253 3129 608 3196 involutisque
649 3129 1017 3184 saluberrimus
1059 3130 1220 3183 sudor
1256 3131 1496 3186 elicieba-

50 3216 106 3291 μς
130 3233 217 3285 quo
238 3227 388 3286 prout
409 3217 648 3271 libuisset
677 3216 862 3279 eﬂuso,
884 3219 1164 3291 coctilibus
1183 3221 1333 3288 aquis
1354 3221 1494 3289 iuge-

42 3305 228 3378 ﬂtamur,
245 3310 536 3374 harumque
558 3305 664 3358 l'otu
683 3307 988 3359 cruditatem
1013 3318 1242 3360 nostrain
1263 3320 1495 3378 tergente

60 3395 205 3456 soluti,
245 3407 328 3447 aut
376 3393 598 3446 fontano
637 3394 882 3462 deinceps
918 3396 1131 3462 frigore,
1180 3399 1492 3466 putealique,

119 3480 283 3534 ﬂuviali
327 3485 483 3552 copia
532 3481 904 3537 solidabamur.
949 3484 1213 3552 Siquidem
1258 3488 1494 3542 domibus

72 3569 175 3622 illius
198 3571 233 3622 it
260 3572 466 3625 Vuardo
497 3571 706 3634 ﬂuvius,
729 3571 827 3624 nisi
855 3587 970 3626 cum
994 3575 1159 3627 deﬂua
1184 3577 1301 3630 nive
1323 3586 1446 3643 past-
1471 3592 1497 3630 s

56 3659 220 3733 palluit
245 3659 388 3714 ﬂavis
421 3661 585 3714 ruber
611 3660 823 3725 glareis,
870 3671 922 3714 et
952 3678 1042 3728 per
1067 3664 1267 3716 alveum
1296 3665 1494 3733 perspio

56 3748 131 3816 μ,
161 3749 371 3816 quietos,
425 3748 849 3812 calculosusque,
900 3764 1066 3813 neque
1108 3751 1173 3801 ob
1199 3751 1296 3803 hoc
1326 3752 1495 3805 minus

71 3827 192 3896 hiatu
237 3835 375 3888 ferax
430 3835 796 3887 delicatorum.
851 3835 1081 3886 Dicerem
1125 3845 1176 3887 et
1220 3852 1415 3902 cceuas,
1447 3847 1500 3890 et

65 3919 180 3982 item
208 3923 561 3982 unctissimas,
593 3919 690 3970 nisi
736 3921 1010 3972 terminum
1049 3931 1240 3976 nostra:
1267 3923 1499 3990 loquaci-

85 4091 198 4131 hrr;
210 4079 289 4146 Ῐῇ-
302 4080 399 4146 τῶν
429 4069 616 4141 ὐδρίων
653 4074 992 4146 ὡροσκοπείων
1015 4073 1128 4135 ἕξει,
1153 4075 1182 4130 ἦ
1203 4095 1278 4133 τις
1308 4077 1424 4144 ἡμῖν
1453 4076 1500 4129 ἕν

109 4160 176 4214 per
198 4142 397 4210 βιξλὶοις
413 4142 951 4214 Δπρςηόιυιναογιὲγρσιτιηςριι.

61 4203 94 4260 ευ
109 4203 208 4261 ’1106
227 4218 304 4262 est
323 4203 604 4262 undecima
635 4203 826 4263 nostra.
857 4208 1107 4260 llorarunt
1133 4210 1262 4274 apud
1292 4219 1495 4263 veteres

60 4277 111 4347 μ
129 4285 221 4329 erat
246 4277 582 4347 intequalium
616 4297 628 4331 :
654 4292 768 4347 qua:
798 4276 1047 4329 duodenm
1069 4279 1118 4327 iu
1141 4278 1252 4329 dies
1271 4280 1498 4345 singulos

77 4353 254 4398 I=exortu
291 4348 418 4399 solis
444 4346 512 4398 ad
561 4346 798 4400 occasum
832 4349 1252 4407 numerabantur,
1287 4349 1498 4399 totidem

60 4411 270 4491 Laiugulas
298 4426 506 4491 noctes.
540 4417 653 4491 Quo
681 4417 834 4491 (iebat
863 4422 916 4465 ut
967 4428 1060 4491 pro
1106 4415 1303 4491 dierum
1349 4416 1502 4467 modo

101 4485 296 4536 noctium
323 4483 615 4549 inequales
642 4489 834 4542 essent,
862 4496 998 4533 nunc
1043 4483 1326 4544 breviores,
1367 4498 1504 4536 nunc

62 4549 247 4617 mores.
283 4550 435 4614 Quod
477 4561 722 4617 spectans
764 4551 1080 4613 Augustinus
1110 4554 1176 4602 de
1205 4550 1332 4602 Vera
1362 4550 1504 4603 Reli-

115 4630 152 4672 c.
185 4616 331 4683 Hora,
381 4616 578 4684 inquit,
608 4617 844 4670 brumalis
877 4618 1055 4668 ωειὶεω
1102 4629 1386 4684 comparata
1413 4619 1504 4669 mi-

93 4684 436 4752 ;¢st.C'rterunt
464 4686 588 4752 quia
615 4694 757 4738 sexta
781 4684 984 4738 illorum
1011 4686 1137 4735 hora
1162 4686 1209 4736 in
1235 4687 1504 4738 meridiem

60 4750 360 4817 iminabatur,
383 4767 451 4804 eo
475 4750 634 4804 flebat
681 4759 736 4804 ut
773 4753 948 4817 quinta
997 4753 1285 4804 uudezzimte
1333 4753 1503 4804 afﬁnis

60 4819 181 4886 βμετ
205 4827 354 4870 esset.
403 4820 554 4872 lianc
584 4819 735 4886 igitur
781 4820 1014 4871 eamdem
1061 4820 1274 4870 denotat
1302 4821 1507 4872 Persius

60 4885 100 4952 ᾗ
122 4885 164 4948 5,
190 4886 352 4952 uitiata
380 4888 508 4938 dum
560 4886 691 4938 linea
732 4888 944 4952 tangitur
976 4887 1145 4936 umbra
1178 4902 1195 4938 :
1234 4888 1283 4939 itt
1315 4889 1506 4940 solario

66 4952 307 5020 [scilicet
367 4953 690 5020 beliotropio
744 4956 1053 5014 scioterico,
1103 4957 1153 5004 in
1209 4970 1310 5018 quo
1365 4955 1508 5018 ejus-

60 5018 281 5088 βψω
309 5018 652 5074 notabantur.
687 5021 872 5085 Quinta
902 5030 1071 5072 autem
1120 5024 1244 5072 hora
1284 5020 1504 5088 prandii.

113 5085 226 5140 tialis
251 5088 342 5140 lib.
374 5103 468 5140 vttt
501 5104 515 5137 :

60 5152 80 5215 ς
119 5152 470 5215 Horaquinque
497 5166 622 5215 puer
645 5155 848 5215 nondum
872 5153 956 5198 tibi
979 5155 1174 5215 nuntiat,
1194 5161 1243 5203 et
1267 5164 1312 5205 tu

72 5213 80 5271 ἶ
162 5212 255 5262 1am
276 5211 475 5264 conviva
499 5211 652 5267 'tnibi,
679 5211 944 5271 Caeciliane,
967 5215 1120 5260 venis.

100 5295 238 5348 tonius
263 5293 311 5349 in
342 5293 587 5362 Epheme
596 5293 706 5344 ride
735 5308 748 5342 :

118 5382 249 5445 Sinis,
271 5382 605 5445 prandendum
628 5387 700 5427 est
723 5393 734 5424 :
759 5388 968 5445 quartam
987 5391 1079 5445 )am
1105 5385 1229 5428 totus
1264 5382 1310 5427 in
1349 5380 1511 5429 horam

73 5451 80 5458 ‘
166 5441 377 5494 Solifalet
397 5479 409 5502 ,
440 5442 500 5489 ad
523 5441 735 5500 quietam
759 5443 962 5487 tlecttur
987 5443 1146 5488 umbra
1170 5449 1336 5488 notam.

1521 4180 1571 4235 1)

1593 1716 1872 1783 diligentia:
1900 1715 2299 1783 generositatem
2343 1731 2434 1783 per
2457 1721 2608 1784 quam
2642 1719 2787 1771 uob's
2817 1717 2916 1772 nun
2947 1721 3113 1774 solum

1578 1803 1736 1877 initia
1767 1814 1874 1869 tua,
1921 1820 2099 1858 verum
2147 1806 2302 1858 etiam
2340 1805 2507 1858 studia
2555 1818 2730 1859 nostra
2759 1809 3116 1863 commendas.

1593 1894 1720 1948 Nam
1762 1909 1879 1948 cum
1917 1893 2153 1948 videmus
2178 1895 2229 1948 in
2258 1893 2551 1964 hujusmotli
2582 1895 2906 1963 disciplinam
2937 1896 3116 1965 junio-

1591 1974 1705 2036 rum
1736 1982 1938 2051 ingenia
1969 1997 2318 2048 succrescere,
2362 1992 2570 2052 pr0pter
2600 1999 2751 2050 quam
2792 1999 2885 2037 nos
2913 1999 3122 2054 quoque

1591 2070 1927 2124 subduximus
1956 2069 2131 2124 ferulae
2157 2085 2386 2134 manum,
2429 2071 2846 2138 copiosissimum
2895 2072 3114 2126 fructum

1594 2162 1756 2214 nostri
1788 2160 1981 2213 laboris
2022 2160 2376 2226 adipiscimur.
2420 2159 2549 2212 Illud
2577 2177 2798 2227 appone,
2840 2162 2976 2229 quod
3005 2173 3113 2214 tan-

1594 2260 1700 2304 turn
1741 2231 1998 2304 increbuit
2045 2249 2320 2302 multitudo
2350 2248 2749 2312 desidiosorum,
2798 2259 2852 2301 ut
2898 2250 2993 2302 nisi
3035 2252 3116 2303 vel

1593 2340 1889 2410 paucissimi
1913 2339 2105 2407 quique
2129 2353 2324 2392 meram
2357 2338 2575 2390 Latiaris
2609 2339 2791 2405 liugue
2831 2338 3117 2405 proprieta-

1597 2443 1696 2485 tem
1724 2432 1786 2484 de
1814 2431 2098 2483 trivialium
2139 2428 2580 2482 barbarismorum
2623 2426 2858 2495 rubigine
2891 2428 3118 2480 vindiea-

1595 2523 1794 2588 veritis,
1823 2533 1937 2573 eam
1960 2520 2101 2572 brevi
2130 2519 2372 2572 abolitam
2404 2518 2690 2572 deﬂeamus
2709 2519 3116 2584 interitumque:

1595 2612 1672 2662 sic
1693 2623 1872 2662 omnes
1895 2607 2146 2661 nobilium
2171 2621 2468 2660 sermonum
2495 2603 2730 2674 purpur-.e
2755 2621 2846 2672 per
2870 2607 3117 2658 incuriam

1595 2698 1730 2764 vulgi
1762 2696 2215 2749 decolorabuntur.
2266 2695 2367 2748 Sed
2406 2695 2587 2746 isthme
2631 2695 2778 2745 alias.
2819 2695 3014 2746 Interea
3065 2703 3118 2745 tu

1593 2787 1728 2854 quod
1771 2786 1901 2852 petis
1945 2784 2137 2849 aet-ipe.
2180 2783 2320 2834 Petis
2368 2783 2538 2833 autem
2583 2797 2628 2832 ut
2673 2784 2714 2832 si
2743 2783 2827 2847 qui
2876 2778 3115 2833 versiculi

1595 2873 1719 2926 mihi
1760 2871 2034 2929 ﬂuxerunt,
2068 2869 2170 2936 52
2193 2879 2460 2935 postquam
2489 2868 2554 2919 ab
2592 2867 2839 2919 alterutro
2867 2867 3120 2918 dis-essi-

1519 2940 1562 2998 ο
1595 2974 1727 3023 mus,
1757 2958 1850 3010 bos
1889 2957 1977 3010 tibi
2018 2970 2110 3023 pro
2131 2955 2350 3023 quadam
2383 2971 2642 3008 moratum
2667 2959 2904 3010 mercede
2933 2973 3122 3023 peruu-

1598 3061 1814 3100 tnerem.
1858 3045 2006 3097 Dicto
2037 3057 2214 3110 pareo,
2261 3042 2386 3096 Nam
2435 3045 2680 3111 prtedatus
2709 3059 2784 3102 es.
2832 3059 3121 3112 quanquam

1590 3135 1815 3204 juvenis,
1867 3135 1963 3188 hac
2007 3133 2167 3186 animi
2213 3133 2528 3196 maturitate,
2576 3143 2630 3185 ιιι
2677 3134 2766 3185 tibi
2805 3134 2960 3186 etiam
3000 3142 3127 3185 natu

1597 3225 1795 3290 priores
1843 3236 2026 3291 gerere
2077 3236 2275 3274 morem
2320 3209 2770 3288 concupiscamus.
2821 3229 2844 3258 ο
2893 3221 3123 3275 Ecclesia

1598 3331 1762 3384 nuper
1790 3322 2053 3368 exstructa
2095 3312 2330 3380 Lugduni
2362 3322 2461 3374 est,
2491 3326 2606 3380 quae
2645 3311 2816 3364 studio
2844 3323 2988 3378 papae
3025 3310 3126 3363 Pa-

1599 3405 1773 3459 tientis
1801 3418 2059 3458 summum
2091 3403 2244 3471 empti
2295 3403 2466 3470 operis
2510 3401 2750 3465 accessit,
2798 3402 2892 3454 viri
2939 3403 3128 3462 sancti,

1599 3493 1816 3555 strenui,
1866 3491 2055 3557 severi,
2107 3491 2493 3558 misericordis,
2544 3490 2732 3558 quique
2777 3505 2869 3557 per
2917 3490 3131 3543 uberem

1599 3583 2007 3636 ιιιιιιιὶίὶεοηῑίηη
2032 3581 2089 3654 ἱηῇ
2110 3593 2361 3646 pauperes
2383 3578 2880 3646 lmmauitatemquc,
2908 3595 3009 3632 non
3031 3581 3128 3631 mi-

1601 3686 1726 3724 nora
1757 3671 1905 3723 home
1949 3671 2279 3722 conscienti-.e
2321 3669 2543 3720 culmina
2589 3668 2742 3720 levet.
2789 3669 2947 3734 llujos
2976 3668 3132 3735 igitur

1599 3758 1725 3808 tedis
1753 3756 1983 3814 extimis.
2010 3763 2188 3820 rogatu
2218 3753 2416 3819 praefati
2444 3753 2708 3814 antistitis,
2739 3755 3129 3806 tumultuarium

1597 3856 1808 3894 carmen
1859 3841 2094 3906 inscripsi
2133 3841 2372 3891 trochaeis
2421 3840 2737 3904 triplicibus,
2795 3840 2966 3892 adhuc
3005 3842 3132 3893 mihi
3190 3853 3194 3864 ‘

1597 3929 1810 3996 jamque
1840 3927 1930 3979 tibi
1955 3925 2410 3994 perlamiiiazibus.
2451 3925 2684 3992 Namque
2725 3927 2790 3977 ab
2821 3926 3131 3985 hexametris

1667 4075 1694 4114 δ
1728 4075 1978 4129 Prmdium
2013 4074 2062 4127 id
2094 4074 2423 4140 Apollinaris.
2459 4074 2510 4126 In
2542 4074 2904 4140 Propemptico
2949 4089 2966 4126 :
3001 4074 3124 4124 Las—

1599 4162 1704 4196 sunt
1733 4155 1778 4196 te
1805 4144 2093 4208 Voroattgus
2123 4144 2373 4195 obtinebit.
2397 4142 2632 4194 Nostrum
2660 4145 2734 4193 hic
2757 4142 3130 4207 invenies/ipa!-

1602 4215 1826 4264 tinarem.
1874 4214 2150 4265 Prusiauus
2185 4221 2298 4264 erat
2338 4211 2576 4263 Tonantii
2611 4212 2856 4263 Ferreoli.
2895 4212 3122 4277 lit-aquo

1599 4282 1719 4332 vilia
1751 4282 1814 4332 ad
1848 4282 2160 4332 Wardouem
2202 4280 2436 4336 ﬂuvium.
2485 4281 2570 4346 qui
2611 4295 2702 4344 per
2735 4279 2914 4331 Volcas
2941 4282 3132 4332 Areco-

1602 4351 1762 4402 unicos
1789 4351 2044 4402 evolvitur
2065 4354 2113 4400 tn
2138 4349 2463 4402 Rhodanum,
2489 4358 2689 4399 vetusto
2721 4358 2873 4413 ponte
2893 4363 2939 4400 et
2963 4361 3134 4413 aqua!-

1603 4419 1759 4470 ductu
1814 4426 2085 4468 Structurze
2142 4418 2381 4466 Romam:
2435 4417 2620 4468 nobilis
2653 4431 2918 4482 {quorum
2968 4419 3136 4468 adhuc

1602 4487 1794 4552 reliqua
1827 4494 1945 4536 sunt
1977 4485 2221 4552 vestigia.
2343 4550 2359 4552 _
2431 4551 2437 4552 γ
2503 4550 2540 4552 _
2667 4476 2683 4552 _'
2716 4476 2755 4552 ’ί
2927 4551 2946 4552 η
3164 4533 3166 4535 ›

1677 4550 1895 4618 cSupra
1944 4552 2032 4602 lib.
2066 4567 2098 4611 ι,
2146 4566 2188 4606 c.
2213 4551 2294 4600 ist.
2336 4550 2368 4600 2
2411 4551 2474 4602 de
2502 4550 2825 4604 Theoderico
2867 4568 2879 4601 :
2916 4551 3136 4617 Dapibus

1603 4621 1793 4682 expleto
1821 4635 2019 4670 somnus
2051 4620 2354 4668 meridianus
2390 4635 2575 4684 semper
2604 4621 2827 4686 eriguns,
2863 4635 2992 4682 stupe
3019 4618 3134 4669 nul-

1605 4689 1703 4738 lus.
1753 4688 2156 4738 Met-idzatiouem
2191 4687 2449 4750 appellant
2485 4704 2495 4735 :
2532 4687 2595 4737 de
2621 4702 2718 4752 qua
2769 4687 3132 4751 intelligendus

1606 4764 1682 4805 est
1713 4755 1897 4805 Juiiaui
1921 4754 2152 4824 locus_ad
2186 4755 2473 4805 Libanium.
2504 4758 2726 4824 ’ᾼνέγνων
2756 4757 2877 4823 χῦές
2895 4754 3136 4822 τὸνλόγον

1606 4825 1702 4896 meo
1728 4826 1931 4896 ὰρίᾳτου
1958 4820 2165 4896 σ-χξδόν.
2189 4828 2484 4896 Ἀρξστήσας
2506 4822 2575 4896 δέ,
2597 4820 2710 4896 rip-3v
2734 4820 3131 4896 ἇῦςιπαύσασσαι,

1607 4887 1660 4942 τὸ
1686 4887 1851 4941 λούτὁῦ
1877 4887 2165 4942 ἀποδέδωκα
2238 4887 2501 4952 Hesterno,
2543 4887 2729 4955 inquit,
2758 4892 2837 4940 die
2866 4893 3136 4940 oralionem

1608 4958 1703 5022 legi
1745 4967 1856 5007 ante
1891 4958 2153 5022 prandium
2199 4974 2348 5022 prope
2395 4961 2632 5024 integram
2667 4974 2683 5008 :
2725 4968 2829 5022 post
2876 4955 3136 5023 prandium

1609 5040 1742 5090 vero,
1775 5034 1886 5074 ante
1915 5041 2137 5075 somnum
2167 5028 2296 5090 quod
2327 5028 2496 5076 deerat
2528 5028 2731 5076 absolvi.

1679 5089 1703 5126 ἀ
1738 5094 1784 5144 ls
1813 5093 2014 5142 videtur
2045 5107 2196 5158 quem
2230 5094 2318 5144 lib.
2350 5109 2419 5155 tv,
2446 5093 2596 5158 epist.
2629 5095 2718 5158 '22,
2749 5093 2912 5144 virum
2941 5091 3139 5155 magni-

1613 5160 1760 5210 ﬁ-um
1793 5159 2035 5224 appellat,
2089 5175 2343 5226 gemmam
2390 5164 2672 5212 amicorum
2725 5162 3135 5221 litterarumque.

1614 5227 1892 5296 lluieergo
1922 5227 2390 5296 lleudecasyllabos
2428 5230 2602 5292 mittit,
2653 5242 2780 5295 quos
2818 5227 2881 5278 de
2922 5226 3135 5278 basilica

1615 5294 1846 5360 Lugduni
1879 5304 2138 5347 exstructa
2167 5294 2492 5348 condiderat.

1688 5372 1708 5397 ε
1747 5365 1992 5425 ρυιυητιιη
2024 5365 2105 5415 illa
2135 5364 2287 5416 fuerit
2314 5367 2561 5416 incertum
2586 5371 2680 5415 cst.
2703 5360 2827 5412 Nam
2850 5375 2949 5424 quo
2971 5361 3140 5413 minus

1618 5430 1673 5485 S.
1708 5431 1886 5486 Ireuzni
1911 5431 2118 5486 basilica
2150 5433 2404 5495 videatur,
2437 5432 2550 5484 facit
2585 5430 2714 5497 quod
2749 5430 2813 5482 ab
2845 5430 2990 5482 Arari
3021 5445 3140 5496 pro-
