3812 6226
44 360 110 415 193

38 475 184 527 tissime
221 469 361 534 rexit,
404 468 545 523 inter
578 467 833 524 tumultus
858 464 1111 533 militum,
1142 468 1493 538 popularium,
1523 473 1566 528 Δ

36 563 353 625 talentorum,
378 558 525 628 quod
561 567 619 613 et
646 556 817 613 exitus
858 556 1084 626 prodidit
1109 572 1305 622 novus,
1334 558 1497 622 celer,

34 654 227 707 acerbus:
255 663 401 718 quem
441 648 745 703 cruentavit
772 646 995 703 fortuna:
1036 647 1128 702 diu
1156 648 1499 702 lenocinantis

34 739 201 809 perﬁdus
242 738 371 802 ﬁnis,
413 752 536 806 quas
565 737 757 802 virum,
787 744 843 790 ut
886 737 1144 806 scorpius,
1192 738 1369 794 ultima
1416 738 1497 791 sui

32 842 134 897 parte
163 827 415 896 percussit.
449 827 641 881 Dicere
684 825 884 880 solebat
908 828 993 881 vir
1035 827 1312 891 litteratus,
1342 835 1499 893 atque

30 922 76 973 ob
109 919 271 989 ingenii
295 917 478 972 merita
510 916 846 985 quaestorius,
878 917 1104 987 partium
1147 925 1292 973 certe
1337 918 1499 972 bona-

31 1026 108 1063 rum
138 1023 237 1075 pars
272 1020 480 1076 magna,
515 1014 541 1042 η
570 1004 897 1075 Fulgentius,
944 1020 1037 1059 ore.
1063 1021 1121 1060 se
1163 1020 1227 1061 ex
1254 1006 1367 1073 ejus
1394 1004 1498 1059 fre-

29 1110 189 1167 quenter
211 1084 429 1162 audisse,
456 1112 579 1151 cum
628 1109 846 1165 perosus
873 1095 1078 1165 pondus
1097 1096 1323 1164 imperii,
1350 1102 1490 1150 vete-

28 1186 417 1241 remsecuritalem
440 1184 789 1250 desideraret,
815 1184 1043 1239 Felicem
1089 1194 1159 1250 te,
1204 1182 1493 1250 Damocles,

28 1276 83 1343 qui
104 1289 184 1327 nou
203 1288 297 1327 uno
328 1274 539 1343 longius
563 1274 783 1344 prandio
806 1277 951 1341 regni
976 1274 1339 1330 necessitatem
1362 1274 1494 1328 tole-

26 1364 169 1432 misti.
196 1362 288 1417 iste
322 1363 491 1428 enim,
526 1373 584 1418 ut
630 1365 876 1435 legimus,
903 1364 1180 1425 Damocles
1228 1364 1494 1431 provincia

25 1452 189 1514 Siculus,
209 1452 328 1507 urbe
345 1452 737 1523 Syracusanus,
763 1454 1033 1509 familiaris
1060 1462 1281 1522 tyranno
1304 1451 1495 1521 Diony-

26 1540 173 1594 sicfuit
197 1558 209 1596 :
236 1541 316 1610 qui
360 1556 485 1595 cum
519 1542 691 1597 nimiis
719 1543 957 1596 laudibus
999 1541 1134 1594 bona
1181 1538 1407 1608 patroni,
1438 1549 1495 1592 ut

27 1643 191 1695 reteri,
231 1633 422 1688 scilicet
470 1634 805 1703 inexpertus,
849 1631 1109 1688 eﬂerret:
1155 1632 1273 1696 Vis,
1326 1632 1495 1700 inquit

24 1724 255 1793 Dionysius,
304 1724 458 1779 hodie
489 1726 679 1780 saltem
709 1726 760 1779 in
804 1725 903 1780 bac
945 1740 1125 1781 mensa
1165 1725 1318 1781 bonis
1362 1727 1494 1784 meis

24 1818 162 1881 pariter
184 1829 238 1868 ac
276 1816 425 1868 malis
451 1816 573 1869 uti?
596 1815 702 1885 59
728 1814 996 1881 Libenter,
1033 1816 1218 1886 inquit.
1247 1816 1380 1871 Tum
1409 1818 1496 1874 ille

22 1906 227 1961 confestim
257 1906 427 1960 laetum
462 1906 736 1973 clientem,
767 1921 1063 1977 quanquam
1093 1918 1146 1962 et
1192 1908 1493 1975 attonitum,

22 1995 171 2061 plebeio
187 1997 400 2065 tegmine
420 2006 634 2065 erepto,
662 1997 874 2065 muricis
898 1997 1064 2067 Tyrii,
1084 2012 1177 2051 seu
1196 1996 1491 2066 Tarentini,

22 2084 279 2154 conchyliato
324 2086 458 2140 ditat
507 2086 736 2142 indutu:
774 2095 828 2142 et
871 2086 1199 2142 renidentem
1239 2089 1488 2157 gemmis,

23 2175 342 2243 margaritisque
391 2178 562 2230 aureo
615 2176 772 2244 lecto,
826 2176 1154 2245 sericatoque
1214 2175 1493 2231 toreumati

24 2263 198 2337 imponit.
223 2263 457 2335 Cumque
509 2279 767 2335 pransuro
802 2247 1268 2336 Sardanapalicum
1298 2265 1492 2341 inmo-

25 2368 113 2415 ται,
136 2357 260 2426 panis
281 2346 497 2410 daretur
527 2366 556 2411 e
582 2356 838 2411 Leontina
873 2365 1051 2424 segete
1082 2356 1382 2422 confectus,
1412 2354 1493 2409 iu-

23 2457 128 2509 tuper
147 2444 286 2512 dapes
308 2448 467 2500 cultae
505 2446 717 2501 ferculis
745 2446 1055 2501 cultioribus
1078 2451 1490 2515 apponerentur,

22 2544 248 2598 spumarent
267 2535 467 2589 falerno
498 2550 725 2603 gemma:
752 2549 970 2604 capaces
989 2573 1005 2599 ,
1048 2536 1207 2603 inque
1231 2534 1492 2605 crystallis

22 2626 184 2680 alerent
217 2639 471 2697 unguenta
502 2628 850 2698 glacialibus:
880 2629 1003 2683 hinc
1039 2629 1209 2683 sufﬁta
1248 2629 1491 2683 cinnamo

20 2728 61 2765 sc
78 2714 197 2770 thure
220 2718 440 2771 cenatio
484 2726 760 2787 spargeret
788 2719 1092 2788 peregrinos
1118 2718 1332 2774 naribus
1362 2718 1493 2774 odo-

22 2814 91 2864 res,
115 2813 155 2856 et
170 2806 520 2861 madescentes
547 2806 713 2861 nardo
728 2806 944 2877 capillos
969 2807 1280 2862 circumfusa
1302 2809 1489 2863 ﬂorum

22 2899 114 2944 serta
144 2892 381 2951 siccarent
410 2914 424 2949 :
458 2897 627 2964 cmpit
654 2910 807 2965 supra
839 2906 1039 2964 tergum
1064 2897 1141 2951 sic
1183 2897 1491 2951 recumben-

22 2976 255 3045 tisrepente
279 2983 473 3037 vibrari
526 2997 713 3040 mucro
750 2983 1021 3037 districtus
1064 2998 1096 3037 e
1129 2984 1487 3050 lacunaribus,

20 3065 324 3131 quividebatur
351 3072 405 3126 in
429 3072 677 3141 jugulum
703 3073 972 3141 ρυτριιηιὶ
1008 3071 1115 3140 iam
1140 3073 1355 3141 Ιεωιιυθ
1376 3071 1486 3167 Ϊ⁰ί⁹
1516 3105 1560 3167 C

20 3162 152 3209 tums:
180 3173 285 3213 nam
310 3161 396 3215 filo
424 3162 640 3230 equina:
668 3172 793 3214 seta:
823 3161 1032 3230 ligatus,
1073 3171 1126 3215 et
1152 3161 1223 3214 ita
1253 3160 1484 3228 pondere

20 3242 154 3311 minax,
177 3255 225 3301 ut
264 3249 506 3304 acumine
545 3247 727 3319 gulam,
751 3248 1079 3304 formidolosi
1103 3248 1354 3305 Tantaleo
1376 3247 1484 3304 free

60 3400 163 3476 thli
183 3404 302 3458 sacri
330 3406 507 3475 palatii
531 3414 764 3473 quaestor
784 3404 971 3476 fuerat.
986 3404 1257 3476 Quaestum
1280 3411 1476 3469 autem,

20 3471 93 3545 quia
118 3471 343 3529 litteratos
366 3471 623 3545 postulat,
664 3476 876 3545 iiguitas
897 3474 1033 3530 dicta
1057 3483 1138 3528 est
1162 3474 1476 3541 litterarum,

20 3534 255 3595 tSeuatore
276 3558 291 3595 ι
318 3534 526 3597 Variar.
561 3534 649 3596 1:2.

60 3600 78 3637 δ
94 3602 148 3658 lla
170 3607 274 3681 [ibt'i
289 3626 498 3677 omnes,
514 3626 649 3681 quos
669 3612 913 3667 vidimus.
928 3613 1186 3681 Caeterum
1211 3611 1311 3665 vici
1328 3609 1481 3681 hujus

20 3680 145 3727 nomen
171 3676 464 3735 hodiernum
512 3676 684 3736 adhuc
732 3681 1007 3737 incertum.
1039 3680 1169 3736 Cum
1199 3690 1375 3733 autem
1399 3676 1480 3732 si-

1085 349 1090 353 ’
1155 348 1625 417 Εριδτοωιωη
1659 358 1784 414 ιω.
1823 355 1884 412 Ill

3034 357 3130 411 191

1597 469 1760 523 nabat
1777 456 2034 536 exemplo,
2066 479 2132 521 ne
2152 466 2253 522 cibi
2279 462 2501 536 ingressi
2530 480 2624 536 per
2653 481 2767 533 ora,
2797 480 2893 536 per
2922 462 3136 522 vulnera

1598 560 1822 614 exirent.
1842 557 1993 614 Unde
2017 565 2134 626 post
2158 558 2346 613 mixtas
2372 558 2581 613 ﬂetibus
2614 573 2799 625 preces
2823 568 2977 629 atque
2998 561 3134 614 mul-

1599 649 1792 719 timoda
1833 648 2080 718 suspiria,
2123 650 2211 701 vix
2256 648 2522 702 absolutus
2562 648 2929 712 emicatimque
2960 656 3131 716 prost-

1599 739 1755 804 liens,
1787 740 1874 793 illa
1918 739 2107 808 refugit
2132 738 2405 793 celeritate
2431 736 2644 790 divitias
2685 736 3005 803 deliciasque
3048 753 3132 789 re-

1597 829 1761 897 gales,
1806 843 1906 898 qua
1952 828 2124 882 solent
2176 826 2351 896 appeti
2398 842 2413 878 :
2456 824 2704 879 reductus
2756 824 2822 877 ad
2871 822 3130 877 desideria

1598 918 1940 973 mediocrium
1982 918 2171 971 timore
2197 929 2519 968 summorum
2540 955 2556 979 ,
2583 922 2636 967 et
2671 914 2797 967 satis
2822 926 3033 975 cavens,
3067 927 3131 965 ne

1599 1009 1805 1062 beatum
1828 1009 1961 1061 ultra
1984 1008 2187 1061 diceret
2213 1006 2551 1073 duceretque,
2580 1007 2666 1070 qui
2692 1012 2873 1071 septus
2892 1003 3053 1056 armis
3069 1014 3131 1055 ac

1597 1097 1929 1161 satellitibus,
1955 1105 2007 1149 et
2036 1110 2130 1164 per
2150 1096 2252 1148 hoc
2292 1094 2454 1162 raptis
2484 1092 2734 1147 incubans
2756 1090 2963 1159 opibus,
2993 1090 3131 1143 ferro

1596 1200 1830 1255 pressus,
1865 1193 2128 1254 premeret
2155 1198 2361 1237 aurum.
2384 1181 2709 1251 Quapropter
2737 1180 2801 1234 ad
2828 1188 3020 1233 statum
3042 1179 3129 1231 hu-

1593 1276 1842 1345 jusmodi,
1885 1275 2099 1330 domine
2140 1275 2321 1340 irater,
2360 1274 2539 1328 nescio
2578 1287 2642 1326 an
2686 1279 2886 1327 constet
2914 1268 3131 1325 tendere

1596 1358 1776 1425 beatos
1805 1386 1820 1421 :
1851 1376 1991 1433 patet
2017 1375 2161 1422 certe
2188 1367 2408 1422 miseros
2436 1365 2729 1435 pervenire.
2752 1362 2899 1419 Vale.

2040 1497 2147 1567 so
2183 1495 2507 1552 EPISTOLA
2547 1496 2678 1551 xw.

1903 1605 2144 1660 Sidonius
2173 1604 2435 1659 Maurusio
2459 1622 2549 1659 suo
2581 1607 2807 1661 salutem.

1662 1714 1831 1769 Audio
1860 1713 2129 1769 industriae
2158 1724 2257 1768 ture
2290 1715 2527 1783 votisque
2575 1718 2969 1785 communibus,
3002 1720 3127 1775 ube~

1598 1808 1740 1862 riore
1769 1814 2026 1874 proventu
2063 1819 2218 1873 quam
2250 1804 2542 1859 minabatur
2585 1806 2781 1860 sterilis
2808 1821 3003 1874 annus,
3047 1824 3128 1863 re-

1595 1895 1857 1966 spondere
1885 1895 2223 1949 vindemiam.
2252 1894 2398 1949 Unde
2428 1904 2479 1949 et
2505 1895 2555 1949 in
2577 1894 2604 1932 δ
2631 1911 2759 1964 pago
2784 1896 3129 1962 Vialoscensi,

1594 1988 1683 2058 qui
1713 1987 1959 2041 Martialis
1989 1994 2143 2042 aetate
2194 1986 2463 2041 citeriore.
2491 1988 2747 2041 vocitatus
2790 1996 2871 2042 est
2916 1998 3128 2058 prepter

1596 2077 1808 2133 hiberna
1854 2076 2115 2144 legionum
2154 2075 2497 2142 Julianarum,
2547 2078 2788 2145 suspicor
2826 2078 3126 2134 diuturnius

1594 2173 1646 2220 te
1692 2175 2034 2220 moraturum.
2069 2166 2183 2230 Quo
2231 2165 2349 2219 loco
2380 2165 2472 2219 tibi
2502 2179 2621 2221 cum
2666 2148 2992 2222 ferax'vinea
3021 2180 3127 2235 est,

1593 2262 1699 2308 tum
1728 2262 1982 2322 praeterea
2024 2254 2277 2321 praedium
2323 2269 2513 2323 magno
2551 2270 2655 2310 non
2699 2257 2871 2312 minus
2895 2258 3128 2323 domino,

1590 2344 1729 2415 quod
1760 2354 1811 2399 te
1862 2352 2083 2412 tuosque
2120 2342 2387 2412 plurifaria
2438 2344 2643 2417 frugum
2692 2348 3129 2416 mansionumque

1592 2436 1714 2491 dote
1759 2444 2073 2490 remoretur.
2113 2434 2260 2489 llicet
2282 2434 2324 2489 si
2355 2433 2558 2489 horreis
2598 2436 2991 2506 apothecisque,
3034 2455 3125 2493 seu

1591 2544 1727 2598 penu
1768 2528 2012 2597 impleta,
2037 2526 2272 2580 destinas
2304 2525 2410 2579 illic
2437 2540 2600 2594 usque
2638 2526 2703 2579 ad
2741 2526 3018 2582 adventum
3050 2529 3127 2582 hi-

1592 2618 1927 2684 rundineum,
1955 2617 2034 2672 vel
2062 2617 2375 2682 ciconinum,
2394 2617 2512 2671 Jani
2541 2617 2824 2687 Numaeque
2849 2618 3127 2690 ninguidos

1590 2721 1799 2761 menses
1824 2706 1877 2760 in
1906 2706 2014 2760 otio
2046 2704 2346 2774 fuliginoso,
2372 2719 2467 2759 seu
2489 2706 2717 2760 tunicata
2744 2708 2922 2777 quiete
2953 2718 3128 2765 trans-

1590 2797 1818 2862 mittere,
1866 2795 2015 2851 nohis
2055 2810 2261 2864 quoque
2288 2809 2470 2865 parum
2515 2796 2565 2849 in
2613 2796 2803 2865 oppido
2847 2782 3125 2854 fructuosae

1591 2887 1828 2954 protinus
1885 2886 2291 2953 amputabuntur
2340 2898 2513 2939 causae
2561 2899 2855 2951 morarum;
2901 2896 2956 2940 ut
2995 2888 3124 2943 tium

1590 2977 1703 3045 ipse
1759 2975 2003 3028 nimirum
2033 2972 2227 3026 frueris
2250 2986 2394 3037 rure,
2422 2986 2519 3025 nos
2566 2981 2617 3027 te
2654 2973 2904 3041 fruamur,
2936 2978 3123 3046 quibus

1590 3076 1648 3119 ut
1684 3063 2051 3133 recognoscis,
2095 3076 2199 3117 non
2245 3062 2410 3131 magis
2438 3062 2584 3117 cordi
2629 3072 2710 3118 est
2756 3074 2846 3119 aut
2873 3067 3133 3137 voluptati

1588 3168 1712 3223 ager
1736 3166 1855 3207 cum
1899 3150 2152 3205 reditibus
2196 3151 2408 3220 amplis,
2458 3166 2614 3221 quam
2660 3152 2866 3208 vicinus
2910 3160 3125 3227 aequalis

1592 3260 1711 3301 cum
1741 3242 1890 3297 bonis
1914 3240 2167 3295 moribus.
2197 3240 2343 3295 Vale.

1586 3398 1799 3468 gniﬁcet
1823 3393 2150 3468 _a_n_tiquum_
2176 3391 2311 3468 illius
2358 3406 2561 3468 nomen.
2595 3391 2754 3468 fuisse
2789 3391 3119 3468 _Vialuscut_n,

1586 3459 1767 3537 postea
1789 3464 1856 3519 ob
1883 3459 2096 3517 hiberna
2125 3460 2246 3537 Julii
2270 3459 2493 3537 Caesaris
2512 3460 2702 3537 dictum
2732 3460 2891 3537 fuisse
2918 3459 3121 3537 Martiaf

1586 3529 1686 3592 iam
1709 3576 1723 3601 ,
1753 3550 1857 3589 non
1888 3534 2217 3601 aspernanda
2244 3538 2325 3585 est
2352 3529 2638 3601 Savaronis
2680 3531 3003 3601 conjectura,
3034 3533 3120 3599 qtti

1587 3600 1889 3661 Martiacum
1933 3600 2053 3655 esse
2104 3608 2279 3669 putat,
2332 3600 2502 3654 vicum
2550 3601 2660 3669 agri
2710 3600 3118 3670 Bicomngeusts,

1590 3676 1804 3731 Volvico
1832 3672 2129 3726 finitimum.

20 3808 3094 3837 ΝΜ

873 3920 1338 4025 LIBER
1444 3913 1759 4018 TER
1785 3908 2181 4013 TIUS.

332 4101 436 4171 ει
475 4098 803 4155 EPISTOLA
841 4096 1068 4152 emus.

277 4191 521 4246 Sidonius
547 4199 575 4227 ι
608 4190 746 4243 Avito
784 4205 875 4242 suo
905 4190 1134 4243 salutem.

56 4273 184 4329 llultis
201 4281 400 4348 quidem
432 4280 659 4334 vinculis
686 4277 920 4333 caritatis
956 4278 1022 4333 ab
1062 4280 1276 4333 ineunte
1302 4278 1475 4345 pueri-

20 4360 71 4425 iiIt.
90 4366 297 4439 quidquid
319 4371 569 4427 venimus
589 4370 638 4424 in
656 4370 1005 4439 juventutem,
1026 4370 1205 4439 gratia:
1225 4384 1342 4423 sese
1368 4384 1480 4423 mu-

20 4460 78 4506 m:
106 4471 207 4513 cura
248 4472 524 4516 nexuerat.
564 4459 791 4514 Primum
819 4458 941 4530 quia
989 4459 1243 4513 matribus
1285 4458 1478 4511 nostris

20 4552 152 4598 iuturus
184 4552 441 4619 sanguinis
468 4550 643 4620 juncti
675 4550 1026 4605 necessitudo.
1058 4549 1186 4604 Dein
1214 4548 1349 4618 quod
1383 4549 1477 4615 ipsi

24 4632 137 4690 isdem
160 4642 469 4711 temporibus
495 4642 632 4705 nati,
675 4640 937 4708 magisuis
967 4642 1067 4703 usi,
1100 4639 1297 4691 artibus
1326 4639 1477 4691 insti-

20 4722 89 4779 ‘tﬂi.
106 4725 273 4784 lusibus
296 4731 468 4796 otiati,
499 4728 827 4799 principibus
855 4728 1044 4791 evecti,
1075 4726 1348 4793 stipendiis
1372 4740 1479 4792 per-

20 4804 121 4864 functi
156 4828 319 4872 sumus
350 4836 367 4873 :
398 4831 455 4874 ει
484 4818 628 4886 quod
653 4826 733 4871 est
770 4817 835 4871 ad
873 4816 1126 4877 amiciLas
1157 4814 1476 4881 ampliandas

20 4898 63 4947 iis
80 4901 264 4969 validius
288 4906 690 4975 efﬁcaciusque,
722 4908 773 4960 in
795 4907 1015 4977 singulis
1043 4904 1332 4975 quibusque
1357 4918 1477 4973 per-

26 5086 394 5167 ,fCoosobrino,
442 5104 502 5148 ut
530 5093 739 5167 videtur
771 5100 895 5151 :cui
920 5099 1115 5163 gratias
1150 5101 1257 5167 agit
1284 5097 1350 5151 de
1373 5098 1501 5149 (ὶιιοι

227 5163 419 5239 υιζὲὼο
458 5165 789 5239 suburbano,
819 5160 959 5234 quod
988 5168 1086 5239 ille
1115 5160 1471 5221 Arvernorum

20 5218 194 5304 βιςὶεξίε
212 5218 353 5304 cujus
385 5233 671 5304 episcopus
688 5218 812 5301 jam,
829 5218 952 5288 imi
980 5218 1270 5304 Sidonius,
1292 5218 1370 5289 exi
1388 5218 1474 5289 so;

20 5299 101 5343 toria
130 5299 404 5354 hareditate
440 5302 734 5353 donaverat

56 5360 184 5429 bQua:
199 5369 305 5440 urbs
348 5369 578 5440 Araerrm
608 5368 765 5440 epist.
795 5370 881 5435 12,
914 5373 1158 5440 oppidum
1197 5374 1473 5425 Arvernum

20 5424 73 5505 LII:-
100 5424 137 5486 ἧι
173 5436 311 5504 epist.
342 5436 518 5493 niti.u.
563 5447 617 5488 et
645 5424 737 5489 iib.
780 5424 881 5503 νηί
913 5424 1087 5505 epist.
1114 5424 1165 5495 δέ.
1197 5442 1285 5497 Sic
1313 5442 1468 5494 etiam

20 5492 217 5566 Marius.
240 5506 433 5559 Turon.
468 5504 645 5556 urbem
684 5492 1464 5565 Arvernica‘niivocatrloruatt;

20 5560 226 5643 harben:
252 5575 596 5638 hiemalem,
623 5583 678 5626 et
701 5574 943 5627 civitatem
972 5560 1259 5643 Amerinum,
1282 5560 1467 5633 omnes

20 5642 90 5689 αιιι
115 5641 302 5702 adiecto.
353 5651 652 5727 Arvernam
695 5645 950 5713 absolute,
984 5654 1040 5701 ut
1069 5641 1306 5709 Romam.
1344 5662 1470 5708 ιιυο-

1581 4088 1744 4153 sonis,
1775 4088 1881 4157 62
1904 4086 1985 4141 vel
2012 4085 2316 4154 expetendis
2345 4085 2612 4153 aequaliter
2634 4086 2715 4140 vel
2739 4087 3002 4155 cavendis,
3029 4089 3119 4159 ju-

1580 4182 1701 4236 dicii
1728 4182 1984 4248 parilitate
2009 4178 2341 4252 certavimus.
2371 4178 2589 4245 Propter
2613 4192 2728 4247 quae
2756 4179 2951 4244 omnia,
2976 4195 3117 4249 prte-

1584 4281 1664 4326 ter
1692 4270 2066 4325 conscientiam
2095 4282 2212 4338 qure
2240 4268 2457 4321 interius
2490 4268 2581 4321 tibi
2612 4270 2764 4338 longe
2788 4272 3119 4338 praestantior

1581 4352 2024 4429 eminentiorque,
2074 4359 2296 4412 multum
2326 4357 2620 4412 voluntates
2666 4370 2873 4413 nostras
2907 4361 3118 4428 copula-

1585 4464 1733 4509 verat
1776 4454 2112 4508 decursarum
2155 4450 2449 4505 forinsecus
2497 4452 2759 4505 actionum
2810 4452 3116 4508 similitudo.

1582 4543 1683 4598 Sed
1714 4541 1851 4610 quod
1879 4540 2143 4593 fatendum
2165 4547 2265 4604 est,
2296 4540 2383 4591 diu
2406 4543 2596 4593 erectis
2623 4541 2895 4607 utriusque
2920 4543 3113 4594 amoris

1585 4632 1862 4694 machinis,
1902 4632 2016 4698 ipse
2039 4630 2265 4683 culmina
2294 4630 2521 4696 pretiosa
2561 4628 2800 4697 posuisti,
2836 4625 3115 4686 ecclesiam

1582 4718 1610 4757 δ
1639 4717 1858 4772 Arverni
1888 4716 2211 4783 municipioli
2240 4756 2254 4779 ,
2284 4716 2364 4769 cui
2395 4718 2700 4784 prepositus
2730 4718 2827 4771 etsi
2859 4718 3117 4775 immerito

1583 4810 1784 4873 videor,
1815 4818 2196 4874 peropportuna
2224 4806 2493 4865 oblatione
2535 4794 2899 4877 locupletando
2925 4827 2938 4863 :
2967 4811 3117 4879 cujus

1586 4884 1902 4970 possessioni
1932 4900 2213 4967 plurimum
2242 4900 2503 4955 contulisti
2540 4900 2913 4958 Cuticiacensis
2935 4904 3114 4973 praedii

1578 5098 1733 5149 modo
1764 5110 1899 5149 nunc
1937 5109 1965 5147 a
2005 5094 2315 5166 quibusdam
2370 5098 2607 5163 usurpari
2637 5100 2816 5166 erepit,
2855 5108 3110 5165 veterum,

1578 5168 1784 5233 Opinor,
1814 5178 1967 5235 nemo
1996 5165 2147 5235 dixit,
2176 5166 2269 5235 sed
2313 5169 2570 5218 Arvernos
2601 5165 2796 5235 nmg’ro
2825 5172 2991 5235 gentis
3020 5184 3112 5220 vo-

1577 5230 1781 5297 cabulo,
1812 5245 1865 5284 ut
1898 5232 2143 5303 Parisios,
2192 5232 2540 5299 Petrocorios,
2585 5230 2790 5296 Remos,
2828 5230 3112 5303 postquam

1580 5320 1701 5357 usus
1733 5301 1968 5371 invaluit,
2000 5313 2057 5354 ut
2090 5303 2330 5369 princeps
2359 5306 2607 5371 cujusque
2637 5303 2805 5370 populi
2844 5312 2894 5354 et
2923 5301 3111 5358 civita-

1582 5375 1646 5425 tis
1684 5369 1927 5438 Oppidum
1977 5372 2241 5423 commuui
2282 5372 2397 5436 ejus
2444 5369 2650 5427 nomine
2697 5380 2986 5423 ornaretur.
3040 5376 3112 5431 ita

1580 5441 1718 5495 enim
1752 5438 1968 5505 Plinius,
2019 5439 2372 5505 Marcellinus,
2402 5442 2635 5502 Orosius,
2678 5438 2940 5499 Paulinus,
2968 5438 3112 5494 Noti<

1567 5509 1631 5561 tia
1659 5504 1963 5561 Occidentis
1992 5516 2047 5561 et
2073 5504 2161 5561 alii
2197 5510 2549 5564 Arvernorum
2579 5506 2778 5567 urbem,
2809 5520 2963 5571 quam
2990 5507 3111 5563 Cla-

1569 5593 1680 5629 rum
1731 5576 1956 5629 Montem
2006 5578 2259 5647 dicimus,
2294 5584 2552 5633 Arvernos
2580 5572 2882 5641 appellant,
2922 5576 3105 5633 Arver-

1573 5662 1689 5700 nam
1725 5658 2006 5713 nunquam.
