3812 6226
605 204 704 261 899
1839 203 2077 261 δωοΝιι
2109 202 2553 265 ΑΡοιωΝΑῐιιε

1138 312 1459 369 EPISTOLA
1507 314 1593 369 Ν.
2163 317 2218 375 Α

962 401 1204 457 Sidonius
1232 400 1392 456 Felici
1414 420 1509 457 suo
1533 403 1768 459 salutem.

3667 219 3729 279 50

3667 221 3761 283 500

2784 325 3105 384 EPISTOIA
3143 328 3227 384 Vl.

672 502 700 531 ι·
729 492 959 549 Gozolas,
993 493 1202 548 natione
1246 492 1485 561 ludzeus,
1537 495 1701 551 cliens
1747 494 1991 549 culminis
2023 495 2135 561 tui,

605 582 749 649 cujus
773 580 899 635 mihi
926 596 1131 651 quoque
1156 592 1297 637 esset
1326 597 1546 651 persona
1585 582 1729 638 cordi
1749 625 1766 651 ,
1793 584 1835 637 si
1867 599 1969 638 non
2000 591 2140 638 esset

605 680 746 724 secta
774 670 1065 740 despectui,
1092 670 1262 725 defert
1286 670 1485 727 litteras
1512 687 1682 738 meas,
1717 686 1847 740 quas
1870 673 2139 742 granditer

604 761 790 817 anxius
830 762 1066 817 exaravi.
1095 761 1352 831 Oppidum
1397 763 1657 831 siquidem
1694 771 1959 830 nostrum,
1989 762 2140 831 quasi

604 850 882 919 quemdam
905 853 985 905 sui
1016 852 1194 906 limitis
1216 852 1436 922 Oppositi
1455 852 1678 921 obicem,
1707 852 2140 908 circumfusarum

605 942 756 995 nobis
794 943 1023 1010 gentium
1056 958 1201 997 arma
1230 943 1535 997 terrificant.
1566 942 1654 999 Sic
1692 943 1997 997 aemulorum
2041 942 2139 996 sibi

606 1031 658 1084 in
690 1030 861 1084 medio
888 1033 1037 1099 positi
1068 1032 1377 1101 populorum
1402 1031 1752 1101 lacrymabilis
1794 1031 1968 1099 praeda
1990 1070 2005 1095 ,
2053 1043 2141 1083 su-

609 1121 775 1188 specti
801 1119 1281 1188 Burgundionibus,
1313 1120 1537 1190 proximi
1587 1119 1801 1180 Gothis.
1834 1134 1932 1175 nec
1975 1119 2141 1188 impu-

608 1221 857 1275 gnantum
893 1211 1002 1279 ira,
1031 1226 1127 1266 nec
1150 1210 1178 1248 δ
1210 1220 1626 1280 propugnantum
1655 1224 1896 1264 caremus
1926 1209 2140 1264 invidia.

610 1299 714 1353 Sed
744 1298 933 1353 isthinc
958 1300 1106 1353 alias.
1135 1300 1337 1354 interea
1357 1301 1402 1354 si
1427 1300 1503 1355 vel
1527 1314 1685 1368 penes
1711 1314 1803 1353 vos
1832 1308 1974 1353 recta
1996 1307 2141 1362 sunt,

609 1405 745 1444 nene
764 1400 864 1444 est.
893 1389 1068 1459 Neque
1092 1391 1228 1444 enim
1252 1390 1545 1460 bujusmodi
1576 1400 1789 1459 pectore
1808 1390 1913 1459 69
1937 1403 2137 1455 sumus,

610 1490 669 1535 ut
714 1480 836 1536 licet
882 1481 1075 1553 apertis
1101 1481 1195 1551 ipsi
1226 1484 1423 1551 panis,
1476 1491 1691 1551 propter
1726 1481 2004 1536 criminum
2054 1496 2144 1535 oc-

607 1572 781 1635 culta,
810 1570 1119 1639 plectamur;
1150 1586 1254 1627 non
1283 1574 1365 1641 agi
1396 1586 1676 1642 prospere,
1724 1572 1807 1626 vel
1851 1571 2143 1640 ubicunque

2526 393 2767 469 Sidonius
2793 412 3103 485 d-Eutrepio
3129 434 3224 472 suo
3252 421 3488 473 salutent.

2306 500 2364 556 Si
2395 505 2586 556 veteris
2624 504 2951 571 commilitii,
2998 508 3044 562 si
3087 507 3337 576 deinceps
3380 509 3635 565 innovate
3675 525 3758 581 per

2238 591 2355 646 dies
2377 593 2561 661 gratim
2594 595 2729 651 bene
2766 597 3240 666 imprcseutiarum
3270 600 3402 655 fides
3428 613 3598 657 vestra
3621 605 3757 658 remi-
3800 660 3801 667 η

2238 684 2475 749 niscitur,
2512 684 2745 751 profecto
2776 687 3064 757 intelligitis
3107 699 3165 743 ut
3200 704 3295 745 vos
3324 690 3390 746 ad
3443 681 3756 761 dignitatum,

2238 775 2318 833 sic
2368 790 2466 831 nos
2507 776 2571 831 ad
2618 777 3001 834 desideriorum
3058 780 3285 836 culmina
3341 781 3639 838 ascendere.
3691 785 3757 837 ita

2239 880 2466 936 namque
2491 866 2715 923 fascibus
2744 870 2929 925 vestris
2954 882 3221 939 gratamur
3246 888 3453 932 omnes.
3474 881 3531 927 ut
3548 881 3756 928 erectam
3800 908 3801 913 η

2239 969 2335 1024 per
2360 957 2478 1011 illos
2506 971 2610 1012 non
2661 958 2827 1028 magis
2855 968 3080 1014 vestram
3119 959 3332 1015 domum
3362 975 3517 1029 quam
3546 970 3756 1016 nostram

2240 1044 2524 1099 amicitiam
2570 1060 2899 1101 censeamus.
2951 1047 3125 1102 Testis
3169 1056 3251 1102 est
3277 1047 3366 1103 ille
3394 1058 3664 1116 tractatus,
3714 1052 3756 1104 in

2240 1146 2346 1200 quo
2371 1132 2747 1190 exhortationis
2797 1150 2931 1191 mea
2977 1150 3081 1190 non
3129 1137 3401 1191 minimum
3450 1138 3755 1194 incitamenta

2239 1222 2513 1276 valuerunt
2545 1240 2558 1276 :
2585 1222 2775 1291 quibus
2803 1224 2887 1277 vix
2913 1224 3155 1292 potuistis
3179 1225 3385 1291 adduci,
3421 1234 3478 1279 ut
3501 1226 3753 1295 prateetuo

2242 1326 2353 1365 ram
2405 1311 2747 1379 philosOphim
2785 1310 3274 1381 jungerelis,cum
3317 1327 3412 1367 vos
3450 1316 3757 1368 consectanei
3800 1366 3801 1383 η

2241 1400 2401 1454 vestri
2430 1397 2614 1455 Pldtini
2644 1399 2977 1469 dogmatibus
3005 1403 3341 1466 inhaerentes,
3372 1401 3439 1456 ad
3465 1402 3756 1470 profundum

2242 1488 2620 1557 intempestiva:
2651 1490 2845 1558 quietis
2886 1491 3054 1544 otium
3107 1490 3494 1546 Platonicorum
3539 1491 3758 1560 palustre
3800 1486 3801 1555 ἶ

2243 1580 2502 1647 rapuisset
2533 1597 2547 1634 :
2580 1580 2726 1650 cujus
2751 1580 3043 1649 disciplinas
3066 1591 3188 1636 tunc
3208 1580 3321 1636 fore
3342 1584 3542 1638 astruxi
3562 1584 3759 1637 liberam

609 1661 850 1718 velimus.
874 1662 1000 1717 Nam
1019 1670 1217 1718 certum
1239 1671 1340 1729 est,
1368 1678 1473 1718 non
1501 1663 1675 1717 minus
1692 1662 1959 1725 vitiorum,
1984 1677 2138 1731 quam
2173 1655 2219 1715 Β
2247 1667 2630 1738 professionem
2654 1710 2670 1735 ,
2699 1685 2817 1725 cum
2849 1670 2921 1724 nil
2949 1670 3158 1725 familiae
3186 1671 3471 1727 debuisset.
3506 1673 3659 1727 Ροιτυ
3683 1689 3758 1725 ευ.

607 1750 838 1805 hostium
862 1765 978 1806 esse
1004 1751 1305 1821 captivum,
1349 1751 1437 1820 qui
1482 1764 1585 1805 non
1628 1752 1791 1807 etiam
1830 1752 1968 1805 inter
2006 1751 2141 1804 mala

608 1849 844 1907 tempora
876 1841 1009 1895 bona
1043 1849 1160 1895 vota
1179 1840 1487 1895 servaverit.
1512 1840 1655 1896 Vale.

1163 1928 1489 1985 EPISTOLA
1530 1928 1587 1984 ν.

948 2016 1189 2072 Sidonius
1213 2016 1435 2087 Hypatio
1462 2034 1553 2072 suo
1577 2019 1807 2071 salutem.

682 2106 737 2162 Si
767 2106 846 2161 vir
873 2107 1193 2176 Spectabilis,
1226 2121 1533 2174 morumque
1555 2116 1845 2160 vesttorum
1873 2116 2144 2173 suspector

610 2188 1005 2261 admiratorque
1040 2194 1292 2249 Donidius
1338 2194 1503 2249 solam
1541 2195 1797 2249 rationem
1842 2194 2145 2248 domesticas

611 2284 849 2338 utilitatis
881 2282 1179 2343 habuisset,
1226 2284 1354 2337 satis
1384 2282 1693 2350 abundeque
1722 2281 1988 2334 sufficeret
2017 2282 2159 2348 lidcs‘

608 2386 782 2427 vestra
807 2372 1094 2427 commodis
1115 2372 1243 2434 suis,
1273 2372 1371 2425 etsi
1404 2372 1573 2424 nullus
1596 2373 1911 2423 intercessor
1933 2371 2147 2423 accede-

506 2478 513 2485 ·
608 2470 712 2515 ret.
749 2459 853 2515 Sed
878 2472 1055 2513 amore
1084 2472 1201 2511 meo
1225 2458 1414 2512 ductus
1440 2466 1548 2522 est,
1581 2467 1639 2511 ut
1662 2456 1801 2526 quod
1830 2458 1944 2523 ipse
1969 2472 2063 2527 per
2088 2472 2149 2513 se

609 2550 1004 2617 impetraverat,
1034 2560 1119 2599 me
1148 2546 1340 2601 faceret
1370 2545 1656 2613 postulare.
1688 2544 1866 2614 itaque
1893 2560 2030 2600 nunc
2051 2545 2147 2599 bo-

610 2639 727 2692 nori
758 2646 933 2691 vestro
962 2633 1048 2691 hic
1073 2649 1281 2703 quoque
1309 2634 1547 2688 cumulus
1574 2636 1851 2699 accrescit,
1878 2634 2015 2702 quod
2046 2636 2149 2688 duo

611 2726 868 2784 efﬁcimur
894 2724 1181 2790 debitores,
1207 2739 1323 2778 cum
1349 2734 1518 2777 tamen
1558 2739 1690 2777 unus
1716 2739 1748 2777 e
1775 2724 1924 2777 nobis
1949 2725 2149 2778 benefi-

612 2818 752 2871 cium
779 2825 1148 2885 consequstur.
1180 2825 1201 2853 °
1229 2814 1625 2869 Eborolacensis
1650 2814 1827 2882 praedii
1850 2810 2005 2868 etiam
2026 2824 2148 2870 ante

613 2904 870 2960 barbaros
910 2905 1193 2959 desolatam
1235 2904 1566 2958 medietatem
1586 2944 1601 2970 ,
1631 2920 1747 2973 quae
1773 2904 1958 2959 domus
1987 2907 2148 2973 patri-

613 2993 709 3047 cize
748 2993 866 3060 jura
912 2992 1067 3046 modo
1111 2993 1355 3061 respicit,
1402 2992 1650 3059 suli'ragio
1701 3003 1878 3047 vestro
1910 2993 2013 3061 juri
2052 3009 2147 3048 suo

613 3088 757 3147 optat
779 3079 1009 3149 adjungi.
1046 3078 1222 3149 Neque
1242 3080 1305 3134 ad
1328 3080 1461 3135 banc
1482 3078 1908 3157 nundinationem
1935 3083 2146 3137 stimulo

616 3170 945 3239 cupiditatis,
992 3171 1085 3226 sed
1127 3180 1363 3240 respectu
1392 3173 1544 3226 avita:
1574 3172 1949 3227 recordationis
1976 3173 2144 3226 addu-

614 3259 772 3314 citur.
818 3260 1083 3329 Siquidem
1114 3259 1259 3315 fundi
1297 3260 1457 3329 ipsius
1503 3261 1772 3329 integritas
1803 3262 2008 3315 familia-
2037 3276 2147 3316 sum

612 3348 922 3413 dominium,
970 3364 1132 3417 usque
1176 3350 1227 3401 in
1255 3351 1452 3417 obitum
1478 3350 1642 3403 vitrici
1672 3364 1838 3417 nuper
1861 3352 1961 3403 vita
1990 3351 2146 3405 dccc-

613 3439 807 3501 dentis,
838 3438 1058 3504 aspexit.
1091 3437 1236 3491 Nunc
1280 3448 1453 3491 autem
1502 3439 1581 3491 vir
1630 3439 1787 3493 alieni
1837 3455 1939 3493 non
1991 3456 2149 3509 appe-

613 3537 752 3592 tens,
783 3527 863 3579 sui
889 3541 1076 3595 parcus
1096 3569 1110 3593 ,
1143 3526 1486 3594 possessionis
1516 3527 1740 3596 antiquae
1769 3543 1799 3582 a
1827 3542 1885 3582 se
1910 3530 2148 3583 alienata:

612 3632 723 3671 non
786 3624 890 3667 tam
950 3600 1142 3667 damno
1209 3614 1415 3683 angitur
1457 3630 1613 3683 quam
1668 3617 1868 3684 pudore
1920 3633 1935 3671 :
1993 3634 2145 3687 quam

614 3713 676 3759 ut
722 3703 978 3758 redimere
1006 3714 1244 3769 conetur,
1275 3717 1376 3757 non
1404 3706 1637 3759 avaritia:
1668 3706 1824 3772 vitio,
1861 3709 1952 3775 sed
2001 3724 2149 3764 vere-

616 3794 820 3850 cundia:
868 3802 1177 3848 necessitate
1219 3795 1569 3860 compellitur.
1629 3795 1884 3851 Tribuere
1935 3797 2149 3866 dignare

614 3884 752 3938 votis
776 3884 882 3953 70
909 3886 1043 3948 suis,
1081 3884 1320 3950 precibus
1359 3883 1522 3947 meis,
1571 3884 1803 3939 moribus
1834 3886 1933 3939 tuis
1953 3926 1967 3951 ,
1999 3896 2055 3941 ut
2083 3887 2149 3940 ad

614 3970 925 4028 soliditatem
982 3971 1117 4025 ruris
1171 3972 1320 4026 istius
1368 3982 1418 4027 te
1459 3975 1818 4042 patrocinante
1847 3978 2146 4044 perveniat,

618 4064 701 4118 cui
728 4078 837 4117 rem
863 4072 1159 4131 parentum,
1187 4063 1388 4131 sibique
1416 4079 1517 4116 non
1545 4066 1713 4117 solum
1741 4075 1938 4130 notam,
1969 4083 2148 4121 verum

618 4152 779 4207 etiam
810 4152 943 4204 inter
972 4151 1209 4204 lactentis
1250 4151 1482 4204 infantiae
1524 4153 1816 4206 rudimenta
1863 4166 2148 4222 reptatam,

620 4240 758 4291 sicut
780 4238 1038 4303 recepisse
1058 4250 1240 4302 parum
1271 4236 1610 4301 fructuosum,
1636 4241 1710 4290 sic
1734 4253 1834 4292 non
1864 4244 2151 4297 emeruisse

622 4325 779 4379 nimis
810 4326 1016 4376 videtur
1048 4323 1310 4391 ignavum.
1342 4324 1450 4389 Ego
1478 4338 1603 4378 vero
1633 4335 1831 4379 tantum
1860 4329 2153 4397 obstringar
2181 4310 2229 4368 Ῑ)

622 4409 857 4474 indultis,
884 4424 945 4463 ac
970 4411 1012 4462 si
1042 4426 1169 4464 meae
1207 4410 1443 4479 proﬁciat
1470 4414 1799 4480 peculiariter
1825 4418 2149 4483 proprietati,

622 4498 869 4568 quidquid
901 4514 1047 4553 meus
1077 4509 1231 4554 mtate
1262 4500 1437 4567 frater,
1470 4503 1797 4570 professione
1839 4508 2008 4575 ﬁlius,
2041 4511 2154 4565 loco

623 4588 775 4651 civis,
806 4586 905 4641 fide
933 4588 1147 4655 amicus,
1178 4592 1456 4658 acceperit.
1494 4591 1636 4648 Vale.

696 4742 851 4821 s-Per
869 4756 1020 4819 quem
1065 4741 1224 4821 Felici
1245 4741 1417 4821 eidem
1438 4745 1618 4821 scribit
1644 4749 1735 4801 lib.
1762 4767 1832 4815 tv,
1860 4756 2079 4821 epistola
2102 4759 2153 4814 5.

621 4811 1122 4883 Narbonensisergo
1147 4812 1308 4883 patria
1333 4813 1446 4876 fuit,
1473 4822 1528 4883 ut
1558 4816 1771 4883 Magnus
1794 4811 1961 4875 Felix.

691 4880 718 4917 δ
749 4879 1168 4943 Burgundionum
1203 4878 1345 4939 item,
1369 4883 1452 4944 qui
1480 4878 1828 4940 Romanorum
1853 4892 1901 4943 in
1926 4893 2026 4946 fide
2049 4904 2159 4947 ste-

625 4957 795 5026 terant
820 4954 939 5026 post
962 4960 1139 5014 pacem
1168 4947 1407 5026 abnaetio
1431 4948 1560 5026 duce
1580 4951 1773 5011 datam.
1806 4959 1979 5026 Itaque
2005 4964 2158 5015 Aetio

622 5014 989 5092 adfuerantitt
1017 5029 1181 5091 pugna
1224 5014 1688 5092 Catalaunjcatet
1732 5014 2160 5092 nuper'snb’An-

628 5086 825 5160 lJlellth
856 5082 1174 5160 Riothimnm
1208 5098 1379 5160 regem
1412 5086 1707 5152 reipublicae
1754 5082 2154 5160 (mderatum,a

628 5152 967 5223 Gothisacie
1012 5149 1181 5223 fumum
1212 5149 1544 5223 lugatnntqt'te
1574 5171 1885 5223 exceperant
1921 5182 1935 5217 :
1969 5149 2155 5219 utilioc

628 5221 781 5289 etiam
827 5220 961 5289 bello
1011 5220 1258 5270 Arvernis
1288 5220 1476 5289 auxilio
1522 5222 1676 5278 fuisse
1706 5220 1905 5285 'ntirum
1935 5251 2037 5289 non
2066 5238 2152 5287 sit.

629 5287 907 5367 lfropterea
934 5288 1151 5367 [iurin
1173 5288 1407 5367 gentibus
1434 5290 1496 5340 ad
1529 5292 1832 5363 Rhodanum
1866 5287 2030 5365 usque
2061 5321 2154 5367 [mo

630 5356 774 5473 tsittétsl,
807 5370 924 5471 rugatl
949 5356 1347 5469 lBurgundiones
1375 5360 1587 5425 q‘toque
1606 5368 1764 5418 armis
1793 5356 2009 5437 appetiit
2032 5356 2156 5433 ,ἰθ-

766 5438 856 5472 Ul'll
896 5438 908 5468 l
933 5443 939 5464 I
965 5439 1014 5473 8.

632 5429 713 5479 ste
736 5429 1014 5475 Jot'nannle.

706 5497 729 5525 ο
770 5487 1038 5543 Ebrolium
1068 5492 1223 5546 hodie
1265 5493 1564 5558 Oppidulum
1592 5502 1945 5563 Arvernorum
1978 5509 2041 5563 ad
2073 5509 2155 5563 Si-

2243 1767 2346 1812 tem
2374 1758 2590 1813 desidia:
2618 1760 2837 1814 vicinior
2862 1762 3144 1830 putabatur
3170 1772 3506 1830 contemptus
3531 1763 3615 1820 ille
3642 1764 3757 1817 mili.
3800 1744 3801 1749 γ

2242 1847 2348 1913 tim,
2378 1847 2441 1901 ad
2470 1863 2624 1917 quam
2649 1849 2888 1915 iactitant
2930 1852 3031 1920 71
3075 1850 3249 1915 lividi,
3281 1852 3535 1906 bonarum
3561 1854 3757 1920 partium

2241 1936 2381 1989 viros
2428 1952 2531 1989 non
2579 1951 2734 2005 posse
2782 1938 2955 2005 potius
3006 1954 3160 2006 quam
3216 1939 3359 1994 nolle
3406 1940 3755 1994 conscendere.

2242 2024 2403 2093 lgitur
2432 2025 2571 2093 quod
2603 2025 2719 2079 loco
2752 2027 2983 2095 primore
3028 2027 3141 2081 fieri
3180 2042 3273 2096 par
3300 2035 3402 2091 est,
3434 2029 3630 2096 agimus
3653 2044 3757 2097 gra-
3800 2046 3801 2057 ι

2244 2116 2341 2170 tias
2372 2115 2562 2170 uberes
2602 2114 2844 2183 Christo,
2873 2116 2962 2185 qui
2989 2124 3183 2171 statum
3210 2117 3540 2173 celsitudinis
3567 2127 3687 2182 tua,
3716 2130 3759 2171 ut

2244 2205 2499 2259 hactenus
2527 2217 2801 2271 parentum
2835 2205 3110 2259 nobilitate
3154 2206 3464 2272 decorabat,
3508 2208 3578 2261 ita
3621 2209 3758 2261 etiam
3800 2218 3801 2255 ὲ

2246 2307 2387 2347 nunc
2415 2294 2686 2347 titulorum
2729 2294 2991 2360 parilitate
3040 2293 3250 2363 fastigat
3280 2312 3294 2348 :
3326 2296 3481 2350 simul
3510 2306 3563 2351 et
3585 2300 3759 2350 animo-

2244 2400 2360 2437 rum
2388 2384 2582 2452 spebus
2610 2385 2799 2438 erectis
2825 2384 2903 2439 fas
2931 2393 3011 2439 est
3035 2385 3102 2440 de
3139 2396 3332 2441 caetero
3360 2401 3575 2456 sperare
3599 2390 3759 2442 melio-
3800 2392 3801 2397 ‘

2244 2487 2324 2526 ra.
2352 2472 2507 2527 Certe
2534 2473 2722 2528 creber
2764 2474 3160 2542 provincialium
3208 2490 3385 2530 sermo
3427 2486 3540 2542 est,
3588 2494 3758 2531 annum

2245 2561 2437 2616 bonum
2463 2560 2530 2616 de
2559 2562 2764 2631 magnis
2783 2604 2797 2627 ,
2831 2578 2935 2616 non
2967 2572 3069 2617 tam
3107 2563 3361 2619 fructibus
3386 2580 3539 2630 quam
3560 2577 3759 2635 potesta-

2252 2651 2394 2703 tibus
2439 2651 2824 2705 aestimandunt.
2854 2651 2965 2717 Qua
2994 2652 3060 2706 de
3089 2668 3147 2707 re
3173 2663 3405 2708 vestrum
3435 2662 3547 2720 est,
3575 2656 3761 2709 domine
3800 2702 3801 2709 η

2247 2741 2432 2808 major,
2475 2740 2923 2817 exspectationem
2971 2749 3202 2795 nostram
3250 2744 3657 2807 competentibus
3699 2746 3761 2795 di-
3800 2748 3801 2817 ξ

2248 2831 2619 2899 spositionibus
2672 2814 2955 2885 munerari.
2997 2830 3145 2885 Nam.
3175 2845 3377 2886 memor
3420 2831 3636 2901 originis
3678 2840 3762 2883 tua:

2249 2918 2503 2974 nobilium
2554 2919 2654 2974 sibi
2702 2920 2965 2988 persuasit
3011 2921 3324 2975 universitas
3367 2938 3380 2972 :
3420 2920 3645 2989 quaudin
3682 2934 3759 2972 nos
3800 2906 3801 2979 ξ

2175 2978 2220 3041 C
2249 3008 2426 3063 Sabini
2452 3008 2643 3062 familia
2666 2978 2880 3075 rexerit,
2905 3007 3174 3064 Sabiniani
3196 2978 3452 3064 familiam
3471 3024 3575 3065 non
3598 3010 3759 3064 timea-

2246 3099 2386 3154 dam.
2420 3098 2564 3152 Vale.

2780 3185 3106 3241 EPISTOLA
3147 3184 3256 3239 ΠΙ.

2609 3275 2851 3330 Sidonius
2879 3273 3042 3327 Felici
3067 3288 3163 3326 suo
3189 3273 3421 3327 salutem.

2316 3365 2550 3432 Longum
2595 3376 2623 3416 a
2665 3362 2854 3416 litteris
2891 3361 3215 3430 temperatis.
3248 3360 3410 3428 igitur
3437 3358 3641 3427 utrique
3681 3372 3757 3412 ne-

2244 3466 2412 3508 strum
2464 3467 2579 3507 mos
2619 3466 2747 3505 suus
2789 3453 3009 3521 agitur:
3053 3464 3152 3520 ego
3203 3451 3413 3520 garrio.
3441 3464 3536 3506 vos
3580 3449 3753 3505 tacetis.

2248 3543 2396 3601 Unde
2423 3544 2602 3607 etiam,
2634 3541 2715 3596 vir
2742 3542 2806 3595 ad
2836 3541 3036 3609 reliqua
3066 3539 3193 3595 fidei
3222 3541 3401 3595 cilicia
3425 3540 3662 3608 insignis,
3688 3553 3760 3606 ge-

2250 3648 2347 3688 nus
2378 3648 2497 3687 reor
2536 3647 2655 3686 esse
2695 3630 2934 3695 virtutis,
2980 3638 3127 3684 tanto
3155 3639 3207 3684 te
3230 3629 3339 3684 otio
3365 3643 3472 3682 non
3501 3642 3653 3694 posse
3679 3627 3761 3679 las~

2247 3726 2372 3779 sari.
2406 3723 2639 3791 Ecquid?
2693 3736 3028 3791 nunquamne
3056 3730 3297 3790 respectu
3325 3719 3608 3774 movebere
3639 3716 3763 3771 fami.

2248 3814 2487 3868 liaritatis
2517 3813 2777 3880 antiquae,
2827 3821 2884 3865 ut
2937 3810 3149 3865 tandem
3194 3824 3225 3864 a
3257 3810 3564 3872 continuati
3598 3806 3763 3863 silentii

2246 3905 2515 3973 proposito
2544 3904 2730 3972 pedem
2761 3902 2999 3957 referas?
3045 3911 3137 3956 aut
3166 3902 3381 3973 nescis,
3423 3901 3549 3970 quia
3585 3898 3764 3970 garrulo

2248 3972 2357 4045 non,
2376 3991 2693 4057 respondere
2715 3990 3009 4043 convicium
3028 3990 3142 4044 est?
3164 3972 3245 4043 Tu
3265 3991 3476 4056 retices,
3498 3988 3588 4043 vel
3606 3986 3767 4041 biblio-

2250 4078 2521 4131 thecarum
2562 4078 2788 4141 medius,
2818 4076 2901 4130 vel
2931 4085 3200 4145 togarum;
3252 4085 3306 4131 et
3351 4090 3380 4130 a
3427 4092 3512 4131 me
3564 4075 3764 4131 officium

2250 4166 2544 4234 paupertini
2567 4166 2825 4219 sermonis
2847 4175 3142 4233 exspectas,
3169 4167 3252 4219 cui
3278 4166 3571 4231 scribendi,
3596 4166 3639 4221 si
3658 4164 3766 4217 bene

2254 4254 2538 4323 perspicis,
2571 4254 2736 4321 magis
2763 4262 2843 4306 est
2884 4254 3113 4323 facilitas,
3150 4270 3305 4324 quam
3353 4254 3598 4309 facultas.
3641 4254 3766 4308 Certe

2254 4344 2336 4398 vel
2383 4352 2553 4396 metus
2598 4350 2778 4395 noster
2824 4342 3097 4394 materiam
3146 4353 3235 4396 tuo
3284 4344 3422 4412 stylo
3448 4344 3557 4413 72
3604 4342 3767 4397 faciat.

2257 4442 2625 4498 mementoque
2653 4430 2909 4482 viatorum
2939 4444 3122 4482 manus
3149 4445 3367 4497 gravare
3413 4430 3644 4498 chartis,
3669 4443 3769 4496 qutt-

2257 4530 2407 4575 tentts
2433 4520 2717 4590 amicorum
2744 4532 2867 4569 cura
2901 4518 3164 4571 relevetur
3192 4537 3206 4571 :
3239 4528 3291 4572 et
3320 4519 3561 4575 indicare
3592 4522 3767 4577 festina.

2254 4615 2296 4668 si
2330 4627 2486 4683 quam
2517 4610 2711 4679 praevio
2739 4608 2864 4677 Deo,
2909 4617 2932 4645 ο
2974 4619 3206 4678 quaestor
3245 4609 3552 4665 Licinianus
3578 4611 3770 4680 trepida-

2259 4762 2462 4817 caulam
2510 4760 2751 4820 fluvium,
2796 4766 3004 4810 vetusto
3052 4756 3509 4814 Benedictinorum
3561 4759 3769 4815 emnobio

2259 4840 2461 4884 notum.
2494 4830 2621 4883 Hinc
2651 4828 2902 4881 oriundus
2939 4834 3051 4879 erat
3078 4826 3328 4886 Donidius
3347 4867 3361 4887 ,
3395 4837 3522 4883 tunc
3550 4829 3768 4889 clericus,

2259 4909 2312 4952 et
2348 4900 2513 4952 incola
2563 4896 2703 4950 urbis
2736 4894 3478 4965 _Arvcrnag.__ldeo‘Sidonius
3530 4897 3771 4965 episcopus

2260 4968 2374 5020 loco
2402 4967 2564 5020 civem
2584 5007 2597 5029 ,
2630 4963 2951 5029 professione
2975 4962 3135 5015 lilium
3167 4962 3309 5014 dicit.
3567 4955 3583 4971 '
3670 4958 3681 4985 ‘

2332 5034 2357 5071 ἀ
2390 5036 2511 5087 Viro
2551 5035 2708 5087 nobili
2748 5042 2801 5085 et
2829 5030 3175 5098 phiIt-Sophize
3212 5030 3398 5086 studiis
3427 5032 3771 5097 dedito,nunc

2264 5104 2512 5168 prmfccto
2536 5102 2781 5167 praetorio
2807 5099 3113 5155 Galliarum.
3157 5099 3300 5169 Hanc
3342 5101 3483 5154 enim
3531 5100 3606 5169 illi
3620 5100 3771 5169 ρἱιιὶο

2266 5160 2421 5224 tatem
2444 5160 2751 5238 gratulatur.
2781 5170 2844 5223 Et
2867 5169 2987 5236 quia
3014 5168 3254 5238 eumdem
3283 5168 3455 5238 ipsum
3472 5168 3545 5224 ad
3564 5160 3768 5223 militiam

2242 5236 2539 5304 'palatin‘atn
2588 5248 2640 5289 et
2687 5238 2913 5291 honores
2962 5236 3313 5304 capessendos
3359 5236 3606 5294 hortatus
3644 5244 3767 5290 antea

2262 5310 2426 5359 fuerat
2455 5306 2542 5358 lib.
2575 5320 2611 5365 t.
2638 5306 2788 5373 epist.
2822 5306 2889 5371 6,
2936 5306 3048 5370 ejus
3077 5304 3160 5357 hic
3183 5305 3422 5373 epistolae
3451 5306 3708 5366 meminit,
3731 5308 3770 5353 et

2260 5374 2637 5426 exhortationis
2662 5382 2934 5426 tractatum
2964 5373 3210 5440 appellat.

2333 5452 2354 5477 ε
2396 5444 2561 5507 Quem
2606 5458 2634 5494 a
2673 5452 2859 5507 nepote
2906 5436 3135 5503 Augusto
3166 5443 3396 5508 legatum
3443 5442 3510 5495 ad
3560 5436 3765 5508 Ettritum

2261 5526 2438 5573 regem
2468 5526 2623 5574 supra
2649 5511 2963 5565 monuimus.
2992 5508 3070 5565 Ex
3099 5508 3196 5563 hac
3224 5507 3403 5564 autem
3434 5507 3648 5571 epistola
3682 5511 3767 5556 ιω
