3812 6226
130 210 221 260 Si!

1316 198 1776 261 bPiS'I'OLARUM
1816 209 1942 260 LIB.
1981 211 2067 260 ιιι.

3174 178 3289 268 5οέ

131 311 244 362 tion‘t
288 321 474 362 mutuae
509 309 722 380 januam
750 309 1044 365 securitatis
1081 311 1366 378 aperuerit.
1415 312 1641 366 Persona
1670 315 1718 373 Α
1746 321 1949 368 constat
1991 310 2338 378 inconciliari,
2366 313 2409 366 si
2441 313 2717 379 loquatur;
2748 328 2991 383 peccare,
3017 314 3061 368 si
3092 324 3288 382 taceat.‘

129 396 367 463 siquidem
392 405 505 463 est,"
529 405 591 451 ut
629 396 935 465 perhibent,
982 412 1171 467 magna
1220 396 1643 467 exspectatihnc,

130 484 284 552 major
323 486 549 537 adventu
578 525 592 549 ,
621 486 791 538 relatu
816 485 1085 550 sublimis,
1130 487 1456 555 inspectione
1482 489 1647 543 subli-

130 576 271 633 mior.
302 583 353 628 et
376 573 442 627 ob
471 574 647 627 omnia
690 573 954 628 felicitatis
993 585 1295 644 natumque
1321 576 1455 631 dona
1499 592 1650 631 tuon.
1692 620 1699 626 .

129 663 363 717 Slrubi'iis.
383 663 598 716 Summa
622 678 866 729 censura,
898 679 993 733 par
1016 666 1267 732 comitas,
1294 673 1349 719 et
1376 665 1648 731 prudentia

132 752 349 817 fidesque
373 751 536 804 misso
565 751 897 821 mittentique
917 744 1253 807 conveniens.
1281 751 1415 806 Nihil
1441 753 1650 807 allecta-

130 852 225 890 tum
242 838 663 906 simulatumque,
684 840 1005 908 ponderique
1020 854 1319 894 sermonum
1335 855 1457 894 vera
1478 843 1652 910 potius

127 929 373 982 severitas
417 944 574 1002 quam
616 929 913 984 severitatis
959 929 1207 993 imitatio;
1233 937 1287 982 et
1326 943 1428 981 non
1459 938 1515 983 ut
1541 929 1652 997 plu-

127 1018 268 1081 rimi,
315 1016 401 1085 qui
448 1031 567 1070 eutn
613 1017 814 1071 credita
842 1017 1139 1072 difﬁdenter
1183 1018 1443 1087 allegant.
1471 1018 1655 1073 volunt

127 1104 280 1160 videri
320 1105 487 1175 egisse
511 1119 573 1160 se
598 1107 821 1161 cautius.
871 1105 978 1160 Sed
1022 1122 1188 1176 neque
1219 1123 1286 1161 ex
1326 1107 1530 1161 illorum
1551 1147 1567 1172 ,
1597 1114 1655 1162 ut

129 1198 316 1261 ferunt,
345 1213 599 1261 numero,
644 1197 730 1268 qui
764 1208 967 1253 secreta
995 1198 1331 1268 dirigentium
1358 1200 1653 1276 principum

133 1286 470 1351 vrnditantes,
497 1288 735 1341 ambiunt
760 1302 791 1340 a
818 1286 1057 1342 barbaris
1078 1287 1212 1343 bene
1235 1289 1317 1357 agi
1338 1303 1457 1343 cum
1484 1288 1655 1358 legato

130 1376 288 1433 potius
312 1392 465 1445 quam
495 1392 615 1431 cum
648 1376 927 1445 legatione.
969 1376 1117 1431 Hunc
1145 1377 1296 1431 nobis
1322 1391 1525 1431 morum
1554 1377 1654 1432 viri

128 1475 354 1519 tenorem
379 1467 641 1521 secundus
662 1483 839 1520 rumor
863 1467 1079 1522 invexit.
1095 1464 1334 1521 Mandata
1352 1466 1654 1535 perniciter,

130 1557 169 1607 si
216 1570 342 1607 vero
383 1555 521 1608 dicta
572 1555 957 1623 conquadrant;
996 1564 1053 1608 ut
1084 1555 1336 1624 tantisper
1359 1570 1389 1609 a
1418 1554 1653 1625 pervigili

130 1647 345 1700 statione
389 1647 675 1714 respirent,
724 1661 855 1715 quos
882 1660 911 1699 a
942 1646 1227 1700 muralibus
1266 1646 1501 1701 excubiis
1547 1659 1651 1702 non
1680 1637 1729 1698 Β

129 1736 234 1787 dies
278 1733 589 1802 ninguidus,
621 1747 723 1787 non
764 1748 869 1787 nox
897 1732 1071 1789 illunis
1097 1742 1149 1789 et
1176 1734 1379 1789 turbida
1423 1735 1655 1803 receptui

130 1836 303 1877 canere
347 1824 664 1891 persuadent
698 1841 713 1876 :
742 1824 861 1892 quia
902 1824 1002 1878 etsi
1037 1824 1291 1879 barbarus
1336 1824 1389 1879 in
1434 1825 1656 1879 hiberna

132 1914 387 1980 concedat,
420 1929 568 1982 mage
595 1914 842 1969 dilferttnt
872 1931 1027 1984 quam
1056 1917 1354 1985 relinquunt
1376 1918 1538 1971 semel
1567 1932 1653 1970 ra-

132 2004 339 2057 dicatam
384 2003 543 2059 corda
574 2002 926 2058 formidinem.
967 2005 1182 2073 Palpate
1220 2019 1317 2059 nos
1358 2007 1653 2073 prosperis,

132 2093 237 2158 quia
266 2090 440 2146 nostra
472 2107 575 2147 non
603 2101 707 2146 tam
734 2093 912 2161 procul
941 2100 1021 2148 est
1047 2108 1077 2147 a
1108 2093 1256 2147 vobis
1281 2108 1466 2159 causa,
1498 2110 1653 2163 quam

134 2181 308 2249 patria.
333 2180 507 2249 Vale.

500 2277 504 2280 ’
572 2271 675 2341 73
716 2271 1034 2325 EPlSTOLA
1075 2271 1207 2325 vm.

360 2426 363 2429 _
407 2348 653 2416 Sidonius
684 2370 710 2397 ⁸
741 2361 984 2414 Eucherio
1012 2377 1105 2414 suo
1132 2358 1361 2416 salutem.

193 2449 420 2503 Veneror
448 2448 710 2516 antiquos,
735 2464 840 2502 non
872 2458 1041 2502 tamen
1083 2449 1152 2502 ita
1182 2459 1239 2503 ut
1266 2452 1353 2519 qui
1396 2466 1656 2520 aequaevo-

135 2550 233 2589 rum
263 2551 499 2591 meorum
520 2536 743 2591 virtutes
770 2543 861 2590 aut
897 2537 1081 2590 merita
1122 2545 1449 2606 postponam.
1479 2539 1657 2609 Neque

134 2625 169 2677 si
210 2621 440 2678 Romana
488 2624 780 2692 respublica
828 2624 881 2678 in
922 2634 1158 2680 extrema
1186 2626 1299 2680 haec
1326 2629 1653 2685 miseriarum

135 2714 351 2778 deﬂuxit,
379 2725 436 2767 ut
462 2715 726 2769 studiosos
745 2716 826 2771 sui
848 2732 1111 2786 nunquam
1135 2729 1526 2787 remuneretur,
1550 2738 1653 2776 non

134 2804 308 2860 idcirco
367 2807 555 2861 Brutus
606 2806 1002 2877 Torquatosque
1055 2825 1161 2863 non
1208 2814 1417 2879 pariunt
1462 2815 1650 2867 saecula

136 2907 255 2947 mea.
274 2893 537 2958 Quorsum
577 2896 673 2957 ista
721 2894 873 2948 lueet
912 2895 1100 2964 inquis.
1146 2897 1219 2952 De
1262 2908 1315 2952 te
1340 2899 1405 2953 ad
1450 2909 1499 2952 te
1527 2901 1649 2952 mihi

1747 403 1851 459 Sed
1872 414 1927 469 et
1952 404 2049 473 ipsi
2074 406 2329 458 sarcinam
2361 406 2519 459 vestri
2547 405 2759 472 pudoris
2781 405 3105 474 inspicimus,
3132 404 3277 470 cujus

1748 494 1861 548 haec
1886 507 2095 563 semper
2116 493 2428 557 verecundia
2453 495 2577 559 fuit,
2608 502 2665 547 ut
2689 509 2785 562 pro
2812 495 2981 561 cnlpls
3006 493 3281 548 erubesce-

1747 585 1875 637 retis
1898 584 2103 636 alienis.
2132 581 2354 637 Gerulus
2374 584 2731 652 epistolarum,
2751 584 2983 652 humilis,
3005 585 3283 642 obscurus.

1748 669 2183 739 despicabilisque
2209 672 2366 725 etiam
2408 686 2572 741 usque
2606 672 2670 725 ad
2694 672 2946 729 damnum
2989 670 3283 724 innocentis

1748 758 1989 825 ignavize,
2016 759 2272 827 mancipia
2303 773 2431 824 sua,
2476 759 2749 814 Britannis
2784 761 2918 813 clam
2952 757 3284 813 sollicitanti-

1748 846 1866 911 bus,
1892 848 2113 901 abducta
2141 848 2400 913 deplorat.
2427 848 2687 902 lucertmn
2712 848 2836 902 mihi
2861 856 2941 903 est
2958 862 3025 902 an
3052 849 3118 903 sit
3137 845 3284 903 certa

1748 935 2022 992 causatio.-
2050 936 2142 991 sed
2188 936 2235 989 si
2285 936 2423 990 inter
2466 950 2642 990 coram
2687 937 2885 1005 positos
2924 931 3283 1007 aequanimiter

1749 1023 1952 1093 objecta
1980 1023 2303 1091 discingitis,
2352 1024 2578 1079 arbitror
2606 1024 2744 1095 hunc
2773 1025 3086 1079 laboriosum
3128 1040 3295 1093 posse

1750 1113 2002 1181 probare,
2047 1112 2186 1180 quod
2218 1112 2398 1181 objicit
2427 1128 2442 1166 :
2469 1113 2513 1167 si
2542 1121 2716 1167 tamen
2745 1114 2879 1166 inter
2908 1122 3117 1181 argutos
3136 1153 3150 1175 ,
3194 1128 3283 1168 ar-

1751 1212 1950 1264 matos,
1978 1200 2324 1261 tumultuosos
2343 1241 2358 1264 ,
2388 1200 2611 1264 virtute,
2662 1215 2877 1255 numero
2898 1242 2912 1265 ,
2941 1200 3280 1254 contubernio

1751 1296 2117 1354 contumaces,
2165 1288 2450 1356 poteritex
2482 1303 2633 1357 aequo
2660 1298 2713 1343 et
2749 1288 2885 1343 bono
2927 1288 3101 1354 solus,
3147 1288 3286 1342 iuer-

1750 1373 1850 1428 mis
1874 1414 1890 1438 ,
1914 1374 2151 1443 abjectus
2168 1414 2184 1441 ,
2218 1376 2476 1441 rusticus,
2509 1370 2843 1451 peregrinus,
2875 1391 3071 1447 pauper
3094 1375 3285 1432 audiri.

1750 1461 1899 1517 Vale.

2296 1555 2616 1613 EPISTOLA
2654 1555 2721 1609 Χ.

2078 1645 2320 1702 Sidonius
2345 1644 2583 1700 Tetradio
2610 1661 2701 1699 suo
2730 1646 2958 1698 salutem.

1822 1732 2106 1788 Plurimum
2137 1734 2303 1796 laudis
2338 1734 2558 1803 juvenes
2602 1733 2768 1788 nostri
2798 1733 3030 1787 moribus
3056 1733 3165 1786 suis
3188 1746 3285 1801 ap-

1755 1824 1978 1893 plicant,
2026 1824 2230 1894 qu0ties
2256 1825 2322 1879 de
2348 1826 2674 1896 negotiorum
2718 1823 2919 1878 meritis
2965 1820 3287 1889 ambigentes

1754 1914 1820 1966 ad
1865 1916 2150 1987 peritorum
2190 1914 2408 1969 consilia
2452 1900 2733 1968 decurrunt
2776 1929 2788 1963 :
2833 1909 2981 1964 sicuti
3026 1923 3164 1963 nunc
3207 1908 3287 1961 vir

1754 2002 2075 2057 clarissimus
2119 2002 2457 2068 Theodorus,
2498 2000 2875 2069 domiquidem
2926 1998 3146 2064 nobilis,
3194 1998 3288 2053 sed

1753 2090 2155 2145 modestissimae
2204 2091 2619 2159 conversationis
2670 2090 2915 2159 Opinione
2963 2085 3286 2158 generosior,

1753 2180 1842 2249 qui
1870 2178 1963 2245 per
1990 2180 2193 2233 litteras
2220 2193 2362 2233 meas
2391 2179 2457 2231 ad
2486 2190 2598 2232 tuas
2618 2178 2848 2244 litteras,
2891 2177 2940 2229 id
2976 2185 3058 2231 est
3084 2176 3149 2230 ad
3174 2190 3288 2229 tne-

1754 2270 2079 2324 racissimum
2100 2269 2333 2336 scientia:
2355 2269 2547 2323 fontem
2568 2312 2583 2330 ,
2612 2267 2859 2321 laudabili
2887 2265 3134 2320 aviditate
3163 2281 3287 2334 pri»

1752 2355 2025 2423 ﬁciscitur,
2054 2372 2158 2410 non
2189 2356 2346 2410 modo
2383 2365 2708 2425 reperturus,
2735 2354 2840 2409 illic
2884 2354 2992 2422 ipse
3018 2353 3155 2422 quod
3204 2354 3286 2406 di-
3336 2400 3339 2403 .

1752 2455 1883 2511 scat,
1905 2447 2005 2501 sed
2026 2456 2079 2501 et
2098 2446 2315 2502 forsitan
2336 2446 2597 2500 relaturus
2632 2445 2755 2499 inde
2795 2443 3164 2514 quoddoccat.
3192 2440 3287 2495 Cui

1752 2545 1931 2589 contra
1964 2544 2199 2603 potentes
2248 2534 2623 2604 factiososque,
2672 2532 2717 2586 si
2758 2541 2929 2587 vestra
2968 2532 3070 2601 75
3101 2530 3287 2599 peritia

1752 2623 2074 2678 abundanter
2100 2639 2201 2677 non
2229 2624 2592 2691 opitularetur,
2621 2623 2892 2691 prudentia
2915 2623 3151 2675 consulta
3176 2618 3286 2673 suf-

1754 2714 1949 2769 ficeret.
1981 2714 2310 2781 Respondete
2328 2736 2349 2777 ,ι
2375 2714 2739 2775 obsecramus,
2792 2711 2891 2764 nisi
2935 2711 3081 2764 vobis
3110 2698 3283 2762 tamen

1752 2803 2022 2871 utriusque
2045 2813 2281 2856 nostrum
2310 2803 2465 2856 sociae
2492 2816 2677 2870 preces
2716 2802 2864 2855 oneri
2902 2799 3171 2853 fastidihve
3199 2813 3282 2853 ro-

1751 2894 2089 2959 putabuntur,
2127 2891 2322 2960 judicio
2362 2890 2491 2960 suo,
2535 2890 2835 2945 testimonio
2882 2904 3035 2954 meo;
3064 2896 3133 2942 .et
3159 2887 3283 2941 sub-

135 2995 291 3034 sermo
314 2990 428 3046 est,
469 2983 549 3035 vir
585 2963 1093 3049 etficacissime,icui
1136 2986 1293 3040 debet
1321 2988 1611 3055 respublica
1631 3030 1647 3055 ,
1677 2963 1721 3023 C
1750 2980 1991 3035 stantiam
2016 2993 2330 3053 causamque
2356 2981 2601 3052 supplicis
2630 2980 2967 3036 ﬂuctuantem
2997 2979 3283 3036 medicabi-

137 3068 257 3135 qaod
284 3070 596 3138 supradictis
615 3071 843 3125 solutum
871 3072 1045 3126 laudat
1066 3075 1301 3129 historia.
1324 3076 1651 3147 Quapropter

136 3161 282 3227 ignari
306 3176 481 3216 rerum
506 3163 779 3217 temeraria
806 3162 999 3231 judicia
1028 3165 1380 3232 suspendant,
1408 3182 1505 3222 nec
1533 3185 1651 3236 pcr-

136 3259 359 3304 severent
377 3250 505 3304 satis
532 3260 622 3305 aut
644 3251 908 3320 suspicere
933 3253 1250 3321 praeteritos,
1275 3256 1649 3324 autdespiccre

136 3349 400 3402 praesentes
439 3359 455 3397 :
486 3343 905 3412 quandoquidem
944 3342 1097 3399 facile
1131 3344 1405 3411 clarescit,
1442 3361 1649 3417 rempu-

136 3422 302 3482 blicam
333 3429 361 3468 δ
391 3434 586 3487 morari
631 3433 919 3497 beneﬁcia,
966 3447 1060 3489 vos
1102 3438 1313 3489 mereri.
1346 3434 1648 3507 Quanquam

139 3515 411 3575 mirandum
436 3522 706 3591 granditer
745 3538 852 3578 non
897 3523 997 3591 sit,
1044 3524 1254 3579 natione
1298 3526 1647 3584 feneratorum

137 3622 227 3662 non
255 3610 421 3665 solum
464 3611 744 3666 inciviliter
772 3612 1034 3668 Romanas
1058 3615 1194 3668 vires
1218 3615 1611 3672 administrante
1629 3658 1646 3685 ,

136 3711 293 3752 verum
336 3700 495 3754 etiam
545 3693 1006 3757 fundamentaliter
1028 3711 1283 3771 eruente,
1314 3706 1357 3758 si
1397 3706 1647 3760 nobilium

134 3785 339 3839 virorum
388 3788 830 3856 militariumque,
860 3800 914 3843 et
940 3805 1095 3858 supra
1137 3792 1221 3844 vel
1246 3806 1391 3857 spem
1422 3804 1644 3860 nostra,

134 3872 202 3923 vel
225 3868 520 3939 opinihnem
551 3877 715 3941 partis
734 3876 969 3929 adversa:
988 3877 1383 3944 bellicosorum,
1407 3893 1512 3934 non
1540 3884 1645 3935 tam

133 3957 370 4012 defuerint
399 3958 533 4013 facta
559 3974 715 4028 quam
743 3962 977 4027 praemia.
1012 3962 1155 4016 Vale.

648 4049 969 4105 EPISTOLA
1010 4052 1099 4107 IX.

391 4136 634 4205 Sidonius
665 4147 688 4178 ε
718 4140 982 4195 Riothamo
1010 4158 1101 4196 suo
1119 4145 1350 4198 salutem.

1748 3076 1812 3130 lis
1838 3078 2072 3145 responsi
2100 3076 2404 3132 salubritate
2434 3074 2625 3129 fulcite.
2656 3072 2805 3127 Vale.

2226 3167 2229 3171 ί
2323 3162 2645 3235 spissum
2682 3162 2773 3217 χι.

2022 3254 2263 3308 Sidonius
2292 3250 2319 3288 ἀ
2349 3250 2613 3319 Simplicio
2642 3265 2733 3303 suo
2762 3251 2991 3303 salutent.

1816 3342 1931 3399 Etsi
1974 3342 2289 3398 desiderium
2323 3351 2560 3396 nostrum
2601 3339 2914 3395 sinisteritas
2947 3348 3090 3393 tanta
3113 3340 3279 3394 comi-

1749 3443 1905 3497 tatur,
1938 3434 2180 3489 utetiam
2227 3448 2367 3488 nunc
2412 3432 2609 3487 nostris
2650 3431 2934 3486 invidearis
2973 3430 3278 3497 obtutibus;

1748 3540 1852 3579 non
1879 3524 2074 3579 idcirco
2101 3525 2145 3579 is
2171 3538 2248 3587 es,
2275 3525 2503 3578 virorum
2530 3524 2743 3591 optime,
2776 3522 2842 3577 de
2868 3523 3019 3591 cujus
3047 3535 3143 3575 nos
3172 3535 3282 3575 mo«

1747 3612 1891 3666 ribus
1915 3612 2108 3666 lateant
2142 3611 2283 3665 celsa
2325 3619 2635 3689 memoratu.
2678 3612 2751 3665 ita
2790 3611 2960 3664 cuncti
2991 3620 3279 3673 nostrates,

1746 3702 2009 3770 iidemque
2037 3710 2319 3756 summates
2350 3703 2466 3766 viri,
2500 3704 2813 3771 optimarum
2846 3711 2895 3757 te
2920 3701 3279 3755 exactissima-

1746 3802 1967 3853 rumque
2021 3789 2245 3855 partium
2301 3789 2788 3857 prmstantissimum
2834 3789 3281 3857 patremfamilias

1744 3888 1977 3928 consono
2008 3876 2273 3953 praeconio
2319 3884 2724 3946 prosequuntur.
2783 3878 3105 3944 Astipulatur
3159 3876 3282 3931 huic

1743 3963 1811 4019 de
1841 3973 1891 4019 te
1929 3965 2200 4019 sententia:
2229 3966 2514 4032 honorum,
2545 3966 2628 4020 vel
2656 3967 2733 4021 sic
2759 3965 2954 4019 electus
2983 3981 3163 4034 gener,
3193 3967 3280 4020 vel

1742 4055 1929 4110 educta
1954 4059 2031 4110 sic
2059 4056 2165 4109 illia
2198 4074 2212 4110 :
2241 4058 2293 4109 in
2322 4070 2543 4125 quorum
2587 4056 2769 4123 copula
2810 4065 2914 4115 tam
2942 4040 3148 4111 felicem
3190 4056 3281 4110 tibi

1744 4147 2153 4201 controversiam
2184 4156 2301 4201 vota
2339 4154 2683 4216 pepererunt,
2726 4153 2785 4199 ut
2811 4139 3073 4215 ambigas,
3102 4154 3279 4197 utrum

188 4220 427 4281 Servatur
469 4228 635 4282 nostri
686 4230 1008 4286 consuetudo
1057 4236 1316 4287 sermonis
1346 4240 1387 4300 ;’
1417 4250 1643 4309 namque
1672 4296 1715 4309 ,ι
1742 4235 1958 4303 judicio,
1984 4250 2048 4289 an
2079 4235 2407 4290 institutione
2448 4235 2795 4303 superaveris.
2827 4233 2927 4287 Sed
2957 4241 3128 4287 tamen
3156 4230 3279 4283 hinc

132 4313 389 4370 miscemus
415 4330 534 4370 cum
580 4317 893 4374 salutatione
934 4324 1315 4390 querimoniam
1349 4342 1364 4378 :
1397 4340 1499 4381 non
1525 4296 1641 4382 oin-
1666 4296 1720 4355 D
1743 4326 1827 4381 vel
1854 4325 2078 4379 maxime
2101 4331 2343 4392 parentes
2372 4324 2527 4377 ambo
2551 4322 2878 4376 venerabiles
2912 4331 3023 4374 este
3059 4318 3229 4371 securi
3260 4335 3273 4369 :
3352 4340 3367 4351 ε

130 4398 236 4456 nino
261 4402 378 4459 huic
405 4404 481 4458 rei
507 4406 798 4471 studentes,
826 4415 885 4460 ut
905 4409 1071 4478 stylus
1099 4419 1276 4465 noster
1297 4411 1401 4482 74
1424 4414 1490 4468 sit
1518 4414 1638 4470 ofﬂ-

129 4488 278 4542 ciosus
309 4493 358 4545 in
391 4493 577 4560 titulis,
607 4507 762 4561 asper
789 4495 840 4548 in
864 4496 1094 4563 paginis;
1134 4498 1227 4551 sed
1252 4502 1389 4567 quod
1418 4516 1475 4554 ea
1497 4517 1636 4555 sctu-

107 4584 113 4598 ί
129 4589 207 4641 per
222 4582 482 4650 eveniunt,
500 4582 567 4637 de
592 4583 778 4653 quibus
798 4584 899 4638 loci
924 4583 1027 4637 mei
1054 4594 1141 4637 aut
1158 4586 1354 4639 ordinis
1372 4580 1635 4643 hominem

1744 4415 1939 4468 idcirco
1981 4422 2199 4466 creteros
2241 4411 2477 4474 vincitis,
2520 4410 2657 4477 quod
2687 4423 2779 4461 vos
2810 4408 2899 4460 filii
2940 4407 3275 4460 transierunt.

1742 4502 1902 4569 igitur
1929 4501 2064 4553 dona
2086 4499 2235 4552 venia
2280 4499 2479 4550 litteras
2521 4498 2747 4566 primas;
2790 4510 2919 4563 quas
2958 4506 3015 4550 ut
3054 4499 3275 4552 necdum

1740 4590 1950 4643 mittere
1977 4587 2175 4641 desidia
2204 4585 2373 4640 fuerat
2391 4626 2406 4649 ,
2438 4586 2509 4640 ita
2538 4600 2727 4641 vereor
2750 4600 2815 4643 ne
2840 4586 2907 4640 sit
2928 4586 3133 4642 misisse
3152 4602 3275 4656 gara

131 4707 311 4789 legisse
338 4712 532 4781 liquet,
570 4729 686 4789 cum
716 4714 881 4789 Gothi
900 4717 969 4789 ah_
991 4717 1260 4789 obsidione
1289 4719 1637 4774 Arvernorum
1739 4721 1903 4788 signis
1951 4716 2262 4789 profligavit.
2306 4720 2412 4776 Nec
2459 4735 2584 4775 vero
2622 4721 2807 4774 mirum
2847 4730 2927 4775 est
2966 4737 3139 4789 regem
3171 4739 3274 4776 non

130 4772 173 4849 [tt
197 4772 409 4849 hiberna
428 4772 834 4837 concessissent.
857 4786 928 4838 De
950 4785 1218 4839 Liciniano
1240 4788 1425 4841 iterum
1447 4772 1640 4843 scribet

131 4839 219 4921 lib.-
233 4857 280 4921 1,
308 4848 524 4921 aristola
554 4852 707 4921 "iud
728 4853 1095 4921 ’Papianillam.

182 4907 277 4989 ω
302 4907 543 4967 'Virutn
590 4907 860 4989 illustrem
885 4933 1035 4974 vocat
1072 4924 1123 4975 in
1162 4926 1413 4977 concione
1442 4925 1635 4979 Bituri-

131 4987 249 5060 ιιι-ηερ
269 5016 291 5060 ε
317 4992 615 5060 senatorem
647 4987 929 5053 Gregorius
956 4989 1155 5043 Turou.
1182 4992 1327 5045 llunc
1352 4994 1490 5047 enim
1521 5009 1638 5049 esse

130 5046 326 5129 coniicio
339 5049 661 5129 Eucherium
680 5046 999 5119 senatorem,
1024 5073 1176 5125 quem
1198 5074 1227 5113 a
1249 5046 1485 5115 Victorio
1506 5046 1637 5118 duce

132 5114 552 5239 gctgncagmniis
580 5133 885 5189 oppressum
906 5162 922 5187 ,
964 5114 1305 5197 necatumque
1329 5142 1508 5185 narrat
1538 5114 1632 5211 lib:

163 5195 506 5335 ’21:}??qu
531 5268 684 5335 "nt--
714 5257 980 5335 τηοάςνατίο

175 5328 208 5399 ,ι
233 5320 494 5399 Britannia
516 5323 650 5399 regi,
668 5320 736 5379 ἰιι
758 5326 981 5399 Opinor:
1010 5346 1162 5399 quem
1192 5332 1408 5387 Eurieus
1428 5334 1629 5390 Anthe-

175 5338 208 5399 ,ι
233 5338 494 5377 nutunutu
521 5338 550 5377 r
634 5362 650 5387 ,
681 5338 736 5379 ut
758 5338 981 5394 opinor:
1010 5346 1162 5393 quem
1192 5338 1408 5387 Eurieus
1428 5338 1628 5390 Antlteo

134 5391 438 5470 procul”?
459 5338 686 5470 miliiiius
712 5394 1341 5470 suppetiasjerentemjin
1374 5416 1504 5470 pago
1543 5405 1628 5456 lli-

134 5460 298 5526 turico.
318 5469 373 5516 ut
393 5460 684 5517 Joruand'es
712 5463 763 5518 in
780 5460 945 5522 rebus
980 5464 1173 5525 Geticis
1199 5460 1387 5529 referti
1414 5460 1622 5529 collatis

1743 4788 1990 4855 appellari
2021 4788 2386 4851 Hiotltamum.
2432 4792 2572 4855 sive,
2627 4799 2682 4843 ut
2729 4788 3272 4853 Jornandes’scribit,

1740 4856 2081 4925 Btotltimum,
2108 4873 2225 4911 cum
2248 4873 2345 4912 nec
2372 4858 2716 4913 Gunduicium
2760 4858 2963 4911 llilarus
2994 4874 3143 4925 papa,
3177 4873 3275 4912 nec

1739 4923 2087 4990 Cltilpericum
2108 4925 2367 4995 Sidonius
2404 4942 2555 4992 rcges
2586 4934 2805 4992 vocent;
2846 4923 3072 4995 quorum
3096 4935 3270 4981 tamen

1740 5002 1957 5064 uterque
1979 5008 2080 5064 rex,
2101 4994 2194 5049 iuit
2220 4996 2662 5064 Burgundionum.

1808 5059 1941 5132 d_llli
1990 5061 2087 5127 ipsi
2116 5059 2368 5127 fortasse,
2406 5068 2492 5132 qui
2528 5065 2703 5131 paucis
2736 5071 2849 5132 post
2879 5061 3033 5132 annis
3055 5061 3274 5132 Sidonio

1740 5128 2046 5200 designante
2074 5145 2280 5186 creatus
2322 5142 2401 5186 est
2424 5128 2704 5200 episcopus
2734 5128 3085 5200 Bituriceusis.
3119 5130 3275 5200 Juvat

1738 5198 2091 5265 cnnjecturam
2122 5203 2257 5268 quod
2302 5202 2367 5255 de
2400 5197 2649 5265 Simplicii
2679 5201 2831 5265 hujus
2861 5197 2992 5268 _lil_ii_s_
3018 5198 3089 5249 ait
3122 5215 3133 5249 :
3171 5198 3271 5251 Vos

1678 5312 1679 5315 η
1732 5264 1845 5334 ﬁlii
1872 5264 2174 5320 transierurit
2202 5285 2220 5322 :
2245 5271 2311 5324 de
2350 5270 2604 5335 Simplicii
2645 5264 2875 5335 episcopi
2905 5264 3028 5335 ﬁliis
3066 5268 3115 5318 in
3147 5282 3275 5320 ωη-

1732 5332 1915 5402 cione,
1962 5337 2151 5409 Quibus
2182 5332 2502 5409 comparatu—8
2538 5332 2692 5405 pater
2714 5334 2903 5405 felicior
2940 5332 3057 5388 inde
3101 5337 3272 5403 incipit

1730 5420 1835 5458 esse
1862 5404 1995 5472 quod
2022 5406 2257 5465 vincitur.

3367 145 3387 191 \
