3812 6226
80 178 161 236 505

1282 162 1753 226 EPISTOLARUM
1793 166 1919 223 LIB.
1962 169 2050 223 lli.

3156 168 3261 226 ωδ
3354 168 3357 177 .

79 296 243 351 alit-ctu
278 286 637 344 contubernia
681 284 815 356 fugis
851 280 1273 353 impudicorum;
1316 278 1605 345 pr.esertim
1635 281 1683 339 Α
1715 282 1948 337 verrucis
2015 264 2108 352 per
2161 282 2451 353 marg'nem
2501 248 2721 338 curvum
2777 278 3258 350 protuberantibus.

78 385 245 456 quibus
288 381 422 436 nihil
467 381 618 450 pensi
646 418 661 442 ,
700 377 826 432 nihil
854 374 1019 430 sancti
1048 380 1168 439 est,
1199 373 1252 426 in
1296 368 1616 441 appetendis

78 472 463 546 garriendisque
508 466 921 537 turpitudinibus
956 481 978 549 ξ
1015 460 1392 541 quiqne’quod
1441 460 1618 527 verbis

80 565 434 622 inverecundis
485 562 688 616 aurium
719 557 1043 627 publicarunt
1072 553 1420 609 reverentiam
1460 553 1619 607 ince-

80 667 227 723 stant,
271 654 555 727 granditer
597 650 699 705 sibi
740 648 988 704 videntur
1015 643 1291 700 facetiari:
1337 642 1444 712 79
1468 640 1618 709 cujus

82 748 275 803 vilitatis
306 760 433 801 esse
479 741 785 812 signiferum
831 737 1150 808 gnathonem
1194 732 1378 802 patria:
1424 738 1620 785 nostra:

81 843 149 896 rel
192 838 487 891 maximum
530 832 785 900 intelligo.
840 827 933 883 Est
992 825 1132 881 enim
1193 824 1279 877 hic
1322 834 1511 893 gurges
1555 820 1623 874 de

80 929 328 985 nitoribus
358 924 694 984 fabularum,
719 918 788 973 de
820 912 1283 972 concinnatoribus
1306 912 1620 971 criminum,

80 1022 138 1074 de
182 1017 526 1073 sinistrarum
574 1010 880 1079 opinionum
933 1001 1379 1074 duphcatoribus;
1436 1000 1626 1068 loquax

84 1116 201 1182 ipse,
239 1125 342 1166 nec
379 1108 561 1171 dicax,
594 1102 972 1171 ridiculusque,
1006 1113 1103 1153 nec
1132 1097 1306 1161 hctus,
1348 1108 1624 1161 arrogans-

82 1219 201 1273 que,
255 1214 358 1255 nec
415 1205 703 1260 constans,
743 1194 1127 1260 curiosusque,
1172 1202 1272 1243 nec
1313 1185 1651 1255 perspicax..

83 1308 220 1363 atque
264 1290 586 1345 indecenter
621 1285 869 1340 aﬂ'ectato
912 1283 1094 1349 lepore
1119 1319 1135 1343 ,
1181 1279 1298 1347 plus
1338 1276 1567 1329 rusticus
1607 1290 1622 1327 :

85 1395 300 1452 tempora
330 1377 624 1449 praesentia
654 1374 858 1438 colens,
889 1368 1151 1441 praeterita
1181 1378 1423 1434 carpens,
1453 1363 1624 1415 futura

86 1472 358 1527 fastidiens.
400 1465 699 1529 Beneficii,
744 1462 791 1517 si
821 1469 1095 1530 rogaturus
1130 1464 1251 1521 est,
1294 1455 1625 1521 importunus

86 1562 296 1631 petendi,
322 1561 618 1628 derogator
642 1552 836 1623 negati,
866 1549 1145 1604 aemulator
1163 1543 1385 1611 accepti,
1406 1540 1629 1597 callidus

1719 371 1900 427 Ponat
1924 380 1981 427 et
2004 385 2209 436 nasum,
2236 370 2322 441 qui
2346 386 2467 425 cum
2496 372 2566 424 sit
2594 363 2799 438 amplus
2818 369 2871 423 in
2898 368 3261 434 foraminibus,

1718 473 1775 519 et
1802 464 2015 518 strictus
2054 464 2107 518 in
2135 462 2303 532 spina,
2336 462 2417 517 sic
2460 463 2685 532 patescit
2714 460 2921 516 horrori
2944 498 2960 524 ,
2988 459 3130 529 quod
3168 472 3265 513 sn-

1718 562 1960 621 gustatur
1990 550 2227 606 olfactui.
2267 550 2550 607 Praetendit
2589 566 2651 607 os
2690 552 2851 607 etiam
2888 548 3049 604 labris
3091 550 3262 618 plum-

1722 643 1902 709 beum,
1932 643 2067 697 rictu
2098 641 2357 709 ferinum,
2379 641 2601 712 gingivis
2626 641 2958 710 purulentum
2976 681 2995 705 ,
3018 638 3262 694 dentibus

1721 733 1979 798 buxeum;
2026 731 2166 802 quod
2196 740 2410 801 spurcat
2437 732 2738 802 frequenter
2762 730 3037 786 exhalatus
3064 743 3097 785 e
3135 741 3267 783 con-

1722 835 1853 876 cavo
1881 822 2157 877 molarium
2186 821 2721 890 computreseentium
2762 821 3075 889 mephiticus
3108 822 3283 888 odor,’

1722 927 1879 979 quem
1932 911 2325 980 supercumulat
2364 912 2631 998 ssementa
2672 914 2897 969 ructatio
2932 912 3000 968 de
3043 913 3268 980 dapibus

1726 1001 1988 1059 hesternis
2037 1012 2092 1058 et
2115 1002 2515 1059 redundantiam
2562 1000 2766 1081 sentina
2806 1017 3097 1058 ctenarum.
3142 1004 3268 1058 Pro-

1727 1094 1822 1147 mit
1845 1102 1898 1148 et
1923 1092 2146 1148 frontem
2169 1133 2185 1158 ,
2215 1107 2334 1163 qua:
2364 1093 2666 1149 foedissimo
2692 1103 2842 1163 gestu
2865 1104 3036 1148 cutem
3068 1093 3227 1163 plicat
3252 1136 3268 1160 ,
3329 1154 3335 1159 ,

1724 1183 2007 1251 supercilia
2050 1184 2323 1239 distendit.
2353 1182 2527 1237 Nutrit
2553 1190 2609 1238 et
2637 1183 2874 1247 barbam,
2902 1197 3021 1251 qua:
3044 1182 3151 1250 jam
3190 1197 3264 1238 se-

1727 1282 1941 1329 nectute
1964 1289 2251 1330 canescens
2272 1312 2291 1341 ,
2322 1275 2380 1329 ﬁt
2406 1282 2584 1331 tamen
2626 1276 2812 1331 morbo
2839 1275 2990 1342 nigra
3036 1277 3273 1349 Syllano.

1724 1367 1829 1435 81
1856 1364 1985 1420 Tota
2012 1365 2242 1435 denique
2265 1372 2350 1421 est
2366 1366 2563 1420 misero
2592 1366 2754 1421 facies
2780 1367 2852 1422 ita
2876 1367 3088 1436 pallida,
3116 1368 3275 1426 veluti

1729 1469 1823 1523 per
1850 1461 2006 1509 horas
2031 1455 2232 1508 umbris
2259 1455 2589 1509 maestificata
2612 1455 2912 1511 larvalibus.
2944 1458 3117 1511 Taceo
3155 1456 3277 1511 reli—

1728 1561 1887 1614 quam
1915 1546 1995 1600 sui
2026 1545 2239 1611 molem,
2267 1547 2496 1601 vinctam
2523 1545 2769 1614 podagra,
2798 1545 3276 1614 pi‘nguedinesolu-

86 1627 387 1707 reformandi
411 1688 427 1714 ,
456 1627 711 1715 querulus
741 1638 989 1710 flagitati,
1018 1636 1262 1707 garrulus
1285 1633 1543 1696 rellilllli;
1573 1639 1625 1683 al
1661 1627 1701 1684 Β
1730 1647 1857 1691 tam.
1879 1636 2054 1691 Taceo
2079 1638 2358 1692 cerebrum
2381 1636 2566 1711 crebra
2588 1638 2759 1692 vibice
2781 1647 3105 1706 peraratum;
3136 1638 3275 1707 quod

84 1746 117 1795 si
146 1741 443 1809 rogandus,
486 1735 765 1791 simulator
800 1722 1001 1800 parati,
1039 1725 1398 1783 dissimulator
1444 1722 1625 1792 petiti,

86 1831 305 1885 venditor
359 1826 630 1897 prmstiti,
687 1822 979 1891 publicator
1016 1816 1242 1881 occulti,
1282 1815 1629 1870 calumniator

85 1924 268 1988 morati,
302 1920 576 1974 inficiator
609 1915 766 1971 soluti
798 1930 812 1967 :
848 1927 972 1966 osor
998 1909 1317 1979 jejuniorum
1344 1947 1359 1968 ,
1402 1913 1629 1960 set-tatur

85 2013 363 2082 epularum;
388 2007 719 2063 laudabilem
741 2003 1016 2073 proferens
1036 2015 1139 2054 non
1156 1999 1221 2054 de
1242 1990 1376 2052 bene
1395 1997 1625 2057 vivente,

86 2107 160 2157 sed
184 2104 245 2157 de
288 2102 429 2155 bene
478 2109 733 2168 pascente
760 2094 1097 2148 sententiam.
1127 2089 1271 2144 Inter
1299 2086 1415 2140 base
1453 2092 1627 2138 tamen

87 2193 179 2260 ipse
209 2190 583 2255 avarissimus,
614 2199 874 2256 quemque
896 2196 999 2237 non
1032 2182 1198 2249 pascit
1226 2188 1329 2231 tam
1359 2175 1506 2245 panis
1536 2174 1630 2229 bo-

90 2298 169 2337 nus
189 2297 341 2351 quam
373 2280 538 2348 panis
559 2266 764 2333 alienus
794 2290 807 2328 :
831 2273 933 2327 hoc
958 2271 1129 2326 solum
1154 2267 1439 2324 comedens
1464 2262 1627 2341 domi,

89 2371 250 2439 siquid
296 2384 329 2425 e
370 2369 549 2433 raptis
591 2367 727 2419 inter
755 2364 1024 2430 alaparum
1067 2357 1329 2427 procellas
1378 2353 1630 2425 praemisit

91 2460 314 2514 obsuniis.
344 2457 455 2512 Sed
490 2470 591 2518 nec
620 2462 703 2508 est
730 2466 856 2506 sane
882 2447 1233 2518 prmdieabilis
1260 2446 1358 2500 viri
1389 2447 1437 2498 in
1461 2453 1626 2499 totout

91 2549 262 2602 silenda
294 2546 604 2615 frugalitas;
626 2542 831 2610 jejunat
850 2540 1095 2608 quotiens
1125 2553 1227 2591 non
1249 2523 1497 2599 vocatur;
1532 2533 1625 2590 sed

92 2639 153 2693 sic
175 2652 374 2707 quoque
399 2635 621 2689 levitate
662 2629 966 2700 parasitica,
994 2628 1039 2682 si
1069 2628 1320 2683 invitetur
1343 2640 1625 2690 excusans,

91 2730 125 2780 si
160 2728 335 2782 vitetur
381 2726 709 2793 explorans,
748 2720 792 2776 si
831 2717 1144 2774 excludatur
1182 2716 1539 2787 exprobrans,
1581 2716 1626 2769 si

93 2819 367 2872 admittatur
391 2814 695 2875 exsultans,
729 2811 772 2864 si
800 2810 1111 2865 verberetur
1135 2814 1465 2875 exspectans.
1494 2806 1623 2860 Cum

92 2906 403 2971 discubuerit,
439 2904 614 2958 fertur
641 2909 896 2966 actutum,
925 2900 969 2952 si
993 2899 1141 2953 tarde
1168 2899 1427 2961 comedat,
1458 2899 1509 2951 in
1536 2912 1621 2951 ra-

1730 1744 1911 1797 parum
1935 1728 2157 1798 amplius
2179 1728 2282 1797 tegi
2306 1737 2512 1783 constat
2527 1729 2729 1798 capillis
2748 1745 2901 1797 quam
2924 1728 3273 1784 cicatricibus.

1728 1820 1902 1875 Taceo
1923 1835 2030 1888 pra:
2050 1818 2307 1875 brevitate
2329 1819 2573 1884 cervicis,
2598 1820 2805 1888 occipiti
2828 1822 3071 1888 supinato
3091 1834 3278 1889 scapu-

1730 1909 1896 1975 larum
1946 1909 2221 1967 adltaarere
2249 1909 2500 1964 confinia.
2525 1909 2699 1964 Taceo
2723 1908 2864 1978 quod
2890 1908 3086 1963 decidit
3110 1909 3278 1965 honor

1729 2002 1962 2056 humeris
1982 2041 1998 2067 ,
2032 2002 2192 2056 decor
2226 2000 2479 2065 brachiis,
2510 2000 2673 2055 robur
2701 1999 2934 2055 lacertis.
2958 2001 3133 2055 Taceo
3159 2000 3275 2055 chi-

1728 2093 1963 2160 ragricas
2011 2103 2197 2143 manus
2237 2090 2411 2143 unctis
2454 2090 2894 2157 cataplasmatum
2919 2091 3140 2157 pannis,
3164 2100 3278 2144 tan-

1727 2196 1883 2251 quam
1909 2180 2157 2235 ezestibus
2188 2180 2472 2234 involutas.
2505 2181 2679 2235 Taceo
2707 2182 2846 2250 quod
2868 2183 3067 2235 alarum
3090 2197 3277 2249 specu-

1728 2270 1824 2323 bus
1838 2271 2057 2325 hircosis
2069 2283 2224 2339 atque
2239 2269 2600 2325 acescentibus
2624 2270 2787 2325 latera
2810 2274 3010 2339 captiva
3027 2272 3273 2338 vallatus,
3343 2303 3346 2306 η

1727 2375 1884 2417 nares
1910 2361 2407 2416 circumsedentiurn
2437 2361 2684 2415 ventilata
2715 2361 2940 2429 duplicis
2972 2361 3273 2429 Ampsancti

1728 2458 1874 2520 peste
1905 2450 2148 2506 funestat.
2189 2450 2360 2519 Taceo
2386 2451 2575 2504 fractas
2617 2451 2851 2520 pondere
2879 2452 3073 2505 arvinae
3099 2452 3274 2520 jacere

1726 2558 1981 2597 mammas
2000 2585 2013 2607 ,
2047 2555 2283 2612 quasque
2312 2536 2508 2596 fmdum
2532 2551 2675 2597 esset
2705 2544 2757 2597 in
2786 2553 2999 2611 pectore
3035 2542 3170 2597 virili
3192 2543 3273 2598 vel

1726 2634 2058 2701 prominere,
2093 2633 2186 2685 has
2225 2641 2280 2686 ut
2309 2632 2471 2687 ubera
2519 2640 2754 2687 materna
2785 2634 3055 2688 cecidisse.
3101 2635 3273 2687 Taceo

1726 2722 1928 2775 ventris
1958 2721 2133 2774 innexi
2181 2720 2436 2788 pendulos
2478 2734 2656 2774 casses
2688 2720 2907 2787 partium
2931 2722 3232 2789 genitalium
3254 2764 3267 2786 ,

1723 2813 1843 2880 quia
1874 2812 2134 2865 debilibus
2162 2809 2447 2878 pudendae,
2479 2810 2716 2877 turpibus
2747 2810 2889 2876 rugis
2910 2810 3111 2877 turpius
3141 2825 3272 2879 prze~

1723 2902 1847 2955 bere
1868 2901 2126 2955 velamen.
2148 2899 2260 2953 Jam
2285 2899 2407 2968 quid
2436 2899 2521 2952 hic
2544 2909 2766 2977 tergum,
2797 2900 3106 2967 spinamque
3127 2915 3271 2954 com—

95 2997 245 3065 piuas;
284 2995 329 3048 si
346 2980 472 3047 ‘cito
518 2997 807 3055 saturetur,
847 2987 898 3041 in
945 2988 1235 3058 lacrymas;
1270 2987 1313 3039 si
1352 2987 1526 3050 sitiat,
1568 2986 1621 3038 in
1649 2959 1692 3019 C
1725 2988 2046 3043 memorem?
2088 2987 2153 3041 de
2183 2988 2333 3054 cujus
2375 2987 2499 3041 licet
2539 2974 2955 3043 internodiorum
3004 2989 3271 3045 fomitibus

96 3084 337 3154 querelas;
386 3086 432 3137 si
486 3078 814 3144 inebrietur,
866 3078 915 3131 in
946 3078 1205 3140 vomicas;
1250 3076 1293 3129 si
1321 3075 1537 3143 fatiget,
1568 3074 1618 3127 ln

100 3174 437 3237 routemelias,
491 3167 540 3223 si
568 3167 829 3237 fatigetur,
878 3166 928 3220 in
956 3164 1116 3219 furias
1149 3179 1162 3217 :
1195 3164 1478 3218 fetuleutim
1507 3178 1621 3216 om-

98 3268 198 3317 nino
221 3279 309 3332 par
333 3261 581 3326 cloacali,
631 3273 748 3329 quae
777 3271 879 3326 quo
909 3256 1025 3325 plus
1066 3263 1348 3319 commota,
1380 3254 1492 3321 plus
1512 3253 1621 3322 80

98 3353 230 3407 ietida
252 3362 346 3407 est.
382 3352 457 3405 lta
504 3352 692 3403 virens
718 3348 892 3415 paucis
926 3345 1212 3414 voluptati,
1239 3343 1395 3398 nullis
1418 3343 1615 3409 amori,

99 3441 307 3495 euntibus
344 3442 479 3495 risui
512 3448 596 3492 est
625 3454 639 3490 :
675 3438 964 3491 vesicarum
991 3442 1190 3503 ruptor,
1218 3434 1515 3503 fractorque
1548 3431 1622 3486 fe-

99 3534 327 3598 rularum;
360 3532 578 3587 bibendi
608 3530 814 3592 avidus,
841 3528 1043 3581 avidior
1066 3526 1403 3595 detrahendi,
1436 3525 1621 3579 rabido

101 3624 261 3689 pariter
288 3638 381 3678 ore
402 3624 618 3691 spirans
645 3635 873 3682 ccenum,
899 3632 1144 3685 Spumans
1163 3618 1339 3669 vinum
1360 3656 1375 3680 ,
1404 3618 1621 3691 loquens

100 3688 355 3778 venenum,
407 3688 536 3765 facit
591 3706 782 3776 ambigi
833 3707 1091 3776 puditior,
1146 3688 1511 3767 temulentior,
1552 3720 1617 3758 an

101 3805 409 3871 facinorosior
464 3800 819 3855 existimetur.
871 3796 974 3849 Sed
1025 3795 1176 3861 dicis,
1217 3794 1377 3845 animi
1425 3794 1617 3860 probra

100 3899 218 3948 vultu
243 3897 462 3954 colorat,
497 3902 552 3945 et
589 3889 899 3957 deprecatur
929 3887 1151 3955 ineptias
1180 3886 1370 3937 mentis
1398 3885 1617 3953 qualitas

100 3983 319 4051 corporis.
357 3982 592 4048 Elegans
636 3976 877 4030 videlicet
926 3974 1083 4027 homo
1128 3982 1613 4042 pervenustusque,

99 4072 313 4140 Cujusque
362 4072 433 4124 sit
479 4067 785 4137 Spectabilis
836 4079 1055 4133 persona
1099 4066 1408 4119 visentibus.
1464 4064 1617 4119 Enim

102 4175 202 4214 Vero
223 4162 302 4214 illa
328 4159 598 4215 sordidior
620 4167 776 4223 atque
806 4155 1093 4209 deformior
1129 4163 1209 4207 est
1235 4156 1489 4208 cadavere
1533 4169 1617 4208 νος

100 4252 197 4315 gali,
219 4251 347 4320 quod
380 4248 591 4304 lacibus
617 4246 846 4324 admotis
874 4245 1359 4309 semicombustum,
1389 4260 1615 4313 moxque

102 4340 271 4396 sidente
290 4352 430 4396 strue
463 4340 685 4394 tortium
715 4337 1013 4390 devolutum
1042 4376 1055 4398 ,
1084 4334 1305 4389 reddere
1338 4351 1477 4406 pyra:
1503 4337 1609 4404 jam

104 4432 365 4487 fisudiosus
404 4410 691 4500 pollinctor
720 4426 982 4479 exhorret.
1013 4426 1205 4479 Praeter
1238 4428 1348 4479 haec
1370 4467 1384 4491 ,
1417 4420 1611 4481 lumina

102 4523 207 4587 gerit
229 4523 359 4577 idem
386 4522 589 4576 lumine
616 4515 867 4579 carentia;
894 4534 1008 4585 qua:
1034 4518 1226 4586 Stygias
1251 4520 1362 4571 vice
1389 4520 1610 4585 paludis,

106 4610 279 4662 volvunt
303 4611 567 4679 laerymas
600 4620 692 4674 per
723 4605 983 4658 tenebras.
1006 4606 1153 4659 Gerit
1178 4618 1229 4659 et
1253 4622 1406 4661 aures
1432 4610 1619 4661 imma-

103 4706 231 4750 Mate
262 4698 529 4758 barrinas;
563 4708 785 4760 quarum
817 4694 1042 4746 fistulam
1088 4695 1306 4749 biforem
1351 4700 1500 4765 pellis
1531 4700 1613 4752 ul-

104 4798 249 4838 cerosa
285 4785 668 4846 circumvenit,
704 4783 874 4835 saxeis
905 4784 1055 4836 nodis
1085 4792 1138 4836 et
1187 4786 1367 4839 tofosis
1399 4789 1618 4847 humore

108 4940 295 5011 φρει-9,
324 4939 403 5011 1‘2,
438 4939 526 5011 18.
562 4935 773 5011 Arcadii
802 4936 909 5011 filia
937 4936 1197 5011 Placidina
1218 4980 1230 5004 ,
1276 4958 1407 5011 uxor
1436 4961 1609 5011 quon-

108 5010 197 5060 dam
230 5008 417 5061 Leontii
461 5007 693 5078 junioris
743 5005 1185 5078 Bterligalensium
1230 5005 1481 5078 episcopi,
1529 5017 1605 5069 Ex

108 5078 256 5141 quibus
305 5073 472 5130 lucem
514 5074 743 5135 accipiet
798 5073 1141 5143 Fortunatus,
1195 5073 1280 5143 qui
1328 5073 1609 5137 Placidum

110 5144 229 5209 hujus
268 5148 516 5217 originem
554 5144 717 5194 refert
751 5142 811 5191 ad
844 5142 1051 5193 Avitum
1095 5142 1407 5216 Augustum,
1439 5151 1528 5206 lib.
1562 5169 1607 5217 t,

106 5220 291 5273 ⁸³1⁵1111ηο
320 5216 379 5269 id
406 5234 420 5267 :

199 5323 329 5387 Cogor
350 5338 509 5374 amore
537 5323 691 5371 etiam
717 5322 957 5387 Placidinae
980 5338 1120 5385 {enea
1141 5329 1348 5385 referre,

250 5384 355 5444 (tua
376 5388 457 5435 tibi
482 5384 849 5448 iunctionjuftx,
877 5392 950 5433 est
974 5384 1109 5434 modo
1133 5384 1409 5436 eara'soror.

198 5443 359 5506 Lumen
382 5448 440 5494 ab
464 5443 683 5509 Arcadio
705 5446 901 5492 veniens
923 5450 1141 5504 genitore
1167 5452 1397 5509 refulget,

248 5504 340 5571 Quo
356 5515 516 5556 manet
546 5504 819 5562 Augustum
853 5519 1071 5565 germen,
1102 5510 1254 5569 Avite,
1286 5504 1433 5557 tuum.

1721 3093 2006 3146 erumpens
2028 3093 2203 3131 aream
2237 3079 2465 3145 pectoris
2493 3085 2635 3131 texat
2665 3089 2946 3133 curvatura
2973 3092 3265 3142 costarum;

1696 3173 1827 3222 'tota
1878 3168 2215 3221 nihilominus
2255 3167 2367 3221 haec
2408 3168 2608 3222 ossium
2644 3184 2850 3222 ramosa
2881 3186 3134 3240 compago
3169 3174 3267 3224 sub

1721 3277 1824 3314 uno
1848 3262 1987 3316 velut
2014 3262 2333 3316 exundantis
2362 3261 2658 3315 abdominis
2689 3263 2871 3329 pelago
2901 3261 3044 3316 latet.
3093 3263 3269 3316 Taceo

1723 3351 2015 3405 lumborum
2064 3352 2440 3417 corpulentiam
2461 3391 2476 3415 ,
2509 3341 2828 3418 cliniumque
2853 3391 2868 3415 ,
2893 3354 2975 3405 cui
3017 3352 3266 3406 crassitu—

1721 3442 1827 3496 dini
1879 3449 2178 3509 comparata
2221 3450 2465 3494 censetur
2490 3440 2637 3493 alvus
2667 3441 2836 3494 exilis.
2882 3441 3052 3495 Taceo
3098 3429 3284 3495 femur'

1720 3532 1921 3585 aridum
1954 3542 2005 3585 et
2035 3530 2258 3598 pandum
2282 3572 2296 3594 ,
2330 3545 2498 3597 genua
2530 3540 2669 3583 vasta
2690 3572 2704 3595 ,
2734 3532 2957 3599 peplites
2983 3533 3259 3599 delicatos,

1720 3636 1871 3673 crura
1923 3633 2110 3673 cornea
2132 3659 2145 3682 ,
2170 3618 2365 3673 vitreos
2398 3620 2529 3673 talos
2558 3664 2572 3686 ,
2621 3635 2810 3686 parvos
2840 3620 3028 3688 digitos
3054 3660 3068 3682 .
3105 3622 3263 3688 pedes

1719 3712 1965 3777 grandes.
2010 3710 2246 3775 Cumque
2276 3709 2509 3761 distortis
2547 3709 2759 3761 horreat
2801 3710 2868 3761 ita
2912 3711 3259 3774 liniamentis,

1720 3813 1807 3867 per
1836 3814 1952 3866 qua:
1984 3799 2322 3865 multiplicem
2363 3798 2711 3865 pestilentiam
2742 3800 3020 3865 exsanguis
3048 3800 3260 3852 semivi-

1716 3903 1935 3957 vosque,
1970 3903 2064 3941 nec
2093 3895 2330 3954 portatus
2358 3886 2577 3946 sentiat,
2627 3900 2721 3938 nec
2748 3895 3069 3940 sustentatus
3112 3887 3257 3943 ince-

1716 3978 1833 4039 dat,
1864 3980 1969 4047 82
2000 3976 2175 4029 verbis
2200 3984 2371 4043 tamen
2402 3983 2481 4026 est
2510 3974 2599 4025 ille
2638 3990 2791 4041 quam
2824 3974 3072 4028 membris
3101 3989 3256 4030 exse-

1716 4068 1979 4122 crabilior.
2014 4067 2141 4117 Nam
2188 4077 2486 4131 quanquam
2533 4063 2969 4131 [truritmlaborat
3000 4070 3259 4120 sermunis

1716 4078 1979 4122 crabutor.
2015 4078 2141 4117 nam
2188 4078 2486 4131 quanquam
2533 4078 2689 4128 prurit
2771 4078 2969 4117 ratiorat
3000 4081 3259 4120 sermoins

1716 4158 2012 4220 inhonesti,
2042 4166 2147 4207 tum
2191 4164 2529 4222 patronorum
2572 4162 2653 4206 est
2694 4078 2956 4222 λείψω
2998 4156 3259 4210 cavendus

1716 4250 1950 4309 areanis;
2008 4261 2229 4314 quorum
2256 4255 2335 4297 est
2365 4243 2601 4297 laudator
2633 4245 2682 4295 in
2712 4247 3007 4312 prosperis,
3056 4248 3259 4319 delator

1721 4343 1771 4393 in
1818 4338 1987 4390 dubiis
2022 4350 2036 4391 :
2085 4343 2135 4386 at
2162 4335 2203 4386 si
2230 4334 2292 4384 ad
2322 4335 2520 4385 occulta
2570 4333 2901 4387 familiarium
2950 4336 3259 4403 publicanda

1722 4432 1969 4499 temporis
1998 4429 2131 4479 ratio
2174 4425 2449 4489 sollicitet,
2494 4438 2613 4476 mox
2645 4440 2739 4493 per
2771 4425 2909 4478 hunc
2955 4428 3086 4494 Spar
3110 4442 3259 4482 acum

1719 4534 2041 4591 qum-“nque
2063 4525 2182 4569 sunt
2217 4518 2387 4567 clausa
2417 4513 2739 4576 franguntur,
2766 4530 2986 4583 qumque
3022 4519 3260 4571 obserata

1720 4618 2017 4666 reserantur
2050 4622 2062 4656 :
2096 4607 2162 4656 ita
2192 4603 2329 4670 quod
2361 4618 2487 4668 quas
2519 4602 2789 4654 domorum
2824 4606 3121 4668 nequiverit
3148 4622 3259 4659 ma-

1720 4699 1887 4755 chinis
1912 4703 2105 4761 apertae
2132 4690 2413 4745 simultatis
2444 4691 2714 4769 impetere,
2746 4692 3001 4746 cuniculis
3027 4695 3259 4748 clandes-

1722 4795 1842 4845 tina:
1882 4783 2190 4856 proditionis
2234 4783 2517 4851 impugnat.
2570 4782 2678 4834 lloc
2726 4781 2981 4838 fabricatu
3025 4784 3261 4838 Daedalus

1834 4936 2019 4995 Imperii
2044 4932 2189 4995 fastus
2214 4940 2309 4995 toto
2334 4935 2413 4991 qui
2451 4934 2573 4995 rexit
2597 4935 2642 4979 in
2670 4934 2807 4989 orbe,

1895 4994 2039 5053 Cujus
2063 4994 2215 5039 adhuc.
2241 4994 2422 5051 pollens
2443 4994 2551 5050 jura
2572 5002 2765 5041 senatus
2794 4994 2954 5040 habet.

1834 5055 2037 5106 Humani
2062 5056 2259 5113 generis
2282 5056 2322 5099 si
2342 5054 2540 5100 culmina
2569 5057 2709 5113 prima
2736 5058 2969 5112 requiras,

1896 5116 2093 5177 Remitte
2114 5114 2329 5162 Cass-areo
2356 5116 2419 5160 nil
2443 5127 2699 5173 superesse
2730 5122 2903 5173 petest.

1720 5224 1854 5275 Vere
1881 5232 2113 5287 prorsus.
2138 5217 2264 5269 Nam
2296 5216 2537 5283 abnrptis
2566 5215 2669 5287 fuit
2696 5213 2923 5287 Avitiex
2948 5207 3250 5276 Papianillla

1719 5294 1819 5345 lilia
1860 5281 1911 5341 et
1955 5287 2189 5341 Sidonio.
2241 5288 2416 5352 itaque
2437 5281 2593 5355 apud
2634 5281 3252 5355 Gregoriutircorruptus

1718 5370 1797 5413 est
1824 5362 1998 5410 locus:
2033 5356 2205 5408 Mirac.
2244 5349 2344 5415 65,
2366 5356 2414 5405 in
2448 5349 2581 5405 hunc
2631 5351 2837 5401 modum
2863 5349 3246 5413 restituendus,

1722 5430 1912 5481 Alcime
1938 5441 2075 5477 soror
2098 5432 2139 5475 et
2172 5423 2440 5475 Placidina
2461 5424 2641 5487 conjux
2668 5418 2967 5488 Apollinaris
2998 5416 3212 5488 cpiscom
3230 5458 3245 5485 ,

1720 5498 1857 5568 quod
1885 5494 2215 5565 perspicuum
2246 5502 2323 5547 est
2350 5507 2415 5546 ex
2449 5486 2563 5545 libr}
2596 5503 2670 5555 tu,
2704 5502 2815 5553 cap.
2850 5486 2881 5537 2
2922 5496 2971 5539 et
3004 5486 3083 5537 li.
