3812 6226
617 199 718 254 507
1838 198 2073 256 SlDONll
2111 201 2151 256 Δ

2252 201 2550 259 LLlNARIS
3699 188 3812 257 snsi

618 321 793 365 noster
818 311 1154 368 amicitiarum
1183 313 1385 366 culmen
1410 310 1635 365 :edillcat
1671 329 1683 363 :
1717 311 1804 380 qui
1826 311 1966 366 sicut
1988 311 2147 366 soda-
2172 318 2227 375 Α
2249 328 2411 381 nugas
2439 316 2551 369 sive
2591 313 2856 367 confectas
2883 327 3045 382 opere
3082 316 3338 384 prosario,
3383 329 3475 367 seu
3516 326 3788 381 poetarum

616 400 752 453 libus
781 400 918 453 velut
939 399 1172 454 Theseus
1200 399 1337 456 inter
1356 401 1585 458 secunda
1610 402 1864 465 sociatur;
1894 400 1971 455 sic
1989 402 2057 455 ab
2083 401 2149 456 iis

616 490 941 554 postmodum
991 490 1132 543 velut
1172 490 1391 545 Proteus
1436 492 1572 544 inter
1609 489 1827 543 adversa
1873 489 2147 547 dilabitur.

618 575 774 644 lgitur
797 592 857 631 ex
882 572 1002 631 veto
1021 592 1139 631 meo
1166 576 1375 641 feceris,
1391 578 1433 631 si
1449 577 1626 632 talium
1644 577 1908 632 sodalitati
1931 592 1996 631 ne
2019 585 2147 631 c‘on-

614 678 793 730 gressu
819 665 1027 733 quidem
1053 665 1280 734 primore
1301 666 1521 730 sociere,
1541 666 1767 720 maxime
1788 666 1994 720 illorum
2016 680 2147 734 quo.

615 766 728 805 rum
750 753 1075 808 sermonibus
1104 756 1393 822 prostitutis
1412 770 1476 809 ac
1506 754 1847 809 theatralibus
1866 754 2033 808 nullas
2057 755 2147 808 ha-

615 838 805 906 benas,
830 840 967 894 nulla
1007 842 1278 911 praemittit
1306 842 1551 911 repagula
1580 843 1764 910 pudor.
1802 842 1932 897 Nam
1962 845 2149 911 quibus

615 931 745 983 citra
774 930 1061 986 honestatis
1099 932 1319 985 nitorem
1346 932 1721 1000 jactitabundis
1745 932 1981 1000 loquacis
2021 932 2149 988 fmce

615 1020 914 1086 petulantiae
942 1020 1115 1088 lingua
1151 1019 1398 1087 polluitur
1440 1017 1656 1073 infrenis
1677 1060 1695 1085 ,
1722 1020 1803 1073 his
1831 1020 2145 1074 conscientia

615 1124 824 1179 quoque
845 1110 1256 1163 sordidatissima
1276 1119 1374 1163 est.
1407 1110 1642 1178 Denique
1669 1109 1872 1165 facilius
1894 1110 2113 1181 obtingit
2129 1151 2145 1177 ,

616 1208 673 1252 ut
700 1197 955 1265 quispiam
984 1200 1119 1252 seria
1149 1198 1367 1266 loquens
1399 1198 1541 1253 vivat
1562 1198 1819 1264 obscene,
1867 1215 2020 1270 quam
2061 1216 2147 1254 va-

615 1286 723 1340 leat
762 1287 995 1354 ostendi,
1046 1288 1132 1356 qui
1164 1288 1359 1355 pariter
1383 1288 1573 1343 existat
1598 1288 1865 1358 improbus
1892 1288 2063 1355 dictis,
2094 1297 2148 1344 et

615 1376 813 1445 probus
840 1377 1094 1432 moribus.
1125 1376 1275 1432 Vale.
1318 1408 1319 1411 η
1924 1382 1927 1386 ’

1116 1466 1441 1520 EPISTULA
1479 1466 1615 1522 XIV.

952 1552 1193 1609 Sidonius
1220 1554 1430 1611 Placido
1461 1572 1553 1610 suo
1571 1556 1801 1610 salutem.

2245 402 2385 471 stylo
2406 402 2775 469 cantilenosas,
2812 401 2928 468 plus
2951 402 3272 455 voluminum
3316 402 3540 454 lectione
3572 401 3787 470 dignere

2243 492 2612 558 repositorum.
2644 492 2856 545 Gaudeo
2889 491 2989 546 hoc
3013 492 3149 559 ipso,
3169 492 3306 559 quod
3332 491 3610 557 recognovi
3638 492 3787 542 char-

2245 579 2368 634 tulis
2386 581 2625 649 occupari
2660 580 2852 635 nostris
2878 582 3040 635 otium
3076 589 3240 634 tuum.
3288 581 3392 636 Sed
3426 582 3590 647 probe
3636 581 3785 631 intel-

2244 669 2367 736 ligo.
2396 670 2533 740 quod
2557 670 2791 725 moribus
2820 669 2921 724 tuis
2951 671 3086 724 hanc
3113 671 3435 737 voluptatem
3468 683 3570 721 non
3614 669 3785 736 operis

2244 758 2459 814 effectus
2485 759 2713 825 excudit,
2742 759 2832 812 sed
2868 760 3097 814 auctoris
3125 759 3361 814 allectus.
3400 757 3629 825 ideoque
3678 756 3783 823 plus

2244 845 2434 912 debeo,
2465 848 2585 914 quia
2616 847 2800 915 gloria:
2828 842 3073 917 punctum
3103 847 3241 916 quod
3285 847 3501 901 dictioni
3543 860 3780 913 negares,

2243 936 2336 990 das
2362 935 2622 990 amicitiae.
2654 936 2729 990 De
2754 936 2959 990 creteris
2981 952 3105 991 vero
3127 936 3282 990 studii
3312 937 3477 990 nostri
3509 936 3781 1002 derogato-

2243 1025 2409 1089 ribus,
2436 1026 2562 1094 quid
2590 1040 2653 1080 ex
2682 1039 2800 1080 asse
2827 1027 3179 1093 pronuntiem,
3218 1025 3448 1099 nondum
3479 1024 3781 1078 deliberavi.

2244 1114 2374 1167 Nam
2403 1114 2491 1181 qui
2522 1113 2746 1167 maxime
2780 1114 2878 1165 sibi
2908 1113 3092 1167 doctus
3118 1112 3348 1176 videtur,
3376 1112 3664 1165 dictionem
3707 1124 3783 1161 sa-

2245 1218 2366 1259 nam
2406 1212 2461 1257 et
2494 1204 2731 1259 insanam
2771 1204 2937 1258 ferme
2980 1204 3210 1272 appetitu
3243 1204 3356 1271 pari
3396 1201 3637 1263 revolvit.
3684 1216 3780 1254 non

2244 1291 2474 1362 amplius
2510 1292 2889 1360 concupiscens
2913 1300 3087 1345 erecta
3123 1306 3239 1359 quae
3274 1289 3471 1353 laudet,
3500 1303 3660 1357 quam
3698 1288 3779 1339 de-

2246 1390 2425 1450 specta
2451 1398 2570 1450 qum
2590 1382 2779 1437 rideat.
2811 1384 2983 1451 Atque
3010 1382 3062 1435 in
3104 1382 3245 1435 hunc
3285 1379 3497 1433 modum
3545 1377 3776 1436 scientia.

2246 1487 2454 1542 pompa,
2484 1472 2773 1541 proprietas
2813 1472 3003 1540 lingua:
3036 1470 3235 1550 Latina:
3264 1463 3475 1539 judiciis
3501 1466 3778 1519 otiosorum

2150 1592 2155 1597 -
2188 1552 2191 1555 ’
2246 1561 2473 1615 maximo
2496 1560 2693 1627 spretui
2721 1569 2841 1614 est:
2871 1569 3092 1627 qliorum
3124 1557 3424 1612 scurrilitati
3473 1554 3775 1623 negligentia

680 1643 982 1713 Quanquam
1012 1656 1062 1699 te
1100 1654 1188 1701 tua
1232 1655 1372 1701 tenet
1409 1655 1436 1685 ⁸
1463 1636 1846 1714 Gratianopolis
1868 1687 1883 1712 ,
1914 1647 2147 1715 comperi
2179 1659 2223 1717 Β
2247 1661 2442 1709 comes,
2469 1649 2567 1701 hoc
2588 1647 2767 1701 volens
2790 1656 2987 1701 tantum
3012 1646 3185 1715 legere
3202 1644 3340 1713 quod
3361 1652 3563 1712 carpat,
3587 1641 3665 1694 sic
3685 1655 3777 1692 non

530 1727 532 1729 ’
612 1740 784 1788 tamen
814 1733 1096 1802 hospitium
1117 1746 1348 1790 veterum
1374 1735 1477 1789 fido
1496 1736 1684 1794 relatu.
1714 1737 1818 1804 83
1844 1737 1979 1805 quod
2003 1750 2148 1792 meas

685 1910 710 1938 ⁸
739 1902 938 1956 Nomen
974 1901 1192 1955 inditum
1223 1916 1252 1954 a
1283 1900 1551 1955 Gratiano.
1588 1900 1747 1955 Vetus
1780 1900 1916 1954 enim
1947 1911 1998 1954 et
2036 1916 2157 1968 pro-

654 1969 784 2022 rium
816 1971 913 2039 fuit
930 1969 1141 2023 Cularo.
1171 1970 1317 2039 Unde
1338 1970 1470 2039 muri
1490 1969 1871 2039 Cularoncnses
1895 1969 2153 2039 hodieque

612 1984 784 2091 prtum
816 1984 913 2022 Itttt
930 1984 1141 2023 uolare.
1171 1984 1317 2024 unae
1338 1984 1470 2021 muri
1490 1984 1871 2023 uutaronenses
1895 1984 2146 2039 nocteque

631 2048 851 2106 eguntur
879 2038 930 2092 in
958 2040 1168 2106 antiqua
1207 2037 1543 2106 inscriptione
1584 2048 1748 2105 portae
1775 2038 2017 2092 civitatis.
2042 2040 2146 2091 No-

613 2104 841 2159 tniuatur
868 2107 992 2159 item
1022 2104 1294 2159 inTabula
1340 2104 1603 2160 Itineraria
1650 2106 1969 2173 Pcutingeri,
2000 2116 2053 2161 et
2096 2110 2146 2159 in

613 2175 801 2228 Notitia
832 2174 1057 2243 imperii,
1095 2189 1212 2243 qua:
1248 2174 1511 2228 tribunum
1542 2175 1776 2228 cohortis
1805 2176 1984 2243 prima:
2028 2175 2148 2228 Fla-

613 2244 711 2296 via:
740 2245 997 2299 t‘ularone
1032 2252 1308 2299 stationem
1337 2243 1584 2299 habuisse
1621 2244 1797 2298 docet.
1837 2244 1895 2296 In
1924 2244 2144 2312 epistola

2252 1738 2411 1792 utitur
2434 1737 2646 1802 litteris,
2674 1737 2812 1805 quod
2836 1722 3086 1790 abutitur.
3110 1734 3257 1790 Vale.

2254 1903 2626 1975 50Ul‘lanci_ad
2654 1901 2989 1975 Ciceronem,
3019 1918 3135 1972 quae
3160 1911 3241 1975 est
3268 1903 3340 1956 23
3377 1900 3495 1975 libri
3536 1916 3564 1952 x
3593 1898 3669 1975 .ad
3695 1896 3777 1975 Pa

2254 1971 2637 2093 militaremﬁa
2664 1970 2940 2051 legendum
2973 1969 3079 2050 jam
3116 1973 3237 2026 olim
3266 1972 3567 2024 censuimus
3592 1969 3644 2020 in
3672 1969 3779 2043 ulti-

2254 2056 2352 2093 nus
2379 2042 2575 2093 verbis.
2640 2042 2845 2093 alamus
2882 2056 2935 2092 ιη
2966 2041 3146 2093 limbus
3184 2038 3532 2093 Allobroaum.
3560 2050 3663 2087 non
3707 2032 3778 2083 Ci-

2252 2040 2352 2093 niis
2379 2032 2845 2105 verbisj'Culai'one
2882 2040 2935 2092 in
2964 2032 3146 2106 ﬁnibus
3184 2038 3532 2107 Allobrogum,
3560 2032 3778 2107 non‘Ci-

2250 2123 2455 2172 verone,
2483 2119 2540 2162 ut
2564 2100 2733 2176 'vulgo
2766 2109 2850 2162 edi
2896 2100 3049 2162 solet.
3094 2107 3249 2160 Fines
3278 2100 3642 2172 Allobrogum
3672 2100 3778 2176 facit

2246 2171 2691 2245 Gratianopolim,‘
2709 2177 2828 2245 quia
2868 2176 2934 2229 ad
2961 2176 3150 2245 lsaram
3183 2176 3350 2245 posita
3380 2184 3482 2235 est,
3502 2171 3621 2241 qua:
3654 2171 3776 2222 Allo-

2246 2245 2434 2313 broges
2458 2244 2674 2311 claudit,
2696 2244 3007 2314 scparatque
3034 2259 3063 2297 a
3087 2244 3373 2297 Vocontiis.

1553 2501 2003 2609 LIBER
2082 2507 2851 2628 QUARTUS.

1013 2703 1121 2775 34
1158 2703 1475 2758 EPISTULA
1515 2700 1746 2756 PRIMA.

961 2839 1200 2896 Sidonius
1219 2846 1245 2874 ⁸
1272 2837 1441 2891 Probo
1466 2851 1560 2893 suo
1584 2834 1815 2890 salutem.

690 2969 848 3026 Soror
874 2968 1000 3022 mihi
1032 2981 1148 3036 quas
1176 2982 1309 3021 uxor
1333 2966 1422 3019 tibi
1448 2981 1461 3017 :
1496 2964 1617 3019 hinc
1644 2964 1781 3018 inter
1821 2975 1917 3016 nos
1943 2973 2148 3015 summa

622 3070 675 3117 et
719 3058 1015 3129 principalis
1044 3056 1394 3120 necessitudo,
1432 3066 1486 3110 et
1531 3070 1591 3111 ea
1629 3055 1837 3124 quidem
1874 3054 2146 3123 patruelis,

622 3163 726 3203 non
767 3160 1010 3218 germana
1042 3136 1362 3211 fraternitas,
1386 3140 1502 3213 ‘qute
1545 3143 1852 3212 plerumque
1887 3157 1944 3195 se
1973 3142 2151 3209 purius

620 3238 827 3303 fortius,
850 3236 1106 3291 meracius
1132 3244 1289 3289 amat.
1312 3234 1440 3287 Nam
1460 3232 1926 3286 facultatuminter
1943 3245 2149 3299 germa-

2254 2702 2362 2755 lum
2391 2709 2443 2756 te
2466 2701 2639 2755 facere
2660 2700 2797 2769 quod
2821 2714 3021 2769 posses,
3053 2707 3143 2754 seu
3174 2708 3225 2755 et
3248 2700 3378 2751 velle
3393 2698 3530 2765 quod
3557 2698 3773 2751 faceres:

2251 2790 2474 2855 ideoque
2496 2799 2545 2843 te
2575 2790 2765 2843 bonum
2797 2803 2898 2842 non
2935 2788 3107 2842 minus
3127 2803 3281 2857 quam
3308 2790 3531 2852 peritum
3560 2802 3772 2852 pronun-

2251 2877 2488 2932 tiariiEt
2506 2891 2634 2931 vere
2662 2858 2795 2931 intra
2821 2877 3139 2953 Eusebianos
3179 2878 3314 2930 lares
3346 2877 3524 2929 talium
3558 2887 3611 2930 te
3650 2889 3773 2943 qure-

2250 2965 2369 3019 dam
2398 2975 2605 3020 moneta
2630 2966 2928 3034 susceperat
2948 2965 3362 3034 disciplinarum,
3390 2964 3537 3033 cujus
3562 2963 3773 3033 philoso-

2252 3054 2405 3124 phica
2427 3055 2614 3110 incude
2638 3054 2922 3110 formatus:
2952 3069 3093 3108 nunc
3112 3056 3280 3108 varias
3302 3054 3457 3106 nobis
3481 3066 3652 3106 rerum
3680 3064 3773 3104 ssr-

2254 3160 2571 3213 monumque
2612 3147 2863 3207 rationes,
2901 3146 3014 3212 ipso
3036 3146 3191 3199 etiam
3227 3144 3316 3211 qui
3363 3143 3631 3205 docuerat,
3668 3153 3775 3207 pro-

2255 3233 2412 3286 bante
2442 3233 2701 3299 pandebas
2726 3251 2738 3284 :
2767 3248 2903 3287 nunc
2925 3240 2983 3284 ut
3004 3232 3151 3285 Plato
3176 3230 3464 3297 discipulus
3490 3228 3601 3297 jam
3633 3241 3775 3295 prope
3810 3258 3812 3263 -

623 3345 718 3383 nos
745 3330 886 3397 prius
915 3330 1003 3383 lite
1025 3329 1215 3395 sopita,
1241 3326 1348 3394 jam
1369 3326 1459 3394 qui
1488 3312 1773 3378 nascuntur
1792 3339 1854 3378 ex
1886 3322 2149 3385 fratribus,
2178 3308 2223 3368 Ο
2256 3320 2427 3390 potior
2447 3322 2545 3374 sub
2584 3322 2819 3388 Socrate,
2848 3323 2923 3375 sic
2946 3322 3053 3389 jam
3100 3330 3153 3373 tu
3190 3319 3289 3374 sub
3324 3319 3551 3375 Eusebio
3590 3328 3772 3379 nostro,
3810 3310 3812 3339 ⁵

615 3416 752 3470 nihil
777 3415 995 3469 invicem
1028 3419 1520 3468 controversantur:
1548 3420 1618 3481 et,
1645 3411 1766 3463 hinc
1803 3424 1945 3477 saepe
1967 3410 2156 3462 caritas

623 3504 675 3557 in
704 3501 1019 3571 patruelibus
1044 3500 1231 3567 major,
1256 3498 1376 3566 quia
1398 3496 1602 3551 desistit
1632 3498 1737 3566 85
1765 3495 2001 3548 simultas
2022 3510 2048 3547 a
2072 3495 2155 3548 di-

623 3591 843 3655 visione,
872 3603 971 3642 nec
993 3595 1165 3641 cessat
1196 3586 1409 3640 aﬂ‘eetus
1446 3600 1475 3637 a
1505 3586 1723 3637 semine.
1759 3583 2031 3637 Secundus
2060 3596 2156 3635 no-

623 3680 706 3733 bis
732 3678 1025 3732 animorum
1049 3691 1212 3731 nexus
1235 3673 1536 3750 accessitde
1555 3672 1845 3727 studiorum
1871 3671 2154 3741 parilitate,

621 3767 739 3836 quia
760 3767 895 3821 idem
921 3767 1197 3834 sentimus,
1229 3765 1522 3833 culpamus,
1554 3762 1821 3817 laudamus
1858 3762 1908 3814 in
1948 3760 2155 3827 litteris,

621 3868 673 3911 et
694 3870 843 3925 aque
871 3855 1022 3909 nobis
1051 3854 1294 3924 quaelibet
1320 3853 1481 3908 dictio
1510 3852 1677 3919 placet
1708 3850 2154 3919 improbaturque.

622 3946 923 4011 Quanquam
954 3944 1081 3996 mihi
1105 3943 1258 3996 nimis
1286 3956 1475 4010 arrogo
1499 3956 1672 3995 meum
1695 3939 1948 4009 judicium
1978 3938 2157 3992 confe-

623 4049 746 4087 rens
775 4043 882 4087 tuo.
909 4034 1035 4098 Quis
1063 4034 1201 4086 enim
1246 4033 1496 4100 juvenum
1537 4031 1736 4085 nesciat
1765 4030 2155 4095 seniorumque,

624 4130 675 4174 te
713 4122 839 4174 mihi
882 4121 1185 4187 magistrum
1216 4119 1375 4173 fuisse
1402 4120 1690 4187 proprium,
1724 4134 1840 4171 cum
1864 4117 2160 4170 videremur

624 4209 821 4262 habere
869 4209 1232 4262 communem?
1270 4217 1323 4260 et
1361 4208 1405 4260 si
1456 4206 1579 4273 quid
1628 4208 1867 4259 heroicus
1914 4206 2155 4271 arduum,

624 4300 854 4352 comicus
882 4297 1135 4365 lepidum,
1159 4296 1355 4365 lyricus
1376 4294 1776 4355 cantinelosum,
1796 4303 1969 4346 orator
1991 4304 2161 4345 matu-

626 4401 766 4451 rum,
808 4385 1086 4439 historicns
1122 4398 1324 4447 verum,
1375 4384 1615 4438 satiricus
1654 4384 1949 4451 figuratum,
1990 4396 2163 4449 gram-

626 4477 849 4531 maticus
894 4474 1151 4542 regulare,
1211 4474 1537 4543 panegyrista
1584 4471 2160 4541 plausibile,‘sopbista

2256 3410 2392 3462 inter
2416 3408 2781 3461 Aristotelicas
2808 3410 3097 3478 categorias
3124 3409 3311 3464 artifex
3340 3408 3645 3463 dialecticus
3673 3407 3775 3459 atti-

2256 3500 2514 3563 cissabas,
2544 3513 2662 3551 cum
2690 3499 2778 3553 ille
2813 3498 2980 3552 adhuc
3014 3498 3272 3552 attatulatu
3317 3508 3576 3564 nostram,
3624 3496 3775 3551 mobi-
3810 3480 3812 3493 Ι

2257 3588 2379 3651 lem,
2410 3596 2666 3652 teneram,
2698 3587 2934 3650 crudam,
2958 3587 3114 3640 modo
3148 3587 3481 3657 castigatoria
3515 3589 3774 3643 severitate
3810 3614 3812 3623 ι

2255 3677 2591 3745 decoqueret,
2615 3675 2771 3730 modo
2796 3676 2904 3745 86
2933 3675 3295 3729 mandatorum
3329 3675 3635 3730 salubritate
3668 3689 3775 3727 cou-
3810 3688 3812 3733 :

2256 3766 2409 3821 diret.
2452 3766 2519 3820 At
2565 3766 2815 3834 qualium,
2854 3765 2994 3819 Deus
3041 3766 3199 3831 bone,
3247 3779 3515 3834 quamque
3544 3764 3773 3833 pretioso-

2255 3873 2370 3912 rum
2391 3858 2474 3911 l...
2501 3873 2617 3926 quas
2645 3857 2691 3911 si
2732 3856 2847 3924 quis
2872 3855 3173 3924 deportaret
3201 3850 3678 3924 philosophaturus,
3700 3862 3773 3902 aut
3810 3850 3812 3926 ί

2255 3947 2317 3999 ad
2348 3946 2665 4015 paludicolas
2699 3946 3021 4015 Sicambros,
3051 3954 3142 3999 aut
3165 3945 3229 3999 ad
3268 3944 3650 4015 Caucasigenas
3676 3941 3773 3995 Alae

2257 4050 2372 4100 nos,
2404 4046 2489 4088 aut
2516 4036 2579 4088 ad
2609 4036 2933 4104 equimulgas
2976 4023 3224 4101 Gelonos,
3266 4035 3567 4089 bestialium
3606 4033 3771 4101 rigida-

2257 4138 2474 4191 rumque
2504 4125 2769 4191 nationum
2808 4124 2967 4177 corda
3007 4138 3218 4185 cornea,
3261 4110 3511 4191 fibrasque
3557 4123 3771 4191 glaciales

2259 4210 2445 4277 procul
2471 4210 2629 4263 dubio
2656 4210 3018 4263 emollirentur
3053 4210 3544 4279 egelidarenturqne
3572 4228 3589 4263 :
3633 4223 3771 4277 neque

2259 4299 2463 4356 illorum
2493 4295 2740 4350 ferociam
2766 4296 3209 4365 stoliditatemque
3237 4313 3353 4366 qua:
3380 4297 3664 4352 secundum
3684 4297 3771 4348 bel-

2261 4386 2373 4439 luas
2410 4386 2615 4451 ineptit,
2647 4384 2917 4449 brutescit,
2950 4383 3283 4447 accenditur,
3325 4385 3638 4449 rideremus,
3671 4398 3771 4436 con-

2262 4482 2631 4535 temneremus,
2657 4473 3166 4538 pertimesceremus.
3198 4475 3356 4544 lgitur
3373 4475 3493 4543 quia
3523 4489 3625 4529 nos
3641 4482 3693 4526 ut
3711 4472 3769 4524 al~

624 4563 841 4626 serium,
884 4562 1264 4630 epigrammista
1307 4564 1575 4627 lascivum,
1614 4570 1992 4633 commentator
2028 4562 2160 4615 luci-
2262 4563 2452 4629 finitas,
2486 4564 2554 4616 ita
2593 4563 2763 4617 studia
2797 4565 3103 4631 junxerunt,
3134 4580 3340 4634 precor,
3362 4562 3689 4635 quoquoloci
3710 4578 3769 4623 οε.

623 4656 771 4719 dum,
796 4652 1197 4721 iurisconsultus
1220 4654 1516 4717 obscurum,
1546 4654 1874 4707 multifariam
1906 4652 2154 4707 condide-
2180 4639 2230 4698 Ῑ)
2253 4654 2492 4707 amicitia:
2514 4654 2627 4720 jura
2669 4654 2975 4707 inconcussa
3004 4654 3311 4707 custodias:
3342 4652 3768 4723 longumqoetihi.

624 4742 852 4808 runt;‘id
889 4749 948 4794 ἰθ
984 4742 1311 4794 omnifariam
1356 4742 1591 4811 singulis,
1632 4742 1729 4796 nisi
1772 4742 1853 4795 cui
1894 4741 2159 4810 ingenium
2256 4753 2311 4799 et
2337 4745 2379 4797 si
2407 4743 2531 4797 sede
2560 4742 2823 4803 absumus,
2852 4742 3085 4796 adsimus
3118 4740 3306 4795 ad‘ectu
3345 4740 3541 4811 :cujus
3577 4741 3769 4796 intente.

628 4835 831 4901 sibique
856 4830 971 4897 quis
989 4828 1151 4883 defuit
1198 4830 1663 4884 tradidisse?Deus
1692 4832 1856 4885 bone!
1885 4846 2039 4899 quam
2060 4828 2177 4884 sibi'
2257 4844 2383 4888 ratae
2415 4842 2609 4899 partes,
2661 4840 2909 4898 quantum
2953 4829 3019 4883 ad
3067 4844 3165 4883 nos
3207 4837 3427 4897 spectat,
3480 4845 3511 4883 a
3552 4829 3693 4885 nobis
3730 4827 3767 4879 in

630 4922 749 4975 hinc
779 4930 953 4989 patres
996 4920 1157 4973 nostri
1197 4922 1572 4983 gloriabantur,
1601 4935 1719 4973 cum
1765 4922 2018 4985 viderent,
2066 4922 2165 4975 sub
2262 4938 2451 4986 aevum,
2497 4923 2540 4974 si
2586 4920 2708 4989 quid
2752 4930 2833 4975 est
2874 4921 2991 4975 vitae
3029 4920 3305 4990 reliquum,
3352 4921 3765 4989 perennabuntur.

630 5026 725 5078 ope
755 5011 964 5074 Christi,
998 5018 1047 5062 te
1066 5007 1257 5062 docere
1279 5024 1450 5076 posse,
1479 5024 1562 5063 me
1584 5010 1820 5064 discere:
1849 5020 1901 5064 et
1942 5026 2049 5065 non
2074 5026 2163 5066 so-
2262 5012 2405 5065 Vale.
2488 5042 2504 5054 -

703 5200 919 5269 {Magni
960 5198 1148 5269 Felicis
1180 5195 1344 5269 fratri,
1384 5197 1677 5269 praestantis
1702 5196 1950 5253 doctrinae
1980 5216 2041 5255 ac
2071 5203 2157 5269 ju—

637 5262 754 5318 dicii
779 5262 907 5321 Vtro.
939 5269 1027 5322 Sic
1045 5266 1182 5319 enim
1216 5262 1441 5316 Felicem
1469 5264 1746 5331 alloquitur
1770 5269 1818 5320 in
1840 5262 2159 5327 carmine-9:

755 5420 1039 5468 Germanum
1065 5428 1221 5467 tamen
1252 5426 1361 5465 ante
1382 5418 1464 5465 sed
1490 5428 1729 5467 memento

756 5478 991 5527 Dominae
1014 5479 1228 5528 columen
1256 5478 1457 5527 Probum
1476 5478 1722 5527 advocare.

2266 5202 2419 5255 Probi
2472 5216 2595 5253 vero
2647 5214 2776 5251 uxor
2819 5197 3037 5264 Eulalia,
3070 5198 3306 5254 carmine
3346 5197 3441 5263 ει,
3482 5197 3586 5253 sub
3623 5196 3767 5252 luem.

2266 5272 2443 5335 Quare
2471 5269 2667 5323 Eulalia
2700 5268 2804 5322 Sid!
2829 5269 2897 5321 nii
2924 5281 3076 5322 soror
3105 5267 3204 5321 hoc
3242 5268 3378 5331 loco,
3414 5267 3514 5321 sed
3536 5275 3767 5335 mit

2267 5333 2469 5391 truelis.
2510 5339 2635 5391 Nam
2669 5346 2725 5389 ut
2768 5337 2927 5390 frater
2972 5335 3234 5390 interdum
3272 5335 3465 5390 dicitur
3491 5349 3599 5390 non
3631 5333 3768 5389 solm

2266 5422 2563 5474 germanus,
2587 5420 2765 5458 verum
2789 5407 2949 5474 etiam
2969 5404 3249 5474 patruelis;
3276 5405 3533 5474 sie_soror
3558 5411 3659 5457 tun
3677 5408 3766 5466 ια*

2266 5469 2439 5542 mana,
2469 5484 2573 5529 tum
2602 5473 2861 5543 patruelis.
2896 5469 3163 5528 autetiam
3185 5469 3523 5527 consobrina.

3522 5963 3812 6226 ,κλέα-ιλ]
