3812 6226
107 232 186 288 ωε
1270 220 1731 283 ειδιδτοιιιιιιυιι
1769 220 1893 276 ιλιι.
1933 220 2019 275 ιιι.

1616 339 1667 392 Α
1691 331 1903 387 eximite
1927 344 2270 391 communem.
2297 334 2429 389 Nam
2456 329 2502 384 si
2538 330 2820 384 etiamnum
2858 328 3013 382 silere
3056 327 3221 381 medi-

531 347 634 416 37
672 342 992 400 nptsroLa
1043 340 1109 396 ll.

313 439 337 467 ³
354 430 660 486 Claudianus
689 432 901 488 Sidonio
927 445 1072 500 papa:
1097 427 1331 483 salutem.

191 563 341 628 (Hanc
367 565 613 628 epistolam
645 565 876 628 elidimus
896 564 1118 628 Pstwlos

541 625 628 676 col.
652 624 761 684 779,
781 626 862 676 ubi
885 623 1100 684 induis.)

1121 564 1178 612 ξε
1208 571 1320 613 tom.
1341 559 1468 619 LIII,

526 827 637 896 ss
670 823 994 881 EPISTULA
1034 823 1112 878 ιιι.

367 913 610 983 Sidonius
630 913 909 968 Claudiano
931 928 1024 967 suo
1049 911 1284 964 salutem.

93 1047 226 1108 (illi
242 1047 383 1098 etiam
404 1045 650 1110 epistolam
667 1045 844 1097 videsia
862 1042 1038 1095 Patroi.
1063 1050 1175 1094 tom.
1196 1039 1326 1101 LIII,
1353 1037 1442 1088 col.
1463 1036 1594 1098 781.)

526 1355 632 1425 92
670 1350 995 1408 EPISTOLA
1032 1349 1119 1404 iv.

165 1441 392 1498 Sidonias
411 1438 442 1481 δ
462 1440 726 1511 Simplicio
753 1449 800 1495 et
834 1439 1120 1508 Apollinari
1144 1437 1248 1491 satis
1268 1439 1498 1491 salutem.

147 1549 341 1614 Emam,
370 1550 454 1604 vel
494 1549 701 1602 tandem
731 1547 882 1601 adest
927 1545 1203 1614 promissio
1240 1557 1377 1606 mea,
1406 1556 1598 1611 exspe-

3113 214 3221 271 ιιο

1693 421 1893 487 tetninl,
1925 434 2108 475 omnes
2131 431 2185 475 et
2215 434 2296 474 me
2319 424 2425 482 cui,
2456 426 2512 475 et
2533 415 2676 474 illum
2698 434 2791 488 per
2810 433 2962 486 quem
2990 417 3222 472 scribere

1692 509 1944 575 debeatis,
1960 508 2222 578 indignum
2245 507 2654 561 arbitrabuntur.
2680 508 2750 560 De
2770 515 3059 575 temporum
3082 514 3221 559 statu

1691 602 1797 669 jam
1819 599 1968 664 nibil,
1989 608 2043 652 ut
2062 598 2224 668 prius,
2245 598 2476 663 consulo,
2503 611 2569 651 ne
2583 598 2652 650 sit
2669 592 2898 650 moribus
2923 596 3022 649 tuis
3048 595 3218 658 oneri,

1693 690 1738 743 si
1765 689 1980 742 adversa
2022 686 2298 756 significes,
2327 702 2443 740 cum
2485 701 2730 755 prospera
2763 699 2864 739 non
2913 693 3217 752 sequantur.

1695 777 1823 831 Nam
1849 791 1967 830 cum
1997 783 2047 830 te
2083 791 2184 830 non
2211 775 2391 830 deceat
2435 774 2559 827 Msa
2599 773 2866 837 mandare,
2897 783 3051 840 atque
3095 774 3220 825 item

1693 868 1865 922 desint
1884 868 2052 922 votiva
2083 875 2406 930 memoratu;
2457 865 2596 932 fugio
2635 863 2880 932 quidquid
2935 863 3059 916 illud
3098 861 3222 924 mali

1693 963 1793 1021 est,
1816 969 1909 1025 per
1935 955 2185 1010 bonorum
2206 953 2395 1007 indicia
2417 966 2748 1021 cognoscere.
2777 950 2918 1004 Vale.

2268 1083 2589 1139 EPISTULA
2632 1082 2702 1136 VI
2763 1081 2765 1084 ⁴

1967 1195 2209 1250 Sidonius
2234 1204 2257 1233 ο
2282 1193 2564 1265 Apollinari
2589 1209 2679 1247 suo
2705 1192 2934 1246 salutem.

1763 1304 1866 1361 Per
1894 1304 2197 1359 Faustinum
2225 1302 2529 1366 antistitem,
2555 1315 2658 1355 non
2686 1301 2858 1354 minus
2883 1298 3006 1353 mihi
3036 1298 3225 1354 veteris

1695 1393 2025 1448 contubernii
2051 1390 2328 1445 sodalitate
2349 1405 2502 1458 quam
2539 1403 2687 1443 nova:
2726 1387 3064 1456 professionis
3089 1400 3225 1440 com-

1698 1482 1942 1536 munione
1993 1481 2310 1536 devinctum.
2358 1479 2520 1533 verbo
2563 1479 2817 1546 quaepiam
2856 1476 2965 1546 95
2999 1462 3226 1531 cavenda

1697 1568 2096 1624 mandaveram:
2123 1568 2261 1620 dicto
2297 1564 2533 1635 paruisse
2571 1579 2666 1619 vos
2693 1564 2913 1633 gaudeo.
2958 1563 3225 1628 Siquidem

90 1641 223 1694 ctatio
244 1648 440 1706 vestra,
464 1637 738 1692 Faustinus
757 1636 1126 1706 paterfamilias
1144 1635 1287 1690 domi
1313 1633 1518 1695 nobilis,
1543 1639 1596 1688 et

1699 1655 2039 1726 prudentibus
2073 1633 2355 1709 cordicitus
2389 1653 2601 1707 insitum
2631 1662 2732 1717 est,
2773 1652 2936 1705 vitare
2978 1650 3226 1705 fortuita:

89 1727 204 1781 inter
223 1727 450 1781 maxima
486 1727 690 1794 patriae,
724 1725 832 1795 jam
865 1724 994 1779 mihi
1047 1725 1249 1798 sibique
1283 1723 1593 1791 communis,

88 1825 366 1872 ornamenta
407 1815 782 1871 numerandus.
830 1814 925 1870 llic
967 1828 1115 1869 meus
1150 1811 1310 1867 frater
1350 1811 1595 1865 natalium

89 1907 336 1978 parilitate,
367 1906 565 1962 amicus
589 1906 878 1959 animorum
904 1902 1282 1958 similitudine:
1306 1914 1447 1967 saepe
1473 1913 1594 1953 cum

92 1997 175 2051 hoc
197 1996 348 2060 seria,
375 2009 516 2064 saepe
540 1994 696 2049 etiam
722 1994 840 2062 joca
878 1992 1081 2056 miscui,
1108 2003 1331 2057 cumque
1364 1988 1432 2040 ab
1474 1986 1596 2040 hinc

89 2095 208 2142 retro
219 2086 434 2156 juvenes
459 2100 690 2148 eramus,
719 2085 770 2138 in
795 2083 920 2153 pila,
943 2084 992 2136 in
1017 2081 1248 2146 tesseris,
1282 2066 1591 2142 in‘saltibus,

89 2189 244 2242 cursu,
263 2184 478 2240 venatu,
511 2183 710 2240 natatu,
733 2181 909 2227 sancta
938 2186 1147 2240 semper
1179 2169 1449 2234 ambobus,
1473 2167 1594 2236 quia

91 2275 305 2321 manente
326 2266 570 2328 caritate,
601 2264 890 2319 contentio.
920 2262 1039 2317 Μειιὶ
1067 2262 1278 2331 quidem
1304 2261 1473 2325 major
1512 2258 1597 2312 hic

90 2365 212 2419 lata,
239 2364 436 2409 tantum
469 2359 662 2415 tamen,
691 2361 747 2405 ut
776 2367 894 2406 eum
933 2367 1036 2405 non
1078 2360 1182 2405 tam
1220 2347 1467 2402 honorari
1503 2360 1596 2400 ne-

91 2459 218 2501 me
246 2455 407 2510 esset,
434 2458 589 2513 quam
618 2443 902 2496 delectaret
936 2442 1121 2494 imitari
1159 2458 1172 2492 :
1213 2439 1370 2494 simul
1413 2448 1464 2494 et
1484 2441 1595 2506 ipso

90 2534 190 2588 hinc
213 2534 438 2600 amplius
459 2529 780 2600 capiebatur,
809 2531 945 2599 quod
974 2545 1031 2584 se
1048 2531 1190 2598 diligi
1227 2530 1407 2598 magis,
1439 2543 1593 2595 quam

87 2614 209 2687 quasi
231 2621 330 2676 coli
350 2619 694 2686 intelligebat.
716 2618 820 2673 Sed
845 2629 1092 2686 provectu
1113 2618 1299 2680 aetatis,
1324 2632 1386 2672 ex
1413 2615 1593 2671 militia

87 2712 307 2776 clericali,
336 2726 458 2766 cum
485 2718 625 2764 esset
652 2710 890 2763 amabilis
919 2710 1084 2776 prius,
1114 2709 1273 2775 cmpit
1296 2707 1453 2760 modo
1479 2721 1596 2760 esse

87 2800 394 2856 venerabilia.
423 2799 524 2853 Per
555 2801 694 2853 hunc
713 2798 933 2856 salutem
964 2797 1101 2860 dico,
1128 2796 1306 2849 videre
1346 2809 1459 2858 vos,
1497 2794 1596 2848 sub

86 2905 169 2964 ope
182 2889 389 2956 Christi,
419 2902 577 2959 quam
603 2886 975 2949 maturissime,
1003 2885 1046 2938 si
1078 2899 1168 2949 per
1194 2893 1387 2937 statum
1428 2882 1595 2950 publi-

1695 1745 1830 1799 sicut
1856 1744 2036 1798 itidem
2076 1741 2360 1797 absurdum
2387 1749 2490 1806 est,
2527 1741 2573 1796 si
2610 1740 2794 1806 coeptis
2831 1738 3112 1792 audacibus
3137 1727 3230 1790 ad—
3297 1791 3300 1796 _

1696 1843 1932 1888 versetur
1957 1840 2194 1896 eventus,
2222 1844 2540 1900 consurgere
2567 1830 2619 1882 in
2645 1827 3018 1898 querimonias,
3054 1835 3106 1879 et
3149 1827 3228 1878 ln-

1693 1923 2047 1978 consultarum
2075 1923 2474 1992 dispositionum
2507 1920 2793 1988 culpabiles
2830 1920 2998 1973 exitus
3041 1917 3106 1970 ad
3146 1920 3228 1972 in-

1695 2012 1966 2066 formanda
1993 2026 2211 2066 casuum
2246 2012 2443 2066 incerta
2475 2018 2804 2067 convertere.
2832 2010 3090 2073 Quorsum
3130 2007 3227 2058 ista

1695 2101 1842 2158 ιιποῖ
1866 2103 1964 2155 ais.
1994 2100 2186 2156 Fateor
2223 2116 2309 2155 me
2345 2102 2502 2156 nimis
2522 2102 2765 2165 veritum,
2809 2115 2874 2152 ne
2907 2108 3137 2166 tempore
3160 2095 3230 2149 .ti-

1693 2189 1854 2242 moris
1879 2187 2070 2256 publici
2097 2202 2200 2242 non
2229 2187 2498 2250 timeretis,
2533 2196 2586 2242 et
2610 2187 2792 2240 solidae
2832 2186 3014 2238 domus
3040 2185 3102 2236 ad
3132 2183 3229 2236 hoc

1694 2277 1790 2330 sevi
1838 2273 2141 2336 inconcussa
2173 2274 2445 2338 securitas,
2476 2275 2538 2327 ad
2578 2280 2958 2340 tempestuosos
3003 2271 3229 2324 hostium

1695 2352 1934 2440 incursus
1976 2380 2071 2433 pro
2110 2364 2471 2432 intempestiva
2503 2363 2778 2416 dev0tione
2808 2358 3111 2427 trepidaret,
3153 2358 3231 2409 in-

1695 2455 2010 2530 cltoaretque
2036 2453 2171 2522 apud
2207 2453 2499 2505 animorum
2531 2448 2892 2502 matronalium
2922 2445 3230 2499 teneritudi-

1694 2557 1817 2597 nem
1857 2541 2159 2598 soletnnitas
2197 2541 2427 2608 expetita
2469 2539 2723 2592 vilescere
2766 2553 2783 2590 :
2830 2549 3122 2603 quanquam
3179 2535 3230 2586 in

1696 2632 1995 2706 pectoribus
2041 2627 2337 2684 earumdem
2377 2629 2445 2682 ita
2474 2627 2572 2680 sibi
2613 2628 2682 2680 sit
2719 2626 2946 2694 genuina
2986 2622 3232 2676 sanctitas

1702 2710 1965 2790 peculiare
1994 2729 2187 2774 metata
2207 2717 2546 2780 domicilium,
2573 2726 2629 2768 ut
2653 2715 2695 2769 si
2726 2713 2847 2782 quid
2877 2726 3029 2766 secus
3051 2711 3234 2765 vianti-

1696 2811 1792 2865 bus
1811 2809 2105 2874 accidisset,
2126 2809 2374 2862 laetatura:
2402 2805 2595 2859 iuerint
2618 2804 2874 2872 quoddam
2892 2816 2949 2875 se
2973 2815 3067 2869 pro
3092 2805 3234 2853 mar:-

1697 2908 1809 2968 tyre
1835 2900 2086 2951 tolerasse
2115 2895 2440 2963 martyrium.
2489 2894 2584 2946 Ast
2613 2907 2709 2960 ego
2737 2892 2821 2945 cui
2850 2891 3098 2957 majorem
3137 2889 3235 2943 dif-

85 2993 185 3054 cutn
203 2977 372 3043 liceat,
400 2975 640 3043 cupiens.
666 2974 921 3039 Quocirca
949 2969 1051 3026 nisi
1073 2969 1391 3025 desiderium
1419 2983 1590 3023 meum

1701 2986 1964 3040 fidentiam
1997 2985 2166 3038 minor
2194 2971 2488 3037 innocentia
2516 2982 2659 3046 facit,
2682 2996 2843 3049 super
2874 2981 2973 3035 lioc
2993 2981 3234 3048 ambiguo

86 3066 264 3122 videtur
287 3068 597 3130 onerosum,
633 3070 897 3118 remeante
939 3062 1172 3129 praefato,
1201 3061 1322 3114 tiam
1361 3061 1596 3113 locorum

85 3163 349 3212 remorum
377 3163 433 3210 ct
461 3165 753 3222 temporum
801 3143 1012 3220 gnarus.
1043 3152 1158 3208 Stat
1196 3150 1456 3205 sententia
1485 3150 1599 3204 elu-

85 3244 193 3298 ctari
208 3245 475 3315 oppositas
495 3246 812 3311 privatarum
832 3241 1226 3310 occupationum
1247 3239 1594 3304 difﬁcultates;

85 3343 130 3386 et
157 3335 560 3404 conplectendis
597 3335 895 3402 pectoribus
936 3333 1126 3388 vestris
1161 3332 1446 3401 quamlibet
1488 3332 1599 3385 lon-

84 3437 183 3490 ειη,
207 3423 433 3478 ofﬁcium
471 3425 759 3492 deputare:
791 3425 833 3477 si
864 3432 1059 3486 tamen,
1095 3422 1233 3491 quod
1263 3423 1420 3476 etiam
1459 3435 1598 3475 nunc
1633 3410 1636 3413 ’

88 3525 323 3582 vereatur,
345 3528 453 3566 non
473 3514 553 3567 vis
577 3514 744 3580 major
763 3513 1012 3581 disposita
1034 3511 1348 3566 confundat:
1368 3525 1485 3580 qua
1508 3524 1600 3564 vos

85 3616 268 3672 Quoque
289 3617 393 3657 non
407 3603 513 3674 93
536 3604 896 3671 perindignum
917 3612 998 3657 est
1013 3618 1130 3657 cum
1155 3602 1312 3657 fratre
1327 3601 1597 3668 Faustino,

84 3702 218 3757 prout
241 3701 476 3762 tempora
504 3709 554 3746 in
593 3701 738 3754 nent,
764 3701 981 3746 tractatu
1002 3691 1383 3745 communicato
1403 3690 1601 3745 delibe-

84 3793 220 3836 rare:
241 3797 396 3849 quem
416 3796 515 3849 ego
541 3783 658 3849 quia
689 3782 866 3848 diligo,
898 3790 1139 3848 tanquam
1173 3780 1262 3846 qui
1288 3794 1374 3832 me
1398 3778 1597 3842 diligat,

83 3867 201 3924 misi.
226 3867 282 3924 Si
309 3871 594 3936 respondet
629 3859 827 3935 judicio
864 3882 1002 3927 meo,
1047 3867 1241 3935 gratias
1275 3879 1390 3932 ago.
1433 3863 1598 3916 Porro

83 3964 398 4020 autem,cum
429 3958 511 4008 vir
553 3957 718 4007 bonus
755 3958 821 4007 ab
864 3955 1106 4008 omnibus
1147 3961 1448 4017 censeatur,
1491 3965 1598 4006 non

89 4051 156 4096 est
179 4042 330 4099 homo
350 4045 525 4113 pejor,
547 4044 588 4096 si
615 4059 717 4096 non
741 4055 820 4096 est
841 4045 1086 4112 optimus.
1117 4043 1320 4098 Valete.

608 4131 934 4185 EPISTULA
975 4132 1036 4184 Υ.

421 4217 662 4273 Sidonius
691 4217 851 4272 Felici
877 4235 965 4272 suo
992 4220 1222 4273 salutem.

1697 3075 1969 3129 sententia:
1986 3072 2202 3126 cautiori
2226 3069 2468 3126 libentius
2485 3069 2807 3132 adhaeresco,
2833 3084 2929 3124 nec
2951 3069 3237 3122 difficulter

1695 3161 1927 3232 app'icor
1945 3161 2100 3215 etiam
2122 3167 2228 3213 tuta
2253 3159 2619 3214 metuentibus.
2635 3158 2859 3211 Proinde
2882 3158 3077 3211 factum
3101 3157 3237 3210 bene

1696 3257 1800 3313 est,
1841 3247 1978 3317 quod
2021 3261 2216 3315 anceps
2266 3245 2361 3301 iter
2409 3245 2688 3298 salubriter
2734 3244 3027 3307 distulistis,
3067 3257 3238 3312 neque

1697 3341 1832 3394 intra
1848 3339 2046 3407 iactum
2075 3345 2234 3392 tanta
2259 3337 2388 3391 alea:
2407 3344 2572 3390 status
2598 3342 2756 3390 tanta:
2778 3334 2983 3388 familiae
3015 3333 3128 3386 fuit.
3175 3333 3239 3386 Et

1698 3429 1823 3484 licet
1864 3428 2108 3482 inchoata
2143 3425 2226 3479 via
2270 3424 2498 3494 potuerit
2549 3421 2866 3491 prosperari,
2910 3436 3011 3491 ego
3063 3430 3238 3474 tamen

1699 3517 1993 3586 bnjusmodi
2013 3515 2234 3570 consilio
2252 3513 2425 3567 album
2443 3513 2698 3567 calculum
2726 3512 2938 3564 minime
2957 3513 3238 3578 apponam,

1698 3610 1847 3676 cujus
1879 3607 2143 3662 temeritas
2166 3604 2364 3658 absolvi
2409 3603 2608 3671 nequit,
2650 3602 2749 3655 nisi
2789 3600 3045 3655 beneﬂcio
3076 3599 3239 3653 felici-

1699 3699 1842 3752 tatis.
1871 3696 2021 3749 Dabit
2044 3693 2252 3763 quidem
2278 3693 2396 3745 talia
2422 3702 2538 3745 vota
2566 3690 2811 3744 divinitas
2833 3689 3004 3758 dignis
3033 3699 3240 3742 succes-

1699 3784 1845 3838 sibus
1884 3781 2220 3850 promoveri:
2262 3779 2545 3846 licebitque
2585 3778 2755 3833 adhuc
2794 3778 3044 3829 horumce
3077 3788 3239 3829 terro-

1698 3887 1812 3926 rum
1846 3870 1948 3924 sub
1975 3870 2116 3936 pacis
2152 3868 2454 3921 ammnitate
2479 3867 2809 3928 meminisse;
2851 3865 2941 3918 sed
2967 3863 3239 3930 praesentia

1701 3959 1902 4013 faciunt
1925 3965 2129 4019 cautos,
2161 3969 2290 4022 quos
2316 3953 2560 4007 videbunt
2582 3951 2750 4005 futura
2774 3965 3002 4017 securos.
3029 3950 3238 4004 Interim

1694 4047 1760 4100 ad
1792 4058 2042 4114 praesens,
2074 4043 2278 4110 apicum
2300 4041 2404 4109 95
2426 4040 2630 4094 oblator
2657 4039 2841 4092 damna
2864 4039 2960 4092 sibi
2978 4039 3238 4106 quaepiam

1697 4151 1792 4205 per
1821 4132 2100 4188 Genesium
2126 4139 2354 4184 vestrum
2377 4127 2569 4182 inflicta
2602 4129 2854 4194 suspirat.
2887 4125 2942 4181 Si
2986 4127 3239 4194 perspicis

1697 4239 1727 4278 a
1757 4238 1882 4278 vero
1925 4221 2028 4276 non
2065 4221 2364 4286 discrepare
2401 4218 2813 4286 querimoniam,
2860 4215 3016 4269 tribui
3059 4230 3238 4282 quaeso

139 4308 283 4366 Iterat
336 4309 643 4378 portitorem
694 4309 1018 4363 salutationis
1075 4311 1300 4364 iteratio.
1371 4308 2019 4375 GozolasDconvincenti
2066 4309 2518 4371 reformationem,
2572 4304 2844 4374 peregrino
2892 4305 3234 4359 celeritatem.

81 4413 157 4453 ves
178 4417 232 4454 er
256 4401 421 4471 (Deus
448 4399 639 4451 tribuat
668 4405 723 4450 ut
761 4398 959 4465 noster)
1000 4401 1201 4466 apicum
1243 4414 1474 4464 meorum
1505 4415 1590 4454 se-

80 4490 228 4543 cundo
253 4488 470 4560 gerulus
508 4485 750 4542 efficitur.
789 4488 948 4556 lgitur
978 4489 1339 4542 verecundiam
1386 4491 1588 4558 utrique

137 4687 160 4714 ι
184 4679 468 4747 blatiret-tus
493 4675 808 4747 Claudianus
838 4676 1152 4747 Viennensis
1190 4679 1427 4732 ecclesiae
1451 4695 1594 4747 pres-

81 4745 228 4813 byter,
272 4746 512 4799 Mamerti
559 4745 785 4813 episcopi
831 4743 1010 4799 frater.
1077 4747 1409 4800 Discernendi
1451 4743 1591 4802 enim

81 4812 182 4882 sunt
199 4814 433 4882 germani
458 4814 582 4882 duo,
611 4812 889 4866 Mamertus
914 4815 1194 4880 ‘episc0pus
1230 4824 1282 4868 et
1316 4816 1592 4870 Mamertus

81 4880 379 4934 Claudianus
400 4880 695 4952 presbyter,
713 4882 858 4952 cujus
879 4895 956 4933 est
984 4883 1093 4934 limo
1110 4883 1351 4948 epistola.
1380 4887 1594 4952 Utriq’ue

82 4963 337 5003 commune
367 4947 700 5020 vocabulum,
738 4950 1015 5001 Mamertus
1041 4967 1051 4998 :
1083 4947 1171 5001 sed
1205 4954 1448 5019 episc0po
1476 4947 1596 5020 pro-

84 5021 228 5081 prium
272 5020 322 5070 id
369 5031 557 5069 nomen
601 5018 714 5079 fuit,
763 5020 1066 5084 presbytero
1104 5018 1433 5084 Cognomen:
1470 5018 1591 5072 nam

83 5087 324 5152 proprium
347 5095 406 5138 et
431 5099 606 5137 verum
635 5084 783 5161 bnjus
813 5101 1020 5143 nomen.
1053 5087 1387 5139 Claudianus.

138 5149 160 5187 ⁵
186 5153 287 5205 llos
314 5153 504 5204 iterum
529 5161 795 5217 conjuugtt
816 5154 970 5217 epist.
1001 5155 1082 5215 12,
1102 5156 1163 5205 ad
1189 5155 1418 5217 singulos
1439 5155 1504 5208 eti

904 5170 970 5206 ει.
1001 5170 1082 5215 ‘IZ,
1102 5170 1163 5205 au
1189 5170 1418 5215 διηκυιοδ
1439 5170 1594 5208 etiam

138 5169 160 5187 '
186 5169 287 5205 llos
314 5169 504 5204 Iterum
529 5169 795 5268 conjuugt
816 5169 970 5217 aptat.
1001 5169 1082 5215 ‘Iz,
1102 5169 1163 5205 ad
1189 5169 1418 5222 SingUIOS
1439 5169 1594 5208 etiam

81 5221 278 5273 seorsim
313 5220 446 5271 alias
483 5218 682 5269 scribit.
783 5220 987 5272 identur
1031 5222 1218 5274 fratres
1260 5223 1438 5282 fuisse,
1477 5237 1595 5275 cum

83 5286 276 5358 Sidonio
288 5284 698 5358 necessitudinis
721 5287 924 5358 vinculo
942 5290 1162 5358 colligati
1189 5307 1202 5340 :
1227 5291 1362 5356 quod
1385 5291 1594 5358 quidem

83 5354 138 5408 de
157 5353 437 5424 Apollinari
469 5353 633 5424 liquet
662 5367 729 5424 es
749 5356 900 5420 epist.
935 5356 986 5416 9,
1017 5353 1106 5410 lib.
1137 5373 1190 5409 ιι.

141 5433 163 5461 ο
186 5419 389 5478 Eidem.
423 5419 630 5491 Invitati
651 5421 732 5491 ad
773 5419 1016 5490 t’nartyris
1049 5427 1182 5491 apud
1222 5427 1480 5480 Arvernos
1509 5440 1596 5477 so-

85 5492 382 5550 lemnitatem
429 5489 729 5552 Simplicius
761 5498 814 5546 et
867 5489 1202 5558 Apollinaris,
1245 5495 1310 5550 ab
1359 5495 1595 5549 instituto

1693 4404 1747 4458 Si
1781 4416 1904 4471 vero
1932 4399 2240 4452 calumniam
2281 4396 2530 4463 plectibili
2571 4390 2887 4448 suiﬂaiumat
2926 4394 3146 4458 invidia,
3181 4394 3234 4446 in

1690 4508 1752 4546 eo
1773 4491 1881 4559 jam
1913 4487 2179 4556 praecessit
2201 4485 2423 4538 vindicta
2465 4483 2678 4552 pulsati,
2698 4483 2832 4550 quod
2877 4497 3070 4551 procax
3099 4482 3229 4551 peti~

1694 4682 1876 4732 itinere
1907 4686 2043 4729 metu
2075 4675 2298 4728 hostium
2325 4675 2652 4730 destiterant.
2685 4675 2896 4730 Factum
2925 4676 3098 4730 laudat
3137 4676 3220 4730 Si-

1690 4749 1894 4810 donius,
1926 4749 2217 4812 gaudetque
2247 4751 2474 4809 domum,
2501 4745 2550 4797 id
2573 4754 2650 4798 est
2673 4745 2941 4809 familiam,
2977 4747 3126 4796 nullis
3153 4744 3218 4795 ad

1699 4817 1748 4869 id
1797 4827 2002 4880 tempus
2053 4813 2287 4865 adversis
2346 4822 2622 4873 turbatam,
2673 4813 2895 4866 hostium
2945 4812 3236 4865 incursibus

1701 4899 1808 4935 non
1840 4882 1999 4934 fuisse
2027 4881 2332 4948 expositam.
2358 4883 2497 4934 Cave
2531 4881 2684 4946 igitur
2710 4882 2774 4934 ad
2805 4895 2976 4934 arcem
3019 4880 3240 4931 Polinia-

1693 4967 1810 5005 catn
1838 4966 1954 5002 cum
1993 4952 2104 5001 viro
2143 4950 2300 5001 docto
2334 4950 2529 5002 referas
2573 4966 2587 5000 :
2623 4961 2713 5002 aut
2748 4950 2812 5002 de
2853 4964 2972 5000 arce
3003 4948 3086 4998 illa
3145 4947 3236 4998 tibi

1702 5019 2016 5085 persuadeas
2044 5019 2127 5070 vel
2154 5017 2534 5082 Apollinarium
2564 5019 2685 5069 olim
2725 5018 2904 5078 fuisse,
2931 5016 3013 5085 vel
3050 5029 3236 5085 nomen

1700 5082 1764 5139 ab
1807 5085 2047 5152 Apolline
2093 5088 2357 5138 derivasse
2407 5103 2418 5138 :
2467 5087 2600 5153 quod
2648 5085 2888 5153 Gabriel”
2916 5082 3236 5153 Simeonius,

1701 5149 1868 5205 homo
1902 5155 2148 5206 Etruscus
2183 5155 2450 5220 ingenioso
2486 5149 2783 5206 commento
2818 5151 2926 5220 sibi
2971 5149 3112 5220 visus
3161 5161 3240 5202 est

1699 5223 1986 5274 divinasse.
2030 5223 2159 5274 Nam
2202 5217 2350 5274 vetus
2396 5223 2584 5275 nomen
2633 5223 2768 5272 arcis
2815 5217 3233 5270 Podomniacns:

1699 5290 1837 5355 quod
1875 5293 2066 5355 passim
2101 5293 2273 5356 legere
2301 5300 2382 5342 est
2411 5299 2516 5342 tum
2555 5291 2604 5341 in
2647 5288 2763 5356 aliis
2793 5286 3026 5356 antiquis
3055 5301 3239 5356 monu-

1704 5353 1913 5421 mentis,
1947 5367 2052 5409 tum
2086 5353 2366 5412 in'litteris
2407 5357 2596 5411 Urbani
2631 5355 2664 5403 ν
2699 5369 2840 5420 papae
2883 5353 2947 5402 ad
2992 5355 3238 5408 Carolum

1700 5441 1872 5494 regem
1903 5440 1996 5488 pro
2019 5426 2282 5481 Artnando
2307 5427 2627 5481 vicecomite.
2655 5422 2748 5476 loci
2779 5421 3005 5475 domino.
