  <div class='ocr_page' id='page_1' title='image "/cluster/home/n/w/nwhite01/storage/ocr_20150623/58/uva.x000827100/268.png"; bbox 0 0 3812 6226; ppageno 0'>
   <div class='ocr_carea' id='block_1_1' title="bbox 141 205 218 259">
    <p class='ocr_par' dir='ltr' id='par_1_1' title="bbox 141 205 218 259">
     <span class='ocr_line' id='line_1_1' title="bbox 141 205 218 259; baseline -0.039 0"><span class='ocrx_word' id='word_1_1' title='bbox 141 205 218 259; x_wconf 68' lang='lat'><strong>5!!</strong></span> 
     </span>
    </p>
   </div>
   <div class='ocr_carea' id='block_1_2' title="bbox 1301 195 2055 254">
    <p class='ocr_par' dir='ltr' id='par_1_2' title="bbox 1301 195 2055 254">
     <span class='ocr_line' id='line_1_2' title="bbox 1301 195 2055 254; baseline -0.003 -2"><span class='ocrx_word' id='word_1_2' title='bbox 1301 195 1768 254; x_wconf 76' lang='lat' dir='ltr'><strong>EPISTOLARUM</strong></span> <span class='ocrx_word' id='word_1_3' title='bbox 1806 196 1929 250; x_wconf 78' lang='lat' dir='ltr'><strong>LIB.</strong></span> <span class='ocrx_word' id='word_1_4' title='bbox 1968 198 2055 252; x_wconf 74' lang='grc' dir='ltr'><strong>ιν.</strong></span> 
     </span>
    </p>
   </div>
   <div class='ocr_carea' id='block_1_3' title="bbox 3153 206 3255 259">
    <p class='ocr_par' dir='ltr' id='par_1_3' title="bbox 3153 206 3255 259">
     <span class='ocr_line' id='line_1_3' title="bbox 3153 206 3255 259; baseline 0.01 -1"><span class='ocrx_word' id='word_1_5' title='bbox 3153 206 3255 259; x_wconf 66' lang='grc' dir='ltr'><strong>5ὶῖ</strong></span> 
     </span>
    </p>
   </div>
   <div class='ocr_carea' id='block_1_4' title="bbox 142 306 3256 378">
    <p class='ocr_par' dir='ltr' id='par_1_4' title="bbox 142 306 3256 378">
     <span class='ocr_line' id='line_1_4' title="bbox 142 306 3256 378; baseline -0.001 -11"><span class='ocrx_word' id='word_1_6' title='bbox 142 312 405 378; x_wconf 81' lang='lat' dir='ltr'><strong>confragosa</strong></span> <span class='ocrx_word' id='word_1_7' title='bbox 426 310 724 370; x_wconf 67' lang='lat' dir='ltr'><strong>venientes,</strong></span> <span class='ocrx_word' id='word_1_8' title='bbox 755 319 851 361; x_wconf 90' lang='lat' dir='ltr'><strong>nec</strong></span> <span class='ocrx_word' id='word_1_9' title='bbox 876 306 1131 373; x_wconf 77' lang='lat' dir='ltr'><strong>subiectas</strong></span> <span class='ocrx_word' id='word_1_10' title='bbox 1165 316 1372 371; x_wconf 86' lang='lat' dir='ltr'><strong>cautes,</strong></span> <span class='ocrx_word' id='word_1_11' title='bbox 1403 320 1499 360; x_wconf 88' lang='lat' dir='ltr'><strong>nec</strong></span> <span class='ocrx_word' id='word_1_12' title='bbox 1534 321 1620 358; x_wconf 86' lang='lat' dir='ltr'><strong>su-</strong></span> <span class='ocrx_word' id='word_1_13' title='bbox 1647 307 1697 364; x_wconf 76' lang='grc' dir='ltr'><strong>Α</strong></span> <span class='ocrx_word' id='word_1_14' title='bbox 1727 307 1886 368; x_wconf 88' lang='lat' dir='ltr'><strong>mani,</strong></span> <span class='ocrx_word' id='word_1_15' title='bbox 1911 308 1954 360; x_wconf 84' lang='lat' dir='ltr'><strong>t-i</strong></span> <span class='ocrx_word' id='word_1_16' title='bbox 1992 321 2090 375; x_wconf 90' lang='lat' dir='ltr'><strong>qua</strong></span> <span class='ocrx_word' id='word_1_17' title='bbox 2116 307 2284 360; x_wconf 90' lang='lat' dir='ltr'><strong>adhuc</strong></span> <span class='ocrx_word' id='word_1_18' title='bbox 2326 311 2525 374; x_wconf 77' lang='lat' dir='ltr'><strong>uspiam</strong></span> <span class='ocrx_word' id='word_1_19' title='bbox 2565 320 2667 375; x_wconf 63' lang='lat' dir='ltr'><strong>est,</strong></span> <span class='ocrx_word' id='word_1_20' title='bbox 2715 312 2934 378; x_wconf 64' lang='lat' dir='ltr'><strong>Belgicis</strong></span> <span class='ocrx_word' id='word_1_21' title='bbox 2974 315 3099 368; x_wconf 85' lang='lat' dir='ltr'><strong>olim</strong></span> <span class='ocrx_word' id='word_1_22' title='bbox 3146 316 3256 368; x_wconf 79' lang='lat' dir='ltr'><strong>sive</strong></span> 
     </span>
    </p>
   </div>
   <div class='ocr_carea' id='block_1_5' title="bbox 143 393 1628 467">
    <p class='ocr_par' dir='ltr' id='par_1_5' title="bbox 143 393 1628 467">
     <span class='ocr_line' id='line_1_5' title="bbox 143 393 1628 467; baseline -0.005 -13"><span class='ocrx_word' id='word_1_23' title='bbox 143 403 359 467; x_wconf 73' lang='lat' dir='ltr'><strong>periectas</strong></span> <span class='ocrx_word' id='word_1_24' title='bbox 406 399 550 450; x_wconf 80' lang='lat' dir='ltr'><strong>nives</strong></span> <span class='ocrx_word' id='word_1_25' title='bbox 594 408 995 462; x_wconf 78' lang='lat' dir='ltr'><strong>expavescemus</strong></span> <span class='ocrx_word' id='word_1_26' title='bbox 1052 412 1066 448; x_wconf 90' lang='lat'><strong>:</strong></span> <span class='ocrx_word' id='word_1_27' title='bbox 1111 393 1346 462; x_wconf 61' lang='lat' dir='ltr'><strong>quamvis</strong></span> <span class='ocrx_word' id='word_1_28' title='bbox 1387 394 1628 460; x_wconf 74' lang='lat' dir='ltr'><strong>iugorum</strong></span> 
     </span>
    </p>
   </div>
   <div class='ocr_carea' id='block_1_6' title="bbox 142 480 1629 556">
    <p class='ocr_par' dir='ltr' id='par_1_6' title="bbox 142 480 1629 556">
     <span class='ocr_line' id='line_1_6' title="bbox 142 480 1629 556; baseline -0.007 -15"><span class='ocrx_word' id='word_1_29' title='bbox 142 487 359 556; x_wconf 88' lang='lat' dir='ltr'><strong>profunda</strong></span> <span class='ocrx_word' id='word_1_30' title='bbox 395 486 667 537; x_wconf 87' lang='lat' dir='ltr'><strong>declivitas</strong></span> <span class='ocrx_word' id='word_1_31' title='bbox 704 498 888 551; x_wconf 82' lang='lat' dir='ltr'><strong>aggere</strong></span> <span class='ocrx_word' id='word_1_32' title='bbox 930 482 1240 534; x_wconf 89' lang='lat' dir='ltr'><strong>cochleatim</strong></span> <span class='ocrx_word' id='word_1_33' title='bbox 1285 480 1448 533; x_wconf 91' lang='lat' dir='ltr'><strong>fracto</strong></span> <span class='ocrx_word' id='word_1_34' title='bbox 1490 494 1629 546; x_wconf 73' lang='lat' dir='ltr'><strong>stepe</strong></span> 
     </span>
    </p>
   </div>
   <div class='ocr_carea' id='block_1_7' title="bbox 144 570 1630 644">
    <p class='ocr_par' dir='ltr' id='par_1_7' title="bbox 144 570 1630 644">
     <span class='ocr_line' id='line_1_7' title="bbox 144 570 1630 644; baseline -0.007 -15"><span class='ocrx_word' id='word_1_35' title='bbox 144 576 363 629; x_wconf 84' lang='lat' dir='ltr'><strong>redeunda</strong></span> <span class='ocrx_word' id='word_1_36' title='bbox 398 577 551 644; x_wconf 75' lang='lat'><strong>110</strong></span> <span class='ocrx_word' id='word_1_37' title='bbox 577 577 645 626; x_wconf 90' lang='lat' dir='ltr'><strong>sit</strong></span> <span class='ocrx_word' id='word_1_38' title='bbox 676 591 688 624; x_wconf 94' lang='lat'>:</span> <span class='ocrx_word' id='word_1_39' title='bbox 721 573 838 638; x_wconf 89' lang='lat' dir='ltr'><strong>quia</strong></span> <span class='ocrx_word' id='word_1_40' title='bbox 880 571 975 626; x_wconf 89' lang='lat' dir='ltr'><strong>etsi</strong></span> <span class='ocrx_word' id='word_1_41' title='bbox 1029 571 1166 623; x_wconf 91' lang='lat' dir='ltr'><strong>nulla</strong></span> <span class='ocrx_word' id='word_1_42' title='bbox 1216 570 1546 631; x_wconf 85' lang='lat' dir='ltr'><strong>solemnitas,</strong></span> <span class='ocrx_word' id='word_1_43' title='bbox 1578 577 1630 618; x_wconf 92' lang='lat' dir='ltr'><strong>tn</strong></span> 
     </span>
    </p>
   </div>
   <div class='ocr_carea' id='block_1_8' title="bbox 142 659 1633 732">
    <p class='ocr_par' dir='ltr' id='par_1_8' title="bbox 142 659 1633 732">
     <span class='ocr_line' id='line_1_8' title="bbox 142 659 1633 732; baseline -0.005 -15"><span class='ocrx_word' id='word_1_44' title='bbox 142 668 245 718; x_wconf 86' lang='lat' dir='ltr'><strong>satis</strong></span> <span class='ocrx_word' id='word_1_45' title='bbox 277 666 451 732; x_wconf 85' lang='lat' dir='ltr'><strong>dignus</strong></span> <span class='ocrx_word' id='word_1_46' title='bbox 479 679 569 725; x_wconf 91' lang='lat' dir='ltr'><strong>es,</strong></span> <span class='ocrx_word' id='word_1_47' title='bbox 599 673 650 713; x_wconf 87' lang='grc' dir='ltr'>ιιι</span> <span class='ocrx_word' id='word_1_48' title='bbox 698 672 777 714; x_wconf 90' lang='lat' dir='ltr'><strong>est</strong></span> <span class='ocrx_word' id='word_1_49' title='bbox 820 670 846 697; x_wconf 81' lang='grc' dir='ltr'>ι</span> <span class='ocrx_word' id='word_1_50' title='bbox 883 661 1176 712; x_wconf 83' lang='lat' dir='ltr'><strong>Tullianum</strong></span> <span class='ocrx_word' id='word_1_51' title='bbox 1214 659 1340 712; x_wconf 88' lang='lat' dir='ltr'><strong>illud</strong></span> <span class='ocrx_word' id='word_1_52' title='bbox 1371 699 1385 723; x_wconf 90' lang='lat'><strong>,</strong></span> <span class='ocrx_word' id='word_1_53' title='bbox 1420 667 1633 727; x_wconf 76' lang='lat' dir='ltr'><strong>propter</strong></span> 
     </span>
    </p>
   </div>
   <div class='ocr_carea' id='block_1_9' title="bbox 139 749 985 824">
    <p class='ocr_par' dir='ltr' id='par_1_9' title="bbox 139 749 985 824">
     <span class='ocr_line' id='line_1_9' title="bbox 139 749 985 824; baseline -0.009 -15"><span class='ocrx_word' id='word_1_54' title='bbox 139 771 266 824; x_wconf 83' lang='lat' dir='ltr'><strong>quem</strong></span> <span class='ocrx_word' id='word_1_55' title='bbox 291 754 525 819; x_wconf 68' lang='lat' dir='ltr'><strong>Thespize</strong></span> <span class='ocrx_word' id='word_1_56' title='bbox 552 754 807 804; x_wconf 74' lang='lat' dir='ltr'><strong>visantur.</strong></span> <span class='ocrx_word' id='word_1_57' title='bbox 837 749 985 802; x_wconf 84' lang='lat' dir='ltr'><strong>Vale.</strong></span> 
     </span>
    </p>
   </div>
   <div class='ocr_carea' id='block_1_10' title="bbox 617 837 1230 896">
    <p class='ocr_par' dir='ltr' id='par_1_10' title="bbox 617 837 1230 896">
     <span class='ocr_line' id='line_1_10' title="bbox 617 837 1230 896; baseline 0.007 -4"><span class='ocrx_word' id='word_1_58' title='bbox 617 838 944 892; x_wconf 72' lang='lat' dir='ltr'><strong>EPISTOLA</strong></span> <span class='ocrx_word' id='word_1_59' title='bbox 987 837 1123 891; x_wconf 74' lang='lat' dir='ltr'><strong>XVI.</strong></span> <span class='ocrx_word' id='word_1_60' title='bbox 1226 892 1230 896; x_wconf 92' lang='lat'><strong>.</strong></span> 
     </span>
    </p>
   </div>
   <div class='ocr_carea' id='block_1_11' title="bbox 422 924 1319 995">
    <p class='ocr_par' dir='ltr' id='par_1_11' title="bbox 422 924 1319 995">
     <span class='ocr_line' id='line_1_11' title="bbox 422 924 1319 995; baseline -0.007 -12"><span class='ocrx_word' id='word_1_61' title='bbox 422 930 665 984; x_wconf 83' lang='lat' dir='ltr'><strong>Sidonius</strong></span> <span class='ocrx_word' id='word_1_62' title='bbox 693 926 720 965; x_wconf 69' lang='grc' dir='ltr'>δ</span> <span class='ocrx_word' id='word_1_63' title='bbox 753 927 959 979; x_wconf 83' lang='lat' dir='ltr'><strong>Ruricio</strong></span> <span class='ocrx_word' id='word_1_64' title='bbox 977 942 1066 995; x_wconf 75' lang='lat' dir='ltr'><strong>suo</strong></span> <span class='ocrx_word' id='word_1_65' title='bbox 1089 924 1319 978; x_wconf 76' lang='lat' dir='ltr'><strong>salutem.</strong></span> 
     </span>
    </p>
   </div>
   <div class='ocr_carea' id='block_1_12' title="bbox 197 1013 1680 1085">
    <p class='ocr_par' dir='ltr' id='par_1_12' title="bbox 197 1013 1680 1085">
     <span class='ocr_line' id='line_1_12' title="bbox 197 1013 1680 1085; baseline -0.008 -11"><span class='ocrx_word' id='word_1_66' title='bbox 197 1018 369 1085; x_wconf 78' lang='lat' dir='ltr'><strong>Accepi</strong></span> <span class='ocrx_word' id='word_1_67' title='bbox 415 1033 508 1084; x_wconf 88' lang='lat' dir='ltr'><strong>per</strong></span> <span class='ocrx_word' id='word_1_68' title='bbox 558 1015 889 1068; x_wconf 77' lang='lat' dir='ltr'><strong>Paterninum</strong></span> <span class='ocrx_word' id='word_1_69' title='bbox 929 1013 1165 1082; x_wconf 77' lang='lat' dir='ltr'><strong>paginam</strong></span> <span class='ocrx_word' id='word_1_70' title='bbox 1210 1023 1474 1074; x_wconf 82' lang='lat' dir='ltr'><strong>vestram,</strong></span> <span class='ocrx_word' id='word_1_71' title='bbox 1523 1025 1637 1078; x_wconf 74' lang='lat' dir='ltr'><strong>qua:</strong></span> <span class='ocrx_word' id='word_1_72' title='bbox 1677 1043 1680 1050; x_wconf 63' lang='grc' dir='ltr'><strong>η</strong></span> 
     </span>
    </p>
   </div>
   <div class='ocr_carea' id='block_1_13' title="bbox 135 1101 1633 1176">
    <p class='ocr_par' dir='ltr' id='par_1_13' title="bbox 135 1101 1633 1176">
     <span class='ocr_line' id='line_1_13' title="bbox 135 1101 1633 1176; baseline -0.005 -16"><span class='ocrx_word' id='word_1_73' title='bbox 135 1110 234 1176; x_wconf 89' lang='lat' dir='ltr'><strong>plus</strong></span> <span class='ocrx_word' id='word_1_74' title='bbox 259 1106 418 1158; x_wconf 78' lang='lat' dir='ltr'><strong>mellis</strong></span> <span class='ocrx_word' id='word_1_75' title='bbox 446 1121 509 1156; x_wconf 87' lang='lat' dir='ltr'><strong>an</strong></span> <span class='ocrx_word' id='word_1_76' title='bbox 541 1104 666 1156; x_wconf 88' lang='lat' dir='ltr'><strong>salis</strong></span> <span class='ocrx_word' id='word_1_77' title='bbox 712 1103 897 1155; x_wconf 89' lang='lat' dir='ltr'><strong>habeat</strong></span> <span class='ocrx_word' id='word_1_78' title='bbox 945 1102 1199 1154; x_wconf 91' lang='lat' dir='ltr'><strong>incertum</strong></span> <span class='ocrx_word' id='word_1_79' title='bbox 1250 1111 1348 1154; x_wconf 91' lang='lat' dir='ltr'><strong>est.</strong></span> <span class='ocrx_word' id='word_1_80' title='bbox 1378 1101 1633 1154; x_wconf 65' lang='lat' dir='ltr'><strong>Cmterum</strong></span> 
     </span>
    </p>
   </div>
   <div class='ocr_carea' id='block_1_14' title="bbox 134 1186 1637 1260">
    <p class='ocr_par' dir='ltr' id='par_1_14' title="bbox 134 1186 1637 1260">
     <span class='ocr_line' id='line_1_14' title="bbox 134 1186 1637 1260; baseline -0.003 -16"><span class='ocrx_word' id='word_1_81' title='bbox 134 1192 302 1260; x_wconf 72' lang='lat' dir='ltr'><strong>eloquii</strong></span> <span class='ocrx_word' id='word_1_82' title='bbox 328 1191 524 1250; x_wconf 82' lang='lat' dir='ltr'><strong>cupiam</strong></span> <span class='ocrx_word' id='word_1_83' title='bbox 557 1190 690 1242; x_wconf 87' lang='lat' dir='ltr'><strong>hanc</strong></span> <span class='ocrx_word' id='word_1_84' title='bbox 715 1189 945 1256; x_wconf 70' lang='lat' dir='ltr'><strong>prmfert,</strong></span> <span class='ocrx_word' id='word_1_85' title='bbox 971 1190 1066 1240; x_wconf 89' lang='lat' dir='ltr'><strong>hos</strong></span> <span class='ocrx_word' id='word_1_86' title='bbox 1091 1191 1196 1240; x_wconf 91' lang='lat' dir='ltr'><strong>olet</strong></span> <span class='ocrx_word' id='word_1_87' title='bbox 1221 1189 1397 1250; x_wconf 81' lang='lat' dir='ltr'><strong>liores,</strong></span> <span class='ocrx_word' id='word_1_88' title='bbox 1425 1199 1478 1240; x_wconf 92' lang='lat' dir='ltr'><strong>ut</strong></span> <span class='ocrx_word' id='word_1_89' title='bbox 1505 1186 1637 1240; x_wconf 88' lang='lat' dir='ltr'><strong>bene</strong></span> 
     </span>
    </p>
   </div>
   <div class='ocr_carea' id='block_1_15' title="bbox 134 1277 1630 1350">
    <p class='ocr_par' dir='ltr' id='par_1_15' title="bbox 134 1277 1630 1350">
     <span class='ocr_line' id='line_1_15' title="bbox 134 1277 1630 1350; baseline -0.003 -17"><span class='ocrx_word' id='word_1_90' title='bbox 134 1291 375 1350; x_wconf 78' lang='lat' dir='ltr'><strong>appareat,</strong></span> <span class='ocrx_word' id='word_1_91' title='bbox 406 1295 506 1331; x_wconf 89' lang='lat' dir='ltr'><strong>non</strong></span> <span class='ocrx_word' id='word_1_92' title='bbox 534 1293 623 1331; x_wconf 90' lang='lat' dir='ltr'><strong>vos</strong></span> <span class='ocrx_word' id='word_1_93' title='bbox 645 1279 920 1331; x_wconf 86' lang='lat' dir='ltr'><strong>manifesta</strong></span> <span class='ocrx_word' id='word_1_94' title='bbox 948 1279 1124 1338; x_wconf 91' lang='lat' dir='ltr'><strong>modo,</strong></span> <span class='ocrx_word' id='word_1_95' title='bbox 1154 1291 1330 1328; x_wconf 90' lang='lat' dir='ltr'><strong>verum</strong></span> <span class='ocrx_word' id='word_1_96' title='bbox 1352 1278 1504 1329; x_wconf 83' lang='lat' dir='ltr'><strong>etiam</strong></span> <span class='ocrx_word' id='word_1_97' title='bbox 1533 1277 1630 1328; x_wconf 85' lang='lat' dir='ltr'><strong>fur-</strong></span> 
     </span>
    </p>
   </div>
   <div class='ocr_carea' id='block_1_16' title="bbox 135 1364 1640 1436">
    <p class='ocr_par' dir='ltr' id='par_1_16' title="bbox 135 1364 1640 1436">
     <span class='ocr_line' id='line_1_16' title="bbox 135 1364 1640 1436; baseline -0.004 -15"><span class='ocrx_word' id='word_1_98' title='bbox 135 1372 224 1422; x_wconf 85' lang='lat' dir='ltr'><strong>tiva</strong></span> <span class='ocrx_word' id='word_1_99' title='bbox 249 1383 442 1436; x_wconf 80' lang='lat' dir='ltr'><strong>quoque</strong></span> <span class='ocrx_word' id='word_1_100' title='bbox 471 1369 695 1420; x_wconf 86' lang='lat' dir='ltr'><strong>lectione</strong></span> <span class='ocrx_word' id='word_1_101' title='bbox 717 1366 990 1434; x_wconf 89' lang='lat' dir='ltr'><strong>proficere.</strong></span> <span class='ocrx_word' id='word_1_102' title='bbox 1009 1365 1310 1430; x_wconf 84' lang='lat' dir='ltr'><strong>Quanquam</strong></span> <span class='ocrx_word' id='word_1_103' title='bbox 1335 1374 1387 1415; x_wconf 89' lang='lat' dir='ltr'><strong>et</strong></span> <span class='ocrx_word' id='word_1_104' title='bbox 1416 1364 1516 1416; x_wconf 85' lang='lat' dir='ltr'><strong>hoc</strong></span> <span class='ocrx_word' id='word_1_105' title='bbox 1533 1365 1640 1416; x_wconf 92' lang='lat' dir='ltr'><strong>fur-</strong></span> 
     </span>
    </p>
   </div>
   <div class='ocr_carea' id='block_1_17' title="bbox 135 1452 1635 1524">
    <p class='ocr_par' dir='ltr' id='par_1_17' title="bbox 135 1452 1635 1524">
     <span class='ocr_line' id='line_1_17' title="bbox 135 1452 1635 1524; baseline -0.003 -15"><span class='ocrx_word' id='word_1_106' title='bbox 135 1469 229 1510; x_wconf 90' lang='lat' dir='ltr'><strong>tum</strong></span> <span class='ocrx_word' id='word_1_107' title='bbox 267 1459 391 1524; x_wconf 88' lang='lat' dir='ltr'><strong>quod</strong></span> <span class='ocrx_word' id='word_1_108' title='bbox 439 1456 758 1523; x_wconf 75' lang='lat' dir='ltr'><strong>depreceris,</strong></span> <span class='ocrx_word' id='word_1_109' title='bbox 799 1453 1081 1519; x_wconf 80' lang='lat' dir='ltr'><strong>exemplati</strong></span> <span class='ocrx_word' id='word_1_110' title='bbox 1134 1452 1314 1514; x_wconf 81' lang='lat' dir='ltr'><strong>libelli,</strong></span> <span class='ocrx_word' id='word_1_111' title='bbox 1348 1466 1448 1502; x_wconf 89' lang='lat' dir='ltr'><strong>rton</strong></span> <span class='ocrx_word' id='word_1_112' title='bbox 1487 1452 1635 1504; x_wconf 86' lang='lat' dir='ltr'><strong>venia</strong></span> 
     </span>
    </p>
   </div>
   <div class='ocr_carea' id='block_1_18' title="bbox 135 1540 1633 1609">
    <p class='ocr_par' dir='ltr' id='par_1_18' title="bbox 135 1540 1633 1609">
     <span class='ocr_line' id='line_1_18' title="bbox 135 1540 1633 1609; baseline -0.002 -14"><span class='ocrx_word' id='word_1_113' title='bbox 135 1555 226 1597; x_wconf 81' lang='lat' dir='ltr'><strong>tam</strong></span> <span class='ocrx_word' id='word_1_114' title='bbox 267 1544 442 1597; x_wconf 83' lang='lat' dir='ltr'><strong>debeat</strong></span> <span class='ocrx_word' id='word_1_115' title='bbox 485 1545 742 1609; x_wconf 90' lang='lat' dir='ltr'><strong>respicere</strong></span> <span class='ocrx_word' id='word_1_116' title='bbox 768 1556 922 1608; x_wconf 86' lang='lat' dir='ltr'><strong>quam</strong></span> <span class='ocrx_word' id='word_1_117' title='bbox 969 1541 1152 1609; x_wconf 80' lang='lat' dir='ltr'><strong>gloria.</strong></span> <span class='ocrx_word' id='word_1_118' title='bbox 1200 1540 1332 1604; x_wconf 83' lang='lat' dir='ltr'><strong>Quid</strong></span> <span class='ocrx_word' id='word_1_119' title='bbox 1383 1549 1437 1592; x_wconf 92' lang='lat' dir='ltr'><strong>tu</strong></span> <span class='ocrx_word' id='word_1_120' title='bbox 1496 1541 1633 1593; x_wconf 90' lang='lat' dir='ltr'><strong>enim</strong></span> 
     </span>
    </p>
   </div>
   <div class='ocr_carea' id='block_1_19' title="bbox 1734 393 3257 467">
    <p class='ocr_par' dir='ltr' id='par_1_19' title="bbox 1734 393 3257 467">
     <span class='ocr_line' id='line_1_19' title="bbox 1734 393 3257 467; baseline 0.004 -20"><span class='ocrx_word' id='word_1_121' title='bbox 1734 393 1998 448; x_wconf 74' lang='lat' dir='ltr'><strong>Rhenanis</strong></span> <span class='ocrx_word' id='word_1_122' title='bbox 2017 396 2206 449; x_wconf 88' lang='lat' dir='ltr'><strong>abolita</strong></span> <span class='ocrx_word' id='word_1_123' title='bbox 2237 400 2390 449; x_wconf 89' lang='lat' dir='ltr'><strong>terris</strong></span> <span class='ocrx_word' id='word_1_124' title='bbox 2442 399 2492 450; x_wconf 92' lang='lat' dir='ltr'><strong>in</strong></span> <span class='ocrx_word' id='word_1_125' title='bbox 2534 405 2582 451; x_wconf 79' lang='lat' dir='ltr'><strong>te</strong></span> <span class='ocrx_word' id='word_1_126' title='bbox 2611 400 2833 453; x_wconf 84' lang='lat' dir='ltr'><strong>resedit:</strong></span> <span class='ocrx_word' id='word_1_127' title='bbox 2862 417 2964 467; x_wconf 85' lang='lat' dir='ltr'><strong>quo</strong></span> <span class='ocrx_word' id='word_1_128' title='bbox 2991 402 3068 455; x_wconf 87' lang='lat' dir='ltr'><strong>vel</strong></span> <span class='ocrx_word' id='word_1_129' title='bbox 3117 404 3257 456; x_wconf 90' lang='lat' dir='ltr'><strong>inco-</strong></span> 
     </span>
    </p>
   </div>
   <div class='ocr_carea' id='block_1_20' title="bbox 1729 480 3258 554">
    <p class='ocr_par' dir='ltr' id='par_1_20' title="bbox 1729 480 3258 554">
     <span class='ocr_line' id='line_1_20' title="bbox 1729 480 3258 554; baseline 0.009 -23"><span class='ocrx_word' id='word_1_130' title='bbox 1729 480 1878 545; x_wconf 89' lang='lat' dir='ltr'><strong>lumi,</strong></span> <span class='ocrx_word' id='word_1_131' title='bbox 1907 483 1989 534; x_wconf 90' lang='lat' dir='ltr'><strong>vel</strong></span> <span class='ocrx_word' id='word_1_132' title='bbox 2019 493 2314 550; x_wconf 78' lang='lat' dir='ltr'><strong>perorante,</strong></span> <span class='ocrx_word' id='word_1_133' title='bbox 2343 485 2441 537; x_wconf 89' lang='lat' dir='ltr'><strong>etsi</strong></span> <span class='ocrx_word' id='word_1_134' title='bbox 2469 486 2601 552; x_wconf 86' lang='lat' dir='ltr'><strong>apud</strong></span> <span class='ocrx_word' id='word_1_135' title='bbox 2633 486 2847 540; x_wconf 88' lang='lat' dir='ltr'><strong>limitem</strong></span> <span class='ocrx_word' id='word_1_136' title='bbox 2875 487 3040 554; x_wconf 84' lang='lat' dir='ltr'><strong>ipsum</strong></span> <span class='ocrx_word' id='word_1_137' title='bbox 3076 489 3258 544; x_wconf 72' lang='lat' dir='ltr'><strong>Latira</strong></span> 
     </span>
    </p>
   </div>
   <div class='ocr_carea' id='block_1_21' title="bbox 1726 569 3259 645">
    <p class='ocr_par' dir='ltr' id='par_1_21' title="bbox 1726 569 3259 645">
     <span class='ocr_line' id='line_1_21' title="bbox 1726 569 3259 645; baseline 0.008 -26"><span class='ocrx_word' id='word_1_138' title='bbox 1726 569 1841 636; x_wconf 84' lang='lat' dir='ltr'><strong>jura</strong></span> <span class='ocrx_word' id='word_1_139' title='bbox 1894 573 2227 634; x_wconf 87' lang='lat' dir='ltr'><strong>ceciderunt,</strong></span> <span class='ocrx_word' id='word_1_140' title='bbox 2286 573 2441 627; x_wconf 80' lang='lat' dir='ltr'><strong>verba</strong></span> <span class='ocrx_word' id='word_1_141' title='bbox 2494 590 2594 626; x_wconf 91' lang='lat' dir='ltr'><strong>non</strong></span> <span class='ocrx_word' id='word_1_142' title='bbox 2651 575 2886 628; x_wconf 83' lang='lat' dir='ltr'><strong>titubant.</strong></span> <span class='ocrx_word' id='word_1_143' title='bbox 2933 577 3259 645; x_wconf 75' lang='lat' dir='ltr'><strong>Quapropter</strong></span> 
     </span>
    </p>
   </div>
   <div class='ocr_carea' id='block_1_22' title="bbox 1731 659 3259 730">
    <p class='ocr_par' dir='ltr' id='par_1_22' title="bbox 1731 659 3259 730">
     <span class='ocr_line' id='line_1_22' title="bbox 1731 659 3259 730; baseline 0.007 -22"><span class='ocrx_word' id='word_1_144' title='bbox 1731 659 1988 711; x_wconf 86' lang='lat' dir='ltr'><strong>alternum</strong></span> <span class='ocrx_word' id='word_1_145' title='bbox 2019 660 2161 712; x_wconf 88' lang='lat' dir='ltr'><strong>salve</strong></span> <span class='ocrx_word' id='word_1_146' title='bbox 2188 661 2496 727; x_wconf 85' lang='lat' dir='ltr'><strong>rependens,</strong></span> <span class='ocrx_word' id='word_1_147' title='bbox 2525 664 2787 730; x_wconf 77' lang='lat' dir='ltr'><strong>granditer</strong></span> <span class='ocrx_word' id='word_1_148' title='bbox 2810 665 2975 726; x_wconf 83' lang='lat' dir='ltr'><strong>l:ctor,</strong></span> <span class='ocrx_word' id='word_1_149' title='bbox 3001 667 3185 720; x_wconf 87' lang='lat' dir='ltr'><strong>saltem</strong></span> <span class='ocrx_word' id='word_1_150' title='bbox 3210 668 3259 719; x_wconf 91' lang='lat' dir='ltr'><strong>in</strong></span> 
     </span>
    </p>
   </div>
   <div class='ocr_carea' id='block_1_23' title="bbox 1735 738 3259 814">
    <p class='ocr_par' dir='ltr' id='par_1_23' title="bbox 1735 738 3259 814">
     <span class='ocr_line' id='line_1_23' title="bbox 1735 738 3259 814; baseline 0.007 -14"><span class='ocrx_word' id='word_1_151' title='bbox 1735 747 1920 800; x_wconf 85' lang='lat' dir='ltr'><strong>illustri</strong></span> <span class='ocrx_word' id='word_1_152' title='bbox 1947 759 2156 814; x_wconf 80' lang='lat' dir='ltr'><strong>pectore</strong></span> <span class='ocrx_word' id='word_1_153' title='bbox 2202 758 2290 802; x_wconf 90' lang='lat' dir='ltr'><strong>tuo</strong></span> <span class='ocrx_word' id='word_1_154' title='bbox 2315 755 2704 804; x_wconf 85' lang='lat' dir='ltr'><strong>vanescentium</strong></span> <span class='ocrx_word' id='word_1_155' title='bbox 2735 755 3021 808; x_wconf 90' lang='lat' dir='ltr'><strong>litterarum</strong></span> <span class='ocrx_word' id='word_1_156' title='bbox 3048 738 3259 810; x_wconf 83' lang='lat' dir='ltr'><strong>reman-</strong></span> 
     </span>
    </p>
   </div>
   <div class='ocr_carea' id='block_1_24' title="bbox 1734 837 3260 912">
    <p class='ocr_par' dir='ltr' id='par_1_24' title="bbox 1734 837 3260 912">
     <span class='ocr_line' id='line_1_24' title="bbox 1734 837 3260 912; baseline 0.009 -23"><span class='ocrx_word' id='word_1_157' title='bbox 1734 837 1865 890; x_wconf 86' lang='lat' dir='ltr'><strong>sisse</strong></span> <span class='ocrx_word' id='word_1_158' title='bbox 1893 838 2102 906; x_wconf 79' lang='lat' dir='ltr'><strong>vestigia</strong></span> <span class='ocrx_word' id='word_1_159' title='bbox 2148 852 2163 888; x_wconf 89' lang='lat'><strong>:</strong></span> <span class='ocrx_word' id='word_1_160' title='bbox 2200 853 2318 906; x_wconf 72' lang='lat' dir='ltr'><strong>quae</strong></span> <span class='ocrx_word' id='word_1_161' title='bbox 2357 839 2400 892; x_wconf 93' lang='lat' dir='ltr'><strong>si</strong></span> <span class='ocrx_word' id='word_1_162' title='bbox 2430 838 2685 908; x_wconf 75' lang='lat' dir='ltr'><strong>frequenti</strong></span> <span class='ocrx_word' id='word_1_163' title='bbox 2716 843 2937 900; x_wconf 79' lang='lat' dir='ltr'><strong>lectione</strong></span> <span class='ocrx_word' id='word_1_164' title='bbox 2966 848 3260 912; x_wconf 83' lang='lat' dir='ltr'><strong>continuas,</strong></span> 
     </span>
    </p>
   </div>
   <div class='ocr_carea' id='block_1_25' title="bbox 1737 927 3262 995">
    <p class='ocr_par' dir='ltr' id='par_1_25' title="bbox 1737 927 3262 995">
     <span class='ocr_line' id='line_1_25' title="bbox 1737 927 3262 995; baseline 0.005 -16"><span class='ocrx_word' id='word_1_165' title='bbox 1737 927 2003 994; x_wconf 80' lang='lat' dir='ltr'><strong>experiere</strong></span> <span class='ocrx_word' id='word_1_166' title='bbox 2032 941 2124 993; x_wconf 87' lang='lat' dir='ltr'><strong>per</strong></span> <span class='ocrx_word' id='word_1_167' title='bbox 2147 927 2279 990; x_wconf 89' lang='lat' dir='ltr'><strong>dies,</strong></span> <span class='ocrx_word' id='word_1_168' title='bbox 2311 939 2505 995; x_wconf 87' lang='lat' dir='ltr'><strong>quanto</strong></span> <span class='ocrx_word' id='word_1_169' title='bbox 2533 931 2853 983; x_wconf 90' lang='lat' dir='ltr'><strong>antecellunt</strong></span> <span class='ocrx_word' id='word_1_170' title='bbox 2880 933 3062 988; x_wconf 90' lang='lat' dir='ltr'><strong>belluis</strong></span> <span class='ocrx_word' id='word_1_171' title='bbox 3091 936 3262 989; x_wconf 87' lang='lat' dir='ltr'><strong>homi-</strong></span> 
     </span>
    </p>
   </div>
   <div class='ocr_carea' id='block_1_26' title="bbox 1738 1007 3261 1090">
    <p class='ocr_par' dir='ltr' id='par_1_26' title="bbox 1738 1007 3261 1090">
     <span class='ocr_line' id='line_1_26' title="bbox 1738 1007 3261 1090; baseline 0.007 -24"><span class='ocrx_word' id='word_1_172' title='bbox 1738 1027 1849 1075; x_wconf 58' lang='lat' dir='ltr'><strong>nes,</strong></span> <span class='ocrx_word' id='word_1_173' title='bbox 1891 1023 2034 1067; x_wconf 89' lang='lat' dir='ltr'><strong>tanto</strong></span> <span class='ocrx_word' id='word_1_174' title='bbox 2077 1007 2324 1074; x_wconf 72' lang='lat' dir='ltr'><strong>anteferri</strong></span> <span class='ocrx_word' id='word_1_175' title='bbox 2365 1017 2570 1070; x_wconf 79' lang='lat' dir='ltr'><strong>rusticis</strong></span> <span class='ocrx_word' id='word_1_176' title='bbox 2614 1017 2894 1074; x_wconf 83' lang='lat' dir='ltr'><strong>institutos.</strong></span> <span class='ocrx_word' id='word_1_177' title='bbox 2946 1020 3020 1074; x_wconf 89' lang='lat' dir='ltr'><strong>De</strong></span> <span class='ocrx_word' id='word_1_178' title='bbox 3059 1025 3261 1090; x_wconf 77' lang='lat' dir='ltr'><strong>paginis</strong></span> 
     </span>
    </p>
   </div>
   <div class='ocr_carea' id='block_1_27' title="bbox 1737 1103 3258 1184">
    <p class='ocr_par' dir='ltr' id='par_1_27' title="bbox 1737 1103 3258 1184">
     <span class='ocr_line' id='line_1_27' title="bbox 1737 1103 3258 1184; baseline 0.006 -30"><span class='ocrx_word' id='word_1_179' title='bbox 1737 1114 1866 1184; x_wconf 80' lang='lat' dir='ltr'><strong>sane</strong></span> <span class='ocrx_word' id='word_1_180' title='bbox 1899 1103 2033 1170; x_wconf 88' lang='lat' dir='ltr'><strong>quod</strong></span> <span class='ocrx_word' id='word_1_181' title='bbox 2073 1104 2390 1170; x_wconf 72' lang='lat' dir='ltr'><strong>spiritalibus</strong></span> <span class='ocrx_word' id='word_1_182' title='bbox 2435 1105 2605 1158; x_wconf 75' lang='lat' dir='ltr'><strong>visut</strong></span> <span class='ocrx_word' id='word_1_183' title='bbox 2637 1106 3123 1184; x_wconf 44' lang='lat' dir='ltr'><strong>aliquidﬁinterpres</strong></span> <span class='ocrx_word' id='word_1_184' title='bbox 3159 1113 3258 1163; x_wconf 91' lang='lat' dir='ltr'><strong>im-</strong></span> 
     </span>
    </p>
   </div>
   <div class='ocr_carea' id='block_1_28' title="bbox 1739 1156 3258 1260">
    <p class='ocr_par' dir='ltr' id='par_1_28' title="bbox 1739 1156 3258 1260">
     <span class='ocr_line' id='line_1_28' title="bbox 1739 1156 3258 1260; baseline 0.004 -18"><span class='ocrx_word' id='word_1_185' title='bbox 1739 1176 1930 1256; x_wconf 62' lang='lat' dir='ltr'><strong>probus</strong></span> <span class='ocrx_word' id='word_1_186' title='bbox 1957 1195 2203 1254; x_wconf 75' lang='lat' dir='ltr'><strong>garriam,</strong></span> <span class='ocrx_word' id='word_1_187' title='bbox 2239 1191 2430 1256; x_wconf 85' lang='lat' dir='ltr'><strong>justtus</strong></span> <span class='ocrx_word' id='word_1_188' title='bbox 2465 1193 2574 1245; x_wconf 82' lang='lat' dir='ltr'><strong>ha-c</strong></span> <span class='ocrx_word' id='word_1_189' title='bbox 2602 1156 3055 1260; x_wconf 51' lang='lat' dir='ltr'><strong>postttlamntnrra</strong></span> <span class='ocrx_word' id='word_1_190' title='bbox 3092 1212 3258 1250; x_wconf 79' lang='lat' dir='ltr'><strong>Sacer-</strong></span> 
     </span>
    </p>
   </div>
   <div class='ocr_carea' id='block_1_29' title="bbox 1738 1277 3259 1348">
    <p class='ocr_par' dir='ltr' id='par_1_29' title="bbox 1738 1277 3259 1348">
     <span class='ocr_line' id='line_1_29' title="bbox 1738 1277 3259 1348; baseline 0.008 -21"><span class='ocrx_word' id='word_1_191' title='bbox 1738 1277 1942 1329; x_wconf 90' lang='lat' dir='ltr'><strong>dotibus</strong></span> <span class='ocrx_word' id='word_1_192' title='bbox 1965 1277 2078 1329; x_wconf 92' lang='lat' dir='ltr'><strong>loco</strong></span> <span class='ocrx_word' id='word_1_193' title='bbox 2102 1277 2419 1344; x_wconf 89' lang='lat' dir='ltr'><strong>propinquis,</strong></span> <span class='ocrx_word' id='word_1_194' title='bbox 2448 1288 2601 1332; x_wconf 75' lang='lat' dir='ltr'><strong>:ctate</strong></span> <span class='ocrx_word' id='word_1_195' title='bbox 2625 1282 2936 1348; x_wconf 67' lang='lat' dir='ltr'><strong>grandmvis,</strong></span> <span class='ocrx_word' id='word_1_196' title='bbox 2963 1283 3062 1336; x_wconf 77' lang='lat' dir='ltr'><strong>fide</strong></span> <span class='ocrx_word' id='word_1_197' title='bbox 3087 1288 3259 1348; x_wconf 89' lang='lat' dir='ltr'><strong>claris,</strong></span> 
     </span>
    </p>
   </div>
   <div class='ocr_carea' id='block_1_30' title="bbox 1737 1357 3258 1434">
    <p class='ocr_par' dir='ltr' id='par_1_30' title="bbox 1737 1357 3258 1434">
     <span class='ocr_line' id='line_1_30' title="bbox 1737 1357 3258 1434; baseline 0.009 -20"><span class='ocrx_word' id='word_1_198' title='bbox 1737 1377 1897 1428; x_wconf 81' lang='lat' dir='ltr'><strong>Opere</strong></span> <span class='ocrx_word' id='word_1_199' title='bbox 1929 1366 2076 1432; x_wconf 71' lang='lat'><strong>112</strong></span> <span class='ocrx_word' id='word_1_200' title='bbox 2106 1363 2346 1430; x_wconf 84' lang='lat' dir='ltr'><strong>vulgatis.</strong></span> <span class='ocrx_word' id='word_1_201' title='bbox 2376 1381 2467 1416; x_wconf 91' lang='lat' dir='ltr'><strong>ore</strong></span> <span class='ocrx_word' id='word_1_202' title='bbox 2497 1357 2777 1434; x_wconf 73' lang='lat' dir='ltr'><strong>promptis,</strong></span> <span class='ocrx_word' id='word_1_203' title='bbox 2799 1374 3044 1426; x_wconf 78' lang='lat' dir='ltr'><strong>memoria</strong></span> <span class='ocrx_word' id='word_1_204' title='bbox 3073 1376 3258 1428; x_wconf 85' lang='lat' dir='ltr'><strong>tenaci-</strong></span> 
     </span>
    </p>
   </div>
   <div class='ocr_carea' id='block_1_31' title="bbox 1737 1450 3260 1529">
    <p class='ocr_par' dir='ltr' id='par_1_31' title="bbox 1737 1450 3260 1529">
     <span class='ocr_line' id='line_1_31' title="bbox 1737 1450 3260 1529; baseline 0.009 -27"><span class='ocrx_word' id='word_1_205' title='bbox 1737 1450 1854 1510; x_wconf 89' lang='lat' dir='ltr'><strong>bus,</strong></span> <span class='ocrx_word' id='word_1_206' title='bbox 1892 1451 2034 1504; x_wconf 91' lang='lat' dir='ltr'><strong>omni</strong></span> <span class='ocrx_word' id='word_1_207' title='bbox 2071 1451 2296 1518; x_wconf 89' lang='lat' dir='ltr'><strong>denique</strong></span> <span class='ocrx_word' id='word_1_208' title='bbox 2330 1457 2632 1506; x_wconf 82' lang='lat' dir='ltr'><strong>meritorum</strong></span> <span class='ocrx_word' id='word_1_209' title='bbox 2671 1457 2968 1510; x_wconf 81' lang='lat' dir='ltr'><strong>sublimium</strong></span> <span class='ocrx_word' id='word_1_210' title='bbox 3005 1461 3127 1515; x_wconf 89' lang='lat' dir='ltr'><strong>dote</strong></span> <span class='ocrx_word' id='word_1_211' title='bbox 3174 1477 3260 1529; x_wconf 82' lang='lat' dir='ltr'><strong>po-</strong></span> 
     </span>
    </p>
   </div>
   <div class='ocr_carea' id='block_1_32' title="bbox 1740 1540 3258 1615">
    <p class='ocr_par' dir='ltr' id='par_1_32' title="bbox 1740 1540 3258 1615">
     <span class='ocr_line' id='line_1_32' title="bbox 1740 1540 3258 1615; baseline 0.009 -24"><span class='ocrx_word' id='word_1_212' title='bbox 1740 1540 1974 1594; x_wconf 86' lang='lat' dir='ltr'><strong>tioribus.</strong></span> <span class='ocrx_word' id='word_1_213' title='bbox 2003 1541 2236 1608; x_wconf 80' lang='lat' dir='ltr'><strong>Namque</strong></span> <span class='ocrx_word' id='word_1_214' title='bbox 2265 1551 2318 1595; x_wconf 92' lang='lat' dir='ltr'><strong>ut</strong></span> <span class='ocrx_word' id='word_1_215' title='bbox 2344 1543 2622 1598; x_wconf 65' lang='lat' dir='ltr'><strong>antistitem</strong></span> <span class='ocrx_word' id='word_1_216' title='bbox 2650 1547 2870 1598; x_wconf 85' lang='lat' dir='ltr'><strong>civitatis</strong></span> <span class='ocrx_word' id='word_1_217' title='bbox 2901 1547 3083 1615; x_wconf 76' lang='lat' dir='ltr'><strong>vestra:</strong></span> <span class='ocrx_word' id='word_1_218' title='bbox 3108 1552 3258 1605; x_wconf 69' lang='lat' dir='ltr'><strong>relin-</strong></span> 
     </span>
    </p>
   </div>
   <div class='ocr_carea' id='block_1_33' title="bbox 132 1621 3263 1706">
    <p class='ocr_par' dir='ltr' id='par_1_33' title="bbox 132 1621 3263 1706">
     <span class='ocr_line' id='line_1_33' title="bbox 132 1621 3263 1706; baseline 0.003 -24"><span class='ocrx_word' id='word_1_219' title='bbox 132 1631 273 1683; x_wconf 82' lang='lat' dir='ltr'><strong>facias</strong></span> <span class='ocrx_word' id='word_1_220' title='bbox 298 1632 486 1695; x_wconf 85' lang='lat' dir='ltr'><strong>absque</strong></span> <span class='ocrx_word' id='word_1_221' title='bbox 515 1629 725 1691; x_wconf 87' lang='lat' dir='ltr'><strong>virtute,</strong></span> <span class='ocrx_word' id='word_1_222' title='bbox 753 1628 838 1696; x_wconf 90' lang='lat' dir='ltr'><strong>qui</strong></span> <span class='ocrx_word' id='word_1_223' title='bbox 863 1629 1083 1694; x_wconf 87' lang='lat' dir='ltr'><strong>necipsa</strong></span> <span class='ocrx_word' id='word_1_224' title='bbox 1113 1637 1324 1696; x_wconf 88' lang='lat' dir='ltr'><strong>peccata</strong></span> <span class='ocrx_word' id='word_1_225' title='bbox 1350 1629 1463 1679; x_wconf 85' lang='lat' dir='ltr'><strong>sine</strong></span> <span class='ocrx_word' id='word_1_226' title='bbox 1487 1627 1639 1680; x_wconf 86' lang='lat' dir='ltr'><strong>laude</strong></span> <span class='ocrx_word' id='word_1_227' title='bbox 1671 1621 1713 1679; x_wconf 85' lang='grc' dir='ltr'><strong><em>Β</em></strong></span> <span class='ocrx_word' id='word_1_228' title='bbox 1740 1643 1893 1695; x_wconf 90' lang='lat' dir='ltr'><strong>quam</strong></span> <span class='ocrx_word' id='word_1_229' title='bbox 1920 1671 1935 1690; x_wconf 93' lang='lat'><strong>,</strong></span> <span class='ocrx_word' id='word_1_230' title='bbox 1989 1631 2550 1683; x_wconf 86' lang='lat' dir='ltr'><strong>consummatissimum</strong></span> <span class='ocrx_word' id='word_1_231' title='bbox 2605 1634 2768 1687; x_wconf 89' lang='lat' dir='ltr'><strong>virum</strong></span> <span class='ocrx_word' id='word_1_232' title='bbox 2794 1674 2808 1697; x_wconf 93' lang='lat'><strong>,</strong></span> <span class='ocrx_word' id='word_1_233' title='bbox 2865 1646 3263 1706; x_wconf 79' lang='lat' dir='ltr'><strong>cunetaruntquc</strong></span> 
     </span>
    </p>
   </div>
   <div class='ocr_carea' id='block_1_34' title="bbox 133 1716 1647 1784">
    <p class='ocr_par' dir='ltr' id='par_1_34' title="bbox 133 1716 1647 1784">
     <span class='ocr_line' id='line_1_34' title="bbox 133 1716 1647 1784; baseline 0.001 -14"><span class='ocrx_word' id='word_1_234' title='bbox 133 1717 430 1770; x_wconf 80' lang='lat' dir='ltr'><strong>committis?</strong></span> <span class='ocrx_word' id='word_1_235' title='bbox 462 1716 570 1782; x_wconf 78' lang='lat' dir='ltr'><strong>Ego</strong></span> <span class='ocrx_word' id='word_1_236' title='bbox 599 1731 724 1770; x_wconf 89' lang='lat' dir='ltr'><strong>vero</strong></span> <span class='ocrx_word' id='word_1_237' title='bbox 752 1717 998 1784; x_wconf 82' lang='lat' dir='ltr'><strong>quidquid</strong></span> <span class='ocrx_word' id='word_1_238' title='bbox 1019 1717 1315 1784; x_wconf 88' lang='lat' dir='ltr'><strong>impositum</strong></span> <span class='ocrx_word' id='word_1_239' title='bbox 1333 1727 1415 1769; x_wconf 90' lang='lat' dir='ltr'><strong>est</strong></span> <span class='ocrx_word' id='word_1_240' title='bbox 1453 1717 1647 1772; x_wconf 78' lang='lat' dir='ltr'><strong>fraudis</strong></span> 
     </span>
    </p>
   </div>
   <div class='ocr_carea' id='block_1_35' title="bbox 132 1805 1648 1873">
    <p class='ocr_par' dir='ltr' id='par_1_35' title="bbox 132 1805 1648 1873">
     <span class='ocr_line' id='line_1_35' title="bbox 132 1805 1648 1873; baseline -0.001 -14"><span class='ocrx_word' id='word_1_241' title='bbox 132 1806 243 1858; x_wconf 88' lang='lat' dir='ltr'><strong>mihi</strong></span> <span class='ocrx_word' id='word_1_242' title='bbox 269 1815 318 1859; x_wconf 90' lang='lat' dir='ltr'><strong>ut</strong></span> <span class='ocrx_word' id='word_1_243' title='bbox 345 1815 461 1873; x_wconf 90' lang='lat' dir='ltr'><strong>pote</strong></span> <span class='ocrx_word' id='word_1_244' title='bbox 486 1805 712 1869; x_wconf 88' lang='lat' dir='ltr'><strong>absenti,</strong></span> <span class='ocrx_word' id='word_1_245' title='bbox 744 1806 908 1858; x_wconf 85' lang='lat' dir='ltr'><strong>libens</strong></span> <span class='ocrx_word' id='word_1_246' title='bbox 943 1805 1116 1870; x_wconf 86' lang='lat' dir='ltr'><strong>audio,</strong></span> <span class='ocrx_word' id='word_1_247' title='bbox 1153 1805 1525 1872; x_wconf 86' lang='lat' dir='ltr'><strong>principalique</strong></span> <span class='ocrx_word' id='word_1_248' title='bbox 1557 1821 1648 1868; x_wconf 88' lang='lat' dir='ltr'><strong>pro</strong></span> 
     </span>
    </p>
   </div>
   <div class='ocr_carea' id='block_1_36' title="bbox 132 1895 1643 1966">
    <p class='ocr_par' dir='ltr' id='par_1_36' title="bbox 132 1895 1643 1966">
     <span class='ocr_line' id='line_1_36' title="bbox 132 1895 1643 1966; baseline -0.005 -13"><span class='ocrx_word' id='word_1_249' title='bbox 132 1914 324 1953; x_wconf 88' lang='lat' dir='ltr'><strong>munere</strong></span> <span class='ocrx_word' id='word_1_250' title='bbox 347 1898 651 1965; x_wconf 88' lang='lat' dir='ltr'><strong>amplector,</strong></span> <span class='ocrx_word' id='word_1_251' title='bbox 704 1898 790 1966; x_wconf 90' lang='lat' dir='ltr'><strong>qui</strong></span> <span class='ocrx_word' id='word_1_252' title='bbox 837 1895 1236 1965; x_wconf 82' lang='lat' dir='ltr'><strong>quodammodo</strong></span> <span class='ocrx_word' id='word_1_253' title='bbox 1268 1897 1512 1949; x_wconf 89' lang='lat' dir='ltr'><strong>damnum</strong></span> <span class='ocrx_word' id='word_1_254' title='bbox 1565 1899 1643 1947; x_wconf 81' lang='lat' dir='ltr'><strong>in-</strong></span> 
     </span>
    </p>
   </div>
   <div class='ocr_carea' id='block_1_37' title="bbox 133 1984 1640 2052">
    <p class='ocr_par' dir='ltr' id='par_1_37' title="bbox 133 1984 1640 2052">
     <span class='ocr_line' id='line_1_37' title="bbox 133 1984 1640 2052; baseline -0.005 -13"><span class='ocrx_word' id='word_1_255' title='bbox 133 1987 300 2039; x_wconf 75' lang='lat' dir='ltr'><strong>demne</strong></span> <span class='ocrx_word' id='word_1_256' title='bbox 328 1986 560 2040; x_wconf 88' lang='lat' dir='ltr'><strong>toleravi.</strong></span> <span class='ocrx_word' id='word_1_257' title='bbox 593 1984 768 2052; x_wconf 82' lang='lat' dir='ltr'><strong>Neque</strong></span> <span class='ocrx_word' id='word_1_258' title='bbox 789 1985 926 2037; x_wconf 89' lang='lat' dir='ltr'><strong>enim</strong></span> <span class='ocrx_word' id='word_1_259' title='bbox 953 1984 1089 2050; x_wconf 89' lang='lat' dir='ltr'><strong>quod</strong></span> <span class='ocrx_word' id='word_1_260' title='bbox 1122 1996 1210 2036; x_wconf 88' lang='lat' dir='ltr'><strong>tuo</strong></span> <span class='ocrx_word' id='word_1_261' title='bbox 1252 1986 1476 2037; x_wconf 85' lang='lat' dir='ltr'><strong>accessit</strong></span> <span class='ocrx_word' id='word_1_262' title='bbox 1503 1985 1640 2047; x_wconf 88' lang='lat' dir='ltr'><strong>usui,</strong></span> 
     </span>
    </p>
   </div>
   <div class='ocr_carea' id='block_1_38' title="bbox 135 2073 1641 2140">
    <p class='ocr_par' dir='ltr' id='par_1_38' title="bbox 135 2073 1641 2140">
     <span class='ocr_line' id='line_1_38' title="bbox 135 2073 1641 2140; baseline -0.005 -12"><span class='ocrx_word' id='word_1_263' title='bbox 135 2077 338 2129; x_wconf 85' lang='lat' dir='ltr'><strong>decessit</strong></span> <span class='ocrx_word' id='word_1_264' title='bbox 379 2075 477 2128; x_wconf 91' lang='lat' dir='ltr'><strong>hoc</strong></span> <span class='ocrx_word' id='word_1_265' title='bbox 505 2082 702 2128; x_wconf 74' lang='lat' dir='ltr'><strong>nostra:</strong></span> <span class='ocrx_word' id='word_1_266' title='bbox 741 2074 1080 2140; x_wconf 89' lang='lat' dir='ltr'><strong>proprietati;</strong></span> <span class='ocrx_word' id='word_1_267' title='bbox 1122 2081 1210 2125; x_wconf 90' lang='lat' dir='ltr'><strong>aut</strong></span> <span class='ocrx_word' id='word_1_268' title='bbox 1236 2073 1300 2124; x_wconf 92' lang='lat' dir='ltr'><strong>ad</strong></span> <span class='ocrx_word' id='word_1_269' title='bbox 1327 2073 1641 2126; x_wconf 81' lang='lat' dir='ltr'><strong>incrementa</strong></span> 
     </span>
    </p>
   </div>
   <div class='ocr_carea' id='block_1_39' title="bbox 133 2161 1650 2231">
    <p class='ocr_par' dir='ltr' id='par_1_39' title="bbox 133 2161 1650 2231">
     <span class='ocr_line' id='line_1_39' title="bbox 133 2161 1650 2231; baseline -0.003 -14"><span class='ocrx_word' id='word_1_270' title='bbox 133 2166 341 2218; x_wconf 68' lang='lat' dir='ltr'><strong>scientia:</strong></span> <span class='ocrx_word' id='word_1_271' title='bbox 373 2174 562 2218; x_wconf 70' lang='lat' dir='ltr'><strong>vestra:</strong></span> <span class='ocrx_word' id='word_1_272' title='bbox 590 2179 681 2231; x_wconf 91' lang='lat' dir='ltr'><strong>per</strong></span> <span class='ocrx_word' id='word_1_273' title='bbox 707 2162 1017 2215; x_wconf 88' lang='lat' dir='ltr'><strong>detrimenta</strong></span> <span class='ocrx_word' id='word_1_274' title='bbox 1043 2162 1258 2216; x_wconf 90' lang='lat' dir='ltr'><strong>venistis</strong></span> <span class='ocrx_word' id='word_1_275' title='bbox 1283 2161 1484 2215; x_wconf 61' lang='lat' dir='ltr'><strong>alienae.</strong></span> <span class='ocrx_word' id='word_1_276' title='bbox 1509 2162 1650 2224; x_wconf 85' lang='lat' dir='ltr'><strong>Quin.</strong></span> 
     </span>
    </p>
   </div>
   <div class='ocr_carea' id='block_1_40' title="bbox 136 2249 1671 2321">
    <p class='ocr_par' dir='ltr' id='par_1_40' title="bbox 136 2249 1671 2321">
     <span class='ocr_line' id='line_1_40' title="bbox 136 2249 1671 2321; baseline -0.002 -16"><span class='ocrx_word' id='word_1_277' title='bbox 136 2253 288 2321; x_wconf 85' lang='lat' dir='ltr'><strong>potius</strong></span> <span class='ocrx_word' id='word_1_278' title='bbox 311 2255 416 2320; x_wconf 88' lang='lat' dir='ltr'><strong>ipse</strong></span> <span class='ocrx_word' id='word_1_279' title='bbox 437 2253 558 2320; x_wconf 85' lang='lat' dir='ltr'><strong>jure</strong></span> <span class='ocrx_word' id='word_1_280' title='bbox 583 2254 771 2306; x_wconf 89' lang='lat' dir='ltr'><strong>abhinc</strong></span> <span class='ocrx_word' id='word_1_281' title='bbox 793 2253 936 2306; x_wconf 84' lang='lat' dir='ltr'><strong>uberi</strong></span> <span class='ocrx_word' id='word_1_282' title='bbox 977 2253 1239 2319; x_wconf 64' lang='lat' dir='ltr'><strong>praeconio</strong></span> <span class='ocrx_word' id='word_1_283' title='bbox 1269 2267 1371 2303; x_wconf 93' lang='lat' dir='ltr'><strong>non</strong></span> <span class='ocrx_word' id='word_1_284' title='bbox 1399 2249 1601 2303; x_wconf 88' lang='lat' dir='ltr'><strong>carebis</strong></span> <span class='ocrx_word' id='word_1_285' title='bbox 1625 2266 1639 2312; x_wconf 92' lang='lat'><strong>;</strong></span> <span class='ocrx_word' id='word_1_286' title='bbox 1668 2299 1671 2302; x_wconf 81' lang='lat'><strong>.</strong></span> 
     </span>
    </p>
   </div>
   <div class='ocr_carea' id='block_1_41' title="bbox 138 2338 1644 2409">
    <p class='ocr_par' dir='ltr' id='par_1_41' title="bbox 138 2338 1644 2409">
     <span class='ocr_line' id='line_1_41' title="bbox 138 2338 1644 2409; baseline -0.003 -15"><span class='ocrx_word' id='word_1_287' title='bbox 138 2342 210 2409; x_wconf 89' lang='lat' dir='ltr'><strong>qui</strong></span> <span class='ocrx_word' id='word_1_288' title='bbox 237 2343 388 2409; x_wconf 79' lang='lat' dir='ltr'><strong>magis</strong></span> <span class='ocrx_word' id='word_1_289' title='bbox 409 2341 563 2408; x_wconf 87' lang='lat' dir='ltr'><strong>igneo</strong></span> <span class='ocrx_word' id='word_1_290' title='bbox 593 2342 798 2406; x_wconf 86' lang='lat' dir='ltr'><strong>ingenio</strong></span> <span class='ocrx_word' id='word_1_291' title='bbox 829 2349 1065 2392; x_wconf 89' lang='lat' dir='ltr'><strong>naturam</strong></span> <span class='ocrx_word' id='word_1_292' title='bbox 1094 2339 1341 2391; x_wconf 87' lang='lat' dir='ltr'><strong>decenter</strong></span> <span class='ocrx_word' id='word_1_293' title='bbox 1369 2338 1498 2405; x_wconf 88' lang='lat' dir='ltr'><strong>ignis</strong></span> <span class='ocrx_word' id='word_1_294' title='bbox 1529 2339 1644 2389; x_wconf 90' lang='lat' dir='ltr'><strong>imi-</strong></span> 
     </span>
    </p>
   </div>
   <div class='ocr_carea' id='block_1_42' title="bbox 135 2426 1642 2494">
    <p class='ocr_par' dir='ltr' id='par_1_42' title="bbox 135 2426 1642 2494">
     <span class='ocr_line' id='line_1_42' title="bbox 135 2426 1642 2494; baseline -0.003 -13"><span class='ocrx_word' id='word_1_295' title='bbox 135 2441 254 2482; x_wconf 81' lang='lat' dir='ltr'><strong>tatus</strong></span> <span class='ocrx_word' id='word_1_296' title='bbox 272 2444 342 2492; x_wconf 85' lang='lat' dir='ltr'><strong>es,</strong></span> <span class='ocrx_word' id='word_1_297' title='bbox 366 2428 430 2480; x_wconf 89' lang='lat' dir='ltr'><strong>de</strong></span> <span class='ocrx_word' id='word_1_298' title='bbox 448 2441 553 2494; x_wconf 89' lang='lat' dir='ltr'><strong>quo</strong></span> <span class='ocrx_word' id='word_1_299' title='bbox 581 2427 625 2478; x_wconf 87' lang='lat' dir='ltr'><strong>si</strong></span> <span class='ocrx_word' id='word_1_300' title='bbox 656 2426 778 2493; x_wconf 88' lang='lat' dir='ltr'><strong>quid</strong></span> <span class='ocrx_word' id='word_1_301' title='bbox 825 2427 1037 2478; x_wconf 89' lang='lat' dir='ltr'><strong>demere</strong></span> <span class='ocrx_word' id='word_1_302' title='bbox 1063 2426 1212 2488; x_wconf 75' lang='lat' dir='ltr'><strong>velis,</strong></span> <span class='ocrx_word' id='word_1_303' title='bbox 1242 2435 1476 2477; x_wconf 86' lang='lat' dir='ltr'><strong>remanet</strong></span> <span class='ocrx_word' id='word_1_304' title='bbox 1505 2435 1642 2477; x_wconf 75' lang='lat' dir='ltr'><strong>torus</strong></span> 
     </span>
    </p>
   </div>
   <div class='ocr_carea' id='block_1_43' title="bbox 134 2511 1642 2586">
    <p class='ocr_par' dir='ltr' id='par_1_43' title="bbox 134 2511 1642 2586">
     <span class='ocr_line' id='line_1_43' title="bbox 134 2511 1642 2586; baseline -0.007 -14"><span class='ocrx_word' id='word_1_305' title='bbox 134 2520 207 2586; x_wconf 90' lang='lat' dir='ltr'><strong>qui</strong></span> <span class='ocrx_word' id='word_1_306' title='bbox 245 2517 565 2572; x_wconf 80' lang='lat' dir='ltr'><strong>transfertur.</strong></span> <span class='ocrx_word' id='word_1_307' title='bbox 595 2513 742 2567; x_wconf 89' lang='lat' dir='ltr'><strong>Unde</strong></span> <span class='ocrx_word' id='word_1_308' title='bbox 782 2513 886 2579; x_wconf 86' lang='lat' dir='ltr'><strong>jam</strong></span> <span class='ocrx_word' id='word_1_309' title='bbox 934 2527 1089 2578; x_wconf 85' lang='lat' dir='ltr'><strong>parce</strong></span> <span class='ocrx_word' id='word_1_310' title='bbox 1141 2513 1420 2579; x_wconf 87' lang='lat' dir='ltr'><strong>trepidare,</strong></span> <span class='ocrx_word' id='word_1_311' title='bbox 1474 2511 1642 2578; x_wconf 90' lang='lat' dir='ltr'><strong>deque</strong></span> 
     </span>
    </p>
   </div>
   <div class='ocr_carea' id='block_1_44' title="bbox 134 2599 1641 2671">
    <p class='ocr_par' dir='ltr' id='par_1_44' title="bbox 134 2599 1641 2671">
     <span class='ocr_line' id='line_1_44' title="bbox 134 2599 1641 2671; baseline -0.007 -11"><span class='ocrx_word' id='word_1_312' title='bbox 134 2608 342 2660; x_wconf 84' lang='lat' dir='ltr'><strong>moribus</strong></span> <span class='ocrx_word' id='word_1_313' title='bbox 365 2605 518 2657; x_wconf 89' lang='lat' dir='ltr'><strong>amici</strong></span> <span class='ocrx_word' id='word_1_314' title='bbox 567 2603 854 2671; x_wconf 85' lang='lat' dir='ltr'><strong>plusculum</strong></span> <span class='ocrx_word' id='word_1_315' title='bbox 882 2611 1025 2652; x_wconf 91' lang='lat' dir='ltr'><strong>recto</strong></span> <span class='ocrx_word' id='word_1_316' title='bbox 1045 2614 1195 2653; x_wconf 89' lang='lat' dir='ltr'><strong>secus</strong></span> <span class='ocrx_word' id='word_1_317' title='bbox 1220 2599 1453 2653; x_wconf 89' lang='lat' dir='ltr'><strong>credere.</strong></span> <span class='ocrx_word' id='word_1_318' title='bbox 1481 2599 1641 2652; x_wconf 86' lang='lat' dir='ltr'><strong>Nam-</strong></span> 
     </span>
    </p>
   </div>
   <div class='ocr_carea' id='block_1_45' title="bbox 135 2690 1638 2763">
    <p class='ocr_par' dir='ltr' id='par_1_45' title="bbox 135 2690 1638 2763">
     <span class='ocr_line' id='line_1_45' title="bbox 135 2690 1638 2763; baseline -0.003 -15"><span class='ocrx_word' id='word_1_319' title='bbox 135 2711 219 2763; x_wconf 87' lang='lat' dir='ltr'><strong>que</strong></span> <span class='ocrx_word' id='word_1_320' title='bbox 237 2699 285 2749; x_wconf 89' lang='lat' dir='ltr'><strong>in</strong></span> <span class='ocrx_word' id='word_1_321' title='bbox 313 2696 407 2748; x_wconf 89' lang='lat' dir='ltr'><strong>hoc</strong></span> <span class='ocrx_word' id='word_1_322' title='bbox 434 2693 571 2747; x_wconf 87' lang='lat' dir='ltr'><strong>facto</strong></span> <span class='ocrx_word' id='word_1_323' title='bbox 597 2707 690 2745; x_wconf 88' lang='lat' dir='ltr'><strong>nos</strong></span> <span class='ocrx_word' id='word_1_324' title='bbox 712 2691 876 2759; x_wconf 87' lang='lat' dir='ltr'><strong>magis</strong></span> <span class='ocrx_word' id='word_1_325' title='bbox 925 2690 1112 2744; x_wconf 86' lang='lat' dir='ltr'><strong>vulnus</strong></span> <span class='ocrx_word' id='word_1_326' title='bbox 1152 2690 1335 2759; x_wconf 90' lang='lat' dir='ltr'><strong>polluit</strong></span> <span class='ocrx_word' id='word_1_327' title='bbox 1354 2690 1549 2759; x_wconf 68' lang='lat' dir='ltr'><strong>.culpre,</strong></span> <span class='ocrx_word' id='word_1_328' title='bbox 1594 2691 1638 2744; x_wconf 87' lang='lat' dir='ltr'><strong>si</strong></span> 
     </span>
    </p>
   </div>
   <div class='ocr_carea' id='block_1_46' title="bbox 135 2781 834 2839">
    <p class='ocr_par' dir='ltr' id='par_1_46' title="bbox 135 2781 834 2839">
     <span class='ocr_line' id='line_1_46' title="bbox 135 2781 834 2839; baseline -0.013 0"><span class='ocrx_word' id='word_1_329' title='bbox 135 2784 263 2839; x_wconf 83' lang='lat' dir='ltr'><strong>feriat</strong></span> <span class='ocrx_word' id='word_1_330' title='bbox 283 2785 410 2838; x_wconf 88' lang='lat' dir='ltr'><strong>ictus</strong></span> <span class='ocrx_word' id='word_1_331' title='bbox 434 2783 662 2836; x_wconf 55' lang='lat' dir='ltr'><strong>invidia.</strong></span> <span class='ocrx_word' id='word_1_332' title='bbox 693 2781 834 2833; x_wconf 83' lang='lat' dir='ltr'><strong>Vale.</strong></span> 
     </span>
    </p>
   </div>
   <div class='ocr_carea' id='block_1_47' title="bbox 525 2872 1302 2942">
    <p class='ocr_par' dir='ltr' id='par_1_47' title="bbox 525 2872 1302 2942">
     <span class='ocr_line' id='line_1_47' title="bbox 525 2872 1302 2942; baseline 0 -17"><span class='ocrx_word' id='word_1_333' title='bbox 525 2878 672 2942; x_wconf 75' lang='grc' dir='ltr'><strong>ιιι</strong></span> <span class='ocrx_word' id='word_1_334' title='bbox 706 2872 1031 2926; x_wconf 77' lang='lat' dir='ltr'><strong>EPISTULA</strong></span> <span class='ocrx_word' id='word_1_335' title='bbox 1069 2872 1226 2924; x_wconf 77' lang='lat' dir='ltr'><strong>xvn.</strong></span> <span class='ocrx_word' id='word_1_336' title='bbox 1299 2923 1302 2925; x_wconf 13' lang='grc' dir='ltr'><strong>Α</strong></span> 
     </span>
    </p>
   </div>
   <div class='ocr_carea' id='block_1_48' title="bbox 396 2960 1346 3026">
    <p class='ocr_par' dir='ltr' id='par_1_48' title="bbox 396 2960 1346 3026">
     <span class='ocr_line' id='line_1_48' title="bbox 396 2960 1346 3026; baseline -0.003 -13"><span class='ocrx_word' id='word_1_337' title='bbox 396 2961 635 3015; x_wconf 84' lang='lat' dir='ltr'><strong>Sidonius</strong></span> <span class='ocrx_word' id='word_1_338' title='bbox 667 2971 688 2996; x_wconf 77' lang='grc' dir='ltr'><strong>ο</strong></span> <span class='ocrx_word' id='word_1_339' title='bbox 718 2962 976 3026; x_wconf 74' lang='lat' dir='ltr'><strong>Aruogasti</strong></span> <span class='ocrx_word' id='word_1_340' title='bbox 1006 2975 1093 3010; x_wconf 80' lang='lat' dir='ltr'><strong>suo</strong></span> <span class='ocrx_word' id='word_1_341' title='bbox 1122 2960 1346 3010; x_wconf 78' lang='lat' dir='ltr'><strong>salutem.</strong></span> 
     </span>
    </p>
   </div>
   <div class='ocr_carea' id='block_1_49' title="bbox 189 3045 1643 3114">
    <p class='ocr_par' dir='ltr' id='par_1_49' title="bbox 189 3045 1643 3114">
     <span class='ocr_line' id='line_1_49' title="bbox 189 3045 1643 3114; baseline -0.006 -8"><span class='ocrx_word' id='word_1_342' title='bbox 189 3051 502 3106; x_wconf 77' lang='lat' dir='ltr'><strong>Eminentius</strong></span> <span class='ocrx_word' id='word_1_343' title='bbox 553 3051 751 3102; x_wconf 82' lang='lat' dir='ltr'><strong>anticus</strong></span> <span class='ocrx_word' id='word_1_344' title='bbox 798 3061 933 3111; x_wconf 89' lang='lat' dir='ltr'><strong>tuus,</strong></span> <span class='ocrx_word' id='word_1_345' title='bbox 973 3049 1183 3100; x_wconf 88' lang='lat' dir='ltr'><strong>domine</strong></span> <span class='ocrx_word' id='word_1_346' title='bbox 1229 3048 1414 3114; x_wconf 82' lang='lat' dir='ltr'><strong>major,</strong></span> <span class='ocrx_word' id='word_1_347' title='bbox 1457 3045 1643 3098; x_wconf 89' lang='lat' dir='ltr'><strong>obtulit</strong></span> 
     </span>
    </p>
   </div>
   <div class='ocr_carea' id='block_1_50' title="bbox 136 3136 1640 3210">
    <p class='ocr_par' dir='ltr' id='par_1_50' title="bbox 136 3136 1640 3210">
     <span class='ocr_line' id='line_1_50' title="bbox 136 3136 1640 3210; baseline -0.006 -16"><span class='ocrx_word' id='word_1_348' title='bbox 136 3141 260 3205; x_wconf 85' lang='lat' dir='ltr'><strong>mihi,</strong></span> <span class='ocrx_word' id='word_1_349' title='bbox 280 3155 404 3210; x_wconf 87' lang='lat' dir='ltr'><strong>quas</strong></span> <span class='ocrx_word' id='word_1_350' title='bbox 435 3142 546 3208; x_wconf 89' lang='lat' dir='ltr'><strong>ipse</strong></span> <span class='ocrx_word' id='word_1_351' title='bbox 592 3138 821 3198; x_wconf 88' lang='lat' dir='ltr'><strong>dictasti,</strong></span> <span class='ocrx_word' id='word_1_352' title='bbox 848 3139 1045 3190; x_wconf 87' lang='lat' dir='ltr'><strong>litteras</strong></span> <span class='ocrx_word' id='word_1_353' title='bbox 1077 3137 1354 3197; x_wconf 85' lang='lat' dir='ltr'><strong>litteratas,</strong></span> <span class='ocrx_word' id='word_1_354' title='bbox 1385 3143 1438 3188; x_wconf 90' lang='lat' dir='ltr'><strong>et</strong></span> <span class='ocrx_word' id='word_1_355' title='bbox 1460 3136 1640 3202; x_wconf 76' lang='lat' dir='ltr'><strong>gratia:</strong></span> 
     </span>
    </p>
   </div>
   <div class='ocr_carea' id='block_1_51' title="bbox 137 3223 1676 3298">
    <p class='ocr_par' dir='ltr' id='par_1_51' title="bbox 137 3223 1676 3298">
     <span class='ocr_line' id='line_1_51' title="bbox 137 3223 1676 3298; baseline -0.005 -17"><span class='ocrx_word' id='word_1_356' title='bbox 137 3231 362 3298; x_wconf 83' lang='lat' dir='ltr'><strong>trifariam</strong></span> <span class='ocrx_word' id='word_1_357' title='bbox 415 3228 695 3284; x_wconf 86' lang='lat' dir='ltr'><strong>renidentis</strong></span> <span class='ocrx_word' id='word_1_358' title='bbox 743 3229 884 3281; x_wconf 91' lang='lat' dir='ltr'><strong>cultu</strong></span> <span class='ocrx_word' id='word_1_359' title='bbox 914 3226 1169 3279; x_wconf 85' lang='lat' dir='ltr'><strong>refertas:</strong></span> <span class='ocrx_word' id='word_1_360' title='bbox 1201 3239 1418 3291; x_wconf 90' lang='lat' dir='ltr'><strong>quarum</strong></span> <span class='ocrx_word' id='word_1_361' title='bbox 1464 3223 1676 3291; x_wconf 85' lang='lat' dir='ltr'><strong>utique‘</strong></span> 
     </span>
    </p>
   </div>
   <div class='ocr_carea' id='block_1_52' title="bbox 136 3305 1636 3386">
    <p class='ocr_par' dir='ltr' id='par_1_52' title="bbox 136 3305 1636 3386">
     <span class='ocr_line' id='line_1_52' title="bbox 136 3305 1636 3386; baseline -0.005 -12"><span class='ocrx_word' id='word_1_362' title='bbox 136 3323 356 3376; x_wconf 76' lang='lat' dir='ltr'><strong>virtutum</strong></span> <span class='ocrx_word' id='word_1_363' title='bbox 408 3323 596 3374; x_wconf 90' lang='lat' dir='ltr'><strong>caritas</strong></span> <span class='ocrx_word' id='word_1_364' title='bbox 649 3305 810 3386; x_wconf 88' lang='lat' dir='ltr'><strong>prima</strong></span> <span class='ocrx_word' id='word_1_365' title='bbox 840 3328 939 3382; x_wconf 58' lang='lat' dir='ltr'><strong>est,</strong></span> <span class='ocrx_word' id='word_1_366' title='bbox 972 3331 1086 3383; x_wconf 70' lang='lat' dir='ltr'><strong>qua:</strong></span> <span class='ocrx_word' id='word_1_367' title='bbox 1117 3327 1166 3369; x_wconf 92' lang='lat' dir='ltr'><strong>te</strong></span> <span class='ocrx_word' id='word_1_368' title='bbox 1195 3316 1361 3382; x_wconf 83' lang='lat' dir='ltr'><strong>coegit</strong></span> <span class='ocrx_word' id='word_1_369' title='bbox 1391 3316 1440 3367; x_wconf 91' lang='lat' dir='ltr'><strong>in</strong></span> <span class='ocrx_word' id='word_1_370' title='bbox 1469 3314 1636 3380; x_wconf 87' lang='lat' dir='ltr'><strong>nobis,</strong></span> 
     </span>
    </p>
   </div>
   <div class='ocr_carea' id='block_1_53' title="bbox 136 3401 1640 3476">
    <p class='ocr_par' dir='ltr' id='par_1_53' title="bbox 136 3401 1640 3476">
     <span class='ocr_line' id='line_1_53' title="bbox 136 3401 1640 3476; baseline -0.003 -18"><span class='ocrx_word' id='word_1_371' title='bbox 136 3408 205 3461; x_wconf 82' lang='lat' dir='ltr'><strong>vel</strong></span> <span class='ocrx_word' id='word_1_372' title='bbox 238 3408 537 3476; x_wconf 77' lang='lat' dir='ltr'><strong>peregrinis,</strong></span> <span class='ocrx_word' id='word_1_373' title='bbox 565 3409 648 3460; x_wconf 89' lang='lat' dir='ltr'><strong>vel</strong></span> <span class='ocrx_word' id='word_1_374' title='bbox 677 3407 783 3473; x_wconf 86' lang='lat' dir='ltr'><strong>jam</strong></span> <span class='ocrx_word' id='word_1_375' title='bbox 833 3405 993 3457; x_wconf 89' lang='lat' dir='ltr'><strong>latere</strong></span> <span class='ocrx_word' id='word_1_376' title='bbox 1040 3403 1386 3470; x_wconf 88' lang='lat' dir='ltr'><strong>cupientibus,</strong></span> <span class='ocrx_word' id='word_1_377' title='bbox 1434 3401 1640 3455; x_wconf 87' lang='lat' dir='ltr'><strong>humilia</strong></span> 
     </span>
    </p>
   </div>
   <div class='ocr_carea' id='block_1_54' title="bbox 137 3492 1639 3565">
    <p class='ocr_par' dir='ltr' id='par_1_54' title="bbox 137 3492 1639 3565">
     <span class='ocr_line' id='line_1_54' title="bbox 137 3492 1639 3565; baseline -0.003 -16"><span class='ocrx_word' id='word_1_378' title='bbox 137 3496 341 3565; x_wconf 79' lang='lat' dir='ltr'><strong>dignari:</strong></span> <span class='ocrx_word' id='word_1_379' title='bbox 370 3507 478 3549; x_wconf 87' lang='lat' dir='ltr'><strong>tum</strong></span> <span class='ocrx_word' id='word_1_380' title='bbox 503 3495 838 3560; x_wconf 87' lang='lat' dir='ltr'><strong>verecundia,</strong></span> <span class='ocrx_word' id='word_1_381' title='bbox 862 3494 1008 3560; x_wconf 83' lang='lat' dir='ltr'><strong>cujus</strong></span> <span class='ocrx_word' id='word_1_382' title='bbox 1030 3495 1275 3545; x_wconf 87' lang='lat' dir='ltr'><strong>instinctu</strong></span> <span class='ocrx_word' id='word_1_383' title='bbox 1306 3493 1425 3544; x_wconf 88' lang='lat' dir='ltr'><strong>dum</strong></span> <span class='ocrx_word' id='word_1_384' title='bbox 1456 3492 1639 3545; x_wconf 89' lang='lat' dir='ltr'><strong>imme-</strong></span> 
     </span>
    </p>
   </div>
   <div class='ocr_carea' id='block_1_55' title="bbox 138 3585 1637 3656">
    <p class='ocr_par' dir='ltr' id='par_1_55' title="bbox 138 3585 1637 3656">
     <span class='ocr_line' id='line_1_55' title="bbox 138 3585 1637 3656; baseline -0.002 -18"><span class='ocrx_word' id='word_1_385' title='bbox 138 3590 220 3642; x_wconf 88' lang='lat' dir='ltr'><strong>rito</strong></span> <span class='ocrx_word' id='word_1_386' title='bbox 254 3591 496 3656; x_wconf 86' lang='lat' dir='ltr'><strong>trepidas,</strong></span> <span class='ocrx_word' id='word_1_387' title='bbox 547 3590 736 3640; x_wconf 88' lang='lat' dir='ltr'><strong>merito</strong></span> <span class='ocrx_word' id='word_1_388' title='bbox 781 3585 1111 3653; x_wconf 64' lang='lat' dir='ltr'><strong>prmdicaris;</strong></span> <span class='ocrx_word' id='word_1_389' title='bbox 1165 3585 1312 3637; x_wconf 90' lang='lat' dir='ltr'><strong>tertia</strong></span> <span class='ocrx_word' id='word_1_390' title='bbox 1354 3585 1637 3647; x_wconf 86' lang='lat' dir='ltr'><strong>urbanitas,</strong></span> 
     </span>
    </p>
   </div>
   <div class='ocr_carea' id='block_1_56' title="bbox 138 3674 1640 3745">
    <p class='ocr_par' dir='ltr' id='par_1_56' title="bbox 138 3674 1640 3745">
     <span class='ocr_line' id='line_1_56' title="bbox 138 3674 1640 3745; baseline -0.006 -14"><span class='ocrx_word' id='word_1_391' title='bbox 138 3693 222 3745; x_wconf 80' lang='lat' dir='ltr'><strong>qua</strong></span> <span class='ocrx_word' id='word_1_392' title='bbox 243 3688 290 3733; x_wconf 88' lang='lat' dir='ltr'><strong>te</strong></span> <span class='ocrx_word' id='word_1_393' title='bbox 313 3679 533 3745; x_wconf 89' lang='lat' dir='ltr'><strong>ineptire</strong></span> <span class='ocrx_word' id='word_1_394' title='bbox 565 3676 874 3729; x_wconf 81' lang='lat' dir='ltr'><strong>facetissime</strong></span> <span class='ocrx_word' id='word_1_395' title='bbox 907 3675 1122 3742; x_wconf 85' lang='lat' dir='ltr'><strong>allegas,</strong></span> <span class='ocrx_word' id='word_1_396' title='bbox 1149 3685 1209 3726; x_wconf 27' lang='lat' dir='ltr'><strong>ret</strong></span> <span class='ocrx_word' id='word_1_397' title='bbox 1239 3674 1517 3737; x_wconf 79' lang='lat' dir='ltr'><strong>Quirinalis</strong></span> <span class='ocrx_word' id='word_1_398' title='bbox 1546 3675 1640 3723; x_wconf 89' lang='lat' dir='ltr'><strong>im—</strong></span> 
     </span>
    </p>
   </div>
   <div class='ocr_carea' id='block_1_57' title="bbox 140 3762 1633 3832">
    <p class='ocr_par' dir='ltr' id='par_1_57' title="bbox 140 3762 1633 3832">
     <span class='ocr_line' id='line_1_57' title="bbox 140 3762 1633 3832; baseline -0.004 -14"><span class='ocrx_word' id='word_1_399' title='bbox 140 3768 284 3832; x_wconf 86' lang='lat' dir='ltr'><strong>pletus</strong></span> <span class='ocrx_word' id='word_1_400' title='bbox 299 3768 439 3820; x_wconf 91' lang='lat' dir='ltr'><strong>fonte</strong></span> <span class='ocrx_word' id='word_1_401' title='bbox 463 3765 730 3825; x_wconf 62' lang='lat' dir='ltr'><strong>facundiae,</strong></span> <span class='ocrx_word' id='word_1_402' title='bbox 756 3773 905 3830; x_wconf 90' lang='lat' dir='ltr'><strong>potor</strong></span> <span class='ocrx_word' id='word_1_403' title='bbox 926 3762 1153 3813; x_wconf 65' lang='lat' dir='ltr'><strong>Mosellae</strong></span> <span class='ocrx_word' id='word_1_404' title='bbox 1169 3762 1398 3812; x_wconf 83' lang='lat' dir='ltr'><strong>Tiberim</strong></span> <span class='ocrx_word' id='word_1_405' title='bbox 1429 3771 1633 3812; x_wconf 85' lang='lat' dir='ltr'><strong>ructas:</strong></span> 
     </span>
    </p>
   </div>
   <div class='ocr_carea' id='block_1_58' title="bbox 139 3848 1636 3915">
    <p class='ocr_par' dir='ltr' id='par_1_58' title="bbox 139 3848 1636 3915">
     <span class='ocr_line' id='line_1_58' title="bbox 139 3848 1636 3915; baseline -0.005 -8"><span class='ocrx_word' id='word_1_406' title='bbox 139 3859 201 3910; x_wconf 69' lang='lat' dir='ltr'><strong>sic</strong></span> <span class='ocrx_word' id='word_1_407' title='bbox 222 3857 547 3909; x_wconf 80' lang='lat' dir='ltr'><strong>barbarorum</strong></span> <span class='ocrx_word' id='word_1_408' title='bbox 578 3854 864 3913; x_wconf 78' lang='lat' dir='ltr'><strong>familiaris,</strong></span> <span class='ocrx_word' id='word_1_409' title='bbox 910 3850 1046 3915; x_wconf 91' lang='lat' dir='ltr'><strong>quod</strong></span> <span class='ocrx_word' id='word_1_410' title='bbox 1079 3859 1247 3900; x_wconf 89' lang='lat' dir='ltr'><strong>tamen</strong></span> <span class='ocrx_word' id='word_1_411' title='bbox 1285 3850 1489 3900; x_wconf 88' lang='lat' dir='ltr'><strong>nescius</strong></span> <span class='ocrx_word' id='word_1_412' title='bbox 1520 3848 1636 3900; x_wconf 83' lang='lat' dir='ltr'><strong>bar-</strong></span> 
     </span>
    </p>
   </div>
   <div class='ocr_carea' id='block_1_59' title="bbox 140 3936 1632 4006">
    <p class='ocr_par' dir='ltr' id='par_1_59' title="bbox 140 3936 1632 4006">
     <span class='ocr_line' id='line_1_59' title="bbox 140 3936 1632 4006; baseline -0.003 -13"><span class='ocrx_word' id='word_1_413' title='bbox 140 3945 454 3996; x_wconf 82' lang='lat' dir='ltr'><strong>barismorum</strong></span> <span class='ocrx_word' id='word_1_414' title='bbox 479 3958 492 4003; x_wconf 87' lang='lat'><strong>;</strong></span> <span class='ocrx_word' id='word_1_415' title='bbox 521 3955 611 4006; x_wconf 92' lang='lat' dir='ltr'><strong>par</strong></span> <span class='ocrx_word' id='word_1_416' title='bbox 627 3939 843 3990; x_wconf 87' lang='lat' dir='ltr'><strong>ducibus</strong></span> <span class='ocrx_word' id='word_1_417' title='bbox 868 3936 1093 4002; x_wconf 89' lang='lat' dir='ltr'><strong>antiquis</strong></span> <span class='ocrx_word' id='word_1_418' title='bbox 1120 3936 1311 4001; x_wconf 83' lang='lat' dir='ltr'><strong>lingua,</strong></span> <span class='ocrx_word' id='word_1_419' title='bbox 1346 3951 1632 4001; x_wconf 86' lang='lat' dir='ltr'><strong>manuque;</strong></span> 
     </span>
    </p>
   </div>
   <div class='ocr_carea' id='block_1_60' title="bbox 138 4025 1635 4098">
    <p class='ocr_par' dir='ltr' id='par_1_60' title="bbox 138 4025 1635 4098">
     <span class='ocr_line' id='line_1_60' title="bbox 138 4025 1635 4098; baseline -0.003 -16"><span class='ocrx_word' id='word_1_420' title='bbox 138 4031 211 4083; x_wconf 84' lang='lat' dir='ltr'><strong>sed</strong></span> <span class='ocrx_word' id='word_1_421' title='bbox 231 4045 442 4098; x_wconf 89' lang='lat' dir='ltr'><strong>quorum</strong></span> <span class='ocrx_word' id='word_1_422' title='bbox 472 4029 682 4079; x_wconf 83' lang='lat' dir='ltr'><strong>dextera</strong></span> <span class='ocrx_word' id='word_1_423' title='bbox 727 4025 928 4078; x_wconf 84' lang='lat' dir='ltr'><strong>solebat</strong></span> <span class='ocrx_word' id='word_1_424' title='bbox 957 4040 1057 4074; x_wconf 91' lang='lat' dir='ltr'><strong>non</strong></span> <span class='ocrx_word' id='word_1_425' title='bbox 1081 4026 1250 4075; x_wconf 80' lang='lat' dir='ltr'><strong>minus</strong></span> <span class='ocrx_word' id='word_1_426' title='bbox 1295 4027 1484 4090; x_wconf 77' lang='lat' dir='ltr'><strong>Stylum</strong></span> <span class='ocrx_word' id='word_1_427' title='bbox 1529 4037 1635 4078; x_wconf 87' lang='lat' dir='ltr'><strong>tra-</strong></span> 
     </span>
    </p>
   </div>
   <div class='ocr_carea' id='block_1_61' title="bbox 139 4114 1634 4188">
    <p class='ocr_par' dir='ltr' id='par_1_61' title="bbox 139 4114 1634 4188">
     <span class='ocr_line' id='line_1_61' title="bbox 139 4114 1634 4188; baseline -0.001 -19"><span class='ocrx_word' id='word_1_428' title='bbox 139 4128 255 4172; x_wconf 84' lang='lat' dir='ltr'><strong>rtare</strong></span> <span class='ocrx_word' id='word_1_429' title='bbox 280 4134 431 4188; x_wconf 90' lang='lat' dir='ltr'><strong>quam</strong></span> <span class='ocrx_word' id='word_1_430' title='bbox 459 4117 704 4185; x_wconf 89' lang='lat' dir='ltr'><strong>gladium.</strong></span> <span class='ocrx_word' id='word_1_431' title='bbox 750 4114 1004 4180; x_wconf 78' lang='lat' dir='ltr'><strong>Quocirca</strong></span> <span class='ocrx_word' id='word_1_432' title='bbox 1034 4116 1291 4166; x_wconf 83' lang='lat' dir='ltr'><strong>sermonis</strong></span> <span class='ocrx_word' id='word_1_433' title='bbox 1314 4131 1498 4184; x_wconf 87' lang='lat' dir='ltr'><strong>pompa</strong></span> <span class='ocrx_word' id='word_1_434' title='bbox 1531 4119 1634 4173; x_wconf 80' lang='lat' dir='ltr'><strong>Ro-</strong></span> 
     </span>
    </p>
   </div>
   <div class='ocr_carea' id='block_1_62' title="bbox 1664 2938 1711 2998">
    <p class='ocr_par' dir='ltr' id='par_1_62' title="bbox 1664 2938 1711 2998">
     <span class='ocr_line' id='line_1_62' title="bbox 1664 2938 1711 2998; baseline 0 0"><span class='ocrx_word' id='word_1_435' title='bbox 1664 2938 1711 2998; x_wconf 85' lang='lat' dir='ltr'>C</span> 
     </span>
    </p>
   </div>
   <div class='ocr_carea' id='block_1_63' title="bbox 1748 1720 3265 1796">
    <p class='ocr_par' dir='ltr' id='par_1_63' title="bbox 1748 1720 3265 1796">
     <span class='ocr_line' id='line_1_63' title="bbox 1748 1720 3265 1796; baseline 0.011 -30"><span class='ocrx_word' id='word_1_436' title='bbox 1748 1720 1992 1771; x_wconf 82' lang='lat' dir='ltr'><strong>virtutum</strong></span> <span class='ocrx_word' id='word_1_437' title='bbox 2035 1722 2351 1796; x_wconf 76' lang='lat' dir='ltr'><strong>conscientia</strong></span> <span class='ocrx_word' id='word_1_438' title='bbox 2391 1731 2441 1773; x_wconf 87' lang='lat' dir='ltr'><strong>et</strong></span> <span class='ocrx_word' id='word_1_439' title='bbox 2484 1723 2612 1774; x_wconf 89' lang='lat' dir='ltr'><strong>fama</strong></span> <span class='ocrx_word' id='word_1_440' title='bbox 2653 1722 2794 1788; x_wconf 63' lang='lat' dir='ltr'><strong>juxta</strong></span> <span class='ocrx_word' id='word_1_441' title='bbox 2834 1725 3070 1790; x_wconf 69' lang='lat' dir='ltr'><strong>bratum,</strong></span> <span class='ocrx_word' id='word_1_442' title='bbox 3106 1728 3265 1783; x_wconf 84' lang='lat' dir='ltr'><strong>multo</strong></span> 
     </span>
    </p>
   </div>
   <div class='ocr_carea' id='block_1_64' title="bbox 1746 1809 3267 1879">
    <p class='ocr_par' dir='ltr' id='par_1_64' title="bbox 1746 1809 3267 1879">
     <span class='ocr_line' id='line_1_64' title="bbox 1746 1809 3267 1879; baseline 0.007 -21"><span class='ocrx_word' id='word_1_443' title='bbox 1746 1809 2085 1873; x_wconf 80' lang='lat' dir='ltr'><strong>Opportunius</strong></span> <span class='ocrx_word' id='word_1_444' title='bbox 2121 1809 2185 1862; x_wconf 93' lang='lat' dir='ltr'><strong>de</strong></span> <span class='ocrx_word' id='word_1_445' title='bbox 2220 1809 2610 1878; x_wconf 87' lang='lat' dir='ltr'><strong>quibuscunqne</strong></span> <span class='ocrx_word' id='word_1_446' title='bbox 2644 1813 3033 1879; x_wconf 70' lang='lat' dir='ltr'><strong>qum-tionibus</strong></span> <span class='ocrx_word' id='word_1_447' title='bbox 3057 1816 3144 1866; x_wconf 88' lang='lat' dir='ltr'><strong>tibi</strong></span> <span class='ocrx_word' id='word_1_448' title='bbox 3190 1816 3267 1868; x_wconf 88' lang='lat' dir='ltr'><strong>in-</strong></span> 
     </span>
    </p>
   </div>
   <div class='ocr_carea' id='block_1_65' title="bbox 1747 1898 3266 1972">
    <p class='ocr_par' dir='ltr' id='par_1_65' title="bbox 1747 1898 3266 1972">
     <span class='ocr_line' id='line_1_65' title="bbox 1747 1898 3266 1972; baseline 0.007 -24"><span class='ocrx_word' id='word_1_449' title='bbox 1747 1903 2081 1962; x_wconf 82' lang='lat' dir='ltr'><strong>terrogantur</strong></span> <span class='ocrx_word' id='word_1_450' title='bbox 2121 1898 2298 1963; x_wconf 87' lang='lat' dir='ltr'><strong>inclyti</strong></span> <span class='ocrx_word' id='word_1_451' title='bbox 2327 1899 2608 1952; x_wconf 89' lang='lat' dir='ltr'><strong>Galliarum</strong></span> <span class='ocrx_word' id='word_1_452' title='bbox 2638 1911 2808 1966; x_wconf 85' lang='lat' dir='ltr'><strong>patres</strong></span> <span class='ocrx_word' id='word_1_453' title='bbox 2834 1911 2884 1956; x_wconf 90' lang='lat' dir='ltr'><strong>et</strong></span> <span class='ocrx_word' id='word_1_454' title='bbox 2915 1913 3266 1972; x_wconf 63' lang='lat' dir='ltr'><strong>protomystae,</strong></span> 
     </span>
    </p>
   </div>
   <div class='ocr_carea' id='block_1_66' title="bbox 1745 1985 3268 2058">
    <p class='ocr_par' dir='ltr' id='par_1_66' title="bbox 1745 1985 3268 2058">
     <span class='ocr_line' id='line_1_66' title="bbox 1745 1985 3268 2058; baseline 0.007 -24"><span class='ocrx_word' id='word_1_455' title='bbox 1745 1997 1841 2034; x_wconf 91' lang='lat' dir='ltr'><strong>nec</strong></span> <span class='ocrx_word' id='word_1_456' title='bbox 1875 1985 2002 2036; x_wconf 89' lang='lat' dir='ltr'><strong>satis</strong></span> <span class='ocrx_word' id='word_1_457' title='bbox 2029 1985 2227 2050; x_wconf 83' lang='lat' dir='ltr'><strong>posi:us</strong></span> <span class='ocrx_word' id='word_1_458' title='bbox 2267 1987 2319 2038; x_wconf 91' lang='lat' dir='ltr'><strong>in</strong></span> <span class='ocrx_word' id='word_1_459' title='bbox 2353 1987 2632 2055; x_wconf 88' lang='lat' dir='ltr'><strong>longinquo</strong></span> <span class='ocrx_word' id='word_1_460' title='bbox 2656 1989 2852 2056; x_wconf 86' lang='lat' dir='ltr'><strong>Lupus,</strong></span> <span class='ocrx_word' id='word_1_461' title='bbox 2884 2006 2978 2044; x_wconf 89' lang='lat' dir='ltr'><strong>nec</strong></span> <span class='ocrx_word' id='word_1_462' title='bbox 3007 2007 3185 2058; x_wconf 90' lang='lat' dir='ltr'><strong>parum</strong></span> <span class='ocrx_word' id='word_1_463' title='bbox 3218 1994 3268 2046; x_wconf 85' lang='lat' dir='ltr'><strong>in</strong></span> 
     </span>
    </p>
   </div>
   <div class='ocr_carea' id='block_1_67' title="bbox 1744 2070 3266 2140">
    <p class='ocr_par' dir='ltr' id='par_1_67' title="bbox 1744 2070 3266 2140">
     <span class='ocr_line' id='line_1_67' title="bbox 1744 2070 3266 2140; baseline 0.009 -19"><span class='ocrx_word' id='word_1_464' title='bbox 1744 2070 1978 2138; x_wconf 77' lang='lat' dir='ltr'><strong>proximo</strong></span> <span class='ocrx_word' id='word_1_465' title='bbox 2023 2072 2298 2139; x_wconf 83' lang='lat' dir='ltr'><strong>Auspicius</strong></span> <span class='ocrx_word' id='word_1_466' title='bbox 2349 2092 2362 2123; x_wconf 88' lang='lat'><strong>:</strong></span> <span class='ocrx_word' id='word_1_467' title='bbox 2410 2090 2629 2140; x_wconf 90' lang='lat' dir='ltr'><strong>quorum</strong></span> <span class='ocrx_word' id='word_1_468' title='bbox 2686 2077 2932 2130; x_wconf 66' lang='lat' dir='ltr'><strong>doctrina:</strong></span> <span class='ocrx_word' id='word_1_469' title='bbox 2989 2079 3266 2136; x_wconf 86' lang='lat' dir='ltr'><strong>abundanti</strong></span> 
     </span>
    </p>
   </div>
   <div class='ocr_carea' id='block_1_68' title="bbox 1741 2159 3266 2237">
    <p class='ocr_par' dir='ltr' id='par_1_68' title="bbox 1741 2159 3266 2237">
     <span class='ocr_line' id='line_1_68' title="bbox 1741 2159 3266 2237; baseline 0.007 -27"><span class='ocrx_word' id='word_1_470' title='bbox 1741 2159 2102 2224; x_wconf 63' lang='lat' dir='ltr'><strong>eventilandae,</strong></span> <span class='ocrx_word' id='word_1_471' title='bbox 2153 2174 2249 2213; x_wconf 91' lang='lat' dir='ltr'><strong>nec</strong></span> <span class='ocrx_word' id='word_1_472' title='bbox 2296 2161 2608 2214; x_wconf 84' lang='lat' dir='ltr'><strong>consultatio</strong></span> <span class='ocrx_word' id='word_1_473' title='bbox 2656 2172 2739 2237; x_wconf 88' lang='lat' dir='ltr'><strong>tua</strong></span> <span class='ocrx_word' id='word_1_474' title='bbox 2785 2165 2994 2220; x_wconf 82' lang='lat' dir='ltr'><strong>sufficit.</strong></span> <span class='ocrx_word' id='word_1_475' title='bbox 3048 2168 3266 2221; x_wconf 81' lang='lat' dir='ltr'><strong>Proinde</strong></span> 
     </span>
    </p>
   </div>
   <div class='ocr_carea' id='block_1_69' title="bbox 1740 2249 3264 2323">
    <p class='ocr_par' dir='ltr' id='par_1_69' title="bbox 1740 2249 3264 2323">
     <span class='ocr_line' id='line_1_69' title="bbox 1740 2249 3264 2323; baseline 0.005 -22"><span class='ocrx_word' id='word_1_476' title='bbox 1740 2249 1876 2315; x_wconf 91' lang='lat' dir='ltr'><strong>quod</strong></span> <span class='ocrx_word' id='word_1_477' title='bbox 1908 2264 2065 2317; x_wconf 91' lang='lat' dir='ltr'><strong>super</strong></span> <span class='ocrx_word' id='word_1_478' title='bbox 2101 2251 2195 2303; x_wconf 87' lang='lat' dir='ltr'><strong>hac</strong></span> <span class='ocrx_word' id='word_1_479' title='bbox 2235 2266 2442 2316; x_wconf 83' lang='lat' dir='ltr'><strong>pret-um</strong></span> <span class='ocrx_word' id='word_1_480' title='bbox 2486 2262 2628 2318; x_wconf 78' lang='lat' dir='ltr'><strong>parte</strong></span> <span class='ocrx_word' id='word_1_481' title='bbox 2667 2255 2770 2305; x_wconf 78' lang='lat' dir='ltr'><strong>non</strong></span> <span class='ocrx_word' id='word_1_482' title='bbox 2812 2254 2976 2320; x_wconf 87' lang='lat' dir='ltr'><strong>parui,</strong></span> <span class='ocrx_word' id='word_1_483' title='bbox 3015 2255 3264 2323; x_wconf 84' lang='lat' dir='ltr'><strong>benignus</strong></span> 
     </span>
    </p>
   </div>
   <div class='ocr_carea' id='block_1_70' title="bbox 1739 2326 3266 2410">
    <p class='ocr_par' dir='ltr' id='par_1_70' title="bbox 1739 2326 3266 2410">
     <span class='ocr_line' id='line_1_70' title="bbox 1739 2326 3266 2410; baseline 0.003 -20"><span class='ocrx_word' id='word_1_484' title='bbox 1739 2326 1970 2403; x_wconf 78' lang='lat' dir='ltr'><strong>quidem,</strong></span> <span class='ocrx_word' id='word_1_485' title='bbox 2002 2339 2090 2392; x_wconf 87' lang='lat' dir='ltr'><strong>sed</strong></span> <span class='ocrx_word' id='word_1_486' title='bbox 2121 2348 2174 2392; x_wconf 89' lang='lat' dir='ltr'><strong>et</strong></span> <span class='ocrx_word' id='word_1_487' title='bbox 2199 2339 2369 2405; x_wconf 73' lang='lat' dir='ltr'><strong>justus</strong></span> <span class='ocrx_word' id='word_1_488' title='bbox 2409 2339 2614 2407; x_wconf 88' lang='lat' dir='ltr'><strong>ignosce</strong></span> <span class='ocrx_word' id='word_1_489' title='bbox 2647 2358 2659 2390; x_wconf 90' lang='lat'><strong>:</strong></span> <span class='ocrx_word' id='word_1_490' title='bbox 2689 2342 2806 2409; x_wconf 90' lang='lat' dir='ltr'><strong>quia</strong></span> <span class='ocrx_word' id='word_1_491' title='bbox 2845 2342 2887 2393; x_wconf 90' lang='lat' dir='ltr'><strong>si</strong></span> <span class='ocrx_word' id='word_1_492' title='bbox 2927 2357 3019 2394; x_wconf 87' lang='lat' dir='ltr'><strong>vos</strong></span> <span class='ocrx_word' id='word_1_493' title='bbox 3056 2343 3266 2410; x_wconf 85' lang='lat' dir='ltr'><strong>imperi-</strong></span> 
     </span>
    </p>
   </div>
   <div class='ocr_carea' id='block_1_71' title="bbox 1741 2429 3265 2499">
    <p class='ocr_par' dir='ltr' id='par_1_71' title="bbox 1741 2429 3265 2499">
     <span class='ocr_line' id='line_1_71' title="bbox 1741 2429 3265 2499; baseline 0.003 -17"><span class='ocrx_word' id='word_1_494' title='bbox 1741 2430 1861 2482; x_wconf 87' lang='lat' dir='ltr'><strong>tiam</strong></span> <span class='ocrx_word' id='word_1_495' title='bbox 1893 2429 2070 2496; x_wconf 86' lang='lat' dir='ltr'><strong>fugere</strong></span> <span class='ocrx_word' id='word_1_496' title='bbox 2095 2445 2183 2496; x_wconf 85' lang='lat' dir='ltr'><strong>par</strong></span> <span class='ocrx_word' id='word_1_497' title='bbox 2213 2439 2312 2491; x_wconf 89' lang='lat' dir='ltr'><strong>est,</strong></span> <span class='ocrx_word' id='word_1_498' title='bbox 2353 2444 2436 2483; x_wconf 89' lang='lat' dir='ltr'><strong>me</strong></span> <span class='ocrx_word' id='word_1_499' title='bbox 2466 2445 2672 2498; x_wconf 87' lang='lat' dir='ltr'><strong>quoque</strong></span> <span class='ocrx_word' id='word_1_500' title='bbox 2697 2431 2846 2486; x_wconf 88' lang='lat' dir='ltr'><strong>decet</strong></span> <span class='ocrx_word' id='word_1_501' title='bbox 2878 2432 3036 2486; x_wconf 77' lang='lat' dir='ltr'><strong>iitare</strong></span> <span class='ocrx_word' id='word_1_502' title='bbox 3069 2432 3265 2499; x_wconf 87' lang='lat' dir='ltr'><strong>jactan-</strong></span> 
     </span>
    </p>
   </div>
   <div class='ocr_carea' id='block_1_72' title="bbox 1741 2519 2070 2572">
    <p class='ocr_par' dir='ltr' id='par_1_72' title="bbox 1741 2519 2070 2572">
     <span class='ocr_line' id='line_1_72' title="bbox 1741 2519 2070 2572; baseline 0.003 -1"><span class='ocrx_word' id='word_1_503' title='bbox 1741 2521 1884 2572; x_wconf 86' lang='lat' dir='ltr'><strong>tiam.</strong></span> <span class='ocrx_word' id='word_1_504' title='bbox 1929 2519 2070 2572; x_wconf 76' lang='lat' dir='ltr'><strong>Vale.</strong></span> 
     </span>
    </p>
   </div>
   <div class='ocr_carea' id='block_1_73' title="bbox 2235 2607 2766 2662">
    <p class='ocr_par' dir='ltr' id='par_1_73' title="bbox 2235 2607 2766 2662">
     <span class='ocr_line' id='line_1_73' title="bbox 2235 2607 2766 2662; baseline 0.006 -2"><span class='ocrx_word' id='word_1_505' title='bbox 2235 2607 2548 2661; x_wconf 75' lang='lat' dir='ltr'><strong>EPISTULA</strong></span> <span class='ocrx_word' id='word_1_506' title='bbox 2590 2609 2766 2662; x_wconf 78' lang='lat' dir='ltr'><strong>XVIII.</strong></span> 
     </span>
    </p>
   </div>
   <div class='ocr_carea' id='block_1_74' title="bbox 2065 2697 2965 2752">
    <p class='ocr_par' dir='ltr' id='par_1_74' title="bbox 2065 2697 2965 2752">
     <span class='ocr_line' id='line_1_74' title="bbox 2065 2697 2965 2752; baseline 0 -2"><span class='ocrx_word' id='word_1_507' title='bbox 2065 2698 2304 2751; x_wconf 68' lang='lat' dir='ltr'><strong>Sidon‘tts</strong></span> <span class='ocrx_word' id='word_1_508' title='bbox 2333 2697 2568 2749; x_wconf 83' lang='lat' dir='ltr'><strong>Lucontio</strong></span> <span class='ocrx_word' id='word_1_509' title='bbox 2605 2713 2695 2752; x_wconf 79' lang='lat' dir='ltr'><strong>suo</strong></span> <span class='ocrx_word' id='word_1_510' title='bbox 2738 2700 2965 2750; x_wconf 82' lang='lat' dir='ltr'><strong>salutem.</strong></span> 
     </span>
    </p>
   </div>
   <div class='ocr_carea' id='block_1_75' title="bbox 1805 2777 3261 2863">
    <p class='ocr_par' dir='ltr' id='par_1_75' title="bbox 1805 2777 3261 2863">
     <span class='ocr_line' id='line_1_75' title="bbox 1805 2777 3261 2863; baseline -0.002 -20"><span class='ocrx_word' id='word_1_511' title='bbox 1805 2789 2134 2863; x_wconf 67' lang='lat' dir='ltr'><strong>Obliviscerts</strong></span> <span class='ocrx_word' id='word_1_512' title='bbox 2166 2787 2299 2854; x_wconf 89' lang='lat' dir='ltr'><strong>quod</strong></span> <span class='ocrx_word' id='word_1_513' title='bbox 2329 2777 2720 2853; x_wconf 44' lang='lat' dir='ltr'><strong>rogaris,&#39;eque</strong></span> <span class='ocrx_word' id='word_1_514' title='bbox 2749 2786 3036 2850; x_wconf 83' lang='lat' dir='ltr'><strong>contrario,</strong></span> <span class='ocrx_word' id='word_1_515' title='bbox 3068 2787 3110 2840; x_wconf 85' lang='lat' dir='ltr'><strong>si</strong></span> <span class='ocrx_word' id='word_1_516' title='bbox 3142 2789 3261 2852; x_wconf 86' lang='lat' dir='ltr'><strong>quid</strong></span> 
     </span>
    </p>
   </div>
   <div class='ocr_carea' id='block_1_76' title="bbox 1742 2872 3262 2944">
    <p class='ocr_par' dir='ltr' id='par_1_76' title="bbox 1742 2872 3262 2944">
     <span class='ocr_line' id='line_1_76' title="bbox 1742 2872 3262 2944; baseline -0.001 -14"><span class='ocrx_word' id='word_1_517' title='bbox 1742 2879 2004 2944; x_wconf 74' lang='lat' dir='ltr'><strong>iniungas,</strong></span> <span class='ocrx_word' id='word_1_518' title='bbox 2054 2889 2116 2928; x_wconf 80' lang='lat' dir='ltr'><strong>ex</strong></span> <span class='ocrx_word' id='word_1_519' title='bbox 2161 2889 2276 2926; x_wconf 89' lang='lat' dir='ltr'><strong>asse</strong></span> <span class='ocrx_word' id='word_1_520' title='bbox 2323 2872 2603 2926; x_wconf 89' lang='lat' dir='ltr'><strong>meministi</strong></span> <span class='ocrx_word' id='word_1_521' title='bbox 2649 2885 2907 2940; x_wconf 83' lang='lat' dir='ltr'><strong>repetere.</strong></span> <span class='ocrx_word' id='word_1_522' title='bbox 2957 2875 3262 2944; x_wconf 80' lang='lat' dir='ltr'><strong>I‘erlongum</strong></span> 
     </span>
    </p>
   </div>
   <div class='ocr_carea' id='block_1_77' title="bbox 1739 2962 3264 3028">
    <p class='ocr_par' dir='ltr' id='par_1_77' title="bbox 1739 2962 3264 3028">
     <span class='ocr_line' id='line_1_77' title="bbox 1739 2962 3264 3028; baseline -0.003 -11"><span class='ocrx_word' id='word_1_523' title='bbox 1739 2975 1836 3018; x_wconf 89' lang='lat' dir='ltr'><strong>est.</strong></span> <span class='ocrx_word' id='word_1_524' title='bbox 1868 2966 1932 3016; x_wconf 90' lang='lat' dir='ltr'><strong>de</strong></span> <span class='ocrx_word' id='word_1_525' title='bbox 1961 2963 2066 3016; x_wconf 89' lang='lat' dir='ltr'><strong>cito</strong></span> <span class='ocrx_word' id='word_1_526' title='bbox 2096 2962 2262 3014; x_wconf 88' lang='lat' dir='ltr'><strong>reditu</strong></span> <span class='ocrx_word' id='word_1_527' title='bbox 2291 2975 2402 3028; x_wconf 70' lang='lat' dir='ltr'><strong>qua:</strong></span> <span class='ocrx_word' id='word_1_528' title='bbox 2434 2969 2508 3023; x_wconf 93' lang='lat' dir='ltr'><strong>tu,</strong></span> <span class='ocrx_word' id='word_1_529' title='bbox 2541 2962 2715 3028; x_wconf 89' lang='lat' dir='ltr'><strong>tuique</strong></span> <span class='ocrx_word' id='word_1_530' title='bbox 2747 2963 3089 3025; x_wconf 86' lang='lat' dir='ltr'><strong>promiseritis</strong></span> <span class='ocrx_word' id='word_1_531' title='bbox 3117 2964 3264 3028; x_wconf 82' lang='lat' dir='ltr'><strong>mihi,</strong></span> 
     </span>
    </p>
   </div>
   <div class='ocr_carea' id='block_1_78' title="bbox 1739 3050 3263 3119">
    <p class='ocr_par' dir='ltr' id='par_1_78' title="bbox 1739 3050 3263 3119">
     <span class='ocr_line' id='line_1_78' title="bbox 1739 3050 3263 3119; baseline -0.001 -14"><span class='ocrx_word' id='word_1_532' title='bbox 1739 3053 1969 3119; x_wconf 87' lang='lat' dir='ltr'><strong>meisque</strong></span> <span class='ocrx_word' id='word_1_533' title='bbox 2013 3066 2026 3101; x_wconf 87' lang='lat'><strong>:</strong></span> <span class='ocrx_word' id='word_1_534' title='bbox 2079 3065 2294 3116; x_wconf 89' lang='lat' dir='ltr'><strong>quorum</strong></span> <span class='ocrx_word' id='word_1_535' title='bbox 2346 3050 2575 3101; x_wconf 90' lang='lat' dir='ltr'><strong>omnium</strong></span> <span class='ocrx_word' id='word_1_536' title='bbox 2619 3063 2720 3102; x_wconf 93' lang='lat' dir='ltr'><strong>non</strong></span> <span class='ocrx_word' id='word_1_537' title='bbox 2762 3061 2881 3102; x_wconf 85' lang='lat' dir='ltr'><strong>sttnt</strong></span> <span class='ocrx_word' id='word_1_538' title='bbox 2926 3051 3005 3102; x_wconf 75' lang='lat' dir='ltr'><strong>Vel</strong></span> <span class='ocrx_word' id='word_1_539' title='bbox 3053 3051 3263 3104; x_wconf 91' lang='lat' dir='ltr'><strong>minima</strong></span> 
     </span>
    </p>
   </div>
   <div class='ocr_carea' id='block_1_79' title="bbox 1738 3135 3264 3206">
    <p class='ocr_par' dir='ltr' id='par_1_79' title="bbox 1738 3135 3264 3206">
     <span class='ocr_line' id='line_1_79' title="bbox 1738 3135 3264 3206; baseline -0.005 -12"><span class='ocrx_word' id='word_1_540' title='bbox 1738 3142 2014 3206; x_wconf 80' lang='lat' dir='ltr'><strong>Completa.</strong></span> <span class='ocrx_word' id='word_1_541' title='bbox 2042 3137 2173 3202; x_wconf 91' lang='lat' dir='ltr'><strong>Quin</strong></span> <span class='ocrx_word' id='word_1_542' title='bbox 2201 3136 2390 3203; x_wconf 90' lang='lat' dir='ltr'><strong>potius,</strong></span> <span class='ocrx_word' id='word_1_543' title='bbox 2420 3149 2536 3187; x_wconf 87' lang='lat' dir='ltr'><strong>cum</strong></span> <span class='ocrx_word' id='word_1_544' title='bbox 2565 3135 2734 3200; x_wconf 82' lang='lat' dir='ltr'><strong>fugam</strong></span> <span class='ocrx_word' id='word_1_545' title='bbox 2773 3150 2799 3186; x_wconf 89' lang='lat' dir='ltr'><strong>a</strong></span> <span class='ocrx_word' id='word_1_546' title='bbox 2824 3137 2972 3190; x_wconf 91' lang='lat' dir='ltr'><strong>nobis</strong></span> <span class='ocrx_word' id='word_1_547' title='bbox 3003 3137 3264 3188; x_wconf 86' lang='lat' dir='ltr'><strong>machina-</strong></span> 
     </span>
    </p>
   </div>
   <div class='ocr_carea' id='block_1_80' title="bbox 1739 3224 3260 3294">
    <p class='ocr_par' dir='ltr' id='par_1_80' title="bbox 1739 3224 3260 3294">
     <span class='ocr_line' id='line_1_80' title="bbox 1739 3224 3260 3294; baseline -0.003 -11"><span class='ocrx_word' id='word_1_548' title='bbox 1739 3230 1954 3292; x_wconf 82' lang='lat' dir='ltr'><strong>remini,</strong></span> <span class='ocrx_word' id='word_1_549' title='bbox 1984 3241 2086 3294; x_wconf 91' lang='lat' dir='ltr'><strong>quo</strong></span> <span class='ocrx_word' id='word_1_550' title='bbox 2121 3238 2419 3278; x_wconf 85' lang='lat' dir='ltr'><strong>reversuros</strong></span> <span class='ocrx_word' id='word_1_551' title='bbox 2448 3224 2510 3276; x_wconf 89' lang='lat' dir='ltr'><strong>ad</strong></span> <span class='ocrx_word' id='word_1_552' title='bbox 2541 3239 2742 3277; x_wconf 86' lang='lat' dir='ltr'><strong>sacrum</strong></span> <span class='ocrx_word' id='word_1_553' title='bbox 2775 3224 2960 3288; x_wconf 79' lang='lat' dir='ltr'><strong>pascha</strong></span> <span class='ocrx_word' id='word_1_554' title='bbox 2991 3240 3082 3277; x_wconf 89' lang='lat' dir='ltr'><strong>vos</strong></span> <span class='ocrx_word' id='word_1_555' title='bbox 3112 3236 3260 3292; x_wconf 82' lang='lat' dir='ltr'><strong>puta-</strong></span> 
     </span>
    </p>
   </div>
   <div class='ocr_carea' id='block_1_81' title="bbox 1740 3314 3262 3385">
    <p class='ocr_par' dir='ltr' id='par_1_81' title="bbox 1740 3314 3262 3385">
     <span class='ocr_line' id='line_1_81' title="bbox 1740 3314 3262 3385; baseline -0.003 -10"><span class='ocrx_word' id='word_1_556' title='bbox 1740 3335 1933 3383; x_wconf 70' lang='lat' dir='ltr'><strong>rt&#39;mus,</strong></span> <span class='ocrx_word' id='word_1_557' title='bbox 1962 3319 2116 3372; x_wconf 62' lang='lat' dir='ltr'><strong>nulla:</strong></span> <span class='ocrx_word' id='word_1_558' title='bbox 2142 3331 2326 3385; x_wconf 86' lang='lat' dir='ltr'><strong>graves</strong></span> <span class='ocrx_word' id='word_1_559' title='bbox 2364 3316 2581 3368; x_wconf 74' lang='lat' dir='ltr'><strong>sarcina:</strong></span> <span class='ocrx_word' id='word_1_560' title='bbox 2616 3314 2678 3367; x_wconf 87' lang='lat' dir='ltr'><strong>ad</strong></span> <span class='ocrx_word' id='word_1_561' title='bbox 2711 3317 2956 3383; x_wconf 65' lang='lat' dir='ltr'><strong>prmdium</strong></span> <span class='ocrx_word' id='word_1_562' title='bbox 2987 3333 3048 3369; x_wconf 81' lang='lat' dir='ltr'><strong>ex</strong></span> <span class='ocrx_word' id='word_1_563' title='bbox 3075 3319 3262 3385; x_wconf 84' lang='lat' dir='ltr'><strong>Oppido</strong></span> 
     </span>
    </p>
   </div>
   <div class='ocr_carea' id='block_1_82' title="bbox 1744 3404 3262 3474">
    <p class='ocr_par' dir='ltr' id='par_1_82' title="bbox 1744 3404 3262 3474">
     <span class='ocr_line' id='line_1_82' title="bbox 1744 3404 3262 3474; baseline -0.002 -12"><span class='ocrx_word' id='word_1_564' title='bbox 1744 3411 1934 3474; x_wconf 71' lang='lat' dir='ltr'><strong>dncta&#39;,</strong></span> <span class='ocrx_word' id='word_1_565' title='bbox 1965 3408 2102 3458; x_wconf 84' lang='lat' dir='ltr'><strong>nulla</strong></span> <span class='ocrx_word' id='word_1_566' title='bbox 2133 3419 2359 3467; x_wconf 89' lang='lat' dir='ltr'><strong>serraca,</strong></span> <span class='ocrx_word' id='word_1_567' title='bbox 2389 3405 2527 3455; x_wconf 88' lang='lat' dir='ltr'><strong>nulla</strong></span> <span class='ocrx_word' id='word_1_568' title='bbox 2556 3405 2734 3456; x_wconf 87' lang='lat' dir='ltr'><strong>esseda</strong></span> <span class='ocrx_word' id='word_1_569' title='bbox 2764 3404 3110 3457; x_wconf 78' lang='lat' dir='ltr'><strong>subvehendis</strong></span> <span class='ocrx_word' id='word_1_570' title='bbox 3137 3421 3262 3459; x_wconf 85' lang='lat' dir='ltr'><strong>one-</strong></span> 
     </span>
    </p>
   </div>
   <div class='ocr_carea' id='block_1_83' title="bbox 1745 3494 3265 3561">
    <p class='ocr_par' dir='ltr' id='par_1_83' title="bbox 1745 3494 3265 3561">
     <span class='ocr_line' id='line_1_83' title="bbox 1745 3494 3265 3561; baseline -0.003 -7"><span class='ocrx_word' id='word_1_571' title='bbox 1745 3500 1888 3554; x_wconf 89' lang='lat' dir='ltr'><strong>ribus</strong></span> <span class='ocrx_word' id='word_1_572' title='bbox 1925 3497 2332 3549; x_wconf 88' lang='lat' dir='ltr'><strong>attrahebantur.</strong></span> <span class='ocrx_word' id='word_1_573' title='bbox 2366 3494 2534 3560; x_wconf 88' lang='lat' dir='ltr'><strong>thue</strong></span> <span class='ocrx_word' id='word_1_574' title='bbox 2561 3494 2623 3545; x_wconf 90' lang='lat' dir='ltr'><strong>de</strong></span> <span class='ocrx_word' id='word_1_575' title='bbox 2653 3495 3012 3547; x_wconf 90' lang='lat' dir='ltr'><strong>matronalium</strong></span> <span class='ocrx_word' id='word_1_576' title='bbox 3044 3499 3265 3561; x_wconf 65' lang='lat' dir='ltr'><strong>[artium</strong></span> 
     </span>
    </p>
   </div>
   <div class='ocr_carea' id='block_1_84' title="bbox 1746 3583 3264 3658">
    <p class='ocr_par' dir='ltr' id='par_1_84' title="bbox 1746 3583 3264 3658">
     <span class='ocr_line' id='line_1_84' title="bbox 1746 3583 3264 3658; baseline -0.002 -16"><span class='ocrx_word' id='word_1_577' title='bbox 1746 3593 1816 3643; x_wconf 90' lang='lat' dir='ltr'><strong>nll</strong></span> <span class='ocrx_word' id='word_1_578' title='bbox 1848 3603 2031 3658; x_wconf 85' lang='lat' dir='ltr'><strong>querar</strong></span> <span class='ocrx_word' id='word_1_579' title='bbox 2058 3587 2258 3649; x_wconf 88' lang='lat' dir='ltr'><strong>fraude,</strong></span> <span class='ocrx_word' id='word_1_580' title='bbox 2285 3601 2411 3652; x_wconf 85' lang='lat' dir='ltr'><strong>quas</strong></span> <span class='ocrx_word' id='word_1_581' title='bbox 2441 3598 2554 3636; x_wconf 85' lang='lat' dir='ltr'><strong>cum</strong></span> <span class='ocrx_word' id='word_1_582' title='bbox 2592 3583 2843 3648; x_wconf 60' lang='lat' dir='ltr'><strong>exui-ditis</strong></span> <span class='ocrx_word' id='word_1_583' title='bbox 2882 3585 2954 3636; x_wconf 90' lang='lat' dir='ltr'><strong>tul</strong></span> <span class='ocrx_word' id='word_1_584' title='bbox 2978 3587 3072 3638; x_wconf 88' lang='lat' dir='ltr'><strong>stis</strong></span> <span class='ocrx_word' id='word_1_585' title='bbox 3099 3586 3264 3653; x_wconf 90' lang='lat' dir='ltr'><strong>impe-</strong></span> 
     </span>
    </p>
   </div>
   <div class='ocr_carea' id='block_1_85' title="bbox 1745 3669 3262 3740">
    <p class='ocr_par' dir='ltr' id='par_1_85' title="bbox 1745 3669 3262 3740">
     <span class='ocr_line' id='line_1_85' title="bbox 1745 3669 3262 3740; baseline -0.004 -10"><span class='ocrx_word' id='word_1_586' title='bbox 1745 3678 2005 3736; x_wconf 86' lang='lat' dir='ltr'><strong>dimentis,</strong></span> <span class='ocrx_word' id='word_1_587' title='bbox 2054 3685 2210 3740; x_wconf 82' lang='lat' dir='ltr'><strong>tuque</strong></span> <span class='ocrx_word' id='word_1_588' title='bbox 2251 3673 2509 3736; x_wconf 87' lang='lat' dir='ltr'><strong>fraterque</strong></span> <span class='ocrx_word' id='word_1_589' title='bbox 2550 3673 2839 3723; x_wconf 89' lang='lat' dir='ltr'><strong>communis</strong></span> <span class='ocrx_word' id='word_1_590' title='bbox 2876 3669 2902 3706; x_wconf 77' lang='grc' dir='ltr'><strong><em>ἀ</em></strong></span> <span class='ocrx_word' id='word_1_591' title='bbox 2937 3673 3262 3735; x_wconf 85' lang='lat' dir='ltr'><strong>Volusianus,</strong></span> 
     </span>
    </p>
   </div>
   <div class='ocr_carea' id='block_1_86' title="bbox 1745 3758 3264 3826">
    <p class='ocr_par' dir='ltr' id='par_1_86' title="bbox 1745 3758 3264 3826">
     <span class='ocr_line' id='line_1_86' title="bbox 1745 3758 3264 3826; baseline -0.004 -10"><span class='ocrx_word' id='word_1_592' title='bbox 1745 3766 1828 3816; x_wconf 83' lang='lat' dir='ltr'><strong>vix</strong></span> <span class='ocrx_word' id='word_1_593' title='bbox 1866 3762 2183 3826; x_wconf 83' lang='lat' dir='ltr'><strong>singulorum</strong></span> <span class='ocrx_word' id='word_1_594' title='bbox 2220 3759 2466 3809; x_wconf 91' lang='lat' dir='ltr'><strong>clientum</strong></span> <span class='ocrx_word' id='word_1_595' title='bbox 2496 3758 2642 3824; x_wconf 84' lang='lat'><strong>113</strong></span> <span class='ocrx_word' id='word_1_596' title='bbox 2685 3771 3060 3824; x_wconf 88' lang='lat' dir='ltr'><strong>puerorumque</strong></span> <span class='ocrx_word' id='word_1_597' title='bbox 3102 3761 3264 3812; x_wconf 64' lang='lat' dir='ltr'><strong>comi.</strong></span> 
     </span>
    </p>
   </div>
   <div class='ocr_carea' id='block_1_87' title="bbox 1738 3845 3264 3915">
    <p class='ocr_par' dir='ltr' id='par_1_87' title="bbox 1738 3845 3264 3915">
     <span class='ocr_line' id='line_1_87' title="bbox 1738 3845 3264 3915; baseline -0.004 -11"><span class='ocrx_word' id='word_1_598' title='bbox 1738 3862 1844 3904; x_wconf 89' lang='lat' dir='ltr'><strong>tatu</strong></span> <span class='ocrx_word' id='word_1_599' title='bbox 1886 3847 2251 3901; x_wconf 82' lang='lat' dir='ltr'><strong>ambiebamini</strong></span> <span class='ocrx_word' id='word_1_600' title='bbox 2293 3863 2304 3895; x_wconf 90' lang='lat'><strong>:</strong></span> <span class='ocrx_word' id='word_1_601' title='bbox 2348 3859 2438 3910; x_wconf 89' lang='lat' dir='ltr'><strong>per</strong></span> <span class='ocrx_word' id='word_1_602' title='bbox 2467 3846 2601 3909; x_wconf 90' lang='lat' dir='ltr'><strong>quod</strong></span> <span class='ocrx_word' id='word_1_603' title='bbox 2642 3845 3045 3898; x_wconf 76' lang='lat' dir='ltr'><strong>sullicitudinem</strong></span> <span class='ocrx_word' id='word_1_604' title='bbox 3083 3862 3264 3915; x_wconf 84' lang='lat' dir='ltr'><strong>prose-</strong></span> 
     </span>
    </p>
   </div>
   <div class='ocr_carea' id='block_1_88' title="bbox 1734 3930 3266 4006">
    <p class='ocr_par' dir='ltr' id='par_1_88' title="bbox 1734 3930 3266 4006">
     <span class='ocr_line' id='line_1_88' title="bbox 1734 3930 3266 4006; baseline -0.002 -15"><span class='ocrx_word' id='word_1_605' title='bbox 1734 3947 1981 4006; x_wconf 89' lang='lat' dir='ltr'><strong>quentum</strong></span> <span class='ocrx_word' id='word_1_606' title='bbox 2011 3949 2139 3987; x_wconf 86' lang='lat' dir='ltr'><strong>vana</strong></span> <span class='ocrx_word' id='word_1_607' title='bbox 2179 3948 2294 3985; x_wconf 82' lang='lat' dir='ltr'><strong>mox</strong></span> <span class='ocrx_word' id='word_1_608' title='bbox 2325 3931 2621 3984; x_wconf 84' lang='lat' dir='ltr'><strong>recurrendi</strong></span> <span class='ocrx_word' id='word_1_609' title='bbox 2668 3945 2759 3994; x_wconf 70' lang='lat' dir='ltr'><strong>Spe</strong></span> <span class='ocrx_word' id='word_1_610' title='bbox 2797 3930 3080 3996; x_wconf 87' lang='lat' dir='ltr'><strong>fefellistis;</strong></span> <span class='ocrx_word' id='word_1_611' title='bbox 3123 3948 3266 3988; x_wconf 76' lang='lat' dir='ltr'><strong>certe</strong></span> 
     </span>
    </p>
   </div>
   <div class='ocr_carea' id='block_1_89' title="bbox 1737 4019 3266 4088">
    <p class='ocr_par' dir='ltr' id='par_1_89' title="bbox 1737 4019 3266 4088">
     <span class='ocr_line' id='line_1_89' title="bbox 1737 4019 3266 4088; baseline -0.005 -8"><span class='ocrx_word' id='word_1_612' title='bbox 1737 4030 1896 4080; x_wconf 86' lang='lat' dir='ltr'><strong>frater</strong></span> <span class='ocrx_word' id='word_1_613' title='bbox 1921 4025 2256 4086; x_wconf 73' lang='lat' dir='ltr'><strong>Volusianus,</strong></span> <span class='ocrx_word' id='word_1_614' title='bbox 2288 4020 2372 4087; x_wconf 91' lang='lat' dir='ltr'><strong>qui</strong></span> <span class='ocrx_word' id='word_1_615' title='bbox 2405 4019 2535 4072; x_wconf 75' lang='lat' dir='ltr'><strong>forte</strong></span> <span class='ocrx_word' id='word_1_616' title='bbox 2568 4033 2785 4086; x_wconf 89' lang='lat' dir='ltr'><strong>pergens</strong></span> <span class='ocrx_word' id='word_1_617' title='bbox 2815 4019 2865 4070; x_wconf 90' lang='lat' dir='ltr'><strong>in</strong></span> <span class='ocrx_word' id='word_1_618' title='bbox 2897 4022 3085 4086; x_wconf 66' lang='lat' dir='ltr'><strong>pra-dia</strong></span> <span class='ocrx_word' id='word_1_619' title='bbox 3117 4022 3266 4088; x_wconf 85' lang='lat' dir='ltr'><strong>Bajo-</strong></span> 
     </span>
    </p>
   </div>
   <div class='ocr_carea' id='block_1_90' title="bbox 1734 4109 3265 4182">
    <p class='ocr_par' dir='ltr' id='par_1_90' title="bbox 1734 4109 3265 4182">
     <span class='ocr_line' id='line_1_90' title="bbox 1734 4109 3265 4182; baseline -0.004 -10"><span class='ocrx_word' id='word_1_620' title='bbox 1734 4121 1962 4182; x_wconf 87' lang='lat' dir='ltr'><strong>cassina,</strong></span> <span class='ocrx_word' id='word_1_621' title='bbox 2016 4123 2280 4180; x_wconf 88' lang='lat' dir='ltr'><strong>totamque</strong></span> <span class='ocrx_word' id='word_1_622' title='bbox 2330 4110 2699 4178; x_wconf 74' lang='lat' dir='ltr'><strong>provinciam&#39;</strong></span> <span class='ocrx_word' id='word_1_623' title='bbox 2729 4109 3126 4178; x_wconf 84' lang='lat' dir='ltr'><strong>Lugdunensem</strong></span> <span class='ocrx_word' id='word_1_624' title='bbox 3184 4127 3265 4166; x_wconf 86' lang='lat' dir='ltr'><strong>se-</strong></span> 
     </span>
    </p>
   </div>
   <div class='ocr_carea' id='block_1_91' title="bbox 195 4261 3264 4341">
    <p class='ocr_par' dir='ltr' id='par_1_91' title="bbox 195 4261 3264 4341">
     <span class='ocr_line' id='line_1_91' title="bbox 195 4261 3264 4341; baseline -0.002 -20"><span class='ocrx_word' id='word_1_625' title='bbox 195 4277 218 4306; x_wconf 78' lang='grc' dir='ltr'>ι</span> <span class='ocrx_word' id='word_1_626' title='bbox 250 4269 398 4341; x_wconf 77' lang='lat' dir='ltr'><strong>Libro</strong></span> <span class='ocrx_word' id='word_1_627' title='bbox 423 4282 472 4320; x_wconf 81' lang='lat' dir='ltr'><strong>iv</strong></span> <span class='ocrx_word' id='word_1_628' title='bbox 489 4266 551 4341; x_wconf 62' lang='lat' dir='ltr'><strong>in</strong></span> <span class='ocrx_word' id='word_1_629' title='bbox 582 4264 830 4341; x_wconf 70' lang='lat' dir='ltr'><strong>Verrem:</strong></span> <span class='ocrx_word' id='word_1_630' title='bbox 856 4263 1128 4315; x_wconf 71' lang='lat' dir='ltr'><strong>Praxiteles</strong></span> <span class='ocrx_word' id='word_1_631' title='bbox 1151 4261 1460 4341; x_wconf 71' lang='lat' dir='ltr'><strong>_(_I_upidinem</strong></span> <span class='ocrx_word' id='word_1_632' title='bbox 1490 4271 1606 4338; x_wconf 79' lang='lat' dir='ltr'><strong>fecit</strong></span> <span class='ocrx_word' id='word_1_633' title='bbox 1625 4319 1638 4341; x_wconf 72' lang='lat'><strong>,</strong></span> <span class='ocrx_word' id='word_1_634' title='bbox 1674 4282 1718 4338; x_wconf 77' lang='grc' dir='ltr'><strong>ι)</strong></span> <span class='ocrx_word' id='word_1_635' title='bbox 1745 4276 1875 4326; x_wconf 83' lang='lat' dir='ltr'><strong>sitim</strong></span> <span class='ocrx_word' id='word_1_636' title='bbox 1908 4267 2147 4321; x_wconf 84' lang='lat' dir='ltr'><strong>videlicet</strong></span> <span class='ocrx_word' id='word_1_637' title='bbox 2171 4263 2455 4341; x_wconf 34' lang='lat' dir='ltr'><strong>[aureorum</strong></span> <span class='ocrx_word' id='word_1_638' title='bbox 2475 4265 2728 4341; x_wconf 62' lang='lat' dir='ltr'><strong>cpi-copo</strong></span> <span class='ocrx_word' id='word_1_639' title='bbox 2757 4278 2768 4311; x_wconf 91' lang='lat'>:</span> <span class='ocrx_word' id='word_1_640' title='bbox 2798 4262 2953 4341; x_wconf 53' lang='lat' dir='ltr'><strong>cujus</strong></span> <span class='ocrx_word' id='word_1_641' title='bbox 2972 4265 3264 4341; x_wconf 81' lang='lat' dir='ltr'><strong>nuperrime</strong></span> 
     </span>
    </p>
   </div>
   <div class='ocr_carea' id='block_1_92' title="bbox 140 4332 1638 4404">
    <p class='ocr_par' dir='ltr' id='par_1_92' title="bbox 140 4332 1638 4404">
     <span class='ocr_line' id='line_1_92' title="bbox 140 4332 1638 4404; baseline 0.003 -16"><span class='ocrx_word' id='word_1_642' title='bbox 140 4337 255 4388; x_wconf 73' lang='lat' dir='ltr'><strong>illum</strong></span> <span class='ocrx_word' id='word_1_643' title='bbox 290 4338 370 4404; x_wconf 82' lang='lat' dir='ltr'><strong>qui</strong></span> <span class='ocrx_word' id='word_1_644' title='bbox 396 4346 468 4389; x_wconf 83' lang='lat' dir='ltr'><strong>est</strong></span> <span class='ocrx_word' id='word_1_645' title='bbox 488 4334 713 4404; x_wconf 77' lang='lat' dir='ltr'><strong>Thespiis</strong></span> <span class='ocrx_word' id='word_1_646' title='bbox 739 4349 754 4383; x_wconf 87' lang='lat'><em>:</em></span> <span class='ocrx_word' id='word_1_647' title='bbox 778 4342 973 4404; x_wconf 73' lang='lat' dir='ltr'><strong>propter</strong></span> <span class='ocrx_word' id='word_1_648' title='bbox 987 4349 1128 4404; x_wconf 72' lang='lat' dir='ltr'><strong>quem</strong></span> <span class='ocrx_word' id='word_1_649' title='bbox 1150 4332 1374 4404; x_wconf 75' lang='lat' dir='ltr'><strong>Tltespiw</strong></span> <span class='ocrx_word' id='word_1_650' title='bbox 1397 4332 1638 4396; x_wconf 56' lang='lat' dir='ltr'><strong>visuntur:</strong></span> 
     </span>
    </p>
   </div>
   <div class='ocr_carea' id='block_1_93' title="bbox 142 4401 1642 4463">
    <p class='ocr_par' dir='ltr' id='par_1_93' title="bbox 142 4401 1642 4463">
     <span class='ocr_line' id='line_1_93' title="bbox 142 4401 1642 4463; baseline 0.003 -7"><span class='ocrx_word' id='word_1_651' title='bbox 142 4403 257 4457; x_wconf 82' lang='lat' dir='ltr'><strong>Nam</strong></span> <span class='ocrx_word' id='word_1_652' title='bbox 290 4401 389 4458; x_wconf 67' lang='lat' dir='ltr'><strong>alia</strong></span> <span class='ocrx_word' id='word_1_653' title='bbox 425 4402 612 4455; x_wconf 81' lang='lat' dir='ltr'><strong>visendi</strong></span> <span class='ocrx_word' id='word_1_654' title='bbox 641 4418 787 4452; x_wconf 63' lang='lat' dir='ltr'><strong>causa</strong></span> <span class='ocrx_word' id='word_1_655' title='bbox 823 4401 960 4452; x_wconf 71' lang='lat' dir='ltr'><strong>nulla</strong></span> <span class='ocrx_word' id='word_1_656' title='bbox 983 4410 1073 4453; x_wconf 80' lang='lat' dir='ltr'><strong>est.</strong></span> <span class='ocrx_word' id='word_1_657' title='bbox 1118 4402 1252 4452; x_wconf 87' lang='lat' dir='ltr'><strong>Idem</strong></span> <span class='ocrx_word' id='word_1_658' title='bbox 1280 4409 1434 4457; x_wconf 80' lang='lat' dir='ltr'><strong>tradit</strong></span> <span class='ocrx_word' id='word_1_659' title='bbox 1457 4409 1642 4463; x_wconf 84' lang='lat' dir='ltr'><strong>Strabo</strong></span> 
     </span>
    </p>
   </div>
   <div class='ocr_carea' id='block_1_94' title="bbox 142 4472 1645 4543">
    <p class='ocr_par' dir='ltr' id='par_1_94' title="bbox 142 4472 1645 4543">
     <span class='ocr_line' id='line_1_94' title="bbox 142 4472 1645 4543; baseline 0.004 -20"><span class='ocrx_word' id='word_1_660' title='bbox 142 4475 214 4543; x_wconf 65' lang='lat' dir='ltr'><strong>lib.</strong></span> <span class='ocrx_word' id='word_1_661' title='bbox 244 4491 286 4526; x_wconf 77' lang='lat' dir='ltr'><strong>lx</strong></span> <span class='ocrx_word' id='word_1_662' title='bbox 310 4491 323 4526; x_wconf 88' lang='lat'><strong>:</strong></span> <span class='ocrx_word' id='word_1_663' title='bbox 348 4477 402 4528; x_wconf 78' lang='lat' dir='ltr'><strong>Ai</strong></span> <span class='ocrx_word' id='word_1_664' title='bbox 423 4474 473 4526; x_wconf 84' lang='grc' dir='ltr'><strong>δὲ</strong></span> <span class='ocrx_word' id='word_1_665' title='bbox 497 4473 713 4543; x_wconf 70' lang='grc' dir='ltr'><strong>Θεσπιαξ</strong></span> <span class='ocrx_word' id='word_1_666' title='bbox 732 4472 969 4543; x_wconf 61' lang='grc' dir='ltr'><strong>πρότερον</strong></span> <span class='ocrx_word' id='word_1_667' title='bbox 998 4472 1416 4543; x_wconf 17' lang='grc' dir='ltr'><strong>μέννὲννωρὶζοντο</strong></span> <span class='ocrx_word' id='word_1_668' title='bbox 1444 4475 1526 4529; x_wconf 81' lang='grc' dir='ltr'><strong>διὰ</strong></span> <span class='ocrx_word' id='word_1_669' title='bbox 1564 4483 1645 4532; x_wconf 81' lang='grc' dir='ltr'><strong>τὸν</strong></span> 
     </span>
    </p>
   </div>
   <div class='ocr_carea' id='block_1_95' title="bbox 139 4537 1644 4617">
    <p class='ocr_par' dir='ltr' id='par_1_95' title="bbox 139 4537 1644 4617">
     <span class='ocr_line' id='line_1_95' title="bbox 139 4537 1644 4617; baseline 0.001 -26"><span class='ocrx_word' id='word_1_670' title='bbox 139 4537 306 4617; x_wconf 47' lang='grc' dir='ltr'><strong>Ἰερωτα</strong></span> <span class='ocrx_word' id='word_1_671' title='bbox 337 4544 670 4617; x_wconf 71' lang='grc' dir='ltr'><strong>Πραξιτέλους.</strong></span> <span class='ocrx_word' id='word_1_672' title='bbox 694 4538 743 4617; x_wconf 52' lang='lat' dir='ltr'><strong>ait</strong></span> <span class='ocrx_word' id='word_1_673' title='bbox 771 4537 948 4608; x_wconf 49' lang='lat' dir='ltr'><strong>gyro-pe</strong></span> <span class='ocrx_word' id='word_1_674' title='bbox 976 4542 1062 4607; x_wconf 84' lang='grc' dir='ltr'><strong>μέν</strong></span> <span class='ocrx_word' id='word_1_675' title='bbox 1090 4537 1282 4617; x_wconf 47' lang='lat' dir='ltr'><strong>helvo},</strong></span> <span class='ocrx_word' id='word_1_676' title='bbox 1317 4544 1506 4599; x_wconf 78' lang='grc' dir='ltr'><strong>ἀνέθηκε</strong></span> <span class='ocrx_word' id='word_1_677' title='bbox 1537 4546 1586 4599; x_wconf 84' lang='grc' dir='ltr'><strong>δέ</strong></span> <span class='ocrx_word' id='word_1_678' title='bbox 1616 4552 1644 4604; x_wconf 73' lang='grc' dir='ltr'>ἡ</span> 
     </span>
    </p>
   </div>
   <div class='ocr_carea' id='block_1_96' title="bbox 142 4607 1643 4689">
    <p class='ocr_par' dir='ltr' id='par_1_96' title="bbox 142 4607 1643 4689">
     <span class='ocr_line' id='line_1_96' title="bbox 142 4607 1643 4689; baseline 0.003 -30"><span class='ocrx_word' id='word_1_679' title='bbox 142 4607 289 4689; x_wconf 69' lang='grc' dir='ltr'><strong>ξτὶιὶρα</strong></span> <span class='ocrx_word' id='word_1_680' title='bbox 318 4607 601 4663; x_wconf 62' lang='grc' dir='ltr'><strong>Θεσπιεῦσι.</strong></span> <span class='ocrx_word' id='word_1_681' title='bbox 649 4607 880 4681; x_wconf 67' lang='grc' dir='ltr'><strong>Πρότερον</strong></span> <span class='ocrx_word' id='word_1_682' title='bbox 1022 4612 1107 4658; x_wconf 77' lang='grc' dir='ltr'>νίν</span> <span class='ocrx_word' id='word_1_683' title='bbox 1134 4607 1368 4689; x_wconf 45' lang='lat' dir='ltr'><strong>ﬁpéjmoi</strong></span> <span class='ocrx_word' id='word_1_684' title='bbox 1392 4633 1519 4671; x_wconf 82' lang='grc' dir='ltr'>τινες</span> <span class='ocrx_word' id='word_1_685' title='bbox 1561 4618 1643 4668; x_wconf 74' lang='grc' dir='ltr'><strong>τὸν</strong></span> 
     </span>
    </p>
   </div>
   <div class='ocr_carea' id='block_1_97' title="bbox 141 4672 1642 4746">
    <p class='ocr_par' dir='ltr' id='par_1_97' title="bbox 141 4672 1642 4746">
     <span class='ocr_line' id='line_1_97' title="bbox 141 4672 1642 4746; baseline 0.003 -21"><span class='ocrx_word' id='word_1_686' title='bbox 141 4672 306 4746; x_wconf 57' lang='grc' dir='ltr'><strong>ἐρῶῖα</strong></span> <span class='ocrx_word' id='word_1_687' title='bbox 319 4679 566 4746; x_wconf 56' lang='grc' dir='ltr'><strong>ἀνέϐαινον</strong></span> <span class='ocrx_word' id='word_1_688' title='bbox 583 4679 663 4728; x_wconf 78' lang='grc' dir='ltr'><strong>ἐπὶ</strong></span> <span class='ocrx_word' id='word_1_689' title='bbox 676 4672 760 4731; x_wconf 64' lang='grc' dir='ltr'><strong>’ξῆν</strong></span> <span class='ocrx_word' id='word_1_690' title='bbox 779 4672 1076 4736; x_wconf 44' lang='lat' dir='ltr'><strong>ﬂamonia);</strong></span> <span class='ocrx_word' id='word_1_691' title='bbox 1098 4672 1344 4746; x_wconf 17' lang='grc' dir='ltr'><strong>ρᾱξκνοῦσαν</strong></span> <span class='ocrx_word' id='word_1_692' title='bbox 1356 4680 1642 4739; x_wconf 74' lang='grc' dir='ltr'><strong>ἀξιοθέατον,</strong></span> 
     </span>
    </p>
   </div>
   <div class='ocr_carea' id='block_1_98' title="bbox 199 4741 1640 4810">
    <p class='ocr_par' dir='ltr' id='par_1_98' title="bbox 199 4741 1640 4810">
     <span class='ocr_line' id='line_1_98' title="bbox 199 4741 1640 4810; baseline -0.001 -15"><span class='ocrx_word' id='word_1_693' title='bbox 199 4752 221 4780; x_wconf 75' lang='grc'><strong><em>⁵</em></strong></span> <span class='ocrx_word' id='word_1_694' title='bbox 246 4743 490 4808; x_wconf 72' lang='lat' dir='ltr'><strong>Cujns&#39;et</strong></span> <span class='ocrx_word' id='word_1_695' title='bbox 537 4744 712 4794; x_wconf 77' lang='lat' dir='ltr'><strong>Iberia:</strong></span> <span class='ocrx_word' id='word_1_696' title='bbox 761 4747 995 4810; x_wconf 86' lang='lat' dir='ltr'><strong>conjugis</strong></span> <span class='ocrx_word' id='word_1_697' title='bbox 1030 4741 1414 4808; x_wconf 86' lang='lat' dir='ltr'><strong>epithalamium</strong></span> <span class='ocrx_word' id='word_1_698' title='bbox 1453 4752 1640 4801; x_wconf 63' lang='lat' dir='ltr'><strong>cecinit</strong></span> 
     </span>
    </p>
   </div>
   <div class='ocr_carea' id='block_1_99' title="bbox 142 4811 1635 4875">
    <p class='ocr_par' dir='ltr' id='par_1_99' title="bbox 142 4811 1635 4875">
     <span class='ocr_line' id='line_1_99' title="bbox 142 4811 1635 4875; baseline 0 -12"><span class='ocrx_word' id='word_1_699' title='bbox 142 4811 340 4864; x_wconf 72' lang='lat' dir='ltr'><strong>carmine</strong></span> <span class='ocrx_word' id='word_1_700' title='bbox 367 4813 452 4874; x_wconf 75' lang='lat' dir='ltr'><strong>Il,</strong></span> <span class='ocrx_word' id='word_1_701' title='bbox 485 4816 724 4875; x_wconf 79' lang='lat' dir='ltr'><strong>episcopo</strong></span> <span class='ocrx_word' id='word_1_702' title='bbox 774 4824 945 4875; x_wconf 71' lang='lat' dir='ltr'><strong>postea</strong></span> <span class='ocrx_word' id='word_1_703' title='bbox 988 4811 1360 4862; x_wconf 83' lang='lat' dir='ltr'><strong>Lentoviceusi.</strong></span> <span class='ocrx_word' id='word_1_704' title='bbox 1408 4813 1453 4864; x_wconf 84' lang='lat' dir='ltr'><strong>is</strong></span> <span class='ocrx_word' id='word_1_705' title='bbox 1499 4820 1635 4867; x_wconf 83' lang='lat' dir='ltr'><strong>enim</strong></span> 
     </span>
    </p>
   </div>
   <div class='ocr_carea' id='block_1_100' title="bbox 142 4878 1635 4945">
    <p class='ocr_par' dir='ltr' id='par_1_100' title="bbox 142 4878 1635 4945">
     <span class='ocr_line' id='line_1_100' title="bbox 142 4878 1635 4945; baseline 0.003 -15"><span class='ocrx_word' id='word_1_706' title='bbox 142 4887 206 4930; x_wconf 76' lang='lat' dir='ltr'><strong>est</strong></span> <span class='ocrx_word' id='word_1_707' title='bbox 225 4881 360 4945; x_wconf 86' lang='lat' dir='ltr'><strong>cujus</strong></span> <span class='ocrx_word' id='word_1_708' title='bbox 389 4893 564 4945; x_wconf 79' lang='lat' dir='ltr'><strong>paucis</strong></span> <span class='ocrx_word' id='word_1_709' title='bbox 593 4880 780 4931; x_wconf 87' lang='lat' dir='ltr'><strong>abhinc</strong></span> <span class='ocrx_word' id='word_1_710' title='bbox 809 4881 958 4931; x_wconf 87' lang='lat' dir='ltr'><strong>annis</strong></span> <span class='ocrx_word' id='word_1_711' title='bbox 981 4893 1041 4930; x_wconf 85' lang='lat' dir='ltr'><strong>ex</strong></span> <span class='ocrx_word' id='word_1_712' title='bbox 1071 4879 1124 4930; x_wconf 84' lang='lat' dir='ltr'><strong>S.</strong></span> <span class='ocrx_word' id='word_1_713' title='bbox 1167 4878 1294 4929; x_wconf 80' lang='lat' dir='ltr'><strong>Galli</strong></span> <span class='ocrx_word' id='word_1_714' title='bbox 1329 4879 1635 4936; x_wconf 67' lang='lat' dir='ltr'><strong>biblio:l&#39;tera</strong></span> 
     </span>
    </p>
   </div>
   <div class='ocr_carea' id='block_1_101' title="bbox 142 4946 1635 5014">
    <p class='ocr_par' dir='ltr' id='par_1_101' title="bbox 142 4946 1635 5014">
     <span class='ocr_line' id='line_1_101' title="bbox 142 4946 1635 5014; baseline 0.004 -18"><span class='ocrx_word' id='word_1_715' title='bbox 142 4947 246 4998; x_wconf 86' lang='lat' dir='ltr'><strong>eo&#39;iti</strong></span> <span class='ocrx_word' id='word_1_716' title='bbox 273 4957 389 4998; x_wconf 78' lang='lat' dir='ltr'><strong>sunt</strong></span> <span class='ocrx_word' id='word_1_717' title='bbox 417 4949 521 4998; x_wconf 90' lang='lat' dir='ltr'><strong>duo</strong></span> <span class='ocrx_word' id='word_1_718' title='bbox 546 4946 660 4996; x_wconf 89' lang='lat' dir='ltr'><strong>libri</strong></span> <span class='ocrx_word' id='word_1_719' title='bbox 689 4950 1040 5012; x_wconf 81' lang='lat' dir='ltr'><strong>epistularum,</strong></span> <span class='ocrx_word' id='word_1_720' title='bbox 1067 4960 1193 5012; x_wconf 82' lang='lat' dir='ltr'><strong>quas</strong></span> <span class='ocrx_word' id='word_1_721' title='bbox 1224 4948 1403 5011; x_wconf 81' lang='lat' dir='ltr'><strong>partim</strong></span> <span class='ocrx_word' id='word_1_722' title='bbox 1435 4953 1635 5014; x_wconf 72' lang='lat' dir='ltr'><strong>episco-</strong></span> 
     </span>
    </p>
   </div>
   <div class='ocr_carea' id='block_1_102' title="bbox 145 5016 1638 5081">
    <p class='ocr_par' dir='ltr' id='par_1_102' title="bbox 145 5016 1638 5081">
     <span class='ocr_line' id='line_1_102' title="bbox 145 5016 1638 5081; baseline 0.005 -20"><span class='ocrx_word' id='word_1_723' title='bbox 145 5029 240 5077; x_wconf 79' lang='lat' dir='ltr'><strong>pus,</strong></span> <span class='ocrx_word' id='word_1_724' title='bbox 275 5016 453 5079; x_wconf 87' lang='lat' dir='ltr'><strong>partim</strong></span> <span class='ocrx_word' id='word_1_725' title='bbox 496 5024 617 5081; x_wconf 75' lang='lat' dir='ltr'><strong>ante</strong></span> <span class='ocrx_word' id='word_1_726' title='bbox 646 5027 994 5081; x_wconf 69' lang='lat' dir='ltr'><strong>episcopatum</strong></span> <span class='ocrx_word' id='word_1_727' title='bbox 1028 5017 1250 5080; x_wconf 75' lang='lat' dir='ltr'><strong>scripsti.</strong></span> <span class='ocrx_word' id='word_1_728' title='bbox 1290 5016 1337 5064; x_wconf 89' lang='lat' dir='ltr'><strong>In</strong></span> <span class='ocrx_word' id='word_1_729' title='bbox 1379 5016 1477 5067; x_wconf 81' lang='lat' dir='ltr'><strong>illis</strong></span> <span class='ocrx_word' id='word_1_730' title='bbox 1520 5029 1638 5069; x_wconf 83' lang='lat' dir='ltr'><strong>sunt</strong></span> 
     </span>
    </p>
   </div>
   <div class='ocr_carea' id='block_1_103' title="bbox 144 5080 1638 5150">
    <p class='ocr_par' dir='ltr' id='par_1_103' title="bbox 144 5080 1638 5150">
     <span class='ocr_line' id='line_1_103' title="bbox 144 5080 1638 5150; baseline 0.001 -19"><span class='ocrx_word' id='word_1_731' title='bbox 144 5083 313 5150; x_wconf 86' lang='lat' dir='ltr'><strong>aliquot</strong></span> <span class='ocrx_word' id='word_1_732' title='bbox 347 5080 731 5150; x_wconf 11' lang='lat' dir='ltr'><strong>angidoninm,</strong></span> <span class='ocrx_word' id='word_1_733' title='bbox 769 5080 921 5149; x_wconf 82' lang='lat' dir='ltr'><strong>atque</strong></span> <span class='ocrx_word' id='word_1_734' title='bbox 959 5087 1006 5133; x_wconf 90' lang='lat' dir='ltr'><strong>in</strong></span> <span class='ocrx_word' id='word_1_735' title='bbox 1041 5085 1118 5133; x_wconf 89' lang='lat' dir='ltr'><strong>his</strong></span> <span class='ocrx_word' id='word_1_736' title='bbox 1145 5096 1342 5146; x_wconf 84' lang='lat' dir='ltr'><strong>oetava,</strong></span> <span class='ocrx_word' id='word_1_737' title='bbox 1375 5086 1455 5135; x_wconf 92' lang='lat' dir='ltr'><strong>cui</strong></span> <span class='ocrx_word' id='word_1_738' title='bbox 1490 5085 1638 5137; x_wconf 80' lang='lat' dir='ltr'><strong>Sido-</strong></span> 
     </span>
    </p>
   </div>
   <div class='ocr_carea' id='block_1_104' title="bbox 144 5148 1636 5217">
    <p class='ocr_par' dir='ltr' id='par_1_104' title="bbox 144 5148 1636 5217">
     <span class='ocr_line' id='line_1_104' title="bbox 144 5148 1636 5217; baseline 0.003 -16"><span class='ocrx_word' id='word_1_739' title='bbox 144 5148 240 5204; x_wconf 74' lang='lat' dir='ltr'><strong>nius</strong></span> <span class='ocrx_word' id='word_1_740' title='bbox 275 5155 368 5204; x_wconf 88' lang='lat' dir='ltr'><strong>hoc</strong></span> <span class='ocrx_word' id='word_1_741' title='bbox 403 5148 510 5216; x_wconf 65' lang='grc'><strong>49</strong></span> <span class='ocrx_word' id='word_1_742' title='bbox 547 5150 660 5200; x_wconf 89' lang='lat' dir='ltr'><strong>loco</strong></span> <span class='ocrx_word' id='word_1_743' title='bbox 696 5148 986 5217; x_wconf 65' lang='lat' dir='ltr'><strong>respondet.</strong></span> <span class='ocrx_word' id='word_1_744' title='bbox 1017 5152 1194 5203; x_wconf 80' lang='lat' dir='ltr'><strong>Eidem</strong></span> <span class='ocrx_word' id='word_1_745' title='bbox 1222 5162 1274 5204; x_wconf 90' lang='lat' dir='ltr'><strong>et</strong></span> <span class='ocrx_word' id='word_1_746' title='bbox 1307 5155 1433 5203; x_wconf 89' lang='lat' dir='ltr'><strong>alias</strong></span> <span class='ocrx_word' id='word_1_747' title='bbox 1457 5162 1636 5206; x_wconf 78' lang='lat' dir='ltr'><strong>scribit</strong></span> 
     </span>
    </p>
   </div>
   <div class='ocr_carea' id='block_1_105' title="bbox 143 5217 1030 5284">
    <p class='ocr_par' dir='ltr' id='par_1_105' title="bbox 143 5217 1030 5284">
     <span class='ocr_line' id='line_1_105' title="bbox 143 5217 1030 5284; baseline -0.001 -14"><span class='ocrx_word' id='word_1_748' title='bbox 143 5218 220 5273; x_wconf 82' lang='lat' dir='ltr'><strong>lib.</strong></span> <span class='ocrx_word' id='word_1_749' title='bbox 244 5235 269 5269; x_wconf 80' lang='grc' dir='ltr'><strong>ν</strong></span> <span class='ocrx_word' id='word_1_750' title='bbox 293 5231 339 5273; x_wconf 89' lang='lat' dir='ltr'><strong>et</strong></span> <span class='ocrx_word' id='word_1_751' title='bbox 368 5233 476 5279; x_wconf 83' lang='lat' dir='ltr'><strong>vru,</strong></span> <span class='ocrx_word' id='word_1_752' title='bbox 513 5217 736 5266; x_wconf 87' lang='lat' dir='ltr'><strong>nondum</strong></span> <span class='ocrx_word' id='word_1_753' title='bbox 770 5221 1030 5284; x_wconf 73' lang='lat' dir='ltr'><strong>episeopo.</strong></span> 
     </span>
    </p>
   </div>
   <div class='ocr_carea' id='block_1_106' title="bbox 199 5284 1631 5356">
    <p class='ocr_par' dir='ltr' id='par_1_106' title="bbox 199 5284 1631 5356">
     <span class='ocr_line' id='line_1_106' title="bbox 199 5284 1631 5356; baseline -0.006 -14"><span class='ocrx_word' id='word_1_754' title='bbox 199 5297 220 5324; x_wconf 80' lang='grc'>⁶</span> <span class='ocrx_word' id='word_1_755' title='bbox 244 5289 310 5340; x_wconf 74' lang='lat' dir='ltr'><strong>Ex</strong></span> <span class='ocrx_word' id='word_1_756' title='bbox 336 5284 535 5340; x_wconf 81' lang='lat' dir='ltr'><strong>Sidonii</strong></span> <span class='ocrx_word' id='word_1_757' title='bbox 585 5285 756 5335; x_wconf 76' lang='lat' dir='ltr'><strong>verbts</strong></span> <span class='ocrx_word' id='word_1_758' title='bbox 785 5289 1034 5356; x_wconf 70' lang='lat' dir='ltr'><strong>ducentur</strong></span> <span class='ocrx_word' id='word_1_759' title='bbox 1062 5286 1395 5353; x_wconf 78' lang='lat' dir='ltr'><strong>Arbogastem</strong></span> <span class='ocrx_word' id='word_1_760' title='bbox 1442 5289 1631 5356; x_wconf 78' lang='lat' dir='ltr'><strong>stylum</strong></span> 
     </span>
    </p>
   </div>
   <div class='ocr_carea' id='block_1_107' title="bbox 145 5355 1635 5420">
    <p class='ocr_par' dir='ltr' id='par_1_107' title="bbox 145 5355 1635 5420">
     <span class='ocr_line' id='line_1_107' title="bbox 145 5355 1635 5420; baseline 0.001 -14"><span class='ocrx_word' id='word_1_761' title='bbox 145 5355 254 5410; x_wconf 79' lang='lat' dir='ltr'><strong>inter</strong></span> <span class='ocrx_word' id='word_1_762' title='bbox 284 5371 419 5408; x_wconf 85' lang='lat' dir='ltr'><strong>arma</strong></span> <span class='ocrx_word' id='word_1_763' title='bbox 465 5363 736 5409; x_wconf 62' lang='lat' dir='ltr'><strong>traCtaSse,</strong></span> <span class='ocrx_word' id='word_1_764' title='bbox 773 5355 926 5405; x_wconf 84' lang='lat' dir='ltr'><strong>domo</strong></span> <span class='ocrx_word' id='word_1_765' title='bbox 958 5355 1157 5420; x_wconf 78' lang='lat' dir='ltr'><strong>Belgam</strong></span> <span class='ocrx_word' id='word_1_766' title='bbox 1193 5358 1368 5415; x_wconf 71' lang='lat' dir='ltr'><strong>fuisse,</strong></span> <span class='ocrx_word' id='word_1_767' title='bbox 1412 5355 1635 5408; x_wconf 81' lang='lat' dir='ltr'><strong>habitas—</strong></span> 
     </span>
    </p>
   </div>
   <div class='ocr_carea' id='block_1_108' title="bbox 144 5421 1634 5493">
    <p class='ocr_par' dir='ltr' id='par_1_108' title="bbox 144 5421 1634 5493">
     <span class='ocr_line' id='line_1_108' title="bbox 144 5421 1634 5493; baseline 0.004 -21"><span class='ocrx_word' id='word_1_768' title='bbox 144 5435 275 5492; x_wconf 59' lang='grc' dir='ltr'><strong>ιονιξ</strong></span> <span class='ocrx_word' id='word_1_769' title='bbox 303 5421 691 5493; x_wconf 69' lang='lat' dir='ltr'><strong>ad_blu.~ellam,</strong></span> <span class='ocrx_word' id='word_1_770' title='bbox 720 5435 817 5469; x_wconf 90' lang='lat' dir='ltr'><strong>non</strong></span> <span class='ocrx_word' id='word_1_771' title='bbox 849 5425 1023 5482; x_wconf 86' lang='lat' dir='ltr'><strong>procul</strong></span> <span class='ocrx_word' id='word_1_772' title='bbox 1051 5428 1113 5474; x_wconf 82' lang='lat' dir='ltr'><strong>ab</strong></span> <span class='ocrx_word' id='word_1_773' title='bbox 1137 5424 1398 5490; x_wconf 81' lang='lat' dir='ltr'><strong>Auspicio,</strong></span> <span class='ocrx_word' id='word_1_774' title='bbox 1430 5426 1634 5478; x_wconf 74' lang='lat' dir='ltr'><strong>&#39;l‘ullen-</strong></span> 
     </span>
    </p>
   </div>
   <div class='ocr_carea' id='block_1_109' title="bbox 386 5509 902 5572">
    <p class='ocr_par' dir='ltr' id='par_1_109' title="bbox 386 5509 902 5572">
     <span class='ocr_line' id='line_1_109' title="bbox 386 5509 902 5572; baseline -0.014 -3"><span class='ocrx_word' id='word_1_775' title='bbox 386 5516 649 5572; x_wconf 71' lang='lat' dir='ltr'><strong>[’nuoL.</strong></span> <span class='ocrx_word' id='word_1_776' title='bbox 702 5509 902 5566; x_wconf 69' lang='lat' dir='ltr'><strong>LVIII.</strong></span> 
     </span>
    </p>
   </div>
   <div class='ocr_carea' id='block_1_110' title="bbox 1746 4330 3262 4403">
    <p class='ocr_par' dir='ltr' id='par_1_110' title="bbox 1746 4330 3262 4403">
     <span class='ocr_line' id='line_1_110' title="bbox 1746 4330 3262 4403; baseline -0.016 -8"><span class='ocrx_word' id='word_1_777' title='bbox 1746 4344 1808 4394; x_wconf 86' lang='lat' dir='ltr'><strong>ad</strong></span> <span class='ocrx_word' id='word_1_778' title='bbox 1851 4341 2186 4403; x_wconf 58' lang='lat' dir='ltr'><strong>Arbogastettt</strong></span> <span class='ocrx_word' id='word_1_779' title='bbox 2231 4332 2367 4380; x_wconf 81' lang='lat' dir='ltr'><strong>edita</strong></span> <span class='ocrx_word' id='word_1_780' title='bbox 2411 4333 2743 4403; x_wconf 39' lang='lat' dir='ltr'><strong>est-epistola</strong></span> <span class='ocrx_word' id='word_1_781' title='bbox 2788 4346 2900 4403; x_wconf 64' lang='lat' dir='ltr'><strong>quin</strong></span> <span class='ocrx_word' id='word_1_782' title='bbox 2942 4330 3050 4379; x_wconf 72' lang='lat' dir='ltr'><strong>hzec</strong></span> <span class='ocrx_word' id='word_1_783' title='bbox 3093 4333 3262 4381; x_wconf 53' lang='lat' dir='ltr'><strong>omnia</strong></span> 
     </span>
    </p>
   </div>
   <div class='ocr_carea' id='block_1_111' title="bbox 1745 4396 3261 4462">
    <p class='ocr_par' dir='ltr' id='par_1_111' title="bbox 1745 4396 3261 4462">
     <span class='ocr_line' id='line_1_111' title="bbox 1745 4396 3261 4462; baseline -0.008 -1"><span class='ocrx_word' id='word_1_784' title='bbox 1745 4396 2032 4462; x_wconf 72' lang='lat' dir='ltr'><strong>cottlirmoi.</strong></span> <span class='ocrx_word' id='word_1_785' title='bbox 2083 4403 2234 4452; x_wconf 83' lang='lat' dir='ltr'><strong>Docet</strong></span> <span class='ocrx_word' id='word_1_786' title='bbox 2264 4412 2400 4448; x_wconf 77' lang='lat' dir='ltr'><strong>enim</strong></span> <span class='ocrx_word' id='word_1_787' title='bbox 2433 4397 2590 4459; x_wconf 86' lang='lat' dir='ltr'><strong>Arigii</strong></span> <span class='ocrx_word' id='word_1_788' title='bbox 2625 4396 2781 4445; x_wconf 87' lang='lat' dir='ltr'><strong>lilium</strong></span> <span class='ocrx_word' id='word_1_789' title='bbox 2814 4397 2988 4453; x_wconf 28' lang='lat' dir='ltr'><strong>fuisse,</strong></span> <span class='ocrx_word' id='word_1_790' title='bbox 3022 4411 3050 4447; x_wconf 92' lang='lat' dir='ltr'><strong>c</strong></span> <span class='ocrx_word' id='word_1_791' title='bbox 3087 4400 3261 4450; x_wconf 86' lang='lat' dir='ltr'><strong>mitem</strong></span> 
     </span>
    </p>
   </div>
   <div class='ocr_carea' id='block_1_112' title="bbox 1746 4462 3262 4533">
    <p class='ocr_par' dir='ltr' id='par_1_112' title="bbox 1746 4462 3262 4533">
     <span class='ocr_line' id='line_1_112' title="bbox 1746 4462 3262 4533; baseline -0.013 -40"><span class='ocrx_word' id='word_1_792' title='bbox 1746 4480 2110 4529; x_wconf 71' lang='lat' dir='ltr'><strong>.[~..ever0ium,</strong></span> <span class='ocrx_word' id='word_1_793' title='bbox 2140 4484 2166 4517; x_wconf 70' lang='lat' dir='ltr'><strong>t2</strong></span> <span class='ocrx_word' id='word_1_794' title='bbox 2192 4469 2301 4527; x_wconf 57' lang='grc' dir='ltr'><strong>δίη-ι</strong></span> <span class='ocrx_word' id='word_1_795' title='bbox 2321 4479 2350 4514; x_wconf 89' lang='lat' dir='ltr'><strong>e</strong></span> <span class='ocrx_word' id='word_1_796' title='bbox 2378 4463 2678 4533; x_wconf 28' lang='lat' dir='ltr'><strong>Arhogat‘ris</strong></span> <span class='ocrx_word' id='word_1_797' title='bbox 2705 4464 2914 4533; x_wconf 45' lang='lat' dir='ltr'><strong>ahenus</strong></span> <span class='ocrx_word' id='word_1_798' title='bbox 2939 4462 3140 4525; x_wconf 50' lang='lat' dir='ltr'><strong>Franci.</strong></span> <span class='ocrx_word' id='word_1_799' title='bbox 3175 4472 3262 4533; x_wconf 54' lang='lat' dir='ltr'><strong>qui</strong></span> 
     </span>
    </p>
   </div>
   <div class='ocr_carea' id='block_1_113' title="bbox 1745 4528 3260 4600">
    <p class='ocr_par' dir='ltr' id='par_1_113' title="bbox 1745 4528 3260 4600">
     <span class='ocr_line' id='line_1_113' title="bbox 1745 4528 3260 4600; baseline -0.009 -3"><span class='ocrx_word' id='word_1_800' title='bbox 1745 4528 1922 4598; x_wconf 71' lang='lat' dir='ltr'><strong>omnes</strong></span> <span class='ocrx_word' id='word_1_801' title='bbox 1948 4541 2039 4590; x_wconf 87' lang='lat' dir='ltr'><strong>fuit</strong></span> <span class='ocrx_word' id='word_1_802' title='bbox 2067 4533 2408 4600; x_wconf 61' lang='lat' dir='ltr'><strong>Valentiniani</strong></span> <span class='ocrx_word' id='word_1_803' title='bbox 2430 4529 2668 4600; x_wconf 79' lang='lat' dir='ltr'><strong>jttntoris.</strong></span> <span class='ocrx_word' id='word_1_804' title='bbox 2714 4528 2969 4582; x_wconf 84' lang='lat' dir='ltr'><strong>Barbaros</strong></span> <span class='ocrx_word' id='word_1_805' title='bbox 2996 4546 3119 4598; x_wconf 77' lang='lat' dir='ltr'><strong>ergo</strong></span> <span class='ocrx_word' id='word_1_806' title='bbox 3141 4528 3260 4600; x_wconf 81' lang='lat' dir='ltr'><strong>qui-</strong></span> 
     </span>
    </p>
   </div>
   <div class='ocr_carea' id='block_1_114' title="bbox 1746 4598 3259 4669">
    <p class='ocr_par' dir='ltr' id='par_1_114' title="bbox 1746 4598 3259 4669">
     <span class='ocr_line' id='line_1_114' title="bbox 1746 4598 3259 4669; baseline -0.019 -4"><span class='ocrx_word' id='word_1_807' title='bbox 1746 4615 1955 4664; x_wconf 87' lang='lat' dir='ltr'><strong>buseuttt</strong></span> <span class='ocrx_word' id='word_1_808' title='bbox 2002 4604 2322 4658; x_wconf 57' lang='lat' dir='ltr'><strong>versabatur,</strong></span> <span class='ocrx_word' id='word_1_809' title='bbox 2375 4598 2979 4669; x_wconf 61' lang='lat' dir='ltr'><strong>Francosinterpretor,</strong></span> <span class='ocrx_word' id='word_1_810' title='bbox 3025 4604 3108 4665; x_wconf 85' lang='lat' dir='ltr'><strong>qui</strong></span> <span class='ocrx_word' id='word_1_811' title='bbox 3155 4598 3259 4669; x_wconf 65' lang='lat' dir='ltr'><strong>iam</strong></span> 
     </span>
    </p>
   </div>
   <div class='ocr_carea' id='block_1_115' title="bbox 1746 4664 3262 4735">
    <p class='ocr_par' dir='ltr' id='par_1_115' title="bbox 1746 4664 3262 4735">
     <span class='ocr_line' id='line_1_115' title="bbox 1746 4664 3262 4735; baseline -0.013 -3"><span class='ocrx_word' id='word_1_812' title='bbox 1746 4691 1849 4732; x_wconf 90' lang='lat' dir='ltr'><strong>tum</strong></span> <span class='ocrx_word' id='word_1_813' title='bbox 1891 4679 1938 4726; x_wconf 88' lang='lat' dir='ltr'><strong>in</strong></span> <span class='ocrx_word' id='word_1_814' title='bbox 1970 4673 2164 4735; x_wconf 77' lang='lat' dir='ltr'><strong>Belgica</strong></span> <span class='ocrx_word' id='word_1_815' title='bbox 2205 4671 2367 4735; x_wconf 83' lang='lat' dir='ltr'><strong>prima</strong></span> <span class='ocrx_word' id='word_1_816' title='bbox 2403 4664 2824 4735; x_wconf 79' lang='lat' dir='ltr'><strong>dominabantur;</strong></span> <span class='ocrx_word' id='word_1_817' title='bbox 2868 4664 3262 4724; x_wconf 50' lang='lat' dir='ltr'><strong>antistitem&#39;ci-</strong></span> 
     </span>
    </p>
   </div>
   <div class='ocr_carea' id='block_1_116' title="bbox 1745 4733 3261 4805">
    <p class='ocr_par' dir='ltr' id='par_1_116' title="bbox 1745 4733 3261 4805">
     <span class='ocr_line' id='line_1_116' title="bbox 1745 4733 3261 4805; baseline -0.006 -8"><span class='ocrx_word' id='word_1_818' title='bbox 1745 4747 1915 4797; x_wconf 82' lang='lat' dir='ltr'><strong>vitatis</strong></span> <span class='ocrx_word' id='word_1_819' title='bbox 1939 4733 2233 4805; x_wconf 78' lang='lat' dir='ltr'><strong>episcopum</strong></span> <span class='ocrx_word' id='word_1_820' title='bbox 2265 4734 2656 4805; x_wconf 57' lang='lat' dir='ltr'><strong>&#39;l‘reviren_seyr_;</strong></span> <span class='ocrx_word' id='word_1_821' title='bbox 2689 4733 2881 4805; x_wconf 79' lang='lat' dir='ltr'><strong>Lupum</strong></span> <span class='ocrx_word' id='word_1_822' title='bbox 2915 4748 3035 4788; x_wconf 89' lang='lat' dir='ltr'><strong>vero</strong></span> <span class='ocrx_word' id='word_1_823' title='bbox 3061 4737 3261 4790; x_wconf 85' lang='lat' dir='ltr'><strong>Tricas-</strong></span> 
     </span>
    </p>
   </div>
   <div class='ocr_carea' id='block_1_117' title="bbox 1739 4801 2818 4868">
    <p class='ocr_par' dir='ltr' id='par_1_117' title="bbox 1739 4801 2818 4868">
     <span class='ocr_line' id='line_1_117' title="bbox 1739 4801 2818 4868; baseline -0.014 0"><span class='ocrx_word' id='word_1_824' title='bbox 1739 4817 1930 4868; x_wconf 87' lang='lat' dir='ltr'><strong>sintttn,</strong></span> <span class='ocrx_word' id='word_1_825' title='bbox 1958 4801 2018 4857; x_wconf 68' lang='lat' dir='ltr'><strong>ad</strong></span> <span class='ocrx_word' id='word_1_826' title='bbox 2050 4819 2199 4868; x_wconf 87' lang='lat' dir='ltr'><strong>quem</strong></span> <span class='ocrx_word' id='word_1_827' title='bbox 2233 4818 2331 4851; x_wconf 88' lang='lat' dir='ltr'><strong>non</strong></span> <span class='ocrx_word' id='word_1_828' title='bbox 2367 4803 2525 4852; x_wconf 82' lang='lat' dir='ltr'><strong>semel</strong></span> <span class='ocrx_word' id='word_1_829' title='bbox 2557 4801 2818 4853; x_wconf 83' lang='lat' dir='ltr'><strong>Sidonius.</strong></span> 
     </span>
    </p>
   </div>
   <div class='ocr_carea' id='block_1_118' title="bbox 1807 4871 3126 4936">
    <p class='ocr_par' dir='ltr' id='par_1_118' title="bbox 1807 4871 3126 4936">
     <span class='ocr_line' id='line_1_118' title="bbox 1807 4871 3126 4936; baseline 0.005 -19"><span class='ocrx_word' id='word_1_830' title='bbox 1807 4883 1830 4917; x_wconf 78' lang='lat' dir='ltr'><strong>u</strong></span> <span class='ocrx_word' id='word_1_831' title='bbox 1865 4877 2040 4930; x_wconf 62' lang='lat' dir='ltr'><strong>[crater</strong></span> <span class='ocrx_word' id='word_1_832' title='bbox 2066 4872 2260 4925; x_wconf 89' lang='lat' dir='ltr'><strong>Sidonit</strong></span> <span class='ocrx_word' id='word_1_833' title='bbox 2294 4884 2306 4919; x_wconf 91' lang='lat'>:</span> <span class='ocrx_word' id='word_1_834' title='bbox 2337 4871 2398 4918; x_wconf 85' lang='lat' dir='ltr'><strong>:rd</strong></span> <span class='ocrx_word' id='word_1_835' title='bbox 2430 4884 2582 4934; x_wconf 83' lang='lat' dir='ltr'><strong>quem</strong></span> <span class='ocrx_word' id='word_1_836' title='bbox 2617 4871 2704 4923; x_wconf 87' lang='lat' dir='ltr'><strong>lib.</strong></span> <span class='ocrx_word' id='word_1_837' title='bbox 2740 4873 2828 4923; x_wconf 72' lang='lat' dir='ltr'><strong>V&#39;lll</strong></span> <span class='ocrx_word' id='word_1_838' title='bbox 2861 4871 3014 4936; x_wconf 90' lang='lat' dir='ltr'><strong>epist.</strong></span> <span class='ocrx_word' id='word_1_839' title='bbox 3048 4873 3126 4923; x_wconf 82' lang='grc' dir='ltr'><strong>ΓΙ.</strong></span> 
     </span>
    </p>
   </div>
   <div class='ocr_carea' id='block_1_119' title="bbox 1809 4939 3260 5007">
    <p class='ocr_par' dir='ltr' id='par_1_119' title="bbox 1809 4939 3260 5007">
     <span class='ocr_line' id='line_1_119' title="bbox 1809 4939 3260 5007; baseline -0.006 -10"><span class='ocrx_word' id='word_1_840' title='bbox 1809 4959 1832 4984; x_wconf 76' lang='grc' dir='ltr'>θ</span> <span class='ocrx_word' id='word_1_841' title='bbox 1874 4947 2239 5007; x_wconf 72' lang='lat' dir='ltr'><strong>Lugdunenses</strong></span> <span class='ocrx_word' id='word_1_842' title='bbox 2292 4939 2569 5003; x_wconf 68' lang='lat' dir='ltr'><strong>provincia:</strong></span> <span class='ocrx_word' id='word_1_843' title='bbox 2621 4939 2815 4989; x_wconf 88' lang='lat' dir='ltr'><strong>Sidonii</strong></span> <span class='ocrx_word' id='word_1_844' title='bbox 2877 4955 2985 4988; x_wconf 72' lang='lat' dir='ltr'><strong>aevo</strong></span> <span class='ocrx_word' id='word_1_845' title='bbox 3029 4949 3260 5007; x_wconf 58' lang='lat' dir='ltr'><strong>quatitur</strong></span> 
     </span>
    </p>
   </div>
   <div class='ocr_carea' id='block_1_120' title="bbox 1739 5006 3256 5072">
    <p class='ocr_par' dir='ltr' id='par_1_120' title="bbox 1739 5006 3256 5072">
     <span class='ocr_line' id='line_1_120' title="bbox 1739 5006 3256 5072; baseline -0.006 -6"><span class='ocrx_word' id='word_1_846' title='bbox 1739 5026 1904 5072; x_wconf 86' lang='lat' dir='ltr'><strong>erant,</strong></span> <span class='ocrx_word' id='word_1_847' title='bbox 1938 5006 2253 5072; x_wconf 80' lang='lat' dir='ltr'><strong>totidemque</strong></span> <span class='ocrx_word' id='word_1_848' title='bbox 2302 5009 2349 5056; x_wconf 93' lang='lat' dir='ltr'><strong>in</strong></span> <span class='ocrx_word' id='word_1_849' title='bbox 2393 5007 2579 5056; x_wconf 77' lang='lat' dir='ltr'><strong>Notitia</strong></span> <span class='ocrx_word' id='word_1_850' title='bbox 2623 5007 2821 5071; x_wconf 71' lang='lat' dir='ltr'><strong>imperii</strong></span> <span class='ocrx_word' id='word_1_851' title='bbox 2874 5006 3256 5057; x_wconf 81' lang='lat' dir='ltr'><strong>describuntur:</strong></span> 
     </span>
    </p>
   </div>
   <div class='ocr_carea' id='block_1_121' title="bbox 1739 5073 3260 5150">
    <p class='ocr_par' dir='ltr' id='par_1_121' title="bbox 1739 5073 3260 5150">
     <span class='ocr_line' id='line_1_121' title="bbox 1739 5073 3260 5150; baseline -0.011 -14"><span class='ocrx_word' id='word_1_852' title='bbox 1739 5103 1850 5150; x_wconf 71' lang='lat' dir='ltr'><strong>qua:</strong></span> <span class='ocrx_word' id='word_1_853' title='bbox 1878 5085 1939 5132; x_wconf 84' lang='lat' dir='ltr'><strong>al</strong></span> <span class='ocrx_word' id='word_1_854' title='bbox 1977 5087 2202 5129; x_wconf 78' lang='lat' dir='ltr'><strong>nostram</strong></span> <span class='ocrx_word' id='word_1_855' title='bbox 2235 5077 2364 5124; x_wconf 84' lang='lat' dir='ltr'><strong>hanc</strong></span> <span class='ocrx_word' id='word_1_856' title='bbox 2394 5083 2600 5150; x_wconf 59' lang='lat' dir='ltr'><strong>a&#39;tatenr</strong></span> <span class='ocrx_word' id='word_1_857' title='bbox 2626 5079 2859 5138; x_wconf 84' lang='lat' dir='ltr'><strong>antiquas</strong></span> <span class='ocrx_word' id='word_1_858' title='bbox 2893 5073 3116 5147; x_wconf 74' lang='lat' dir='ltr'><strong>retinent</strong></span> <span class='ocrx_word' id='word_1_859' title='bbox 3151 5091 3260 5124; x_wconf 81' lang='lat' dir='ltr'><strong>mc-</strong></span> 
     </span>
    </p>
   </div>
   <div class='ocr_carea' id='block_1_122' title="bbox 1742 5139 3256 5216">
    <p class='ocr_par' dir='ltr' id='par_1_122' title="bbox 1742 5139 3256 5216">
     <span class='ocr_line' id='line_1_122' title="bbox 1742 5139 3256 5216; baseline -0.01 -12"><span class='ocrx_word' id='word_1_860' title='bbox 1742 5139 1986 5216; x_wconf 47' lang='lat' dir='ltr'><strong>t&#39;t&#39;opules.</strong></span> <span class='ocrx_word' id='word_1_861' title='bbox 2040 5146 2223 5196; x_wconf 69' lang='lat' dir='ltr'><strong>Primae</strong></span> <span class='ocrx_word' id='word_1_862' title='bbox 2267 5157 2420 5216; x_wconf 72' lang='lat' dir='ltr'><strong>caput</strong></span> <span class='ocrx_word' id='word_1_863' title='bbox 2466 5143 2807 5215; x_wconf 47' lang='lat' dir='ltr'><strong>Lllgdiiltlilll,&#39;</strong></span> <span class='ocrx_word' id='word_1_864' title='bbox 2837 5143 2898 5189; x_wconf 80' lang='lat' dir='ltr'><strong>de</strong></span> <span class='ocrx_word' id='word_1_865' title='bbox 2926 5155 3038 5216; x_wconf 46' lang='lat' dir='ltr'><strong>.llllii</strong></span> <span class='ocrx_word' id='word_1_866' title='bbox 3088 5139 3175 5188; x_wconf 80' lang='lat' dir='ltr'><strong>lii).</strong></span> <span class='ocrx_word' id='word_1_867' title='bbox 3209 5159 3256 5200; x_wconf 76' lang='grc' dir='ltr'><strong>ν,</strong></span> 
     </span>
    </p>
   </div>
   <div class='ocr_carea' id='block_1_123' title="bbox 1740 5207 3259 5281">
    <p class='ocr_par' dir='ltr' id='par_1_123' title="bbox 1740 5207 3259 5281">
     <span class='ocr_line' id='line_1_123' title="bbox 1740 5207 3259 5281; baseline -0.009 -12"><span class='ocrx_word' id='word_1_868' title='bbox 1740 5207 1891 5281; x_wconf 58' lang='grc' dir='ltr'><strong>εευὶίῐ.</strong></span> <span class='ocrx_word' id='word_1_869' title='bbox 1926 5220 1974 5266; x_wconf 87' lang='lat'><strong>7.</strong></span> <span class='ocrx_word' id='word_1_870' title='bbox 2026 5215 2274 5265; x_wconf 70' lang='lat' dir='ltr'><strong>Secundi:</strong></span> <span class='ocrx_word' id='word_1_871' title='bbox 2309 5211 2674 5281; x_wconf 66' lang='lat' dir='ltr'><strong>liotitonragus,</strong></span> <span class='ocrx_word' id='word_1_872' title='bbox 2731 5207 2818 5281; x_wconf 76' lang='lat' dir='ltr'><strong>Cui</strong></span> <span class='ocrx_word' id='word_1_873' title='bbox 2861 5207 3036 5255; x_wconf 72' lang='lat' dir='ltr'><strong>sirlrcst</strong></span> <span class='ocrx_word' id='word_1_874' title='bbox 3079 5216 3259 5281; x_wconf 34' lang='lat' dir='ltr'><strong>civ-itas</strong></span> 
     </span>
    </p>
   </div>
   <div class='ocr_carea' id='block_1_124' title="bbox 1743 5275 3259 5340">
    <p class='ocr_par' dir='ltr' id='par_1_124' title="bbox 1743 5275 3259 5340">
     <span class='ocr_line' id='line_1_124' title="bbox 1743 5275 3259 5340; baseline -0.001 0"><span class='ocrx_word' id='word_1_875' title='bbox 1743 5275 2088 5340; x_wconf 72' lang='lat' dir='ltr'><strong>Baiocassitttn</strong></span> <span class='ocrx_word' id='word_1_876' title='bbox 2115 5283 2208 5330; x_wconf 81' lang='lat' dir='ltr'><strong>ltnt:</strong></span> <span class='ocrx_word' id='word_1_877' title='bbox 2242 5281 2368 5330; x_wconf 86' lang='lat' dir='ltr'><strong>loco.</strong></span> <span class='ocrx_word' id='word_1_878' title='bbox 2419 5280 2600 5328; x_wconf 69' lang='lat' dir='ltr'><strong>Tertiae</strong></span> <span class='ocrx_word' id='word_1_879' title='bbox 2633 5283 2655 5326; x_wconf 92' lang='grc' dir='ltr'><strong>Ἰ</strong></span> <span class='ocrx_word' id='word_1_880' title='bbox 2677 5275 2842 5329; x_wconf 71' lang='lat' dir='ltr'><strong>tironi.</strong></span> <span class='ocrx_word' id='word_1_881' title='bbox 2885 5290 2994 5336; x_wconf 53' lang='lat' dir='ltr'><strong>‘l‘li&quot;</strong></span> <span class='ocrx_word' id='word_1_882' title='bbox 3030 5276 3259 5324; x_wconf 60' lang='lat' dir='ltr'><strong>&quot;mmm-</strong></span> 
     </span>
    </p>
   </div>
   <div class='ocr_carea' id='block_1_125' title="bbox 1743 5345 3259 5415">
    <p class='ocr_par' dir='ltr' id='par_1_125' title="bbox 1743 5345 3259 5415">
     <span class='ocr_line' id='line_1_125' title="bbox 1743 5345 3259 5415; baseline -0.009 -7"><span class='ocrx_word' id='word_1_883' title='bbox 1743 5369 1825 5408; x_wconf 87' lang='lat' dir='ltr'><strong>ltlr</strong></span> <span class='ocrx_word' id='word_1_884' title='bbox 1865 5358 1911 5404; x_wconf 84' lang='lat' dir='ltr'><strong>in</strong></span> <span class='ocrx_word' id='word_1_885' title='bbox 1942 5350 2154 5415; x_wconf 84' lang='lat' dir='ltr'><strong>epistola</strong></span> <span class='ocrx_word' id='word_1_886' title='bbox 2189 5350 2289 5399; x_wconf 81' lang='lat' dir='ltr'><strong>Leo</strong></span> <span class='ocrx_word' id='word_1_887' title='bbox 2316 5352 2374 5397; x_wconf 72' lang='lat' dir='ltr'><strong>ris</strong></span> <span class='ocrx_word' id='word_1_888' title='bbox 2405 5346 2750 5402; x_wconf 67' lang='lat' dir='ltr'><strong>“illll‘itICIlSiS,</strong></span> <span class='ocrx_word' id='word_1_889' title='bbox 2787 5345 3105 5415; x_wconf 66' lang='lat' dir='ltr'><strong>altttrtttttqttc</strong></span> <span class='ocrx_word' id='word_1_890' title='bbox 3132 5348 3259 5415; x_wconf 61' lang='lat' dir='ltr'><strong>t&#39;pi.</strong></span> 
     </span>
    </p>
   </div>
   <div class='ocr_carea' id='block_1_126' title="bbox 1715 5408 3255 5482">
    <p class='ocr_par' dir='ltr' id='par_1_126' title="bbox 1715 5408 3255 5482">
     <span class='ocr_line' id='line_1_126' title="bbox 1715 5408 3255 5482; baseline -0.02 -4"><span class='ocrx_word' id='word_1_891' title='bbox 1715 5408 2051 5482; x_wconf 55' lang='lat' dir='ltr'><strong>senuerunt,</strong></span> <span class='ocrx_word' id='word_1_892' title='bbox 2110 5418 2185 5469; x_wconf 76' lang='lat' dir='ltr'><strong>Ne</strong></span> <span class='ocrx_word' id='word_1_893' title='bbox 2235 5418 2422 5467; x_wconf 69' lang='lat' dir='ltr'><strong>clericis</strong></span> <span class='ocrx_word' id='word_1_894' title='bbox 2475 5421 2695 5479; x_wconf 68' lang='lat' dir='ltr'><strong>expetunt</strong></span> <span class='ocrx_word' id='word_1_895' title='bbox 2742 5408 2998 5459; x_wconf 80' lang='lat' dir='ltr'><strong>sa&#39;cularia</strong></span> <span class='ocrx_word' id='word_1_896' title='bbox 3040 5408 3255 5476; x_wconf 51' lang='lat' dir='ltr'><strong>jnduém.</strong></span> 
     </span>
    </p>
   </div>
   <div class='ocr_carea' id='block_1_127' title="bbox 2915 5496 2979 5551">
    <p class='ocr_par' dir='ltr' id='par_1_127' title="bbox 2915 5496 2979 5551">
     <span class='ocr_line' id='line_1_127' title="bbox 2915 5496 2979 5551; baseline 0.063 -4"><span class='ocrx_word' id='word_1_897' title='bbox 2915 5496 2979 5551; x_wconf 78' lang='grc' dir='ltr'>1ῖ</span> 
     </span>
    </p>
   </div>
  </div>
