3812 6226
656 381 750 435 527

1856 377 2085 432 SIDONII
2124 377 2566 431 APOLLINARIS
3681 387 3761 441 595

655 496 790 548 natis
818 494 961 548 libris
984 508 1200 571 earum,
1239 500 1657 546 converteremus
1682 490 1745 544 ad
1783 491 1970 560 slylum
2003 491 2167 568 bisto-
2197 493 2246 551 Α
2273 508 2484 544 ιιιοοιιιιι
2515 493 2660 558 copia
2709 491 2950 558 impletus
2975 499 3119 554 ante,
3152 507 3287 546 nunc
3316 507 3508 556 rerum,
3537 508 3631 546 non
3658 497 3759 548 reli-

656 589 766 636 τίω.
814 582 1122 636 Reverentia
1171 566 1396 644 summa,
1448 595 1649 633 summo
1690 588 1742 632 et
1769 581 1983 638 affectu,
2018 562 2168 648 119

655 673 808 725 talem
842 679 996 737 atque
1023 679 1210 722 tantam
1241 669 1546 722 sententiam
1578 667 1863 735 amplector
1889 684 1901 718 :
1927 668 2166 719 idoneum

652 759 842 825 quippe
861 758 1156 824 pronuntias
1189 755 1250 808 ad
1275 770 1430 822 opera
1463 755 1680 822 majora,
1710 769 1861 821 quem
1892 755 2167 806 mediocria

655 855 805 913 putas
831 846 1072 898 deserere
1097 843 1306 897 debere.
1336 843 1435 896 Sed
1465 843 1600 910 quod
1633 843 1895 896 fatendum
1923 850 2006 894 est
2027 881 2041 906 ,
2090 840 2166 892 fa-

652 935 803 987 cilius
845 934 1010 986 audeo
1055 931 1348 998 hujusmodi
1395 931 1656 996 suSpicere
1698 929 1966 997 judicium,
2013 944 2165 996 quam

653 1023 914 1088 suscipere
961 1021 1255 1075 consilium.
1322 1019 1423 1071 lies
1465 1019 1671 1086 quidem
1719 1018 1870 1085 digna
1916 1032 2068 1084 quam
2118 1026 2167 1068 ιιι

649 1113 885 1179 juberes:
904 1112 994 1164 sed
1027 1126 1126 1164 non
1155 1111 1323 1162 minus
1348 1110 1499 1174 digna
1523 1125 1673 1176 quam
1702 1109 1916 1162 faceres.
1943 1108 2170 1173 Namque

653 1211 705 1254 et
745 1199 1061 1268 antiquitus,
1111 1215 1229 1252 cum
1272 1198 1331 1250 C.
1364 1196 1633 1250 Cornelius
1661 1199 1721 1250 C.
1745 1199 1981 1251 Secundo
2028 1199 2167 1263 paria

652 1289 918 1350 suasisset,
951 1289 1060 1355 ipse
1100 1287 1427 1356 postmodum
1468 1287 1604 1353 quod
1651 1287 1872 1353 injunxit
1916 1289 2164 1353 arripuit:

653 1377 808 1445 idque
836 1377 902 1428 ab
929 1377 1165 1442 exemplo
1207 1380 1344 1427 nunc
1386 1375 1568 1427 melius
1596 1375 1889 1442 aggrederis
1918 1389 1931 1426 :
1972 1376 2088 1442 qrria
2119 1383 2170 1426 et

651 1480 749 1536 ego
778 1465 941 1518 Plinio
968 1476 1024 1517 ut
1053 1464 1161 1515 disc
1184 1464 1334 1531 prrlus
1375 1477 1588 1530 assurgo
1614 1503 1629 1526 ,
1679 1471 1730 1515 et
1773 1474 1824 1514 tu
1857 1472 2057 1516 vetusto
2082 1479 2170 1531 ge-

651 1569 775 1608 nere
790 1552 1154 1619 narrandijure
1167 1550 1455 1605 Cornelium
1472 1552 1754 1614 antevenis;
1772 1553 1856 1619 qui
1873 1554 2064 1604 smculo
2079 1569 2168 1604 no-

650 1651 759 1697 stro
795 1643 835 1693 si
861 1642 1210 1704 revivisceret,
1235 1650 1385 1706 teque
1411 1640 1575 1706 qualis
1595 1639 1647 1691 in
1674 1641 1856 1694 li:teris
1877 1652 1926 1694 et
1948 1654 2167 1710 quantus

651 1733 873 1784 habeare
897 1731 1335 1798 ,.censpiearetur
1356 1767 1370 1789 ,
1403 1729 1556 1782 modo
1584 1730 1756 1782 verius
1780 1729 1984 1783 Tacitus
2006 1741 2160 1784 esset.

2269 580 2426 646 quisti
2455 595 2548 632 cur
2577 591 2828 634 venenato
2860 595 3034 632 morsu
3058 595 3258 635 secere.
3306 586 3472 650 Atque
3499 583 3610 635 ideo
3647 594 3690 638 te
3722 587 3762 637 in

2269 680 2533 736 posterum
2563 669 2760 721 cort3rrli
2803 668 3029 732 utilitas,
3063 669 3232 723 audiri
3271 671 3534 738 voluptas,
3562 671 3651 737 legi
3689 688 3761 723 au~

2267 756 2479 808 ctoritas
2506 758 2622 809 erit.
2649 756 2788 809 Vale.

2681 848 2826 914 121
2849 845 3168 904 ΕιδιδτοιΑ
3205 845 3386 898 XXIII.

2505 953 2508 957 ·
2589 931 2828 984 Sidonius
2859 941 2882 967 ἰ
2913 932 3128 985 Proculo
3154 949 3246 986 suo
3270 934 3484 985 salutem

2337 1017 2497 1071 Filius
2530 1028 2645 1070 tuus
2668 1061 2681 1085 ,
2716 1021 2819 1070 imo
2845 1020 3164 1084 communis,
3195 1023 3258 1072 ad
3297 1036 3382 1074 me
3408 1022 3654 1083 cucurrit;
3691 1023 3756 1086 qui

2271 1116 2320 1158 te
2361 1108 2541 1160 relicto
2579 1107 2862 1174 deliquisse
2898 1123 2957 1161 se
2996 1120 3207 1170 mmret,
3255 1110 3473 1163 obrutus
3515 1112 3757 1176 prendendi

2271 1197 2470 1262 pudore
2500 1196 2788 1264 transfugii.
2822 1196 2978 1263 Igitur
3007 1201 3183 1251 audito
3214 1201 3378 1267 culpae
3419 1209 3622 1261 tenore,
3659 1215 3756 1252 (ὀι-

2258 1286 2404 1353 ,ripui
2447 1286 2820 1338 latitabundum
2861 1289 3031 1341 verbis
3059 1292 3288 1348 "amaris.
3318 1290 3462 1341 vultu
3491 1291 3688 1350 minaci,
3718 1298 3757 1339 et

2268 1389 2382 1426 mea
2412 1374 2618 1437 quidem
2646 1389 2792 1436 voce,
2824 1375 2914 1427 sed
2945 1377 3054 1428 vice
3081 1378 3421 1442 tiraniignurn
3449 1378 3753 1430 abdicatione.

2266 1475 2450 1524 cruce,
2480 1462 2628 1517 culeo
2653 1463 2882 1514 clamans
2900 1504 2913 1527 ,
2949 1464 3256 1529 rmterisqne
3280 1464 3545 1530 suppliciis
3568 1465 3749 1529 partiri-

2265 1548 2488 1602 dalibus.
2512 1550 2586 1602 Ad
2614 1549 2724 1601 bare
2753 1550 2837 1602 ille
2863 1550 3107 1604 confusus
3134 1552 3372 1614 irrubuit,
3405 1552 3474 1603 nil
3506 1552 3751 1617 impudenti

2266 1639 2599 1689 excusatione
2622 1639 2931 1704 deprecatus
2957 1655 3217 1703 errorem;
3257 1642 3347 1693 sed
3376 1640 3438 1692 ad
3469 1651 3638 1692 crant-ta
3657 1653 3753 1692 con.

2265 1727 2454 1782 vietum
2479 1744 2594 1781 cum
2629 1730 3012 1797 redarguerem,
3031 1732 3358 1784 verecundiae
3383 1731 3550 1798 junsit
3573 1731 3752 1782 comites

653 1820 825 1887 Itaque
851 1828 905 1869 tu
933 1819 1118 1870 molem
1163 1817 1402 1869 thematis
1444 1815 1583 1868 missi
1630 1826 1771 1870 recte
1804 1821 2050 1886 capessis,
2081 1821 2160 1872 cui
2197 1804 2235 1860 Β
2262 1817 2535 1884 lacrymas,
2566 1816 2634 1868 ita
2665 1817 2890 1883 profluas
2930 1819 3078 1870 uberi
3102 1834 3256 1884 mque
3297 1828 3578 1880 manantes,
3609 1825 3658 1868 ut
3689 1832 3753 1866 se-

650 1919 840 1974 przcter
881 1909 1222 1974 eloquentiam
1265 1905 1616 1973 singularem,
1663 1907 1896 1959 scientia:
1947 1909 2164 1973 ingentis

651 2012 834 2063 nxagna
879 1995 1251 2062 Opportunitas.
1281 1995 1523 2060 Quotidie
1551 2010 1771 2062 namque
1800 2011 1890 2063 per
1918 1999 2166 2064 potenti--

647 2085 764 2138 simi
804 2085 1013 2137 COIISiii:I
1060 2085 1231 2150 regis,
1283 2085 1435 2136 totius
1474 2085 1726 2137 sollicitus
1759 2086 1931 2148 orbis,
1974 2089 2165 2153 pariter

647 2173 758 2238 ejus
807 2175 1009 2238 negotia
1055 2181 1106 2222 et
1147 2173 1283 2238 jura,
1313 2170 1506 2224 fmder-a
1551 2187 1602 2224 et
1632 2172 1785 2228 bella.
1814 2173 1947 2235 loca,
1977 2177 2160 2239 spata,

648 2259 827 2311 merita
873 2259 1160 2326 cognoscis.
1216 2258 1360 2311 Unde
1407 2260 1522 2324 quis
1563 2258 1750 2325 justius
1793 2274 1908 2311 sese
1954 2261 2018 2312 ad
2068 2263 2162 2312 ista

647 2349 977 2411 succinxerit,
997 2364 1147 2414 quant
1178 2348 1281 2412 ille,
1312 2363 1461 2418 quem
1486 2357 1687 2400 eonsmt
1712 2350 1936 2412 sentiunt
1970 2361 2159 2416 motus,

649 2437 956 2502 legationum
1001 2439 1306 2497 varietates,
1350 2439 1477 2488 facta
1522 2436 1738 2498 dtrcum,
1773 2447 1916 2503 pacta
1947 2452 2163 2505 regnan-

648 2534 753 2576 tum
779 2563 792 2586 ,
839 2533 943 2576 tota
986 2523 1205 2590 denique
1237 2524 1550 2589 publicarum
1597 2538 1765 2575 rerum
1797 2534 1996 2575 secreta
2026 2525 2162 2575 didi-

647 2613 813 2665 cisse?
866 2613 1053 2680 quique
1095 2615 1354 2680 przcstanti
1416 2614 1610 2678 positus
1658 2614 1708 2664 in
1755 2613 2010 2674 culmine,
2061 2628 2160 2665 non

648 2716 861 2758 necesse
905 2703 1093 2764 habet,
1144 2702 1221 2755 vel
1264 2703 1586 2775 supprimere
1614 2716 1811 2763 verum,
1850 2703 1929 2754 vel
1955 2707 2161 2754 conan-

649 2804 772 2842 nare
800 2789 1156 2843 mendacium?
1193 2789 1259 2841 At
1301 2798 1472 2840 nostra
1518 2789 1668 2855 longe
1709 2790 1936 2842 conditio
1963 2789 2157 2856 dispar,

649 2876 832 2944 quibus
852 2877 1020 2948 dolori
1051 2876 1386 2942 peregrinatio
1427 2890 1584 2938 nova,
1617 2891 1710 2928 nec
1743 2878 1855 2928 usui
1897 2877 2050 2930 lectio
2075 2893 2160 2929 ve-

650 2975 782 3019 tusta
822 2983 832 3016 :
875 2975 979 3018 ιιιιιι
1027 2963 1206 3031 religio
1237 2963 1539 3029 professioni
1568 2973 1665 3026 est,
1706 2965 1968 3017 humilitas
2005 2982 2164 3034 appe-

649 3056 758 3108 litui
786 3095 799 3116 ,
846 3054 1172 3107 mediocritas
1217 3055 1546 3118 obscuritati;
1586 3069 1679 3108 nec
1726 3055 1776 3107 in
1823 3058 2160 3124 praesentibus

2262 1919 2455 1957 curm:
2501 1906 2808 1958 correctioni
2853 1904 3001 1958 fidem
3055 1906 3288 1960 fecerint.
3350 1907 3498 1975 Rogo
3543 1921 3654 1974 ergo
3699 1908 3752 1955 sis

2263 1992 2492 2045 clemens
2521 1993 2571 2044 iu
2610 2005 2667 2044 se
2695 2007 2906 2046 severo:
2930 2004 2981 2047 et
3005 1994 3267 2047 dominum
3297 2009 3540 2061 sequens,
3567 2009 3656 2046 non
3682 1997 3752 2042 Ira-

2263 2081 2386 2133 beas
2411 2092 2458 2133 te
2483 2079 2658 2146 judice
2681 2095 2824 2134 reum
2856 2095 2912 2132 se
2951 2082 3222 2148 profitente
3249 2083 3750 2148 damnabilent:quern

2261 2170 2302 2222 si
2335 2168 2560 2221 inaudita
2585 2183 2770 2236 genera
2805 2165 3069 2232 pinnarum
3107 2170 3288 2238 jubeas
3319 2172 3608 2222 inexoratus
3637 2171 3753 2221 esci~

2265 2272 2409 2323 pere,
2437 2272 2537 2308 non
2570 2267 2734 2323 potest
2763 2257 2980 2323 amplius
3011 2273 3103 2321 rer
3132 2271 3180 2310 te
3207 2257 3410 2320 dolore,
3443 2273 3588 2328 quam
3609 2271 3686 2321 per
3709 2270 3751 2305 se

2263 2346 2458 2408 pudore
2501 2346 2748 2411 tor-queri.
2784 2344 2966 2398 Libera
3000 2355 3137 2399 metu
3174 2345 3581 2413 desperationem
3613 2358 3748 2398 suam.

2263 2435 2422 2487 libera
2466 2435 2829 2508 confidentiam
2873 2450 3070 2497 meam,
3113 2445 3166 2488 et
3202 2437 3410 2502 pi--tatis
3447 2447 3656 2504 paterna:
3680 2451 3748 2483 ne-

2262 2525 2536 2586 cessitate,
2580 2524 2622 2574 si
2664 2525 2795 2578 bene.
2833 2525 3166 2589 interpretor,
3217 2535 3265 2578 te
3304 2541 3510 2592 quoque
3537 2525 3742 2578 absolve.

2260 2611 2346 2678 qui
2385 2610 2653 2664 conficeris
2695 2611 2927 2672 occulto,
2975 2627 3042 2675 qu
3067 2612 3109 2664 id
3155 2612 3286 2664 filius
3326 2613 3530 2678 publico
3565 2624 3748 2664 mmora

2261 2698 2561 2750 conficitur:
2584 2698 2665 2750 cui
2694 2697 2876 2751 fecisse
2905 2714 2987 2750 me
3017 2709 3220 2753 constat
3254 2700 3527 2768 plurimum
3554 2701 3746 2764 injuria;

2262 2788 2303 2837 si
2333 2793 2384 2837 tu
2417 2795 2585 2838 tamen
2616 2788 2698 2839 vel
2737 2803 2915 2852 parum
2949 2788 3131 2841 feceris
3165 2807 3178 2840 :
3208 2805 3361 2856 quam
3391 2802 3529 2843 certe
3553 2802 3598 2841 ut
3626 2805 3745 2856 spero

2263 2889 2362 2926 non
2391 2875 2566 2938 facies,
2605 2876 2703 2928 nisi
2730 2878 2953 2940 scopulis
2981 2877 3162 2930 durior
3188 2879 3365 2944 duras,
3397 2890 3486 2932 aut
3512 2882 3746 2931 adamanti-

2261 2963 2354 3014 bus
2400 2963 2612 3030 rigidior
2653 2977 2958 3029 perseveras
3021 2965 3406 3017 insecabilibus.
3459 2967 3587 3032 Ergo
3627 2965 3664 3016 si
3700 2967 3747 3014 de

2261 3052 2491 3104 moribus
2524 3053 2624 3103 tuis
2645 3053 2810 3116 deque
2836 3054 3077 3105 amicitiis
3102 3062 3240 3116 juste
3266 3055 3481 3106 meliora
3506 3069 3744 3123 praesumo,

650 3146 720 3198 rei
751 3155 964 3205 tantum,
1000 3155 1243 3210 quantum
1289 3144 1336 3195 in
1367 3143 1550 3196 futuris
1595 3145 1704 3211 spei
1730 3147 1971 3198 locatum.
2010 3149 2158 3216 120
2185 3127 2229 3185 (ἶ
2260 3150 2502 3193 excusato
2535 3143 2782 3206 pr0pitius
2813 3142 3022 3209 indulge
3047 3158 3229 3208 :quem
3265 3146 3415 3212 122
3448 3141 3746 3196 reconcilians

649 3234 909 3287 Postremo
954 3232 1166 3300 languor
1223 3231 1613 3298 impedimento;
1665 3233 1874 3299 jamque
1914 3234 1993 3287 vel
2041 3249 2158 3288 ser-0

648 3329 854 3389 propter
899 3319 1036 3370 hunc
1083 3319 1490 3386 ipsurndesidia
1532 3321 1674 3375 covdi
1720 3337 1966 3389 ιιιτμιτενιι.
2007 3324 2158 3376 Certe

641 3412 744 3475 jam
775 3422 926 3473 super
952 3406 1131 3458 studiis
1161 3407 1297 3459 nulla
1333 3408 1444 3461 laus
1471 3425 1629 3473 cum,
1659 3411 1750 3466 sed
1794 3425 1858 3462 ne
1886 3409 2155 3475 postbuma

641 3496 878 3562 quidem:
902 3497 1152 3562 prteipue
1196 3495 1411 3562 gloriam
1443 3497 1591 3549 nobis
1622 3511 1826 3564 parvam
1853 3499 1916 3549 ab
1947 3499 2154 3550 historia

644 3592 817 3646 petere
863 3583 1022 3634 fixum
1057 3599 1073 3644 ;
1130 3583 1244 3648 quia
1295 3599 1385 3649 per
1429 3583 1662 3635 homines
1703 3585 1957 3636 clericalis
1999 3585 2084 3634 offi
2122 3584 2154 3635 ii

646 3672 916 3727 temerarie
942 3683 1115 3726 nostra
1138 3707 1153 3732 ,
1181 3671 1434 3735 jactanter
1459 3670 1621 3721 aliena
1640 3710 1654 3732 ,
1705 3672 1957 3733 praeterita
1988 3671 2154 3725 infru-

640 3769 821 3811 ctuose
847 3802 860 3820 ,
906 3758 1177 3825 prmsernia
1221 3757 1506 3822 semiplene
1531 3795 1544 3817 ,
1574 3758 1790 3820 turpiter
1818 3758 1947 3809 falsa
1970 3797 1982 3818 ,
2021 3760 2157 3824 peri-

641 3849 815 3899 culose
856 3860 974 3897 vera
1015 3846 1270 3896 dirurrtur.
1313 3844 1401 3895 Est
1445 3845 1581 3895 enim
1628 3844 1916 3910 hnjusmodi
1960 3845 2149 3907 thema,

644 3939 717 3986 vel
767 3947 934 4000 opus,
985 3933 1032 3984 in
1079 3947 1179 3998 quo
1225 3934 1472 3983 bonorum
1515 3932 1558 3984 si
1602 3931 1680 3984 fac
1701 3947 1756 3984 as
1798 3934 2148 3997 mentionem,

643 4022 838 4074 modica
879 4019 1037 4088 gratia
1084 4027 1318 4084 paratur;
1355 4021 1396 4069 si
1437 4017 1761 4081 notabilium,
1806 4022 2027 4071 maxima
2068 4023 2149 4071 of-

664 4123 802 4162 ensa.
852 4109 938 4160 Sic
979 4122 1034 4159 se
1077 4107 1163 4158 ille
1205 4107 1436 4172 protinus
1462 4108 1565 4158 dict
1589 4109 1673 4158 oni
1703 4109 1880 4167 color.
1920 4111 2150 4174 odorque

652 4199 890 4265 ratyricus
925 4197 1192 4248 admiscet.
1226 4196 1364 4246 Ilicet
1403 4197 1613 4261 scriptio
1663 4197 1905 4250 historica
1950 4201 2147 4252 videtur

641 4285 822 4337 ordine
850 4299 874 4334 a
914 4293 1088 4336 nostro
1119 4283 1334 4334 multum
1363 4283 1670 4347 abhorrere,
1701 4285 1844 4348 cujus
1890 4285 2147 4339 inchoatio

645 4373 850 4432 invidia,
887 4372 1203 4424 continuatio
1234 4372 1396 4431 labor,
1427 4372 1539 4420 finis
1564 4380 1640 4420 est
1665 4370 1858 4421 odium.
1892 4373 1992 4423 Sed
2026 4383 2146 4427 tunc

647 4464 740 4511 ista
770 4461 1105 4524 proveniunt,
1153 4461 1355 4511 clericis
1384 4460 1424 4509 si
1455 4460 1642 4523 aliquid
1674 4461 1895 4510 dictetur
1922 4466 2143 4513 auctori-
2178 4439 2223 4495 D

651 4550 739 4599 bus
765 4589 777 4611 ,
827 4548 911 4611 qui
959 4548 1239 4598 colubrinis
1266 4548 1632 4597 oblatratorum
1664 4547 1944 4599 molaribus
1974 4550 2076 4606 fixi,
2104 4553 2145 4601 si

648 4635 764 4699 qttid
809 4633 1105 4699 simpliciter
1152 4637 1397 4695 edamus,
1451 4634 1642 4696 insani;
1695 4637 1735 4684 si
1781 4636 1897 4700 quid
1935 4647 2142 4696 exacte,

652 4735 894 4773 vocamur
920 4721 1309 4783 pnesumptiosi.
1342 4723 1404 4771 At
1440 4722 1481 4771 si
1515 4732 1565 4771 ιιι
1597 4723 1732 4786 ipse,
1762 4725 1839 4775 cui
1870 4725 2041 4776 datunt
2074 4737 2150 4777 est

645 4809 859 4862 saltibus
881 4807 976 4870 gl0r
994 4806 1052 4854 ize
1078 4817 1334 4869 proterere
1359 4822 1506 4870 posse
1525 4812 1748 4861 cer-vices
1769 4815 2145 4876 vituperonum,

644 4911 732 4948 seu
759 4907 1146 4958 supercurrere,
1179 4895 1398 4943 materie.
1437 4896 1580 4946 istius
1618 4898 1779 4948 libens
1819 4903 2131 4964 provinciam

647 4983 888 5034 sortiare:
916 4996 1064 5032 nemo
1095 4991 1142 5030 te
1169 4981 1355 5030 celsius
1384 4983 1666 5045 scripserit,
1696 5000 1844 5036 nemo
1867 4991 2142 5056 antiquius,

644 5075 792 5124 “in”.
826 5074 864 5123 si
908 5072 1100 5135 placeat
1127 5072 1348 5120 recentia
1380 5071 1547 5133 tequi;
1589 5075 1995 5140 quandoquidem
2031 5097 2143 5133 ser-

715 5217 732 5243 ι
758 5206 994 5270 Ejusdem
1033 5211 1109 5253 est
1148 5201 1426 5262 argumenti
1466 5215 1594 5270 turn
1625 5201 1834 5270 epistola
1881 5204 2024 5258 Plinii
2055 5209 2139 5270 9.2,

646 5277 728 5325 l.b.
773 5269 855 5330 Ill,
894 5275 985 5321 nisi
1029 5271 1160 5325 quod
1205 5271 1395 5317 Minius
1440 5283 1529 5331 pro
1588 5269 1770 5318 liberto
1811 5269 2140 5328 Sabinianum

646 5352 932 5406 patronum,
963 5340 1199 5389 Sidonius
1231 5351 1322 5399 pro
1353 5336 1456 5406 lilio
1487 5343 1674 5406 patrem
1703 5349 1898 5385 exorat.

712 5408 732 5442 δ
761 5408 830 5456 Ex
861 5422 1034 5455 eorum
1067 5418 1270 5469 ger-ere,
1295 5403 1496 5466 opinor,
1522 5403 1602 5465 qui
1635 5406 1794 5451 sacris
1823 5413 1908 5453 aut
1938 5408 2142 5467 privatis

645 5474 992 5534 largitionibus
1020 5473 1322 5527 militabant,
1351 5480 1400 5518 et
1433 5470 1477 5518 in
1515 5469 1797 5531 provincias
1825 5485 1849 5519 a
1878 5475 2144 5525 comitibus

646 5540 786 5600 dirigi
815 5540 1077 5594 solebant,
1121 5539 1153 5588 Ι.
1189 5539 1205 5587 l
1242 5538 1355 5586 eod.
1387 5536 1581 5586 Tlieod.
1627 5537 1687 5584 de
1722 5538 1955 5590 r-al.:tinis
1983 5555 2142 5592 saera-

647 5618 753 5653 ιιιιιι
785 5606 1096 5663 largitzununr
1127 5617 1170 5655 et
1207 5619 1374 5654 rerum
1405 5606 1731 5667 priiatarunt.

2258 3230 2367 3282 fore
2399 3230 2598 3282 fidelem
2629 3241 2927 3284 constanter
2966 3232 3017 3284 in
3059 3242 3319 3296 posterum
3358 3235 3612 3299 spondeo;
3646 3247 3746 3299 quo-

2256 3334 2356 3387 que
2381 3321 2632 3373 velociter
2657 3323 2804 3387 οιιιῃι
2836 3323 3036 3384 soluto,
3069 3337 3164 3390 ego
3199 3324 3458 3376 beneficio
3487 3325 3745 3391 ligor:

2252 3422 2479 3476 gnopere
2503 3410 2816 3476 deposcens.
2846 3428 2945 3463 nou
2985 3421 3038 3464 ut
3065 3413 3299 3479 ignoscas
3321 3414 3498 3485 modo,
3529 3426 3683 3462 verum
3707 3417 3743 3456 ut

2254 3507 2306 3549 et
2335 3500 2568 3562 protinus
2588 3538 2602 3558 ,
2647 3509 2700 3550 et
2729 3509 3074 3552 revertentem
3119 3515 3222 3553 non
3259 3501 3417 3552 domo
3450 3501 3612 3552 solum
3633 3537 3644 3559 ,
3675 3496 3743 3549 sed

2253 3593 2305 3636 et
2335 3597 2541 3649 pectore
2570 3586 2829 3636 admittas.
2863 3589 3000 3638 Deus
3027 3587 3242 3653 magnei
3281 3602 3438 3653 quam
3471 3587 3616 3638 iratus
3640 3585 3743 3636 orie-

2256 3680 2338 3722 tur
2364 3670 2451 3721 tibi
2475 3672 2504 3721 d
2529 3687 2603 3732 es,
2631 3674 2750 3723 tuibi
2785 3676 3019 3735 nuntius,
3051 3674 3254 3727 animus
3284 3675 3378 3738 illi,
3411 3689 3526 3728 eum
3557 3673 3743 3741 paterni!

2253 3757 2470 3823 pedibus
2497 3759 2689 3810 affusus
2715 3799 2730 3823 ,
2774 3747 2834 3811 es
2882 3762 2969 3812 illo
2997 3775 3088 3814 ore
3119 3763 3242 3813 lzcso
3261 3802 3276 3825 ,
3305 3777 3397 3815 ore
3426 3763 3628 3817 terribili
3650 3776 3742 3815 corr

2253 3845 2437 3896 vicium
2468 3857 2795 3913 exspectans,
2828 3850 3057 3900 trsculutn
3084 3850 3370 3915 exceperit.
3406 3850 3549 3902 Vale.
3776 3849 3777 3857 “

2740 3992 3062 4046 ΕΡιδτοιΑ
3102 3993 3283 4046 XXIV.

2611 4099 2849 4153 Sidonius
2880 4101 3045 4154 Turno
3071 4118 3163 4154 suo
3185 4105 3416 4156 salutem.

2316 4207 2454 4258 Bene
2480 4209 2672 4261 nomini
2694 4248 2708 4271 ,
2741 4211 2870 4263 bene
2912 4213 3115 4279 negetio
3143 4225 3229 4264 tuo
3256 4215 3501 4280 congruit
3527 4211 3738 4267 Ilanttnni

2247 4292 2372 4344 illud
2392 4307 2422 4344 ι

2363 4381 2542 4446 'l'urne,
2561 4383 2688 4446 quod
2703 4386 2876 4446 optanti
2901 4386 3054 4432 r'ivum
3075 4390 3354 4446 promittere
3374 4403 3520 4438 nemo

2365 4442 2596 4496 Auderet,
2623 4442 2844 4489 volvenda
2866 4445 2968 4490 dies
2991 4458 3050 4491 eu
3071 4442 3226 4493 attulit
3251 4449 3296 4492 ul
3321 4461 3393 4496 ro.

3694 4289 3767 4787 4

3661 4835 3736 4878 an!

3661 4923 3734 4970 ulla

3661 4787 3759 5178 Α

3583 5225 3704 5292 iuguli

3583 5311 3624 5347 ιιι
3659 5307 3706 5342 ιιι

3599 5361 3640 5414 in

3583 5439 3678 5484 lceat

3589 5495 3682 5550 mod
3698 5553 3702 5560 _

3583 5587 3586 5611 Ι

3583 5633 3660 5684 Lion

2252 4547 2525 4608 I’ecoriiam
2575 4566 2719 4623 pater
2765 4568 2879 4610 tuus
2908 4561 3097 4624 Turpio
3120 4601 3132 4625 ,
3164 4566 3241 4614 vir
3283 4566 3610 4629 tribunitius,
3647 4578 3736 4615 mlt-

2253 4632 2386 4693 tuain
2420 4645 2612 4708 pridem
2638 4686 2651 4705 ,
2696 4647 2738 4697 si
2786 4648 3071 4700 recordaris
3097 4689 3110 4709 ,
3160 4649 3186 4686 δ
3226 4666 3254 4701 a
3284 4651 3515 4706 Maximo
3547 4651 3736 4705 Palatina

2253 4731 2565 4794 postulavit,
2619 4733 3031 4799 impetravitque;
3074 4738 3145 4789 nil
3175 4738 3388 4802 quidem
3425 4743 3538 4793 loro
3575 4740 3694 4790 Muci

2251 4823 2615 4890 pignorisque,
2661 4826 2738 4876 vel
2779 4828 2972 4892 argenti
3003 4838 3336 4893 sequestrans
3360 4871 3376 4895 ,
3427 4833 3507 4885 vel
3546 4829 3736 4895 ιωιρηι

2251 4912 2554 4978 praediorum
2580 4931 2590 4963 :
2612 4913 2726 4969 sed.
2749 4926 2796 4965 ut
2832 4914 3174 4983 chirographo
3203 4919 3338 4971 farto
3368 4919 3734 4980 docetur,carrta

2247 5002 2522 5052 centesima
2552 5009 2630 5053 est
2653 5002 2924 5054 feneratori
2967 5020 2978 5053 :
3020 5019 3131 5054 uua:
3163 5019 3252 5054 Der
3283 5009 3328 5054 bi

2321 5216 2542 5292 °_Usura
2584 5221 2880 5292 rentesima
2937 5220 3206 5292 duodecim
3269 5239 3518 5281 nummos
3557 5225 3704 5292 singuli

2247 5287 2394 5361 annis
2425 5287 2618 5361 peragit
2647 5287 2694 5361 in
2723 5298 2984 5361 Ct'_lilelltl$.
3031 5289 3240 5346 Fuerint
3270 5308 3404 5361 ergo
3433 5287 3706 5349 centum-III

2249 5352 2321 5400 rei
2353 5351 2599 5422 'frrrriioni
2646 5354 2740 5406 bac
2777 5358 2885 5422 lege
2923 5360 3026 5409 dati
3055 5372 3082 5409 a
3115 5351 3389 5415 Maximo“:
3429 5377 3576 5417 usura
3599 5361 3640 5414 in
