3812 6226
662 162 762 215 583

1876 161 2111 217 διυῡλιι
2148 161 2582 216 Αροιωκλιιιδ

3687 173 3795 250 Sili,

661 274 799 323 naris
831 281 882 322 ut
908 266 989 338 qui
1035 270 1410 333 efﬁcacissime,
1443 273 1606 336 pascis
1636 280 1687 324 ut
1710 271 1797 338 qui
1825 273 2174 337 exactissime,
2203 277 2254 333 Λ
2277 274 2531 337 evolutus,
2547 274 2657 340 jam
2693 284 2831 326 metu
2860 276 3205 342 exsanguibus
3233 276 3546 331 Gabaiitanls
3568 292 3598 331 e
3625 282 3762 342 proxi-
3794 285 3795 324 ὲ

658 365 842 427 joi-aris
884 375 934 414 ut
962 364 1046 430 qui
1076 363 1384 415 facetissime
1406 402 1418 424 ,
1445 363 1646 428 judicas
1679 370 1735 414 nt
1757 363 1844 428 qui
1865 363 2173 430 aequissime,

659 453 842 501 suades
884 459 937 500 ut
979 449 1061 514 qui
1089 447 1438 501 sincerissime
1459 490 1473 512 ,
1499 450 1842 501 commoveris
1871 459 1925 502 ut
1952 451 2036 516 qui
2068 459 2173 502 tar-

657 538 886 595 dissime,
918 537 1139 600 placaris
1176 535 1320 604 142
1352 545 1407 586 ιιι
1430 536 1514 600 qui
1539 535 1831 598 celerrime,
1864 536 2099 588 redamas
2122 546 2177 589 ut

655 628 739 692 qui
763 625 1075 676 ﬁdelissime.
1100 623 1220 675 Hec
1243 623 1410 676 omnia
1435 623 1668 687 exempla
1696 622 1900 675 vivendi
1921 622 2024 690 jam
2057 625 2175 676 hinc

654 716 720 765 ab
760 713 908 765 annis
950 711 1227 777 puberibus
1275 725 1421 763 meus
1463 709 1778 776 Apollinaris
1824 711 1867 763 si
1920 713 2172 778 sequitur,

653 803 850 866 gaudeo
883 812 1058 853 :cerle
1083 840 1097 862 ,
1139 808 1194 852 ut
1235 809 1507 867 sequatUr,
1535 801 1808 852 admoneo.
1860 801 1912 852 In
1954 816 2056 868 quo
2082 802 2176 853 do-

651 890 814 942 cendo
846 887 1279 954 instituendoque,
1319 887 1472 960 modo
1518 887 1613 939 sub
1643 902 1740 954 ope
1769 887 1955 941 Christi
2005 890 2175 956 dispo-

652 980 748 1030 sita
771 978 1070 1037 succedant,
1099 975 1371 1041 plurimum
1398 974 1544 1026 laetor
1572 977 1843 1028 maximam
1873 990 1955 1028 me
1982 979 2176 1030 formu-

653 1067 755 1117 lam
777 1065 893 1116 vita:
919 1064 982 1115 de
1012 1060 1240 1114 moribus
1271 1061 1368 1111 tuis
1399 1069 1771 1116 mutuaturum.
1801 1062 1946 1117 Vale.

1181 1149 1497 1202 EPISTULA
1534 1151 1642 1203 ΧΙΙ.

959 1239 1196 1291 Sidonius
1234 1239 1473 1291 Calminio
1503 1257 1589 1291 suo
1626 1241 1859 1296 salutent.

721 1329 863 1394 Quod
888 1330 1052 1381 rarius
1080 1331 1139 1381 ad
1172 1344 1261 1380 vos
1283 1345 1310 1381 a
1354 1331 1498 1382 nobis
1529 1331 1706 1398 pagina
1748 1341 1912 1394 meat,
1953 1347 2053 1385 non
2081 1348 2174 1386 no-

634 1429 754 1470 stra
797 1419 1032 1483 superbia
1059 1456 1072 1480 ,
1121 1417 1210 1469 Sl'd
1250 1418 1417 1470 aliena
1468 1418 1768 1484 impotentia
1809 1420 1948 1473 facit.
1997 1421 2174 1487 Neque

650 1522 805 1572 super
846 1506 924 1557 bis
971 1507 1244 1572 quidquam
1292 1506 1492 1571 planius
1538 1515 1775 1573 quaeras;
1817 1509 2006 1574 quippe
2055 1524 2171 1562 cum

2275 374 2360 414 ιιιο
2409 362 2669 415 infertur:
2708 375 2838 429 quos
2880 364 3108 429 singulos
3151 379 3394 432 sparsos,
3451 367 3760 434 ἱυρρρὶάιιιαι,

2277 462 2410 500 nunc
2439 449 2680 501 inauditis
2700 450 3031 502 indictionum
3059 453 3333 519 generibus
3359 455 3625 512 exhaurit.
3656 472 3773 512 nunc.

2274 531 2506 587 ﬂexuosa
2547 537 2914 599 calumniarum
2963 538 3140 590 fraude
3185 539 3542 602 circumretit;
3573 551 3635 588 ne
3679 555 3758 592 tum

2274 624 2476 686 quidem
2523 624 2728 674 domum
2759 610 3056 677 laboriosos
3082 625 3253 679 redire
3293 626 3632 690 permittens,
3658 646 3751 680 cum

2276 710 2524 762 tributum
2568 727 2794 763 annuum
2821 712 3082 767 datavere.
3132 714 3345 779 Signum
3376 726 3428 770 et
3457 714 3558 769 hoc
3595 726 3757 769 eertum

2274 805 2356 849 est
2391 799 2704 849 imminentis
2743 799 3020 856 adventus.
3067 803 3202 865 quod
3250 811 3567 862 catervatzm,
3610 818 3698 868 quo
3716 817 3758 853 se

2272 902 2474 953 cunque
2507 887 2853 949 converterit,
2906 890 3060 941 vincti
3109 891 3384 942 trahuntur
3442 892 3641 943 vincula
3681 900 3758 940 ira.

2273 975 2458 1028 bentes
2507 992 2519 1028 :
2560 991 2778 1044 quorum
2821 976 3000 1029 dolore
3050 978 3284 1041 hetatnr,
3341 979 3569 1045 pascitur
3613 978 3756 1030 fame:

2275 1065 2530 1131 prmeipue
2585 1065 2848 1130 pulchrum
2887 1066 3164 1119 arbitratus
3190 1105 3202 1127 ,
3244 1077 3366 1120 ante
3402 1078 3607 1134 turpare
3635 1081 3756 1131 quam

2275 1155 2456 1220 punire
2491 1154 2808 1207 damnandos
2832 1173 2843 1206 ε
2869 1154 3064 1208 crinem
3112 1157 3236 1208 viris
3278 1158 3458 1213 nutrit.
3493 1157 3757 1209 mulieribus

2274 1243 2444 1295 incidit
2478 1261 2492 1296 :
2521 1260 2549 1297 e
2577 1245 2759 1308 quibus
2790 1254 2957 1296 tamen
2976 1284 2989 1304 ,
3016 1247 3058 1296 si
3091 1260 3201 1297 rara
3224 1248 3472 1312 quosdam
3519 1248 3654 1297 venia
3693 1263 3755 1297 re-

2271 1331 2526 1395 spexerit,
2577 1330 2670 1383 hos
2717 1331 2961 1383 venalitas
3006 1331 3178 1393 solvit,
3212 1331 3360 1400 144
3397 1335 3596 1385 vanitas
3638 1334 3754 1390 illos.

2273 1423 2441 1475 nullds
2463 1424 2834 1498 misericordia.
2866 1424 2966 1477 Sed
2992 1423 3310 1489 evplicandce
3343 1425 3522 1477 bestia:
3565 1425 3643 1476 ιιιί
3684 1439 3756 1474 nec

2274 1522 2533 1564 oratorum
2572 1515 2827 1579 .princeps
2878 1513 3075 1564 Marcus
3121 1515 3341 1578 Arpinas
3380 1552 3395 1575 ,
3465 1527 3560 1564 nec
3608 1524 3753 1579 poeta-

649 1596 839 1648 silentii
881 1595 1031 1660 hujus
1078 1595 1438 1646 necessitatem
1481 1609 1574 1659 par
1598 1593 1731 1658 apud
1759 1609 1864 1646 vosv
1894 1605 2060 1648 metus
2096 1598 2172 1650 iu-
2203 1601 2246 1658 Β
2277 1615 2384 1651 rum
2418 1600 2624 1652 Publius
2653 1601 2987 1662 Mantuanus,
3028 1600 3266 1654 sufficere
3296 1611 3528 1673 possunt,
3569 1601 3755 1654 Proinde

651 1675 977 1752 terpretetur.
1029 1685 1138 1737 Hoc
1182 1685 1348 1735 solum
1398 1693 1570 1734 tamen
1617 1682 1778 1736 libere
1814 1698 1996 1751 gemo,
2037 1687 2170 1753 quod

650 1767 852 1831 turbine
904 1777 1264 1831 dissidentium
1301 1780 1519 1844 partium
1549 1791 1790 1844 segreges
1818 1777 1964 1837 facti,
1996 1787 2171 1830 mutuo

649 1866 856 1917 minime
884 1865 1100 1917 fruimur
1136 1874 1364 1930 aspectu.
1399 1863 1577 1930 Neque
1614 1879 1837 1930 unquam
1865 1865 2040 1930 patria:
2066 1865 2172 1918 sol-

651 1955 803 2004 licitis
831 1951 1033 2003 offerris
1063 1952 1360 2013 obtutibus;
1394 1951 1488 2002 nisi
1529 1951 1738 2003 forsitan
1785 1965 1900 2003 cum
1945 1952 2006 2003 ad
2036 1952 2200 2006 arbi-'

650 2042 803 2094 trium
851 2041 1062 2092 terroris
1106 2041 1258 2093 alieni
1281 2079 1295 2103 ,
1329 2054 1420 2093 vos
1448 2039 1637 2102 loricze,
1669 2055 1763 2093 nos
1793 2043 2169 2108 propugnacula

651 2139 850 2195 legunt.
888 2129 980 2182 Ubi
1005 2129 1111 2195 ipse
1136 2128 1188 2180 in
1217 2129 1312 2180 hoc
1341 2129 1506 2180 solum
1535 2131 1765 2195 captivus
1794 2130 2086 2192 adduceris,
2117 2142 2172 2183 ut

649 2218 922 2282 pharetras
959 2216 1155 2283 sagittis
1186 2231 1434 2279 vacuare,
1476 2216 1714 2282 lacrymis
1758 2218 2171 2282 oculosimplere

645 2307 878 2373 cogaris;
911 2304 1059 2357 nobis
1105 2319 1308 2368 quoque
1357 2318 1456 2354 non
1504 2305 1891 2368 recusantibus,
1921 2307 2057 2371 quod
2086 2316 2168 2360 tua

646 2394 771 2444 satis
820 2391 962 2444 aliud
1005 2392 1284 2442 moliuntur
1312 2401 1425 2442 vi-ta
1451 2433 1464 2453 ,
1511 2406 1664 2457 quam
1698 2391 1887 2457 jacula.
1919 2393 2021 2445 Sed
2051 2395 2169 2461 quia

646 2481 902 2534 interdum
922 2517 936 2542 ,
968 2480 1089 2531 etsi
1121 2494 1220 2530 non
1252 2495 1342 2544 per
1375 2479 1625 2531 foederum
1655 2482 1956 2544 Veritatem,
1990 2484 2169 2536 saltem

644 2586 739 2640 per
778 2571 1101 2624 induciarum
1148 2569 1417 2637 imaginem
1445 2608 1458 2631 ,
1488 2569 1721 2636 quzedam
1760 2573 1868 2634 Spei
1897 2581 2086 2640 nostra:
2113 2573 2171 2624 li-

645 2659 855 2716 bertatis
879 2660 1104 2712 fenestra
1124 2658 1457 2726 resplendet:
1484 2658 1714 2725 impense
1735 2659 1927 2725 ﬂagito,
1957 2661 2027 2712 uti
2053 2643 2172 2722 nos?

644 2764 760 2802 cum
802 2749 1023 2802 maxime
1051 2759 1221 2815 potes,
1261 2747 1414 2799 aifatu
1445 2746 1645 2814 paginae
1671 2745 1952 2814 frequentis
1981 2747 2171 2814 imper-

645 2839 775 2900 tias;
804 2838 972 2888 sciens
1004 2836 1090 2888 tibi
1127 2837 1177 2888 in
1219 2836 1402 2887 animis
1437 2833 1584 2903 143
1613 2834 1947 2888 obsessorum
1975 2834 2162 2887 civium

2274 1686 2388 1751 quia
2419 1685 2605 1739 dicitur
2637 1687 2745 1739 haec
2776 1689 2882 1751 ipsa
2905 1688 3160 1755 pernicies
3183 1691 3597 1754 appropinquare
3621 1688 3757 1755 (cuius
3794 1741 3795 1744 η

2273 1774 2650 1839 proditionibus
2695 1774 2832 1827 Deus
2873 1775 3069 1845 obviet)
3099 1777 3326 1844 prtrveni
3353 1779 3588 1829 morbum
3617 1777 3758 1841 provi-

2271 1863 2457 1914 deutize
2503 1863 2805 1916 salubritate
2830 1880 2844 1928 ;
2867 1875 3151 1931 contraque
3197 1866 3311 1919 lites
3337 1868 3700 1933 jurgit-sorum.
3725 1867 3756 1913 si

2267 1963 2384 2016 qua:
2414 1959 2707 2014 moventur,
2729 1951 3051 2018 pactionibus
3070 1953 3312 2013 consule,
3343 1961 3366 1989 θ
3406 1962 3582 2004 contra
3605 1953 3758 2002 tributa

2268 2038 2628 2090 securitatibus
2661 2055 2675 2090 :
2706 2053 2772 2092 ne
2817 2040 2984 2091 malus
3033 2040 3186 2091 homo
3234 2039 3388 2091 rebus
3433 2040 3757 2092 bonorumrel

2268 2127 2404 2192 quod
2433 2135 2644 2185 noceat,
2672 2127 2752 2177 vel
2797 2127 2931 2192 quod
2976 2137 3186 2190 priestet
3227 2127 3476 2178 inveniat.
3517 2127 3566 2178 ln
3592 2141 3758 2178 summa

2269 2214 2332 2283 de
2360 2214 2611 2266 Seronato
2634 2214 2709 2266 vis
2739 2215 2972 2280 accipere
2987 2217 3105 2281 quid
3131 2215 3384 2267 sentiam?
3415 2215 3603 2268 Caneri
3631 2215 3758 2280 afﬂigi

2270 2322 2360 2373 per
2382 2306 2790 2379 suprascriptum
2821 2307 3008 2358 damno
3039 2317 3307 2370 verentur;
3350 2307 3475 2359 mihi
3495 2291 3701 2358 latronis
3721 2313 3760 2356 et

2271 2395 2517 2449 beneficia
2543 2406 2778 2460 suspecta
2809 2405 2945 2447 sunt.
2981 2397 3118 2447 Vale.

2803 2484 3118 2536 EPISTOLA
3149 2482 3282 2534 XlV.

2647 2573 2881 2626 Sidonius
2912 2576 3047 2639 Apro
3071 2591 3160 2625 ano
3190 2577 3414 2624 salutem.

2335 2658 2360 2694 ά
2390 2657 2633 2713 Calenses
2677 2675 2813 2719 nunc
2854 2670 2902 2712 te
2932 2661 3064 2711 Βαίας
3088 2699 3101 2721 ,
3147 2672 3198 2711 et
3242 2661 3444 2712 scabris
3485 2659 3760 2711 cavernatim

2269 2755 2463 2800 ructata
2496 2746 2782 2813 pumicibus
2811 2761 2938 2813 aqua
2970 2747 3260 2820 sulphuris,
3289 2757 3443 2813 atque
3464 2745 3698 2813 iecorosis
3720 2759 3763 2795 ac
3794 2789 3795 2792 η

2271 2835 2693 2901 plitisiscentibus
2715 2834 2965 2902 languidis
2986 2834 3305 2886 medicabilis
3338 2835 3534 2902 piscina
3556 2835 3760 2888 delectat.

646 2927 782 2978 illam
833 2941 1039 2978 manere
1068 2926 1311 2994 gratiam,
1342 2940 1453 2993 qum
1498 2925 1833 2979 obliviscatur
1862 2926 2164 2979 obsidentis
2189 2922 2232 2983 C
2265 2930 2341 2980 An
2383 2927 2600 2980 fortasse
2643 2938 2883 2978 montana
2927 2928 3077 2980 sedes
3115 2929 3309 2979 circum
3353 2928 3604 2988 castella;
3643 2936 3690 2978 et
3728 2926 3762 2974 in
3794 2997 3795 3002 γ

646 3015 912 3069 invidiam.
942 3015 1085 3069 Vale.

1135 3104 1444 3156 EPISTULA
1488 3104 1622 3158 Xlll.

923 3194 1157 3245 Sidonius
1176 3205 1198 3229 ³
1225 3195 1514 3262 Pannychio
1549 3211 1639 3246 suo
1661 3195 1887 3247 salutem.

713 3281 739 3318 δ
761 3282 1068 3333 Seronatum
1100 3283 1288 3332 Tolosa
1338 3285 1472 3334 nosti
1505 3283 1675 3334 redire
1712 3301 1722 3333 :
1763 3284 1804 3335 si
1835 3282 2058 3334 nondum
2091 3284 2166 3348 (et

644 3368 801 3421 credo
829 3368 963 3434 quod
995 3367 1263 3432 nondum),
1299 3370 1373 3418 \el
1407 3384 1511 3439 [per
1541 3374 1648 3420 lure
1672 3369 1835 3423 disce.
1873 3369 1984 3422 Jam
2012 3367 2167 3422 Clan-

647 3460 863 3511 sentiam
893 3458 1054 3525 pergit
1079 3457 1361 3510 Evantliius
1386 3474 1398 3521 ;
1425 3458 1634 3525 jamque
1668 3469 1960 3512 contractas
1983 3475 2165 3527 operas

645 3548 775 3613 cogit
808 3546 1102 3605 cruderare,
1127 3545 1168 3597 si
1199 3545 1318 3608 quid
1349 3545 1478 3599 forte
1506 3547 1716 3612 dejectu.
1732 3547 1941 3600 caduca:
1973 3549 2166 3602 frondis

644 3649 798 3702 agger
828 3634 1097 3686 insorduit.
1130 3631 1281 3685 Certe
1319 3633 1360 3687 si
1390 3633 1510 3700 quid
1541 3635 1902 3701 voraginosum
1932 3647 2031 3697 εει,
2058 3637 2166 3701 ipse

647 3723 801 3772 Immo
829 3721 1046 3773 advecta
1075 3721 1344 3773 scrobibus
1384 3721 1605 3788 oppletis
1637 3722 1868 3788 trepidus
1907 3734 2164 3788 exmquat,

647 3820 836 3876 utpote
859 3809 1078 3862 belluam
1107 3823 1248 3860 suam
1273 3809 1335 3861 de
1365 3808 1501 3862 valle
1525 3808 1726 3861 Tarmis
1751 3809 2002 3862 ducaliter
2023 3824 2168 3863 ante-

646 3914 919 3961 cessurus;
945 3898 1190 3950 musculis
1231 3897 1414 3949 similis
1443 3896 1579 3949 inter
1617 3911 1827 3959 saxosa,
1858 3898 1938 3950 vel
1969 3897 2165 3961 brevia,

647 3986 945 4037 baienarum
984 3984 1355 4049 corpulentiam
1384 3984 1919 4049 prmgubernantibus.
1967 3985 2034 4036 At
2081 3986 2166 4038 ille

650 4073 721 4122 sic
751 4073 820 4122 ira
844 4073 1002 4132 celer,
1028 4070 1163 4136 quod
1195 4070 1339 4134 piger
1365 4069 1521 4131 mole,
1556 4083 1646 4121 seu
1671 4071 1827 4122 draco
1852 4086 1880 4122 e
1903 4086 2059 4137 specu
2083 4071 2162 4122 vix

720 4211 744 4237 °
784 4196 1122 4263 Bituricensi,
1158 4197 1270 4248 viro
1324 4195 1542 4262 illustri,
1593 4204 1649 4246 ut
1694 4204 1773 4247 est
1817 4197 1867 4247 in
1911 4195 2168 4250 Concione
2200 4202 2245 4258 ι)

652 4272 742 4376 hin
771 4282 976 4402 iiiiquo
1006 4332 1349 4400 superiuslib.
1384 4331 1620 4402 n,epist.
1655 4309 1874 4402 i..'_l‘unc
1898 4332 2167 4402 Aturribus

647 4408 867 4465 redibat,
892 4400 1026 4456 nunc
1045 4404 1228 4454 Tolosa
1257 4419 1267 4452 :
1293 4400 1564 4465 utrobique
1586 4414 1648 4453 ex
1672 4400 1787 4452 aula
1815 4401 1951 4467 regis
1975 4401 2164 4452 Gotho-

649 4492 785 4535 rum,
818 4489 1032 4539 quorum
1071 4473 1296 4536 partibus
1329 4469 1548 4539 favebat.

720 4556 741 4580 ο
777 4534 1093 4595 securitates
1122 4553 1236 4592 sunt
1263 4538 1473 4603 apoclne
1501 4553 1512 4586 :
1542 4537 1845 4588 documenta
1879 4534 2163 4603 illationnm

649 4614 873 4674 appellat
914 4610 1262 4678 Symmachus
1301 4602 1385 4657 lib.
1423 4621 1483 4670 κ,
1526 4607 1676 4672 epist.
1718 4607 1803 4670 45,
1849 4602 2168 4678 syngraphas

651 4673 911 4740 nimirum,
935 4673 1060 4744 quas
1082 4679 1164 4743 qui
1186 4676 1373 4728 tributa
1396 4677 1600 4725 solvunt
1623 4673 2058 4744 a'susceptoribu_s
2083 4687 2168 4726 ac-

653 4749 844 4811 cipiunt
863 4740 1064 4798 inducis
1081 4740 1254 4798 causa.
1287 4744 1622 4794 Cassiodoms
1648 4743 1975 4795 canoniciirio
2004 4740 2170 4811 Vene-

652 4810 834 4864 tiarum
869 4831 883 4865 :
921 4814 1123 4864 Validas
1144 4823 1311 4864 contra
1332 4821 1373 4861 te
1398 4812 1612 4871 apochas
1639 4813 1939 4868 invenerunt,
1967 4810 2171 4860 invictas

654 4883 935 4933 securitates
965 4881 1064 4933 illis
1094 4882 1224 4932 dedit
1249 4877 1503 4930 calamitas
1529 4894 1618 4928 sua
1646 4893 1664 4928 :
1693 4879 1925 4930 violenter
1969 4878 2170 4929 abstulit

653 4951 781 5014 quod
820 4951 1081 5015 qumrebaa.
1127 4949 1282 5008 Hinc,
1319 4945 1697 4998 l‘ritniscrinius
1747 4956 2076 4999 securitatum
2120 4948 2169 4998 iu

653 5017 821 5066 ofticio
851 5019 1050 5068 c~nnitis
1084 5017 1285 5081 privati.

723 5082 747 5116 ά
777 5082 962 5146 Scripti
992 5080 1178 5149 aliquot
1207 5082 1316 5133 libri
1343 5080 1591 5142 Caienser,
1612 5082 1697 5131 alii
1727 5080 1948 5133 (Ia/emes
1975 5082 2168 5146 legunt.

656 5152 790 5202 Bitia:
828 5163 946 5200 sunt
991 5167 1133 5215 aqum
1160 5150 1352 5202 calidae.
1394 5151 1454 5200 Et
1498 5160 1616 5199 sunt
1645 5151 1795 5200 hodie
1819 5151 1866 5200 in
1901 5149 2164 5205 Arvernis,

657 5235 768 5283 qurc
825 5221 870 5269 id
902 5233 1084 5268 nomen
1129 5221 1241 5269 vico
1284 5218 1573 5268 dederunt:
1615 5230 1731 5267 nam
1775 5218 1969 5268 calidas
2011 5231 2168 5282 aquas

659 5288 814 5349 patria
847 5285 1013 5348 lingua
1051 5296 1252 5336 vocant.
1285 5286 1334 5335 In
1365 5285 1555 5335 Tabula
1582 5286 1735 5335 etiam
1772 5284 2080 5349 Peutingvri,
2113 5293 2169 5334 ut

657 5369 808 5417 supra
852 5353 1043 5401 dictum
1088 5360 1193 5412 est,
1232 5354 1556 5403 nominantur
1585 5356 1744 5412 Aqua:
1778 5352 1970 5404 Calida:
2009 5353 2055 5403 in
2088 5353 2168 5404 ili-

656 5418 782 5473 nere
807 5419 940 5484 quod
972 5418 1033 5469 ab
1061 5424 1492 5482 Augustoncmcto
1526 5420 1823 5474 Luedunum
1848 5422 2002 5472 ducit.

2269 3017 2501 3085 eligenda
2547 3018 2670 3069 sede
2699 3017 2918 3083 perfugii
2947 3057 2960 3078 ,
2993 3017 3267 3084 quamdam
3311 3018 3509 3082 pateris
3539 3015 3764 3068 ex'mmr-

2268 3108 2462 3158 tionum
2494 3105 2778 3171 frequentia
2812 3106 3212 3157 dillieultatem?
3250 3103 3510 3172 Quidquid
3545 3105 3661 3156 illud
3686 3113 3764 3164 est,
3794 3095 3795 3144 ξ

2267 3196 2401 3260 quod
2429 3196 2510 3245 vel
2541 3194 2743 3260 negotio
2765 3208 2933 3257 vacas,
2967 3195 3017 3246 in
3047 3195 3224 3247 urbem
3259 3204 3306 3245 ta
3333 3196 3523 3256 iten,ni
3547 3194 3759 3254 fallimur,
3794 3245 3795 3262 γ

2270 3293 2294 3317 ⁸
2346 3283 2668 3346 rogationum
2712 3283 3145 3348 contemplatione
3185 3284 3519 3337 revocabere.
3569 3284 3759 3349 Quarua

2268 3370 2417 3419 nobis
2440 3369 2816 3422 solemnitatem
2841 3372 3034 3436 primus
3065 3371 3341 3424 Mamertus
3373 3384 3522 3437 pater
3549 3383 3597 3424 et
3621 3373 3760 3438 ponti-
3794 3387 3795 3428 ;

2267 3455 2371 3522 fex,
2398 3458 2815 3509 reverentissimo
2834 3460 3095 3523 exemplo,
3117 3459 3387 3510 utilissimo
3410 3461 3760 3524 experimento,

2270 3544 2483 3606 invenit,
2513 3544 2749 3609 instituit,
2786 3545 3005 3597 invexit.
3041 3545 3197 3596 Erant
3225 3545 3434 3610 quidem
3469 3548 3612 3612 prius
3634 3545 3762 3609 (quod
3794 3543 3795 3612 ᾖ

2265 3634 2405 3686 salva
2451 3633 2566 3687 ﬁdei
2610 3648 2736 3701 pace
2786 3634 2850 3685 sit
2889 3633 3102 3699 dictum)
3149 3648 3307 3697 vagze.
3340 3641 3612 3698 tepentes,
3640 3633 3795 3685 iuer

2267 3732 2614 3789 quentesque,
2651 3732 2806 3788 utque
2853 3722 3002 3791 145
3050 3724 3121 3773 sic
3147 3721 3402 3788 dixerim,
3451 3722 3767 3775 oscitabunda:

2266 3813 2691 3878 supplicationes;
2716 3825 2830 3878 qum
2852 3826 2989 3880 saepe
3013 3812 3433 3876 interpellantum
3469 3810 3764 3879 prandiorum

2265 3899 2497 3951 obicibus
2527 3899 2919 3962 hebetabantur,
2952 3900 3173 3952 maxime
3197 3909 3278 3951 aut
3305 3900 3527 3961 imbres,
3557 3908 3766 3967 autsere-
3794 3899 3795 3967 ξ

2265 3987 2476 4038 nitatem
2507 3986 2886 4052 deprecaturae;
2913 3986 2976 4038 ad
3004 4001 3130 4054 quas
3160 3988 3237 4055 (ut
3260 3989 3331 4041 nil
3356 3989 3590 4054 amplius
3613 3986 3766 4046 dicam)

2267 4074 2417 4137 ligulo
2468 4081 2657 4136 par.ter
2704 4083 2856 4138 atque
2889 4073 3161 4125 hortulano
3209 4089 3310 4124 non
3341 4077 3581 4141 oportuit
3608 4085 3770 4127 enare-

2342 4208 2363 4233 °
2399 4199 2468 4249 De
2502 4199 2748 4250 institutis
2778 4215 2802 4247 a
2838 4200 3084 4250 Mamerto
3122 4198 3395 4250 Viennensi
3446 4200 3768 4264 episcoporu-

2269 4267 2561 4333 gationibns
2583 4275 2749 4318 exstat
2771 4267 2974 4316 ltomilia
3000 4268 3178 4318 Alcimi
3205 4267 3338 4318 Aviti
3362 4266 3609 4330 ejusdem
3627 4264 3770 4317 εωιι-

2270 4332 2636 4394 siaeantistitis,
2662 4348 2707 4386 et
2733 4335 3059 4386 consentiunt
3081 4336 3272 4401 antiqui
3296 4337 3768 4401 omnesscriptores-

2270 4403 2440 4472 Quare
2473 4409 2658 4453 trnstra
2699 4403 3077 4472 laborant,qtti
3116 4398 3768 4472 pro'pterea_quod_litanial

2271 4465 2772 4536 Supplicationesque
2805 4479 2925 4523 ante
2955 4465 3252 4522 lllatnertum
3286 4471 3340 4520 in
3377 4465 3618 4521 Ecclesia
3641 4467 3770 4520 exsti-

2272 4540 2397 4589 tisse
2425 4537 2625 4602 legnnt,
2652 4540 2765 4590 ideo
2795 4539 2932 4590 illum
2965 4549 3285 4605 rogat-ouum
3314 4551 3420 4588 non
3461 4536 3676 4600 primum
3700 4547 3774 4605 ξα-

2270 4601 2496 4667 ctoretn,
2520 4606 2608 4657 sed
2652 4601 3048 4660 restauratoreni
3080 4608 3179 4658 dici
3207 4605 3410 4657 volunt.
3459 4605 3687 4664 Frustra,
3711 4601 3772 4652 ili-

2273 4688 2447 4739 quam.
2482 4673 2653 4739 Neque
2682 4677 2815 4726 enim
2843 4675 3058 4740 qumslio
3081 4683 3157 4726 est
3179 4691 3243 4726 an
3270 4675 3479 4739 primus
3508 4673 3768 4740 litaniarutn

2273 4737 2417 4792 usum
2467 4743 2513 4791 in
2549 4737 2827 4793 Ecclesiam
2861 4737 3156 4807 invexerit,
3183 4737 3336 4809 quem
3378 4751 3595 4795 constat
3639 4737 3770 4793 ωοιω

2269 4810 2611 4875 antiquiorem
2656 4811 2812 4878 fuisse
2838 4827 2848 4859 :
2876 4810 2965 4861 scd
2994 4825 3057 4861 an
3088 4826 3177 4862 eas
3217 4815 3510 4864 instituerit
3537 4824 3650 4878 qua:
3675 4813 3770 4858 able

2271 4878 2642 4936 Ascensionem
2701 4877 2899 4929 Domini
2956 4880 3324 4940 eelebraiitur,
3377 4877 3770 4946 Rogationem!”

2272 4947 2472 5012 propria
2497 4946 2604 5010 jam
2635 4960 2760 4998 voce
2787 4955 3158 5011 nuncupantur.
3190 4947 3243 4999 In
3270 4961 3398 5014 quo,
3433 4960 3496 4999 ut
3522 4946 3771 5014 dixi._609'

2271 5011 2501 5079 sentiunt
2541 5029 2738 5076 omnes,
2779 5024 2829 5066 et
2866 5015 3066 5066 Sidonii
3104 5017 3258 5067 verba
3290 5011 3531 5077 “invenit,
3559 5011 3768 5079 institi“.

2269 5077 2466 5142 invexit,
2491 5081 2710 5152 dubitari
2737 5083 3059 5152 nonisiaunt.
3083 5083 3432 5150 Rogationem
3459 5097 3590 5152 ergo
3609 5077 3770 5147 νιὶιιιυι

2268 5162 2450 5200 auctor
2499 5150 2790 5201 Mamertus.
2832 5151 2941 5202 Non
2989 5151 3152 5202 solum
3187 5151 3444 5216 instituit,
3476 5150 3697 5216 litata}:
3723 5153 3770 5189 π

2268 5219 2527 5292 solemnes
2555 5217 2654 5292 illis
2684 5215 2863 5270 diebus
2888 5218 3292 5292 supplicationes
3319 5213 3531 5280 essent,
3559 5213 3648 5292 sagi
3671 5221 3768 5292 SEP-

2270 5286 2597 5349 plicationnm
2623 5284 2840 5339 formam
2872 5284 3054 5340 usitata
3076 5288 3396 5339 sanctiorem
3425 5284 3772 5352 angustiam-

2266 5367 2365 5418 que
2399 5355 2733 5421 praescripsit.
