3812 6226
128 313 211 368 545

1304 305 1766 361 Εριετοιιιιυιι
1804 304 1929 361 LIB.
1971 305 2007 383 v

3125 312 3228 367 ϐω

128 428 232 475 nire.
256 414 300 470 In
328 416 402 471 bis
421 426 597 471 antem
630 432 757 486 quas
784 414 1073 484 suprafatus
1100 430 1331 468 summus
1359 415 1602 468 sacerdos
1629 420 1674 472 Α
1701 413 1938 481 gerulum
1986 413 2373 476 codicellornm,
2419 426 2636 480 quorum
2676 416 2728 469 in
2772 416 2992 471 adventu
3016 456 3032 483 ,
3080 417 3223 471 fratri

127 520 165 565 et
199 507 382 574 protult
427 506 628 571 pariter
666 517 719 559 et
772 504 1016 568 contulit,
1055 502 1346 569 jejunatur,
1391 513 1598 562 oratur,

124 597 332 664 psallitur,
362 594 534 647 llctur.
562 594 641 646 Ad
672 593 779 647 lucc
801 603 851 645 te
870 595 995 646 festa
1024 591 1279 664 cervicum
1308 589 1598 642 bttmiliatao

124 663 242 746 tum,
281 690 328 733 et
359 681 678 733 sternacium
722 681 905 733 civium
945 679 1221 746 SuSpiriusa
1250 663 1599 731 contubernia

119 779 317 837 pctozet
351 770 391 823 si
426 770 720 837 Spiritalem
766 768 993 821 animum
1033 778 1172 820 tuutn
1215 767 1345 820 bene
1390 766 1595 830 melior,

159 859 240 910 odo
278 856 427 909 citius
469 860 668 920 venies,
702 856 837 924 quod
865 857 1053 908 nonad
1078 855 1279 923 epulas,
1311 853 1404 908 sed
1428 854 1493 908 ad
1518 855 1595 907 la-

126 961 281 1001 tnmas
302 949 565 1001 evocaris.
601 948 745 1001 Vale.

603 1032 923 1089 EPISTOLA
962 1032 1073 1086 XV.

410 1121 659 1175 Sidonius
680 1121 886 1174 Ruricio
906 1138 994 1175 suo
1019 1122 1250 1177 salutem.

138 1212 306 1264 γυπιεῆ
332 1225 578 1265 sermone
607 1212 848 1278 praelato,
876 1212 1207 1277 bibliOpolam
1234 1221 1462 1266 vestrum
1492 1227 1591 1265 non

123 1301 310 1363 tnt'ose.
337 1297 427 1351 scd
452 1298 767 1364 iudicialiter
790 1311 1033 1363 expertus
1071 1299 1273 1352 insinuo
1322 1317 1335 1351 :
1366 1301 1512 1366 cujus
1540 1312 1591 1353 ut

145 1389 229 1439 lem
254 1387 304 1439 in
340 1397 576 1453 pectore,
605 1386 755 1441 sicin
782 1402 939 1454 opere
973 1388 1309 1451 celeritatem,
1341 1390 1476 1441 circa
1500 1389 1593 1439 do.

147 1474 267 1524 inum
316 1482 366 1526 te
406 1472 537 1525 mihi
578 1472 781 1539 sibique
834 1488 1161 1535 communem
1211 1475 1337 1526 satis
1387 1476 1590 1526 abunde

150 1560 303 1613 abavi.
346 1569 372 1595 ι
404 1560 622 1613 Librum
660 1559 815 1629 igitur
850 1561 954 1627 jam
1001 1560 1112 1626 ipse
1140 1552 1374 1626 deportat
1398 1561 1587 1628 Hepta-

142 1646 268 1709 ttcbi,
302 1647 556 1713 scriptum
600 1648 870 1701 velocitate
890 1662 1087 1700 summa
1108 1686 1121 1708 ,
1163 1661 1364 1700 summo
1394 1649 1583 1713 nitore;

1699 502 1855 554 etiam
1881 513 1965 554 tuo
1994 502 2224 569 Ecdicio,
2253 503 2562 571 cujusa‘que
2585 505 2744 558 titulis
2769 520 2831 559 ac
2855 510 2983 558 meis
3008 508 3223 575 gaudes,

1702 590 1867 643 bonnr
1902 591 2146 657 patricius
2174 591 2404 654 acedit;
2444 593 2749 656 celerrime,
2794 592 2837 645 si
2875 594 3071 660 cogites
3112 594 3225 660 ejus

1697 683 1933 739 atatem;
1961 676 2009 730 si
2038 679 2240 738 merita,
2278 677 2591 731 tardissime.
2624 678 2852 745 Namque
2877 680 2965 732 ille
2984 680 3089 745 jam
3118 682 3231 748 pri-r

1694 761 1813 816 dem
1862 762 2160 831 sutl‘raginm
2215 764 2479 832 dignitatis
2530 765 2771 818 ineundae
2819 780 2921 818 non
2968 767 3125 819 solvit
3169 769 3221 821 in

1696 848 1862 915 lance,
1889 850 1980 903 sed
2009 850 2062 902 in
2085 852 2195 904 acie
2223 867 2237 902 :
2261 854 2604 919 aerariumque
2628 853 2886 918 publicum
2916 854 3026 921 ipse
3051 857 3221 921 priva—

1695 944 1776 991 tus
1823 952 1925 989 non
1963 938 2234 1004 pecuniis,
2280 939 2371 990 sed
2411 939 2666 991 manubiis
2714 939 3068 1007 locupletavit.
3112 942 3220 993 tloe

1692 1031 1866 1075 tamen
1915 1034 2095 1078 sancte
2119 1024 2284 1078 Julius
2310 1025 2512 1093 Nepos,
2550 1027 2710 1080 armis
2752 1028 2946 1095 pariter
2986 1042 3218 1081 summus

1692 1112 1952 1178 Augustus
2002 1126 2063 1165 ac
2112 1112 2345 1166 moribus
2373 1153 2387 1177 ,
2438 1113 2574 1181 quod
2618 1114 2905 1168 decessoris
2952 1116 3215 1169 Anthemii

1690 1195 1872 1260 ﬁdem,
1896 1198 2070 1251 l'rattis
2096 1201 2166 1252 tui
2194 1199 2469 1253 sudoribus
2498 1201 2805 1267 obligatam,
2845 1216 2948 1269 quo
2984 1203 3215 1267 citerior,

1690 1284 1788 1336 huc
1822 1286 2129 1339 laudabilior
2174 1288 2429 1351 absolvit;
2474 1289 2727 1355 siquidem
2776 1290 2871 1343 iste
2916 1292 3213 1356 complevit,

1687 1376 1823 1443 quod
1844 1376 1934 1428 ille
1956 1377 2239 1443 smpissime
2266 1378 2620 1444 pollicebatur.
2651 1380 2763 1443 Quo
2790 1378 2863 1442 lit,
2890 1386 2946 1432 ιιι
2968 1380 3213 1448 deinceps

1686 1481 1779 1535 pro
1804 1465 2071 1531 republica
2108 1468 2332 1534 optimus
2377 1468 2593 1534 quisque
2639 1469 2800 1535 pos-it
2824 1482 2892 1520 ac
2939 1468 3144 1533 debeat,
3171 1469 3215 1524 si

1685 1555 1803 1622 quid
1834 1555 2057 1622 cuipiam
2102 1555 2295 1607 virium
2336 1565 2436 1617 est,
2468 1557 2585 1622 quia
2624 1570 2859 1617 securus,
2892 1556 3013 1608 hinc
3036 1557 3216 1609 avidus
3290 1612 3293 1617 ,

1686 1644 1982 1710 impendere
2018 1645 2261 1711 :quando
2289 1643 2496 1711 quidem
2528 1659 2732 1696 mortuo
2758 1659 2961 1713 quoque
2992 1647 3215 1713 impr-ra-

151 1749 351 1802 anquam
372 1746 427 1788 et
451 1750 482 1787 a
512 1735 662 1787 nobis
690 1736 936 1786 relectum
962 1742 1014 1786 et
1037 1742 1385 1787 retractatum.
1420 1735 1586 1788 Defert
1619 1719 1659 1775 Β
1690 1741 1827 1801 tore,
1876 1734 2202 1788 laboratttum
2261 1734 2518 1785 devotioni
2582 1724 2830 1801 quidquid
2877 1734 3215 1800 SpOpOndel'il

119 1822 374 1875 trolutnen
400 1822 794 1889 prophetarum,
818 1822 936 1874 lit-et
956 1835 1038 1874 me
1059 1821 1271 1876 absente
1291 1822 1586 1887 decursum,

126 1925 167 1965 ta
192 1922 352 1963 tamen
379 1924 509 1965 cura
554 1920 813 1977 manuque
854 1910 921 1964 de
951 1912 1279 1977 supervacuis
1316 1914 1589 1967 sententiis

141 2000 419 2062 udenttum;
472 2014 572 2053 nec
597 1997 850 2069 semperh
901 1998 990 2052 illo
1031 2008 1209 2052 crntra
1250 2001 1469 2067 legente,
1500 2006 1584 2066 qui

149 2088 365 2140 omiserat
386 2101 603 2153 operam
622 2102 777 2158 suam
806 2102 821 2141 :
848 2087 1004 2140 credo
1024 2089 1137 2155 quia
1170 2088 1437 2142 inﬁrmitas
1480 2088 1589 2143 lue-

125 2175 606 2241 timpedimento,
661 2175 937 2243 quominus
1004 2175 1227 2241 pollicita
1282 2178 1583 2244 compleret.

137 2274 241 2320 rstat
280 2275 336 2318 ut
357 2266 657 2319 exhortatio
684 2276 885 2328 vestra,
930 2264 1037 2317 sive
1074 2267 1303 2332 sponsio,
1344 2266 1584 2320 l'attiulum

168 2355 237 2407 vel
267 2355 572 2407 studentem
602 2353 753 2423 ιω
778 2354 1001 2421 placere,
1030 2354 1108 2406 vel
1138 2355 1395 2417 meritum,
1424 2358 1584 2424 gratia

115 2440 369 2507 pmpetcnti
399 2452 767 2495 remuneretur
794 2456 807 2492 :
833 2456 945 2506 qua:
973 2440 1146 2507 utique
1173 2456 1266 2507 pro
1296 2442 1385 2494 tali
1414 2443 1585 2497 labore

142 2529 601 2597 solvitur,.incipiet
627 2532 851 2582 vestram
875 2529 1131 2595 respicere
1149 2532 1457 2584 mercedem.
1483 2533 1582 2587 Sed

143 2633 181 2668 tn
201 2616 291 2670 hoc
312 2632 411 2685 ego
441 2617 513 2671 de
530 2617 639 2669 sola
665 2616 824 2684 gratia
854 2632 1052 2683 precer,
1080 2631 1169 2670 vos
1187 2618 1305 2686 quid
1331 2632 1585 2672 mereatur

129 2704 292 2769 picite,
316 2719 479 2771 quem
499 2712 705 2758 constat
728 2704 965 2757 atl’ectum
994 2705 1188 2757 domini
1214 2692 1377 2773 magis
1391 2707 1584 2762 ambire

124 2804 210 2847 tam
238 2792 534 2859 praemium.
565 2792 707 2845 Vale.

582 2879 895 2933 EPISTULA
935 2879 1071 2934 XVI.

309 2969 559 3023 Sidonius
583 2979 604 3006 ο
635 2967 932 3037 Papianilla:
954 2983 1055 3020 sua:
1079 2968 1305 3021 salutem.

1691 1823 1948 1888 princrps,
1976 1835 2184 1888 semper
2208 1820 2335 1872 redit
2361 1820 2447 1873 bet
2483 1819 2630 1889 147
2656 1821 2987 1887 principatus.
3013 1821 3211 1873 Interea

1686 1919 1770 1975 ttt,
1812 1910 1854 1962 si
1884 1908 2121 1962 allectum
2154 1922 2293 1961 tuum
2318 1907 2449 1962 bene
2476 1910 2680 1976 colligo,
2724 1910 2867 1963 hisce
2908 1909 3209 1972 compertis,

1684 2014 1923 2065 magnum
1964 1999 2203 2051 solatium
2243 1999 2377 2053 inter
2405 1998 2619 2060 adversa
2648 2003 2877 2053 maxima
2905 2000 3046 2066 capis
3076 2017 3086 2050 :
3116 2012 3213 2052 nec

1683 2087 1908 2139 animum
1953 2096 2095 2139 tuum
2132 2101 2161 2139 a
2186 2088 2390 2140 tramite
2422 2087 2773 2141 communium
2801 2087 3101 2157 gaudiorum
3129 2088 3210 2147 vi:-

1682 2175 1813 2227 cinz
1858 2189 2062 2243 quoque
2090 2174 2378 2227 obsidionis
2419 2184 2589 2227 terror
2615 2177 2888 2229 exorbitat.
2916 2175 3043 2227 Novi
3069 2174 3208 2228 enim

1682 2262 1861 2328 probe,
1889 2276 1954 2313 ne
1984 2274 2098 2313 meo
2127 2260 2337 2327 quidem
2361 2268 2432 2323 te,
2471 2276 2624 2327 quem
2656 2276 2720 2315 ex
2752 2263 2865 2330 lege
2905 2261 3207 2329 participas,

1681 2351 1757 2403 sic
1787 2350 1981 2402 honore
2022 2350 2246 2401 latatam
2281 2364 2294 2400 :
2324 2349 2440 2416 quia
2468 2350 2587 2402 licet
2614 2351 2687 2403 sis
2713 2365 2841 2402 uxor
2875 2350 3025 2412 bona,
3058 2364 3209 2403 soror

1682 2451 1885 2506 quoque
1925 2437 2113 2503 optima
2140 2451 2216 2490 es.
2246 2436 2352 2502 Qua
2383 2436 2448 2489 de
2470 2451 2544 2499 re,
2585 2438 2809 2503 prOpitio
2840 2436 2948 2490 Deo
2976 2438 3201 2501 Christo,

1683 2526 1953 2593 ampliatos
1967 2527 2333 2593 prosapiaatute
2356 2524 2530 2578 titulos
2556 2539 2651 2593 ego
2681 2524 2894 2578 festinus
2911 2526 3206 2592 gratatoriis

1681 2615 1912 2682 apicibus
1942 2600 2209 2681 inscripsi,
2260 2614 2456 2681 pariter
2491 2612 2765 2666 absolvens
2804 2614 3204 2667 sollicitudinem

1682 2712 1819 2757 tuam
1840 2742 1854 2766 ,
1886 2703 2056 2757 fratris
2100 2702 2350 2771 pudorem
2381 2720 2395 2754 :
2426 2718 2577 2772 quem
2605 2704 2677 2757 nil
2707 2704 2774 2775 de
2802 2705 3009 2773 propria
3031 2690 3204 2773 digni-

1682 2801 1785 2847 tate
1812 2793 2174 2855 indicaturum,
2214 2793 2257 2845 si
2288 2796 2635 2846 verecundum
2666 2793 2797 2846 forte
2824 2795 3073 2858 nescires,
3108 2790 3207 2846 nec

1678 2880 1990 2947 sic‘impium
2015 2879 2296 2946 iudicares.
2326 2880 2434 2947 Ego
2462 2895 2587 2934 vero
2629 2895 2730 2933 non
2760 2890 2959 2934 tantum
2985 2881 3203 2948 insigni-

1680 2970 1773 3031 bus
1804 2969 2019 3030 vestris,
2060 2983 2174 3035 qute
2204 2978 2255 3020 tu
2303 2970 2548 3023 hactenus
2572 2985 2766 3037 quanto
2792 2971 3027 3032 liberius.
3059 2980 3204 3024 tanto

138 3054 364 3117 Ravenna
405 3058 624 3109 veniens
655 3054 681 3091 ά
704 3065 930 3121 quaestor
968 3055 1257 3108 Licinianus
1282 3096 1294 3117 ,
1335 3070 1449 3109 cum
1475 3058 1579 3125 pri-
1606 3025 1651 3087 ο
1680 3056 2032 3122 impatientius
2077 3055 2447 3120 prmstulabare
2507 3056 2827 3123 (quanquam
2886 3058 2947 3109 iis
2993 3074 3201 3127 quoque

138 3142 201 3195 tm
223 3144 418 3211 tetigit,
464 3145 593 3208 Alpe
622 3143 941 3201 transmissa,
963 3142 1139 3195 Gallice
1167 3144 1353 3213 solum,
1383 3144 1579 3197 litteras

160 3241 303 3286 entus
338 3234 421 3284 sui
476 3231 691 3298 prtevias
721 3230 894 3292 misit,
924 3229 1131 3296 quibus
1160 3229 1352 3282 indicat
1380 3245 1494 3283 cSSe
1522 3248 1579 3286 se

132 3362 279 3481 ειὺι
307 3361 371 3414 Ut
404 3359 815 3413 Pentateucltum
852 3368 1051 3410 veteres
1077 3358 1399 3422 appellarunt
1426 3362 1576 3426 qnin-

132 3444 162 3481 It:
184 3433 214 3480 lt
252 3444 337 3481 ros
360 3431 547 3481 Mosis.
576 3427 641 3479 ita
666 3437 716 3479 et
740 3426 1069 3478 Triteuchum
1099 3435 1203 3479 tres
1226 3429 1310 3481 qui
1341 3429 1575 3481 proxime

126 3426 337 3491 te'lﬂtros
360 3431 547 3489 Mosis,
576 3427 641 3479 ita
666 3437 716 3479 et
740 3426 1069 3478 Triteuchum
1099 3435 1203 3479 tres
1226 3429 1310 3492 qui
1341 3429 1575 3493 proxime

137 3509 355 3557 tuantur.
384 3497 566 3555 .losue,
586 3495 793 3547 Judices
818 3502 871 3546 et
892 3493 1045 3546 Ruth.
1074 3493 1159 3546 Sic
1186 3496 1323 3548 enim
1352 3498 1580 3547 Athana-

149 3580 170 3613 s
195 3564 254 3614 ad
294 3562 651 3631 Marcebinum
684 3579 695 3611 :
730 3569 972 3631 utrosque
1000 3576 1124 3614 vero
1163 3563 1315 3631 simul
1346 3562 1575 3631 junctus,

134 3632 455 3697 tatenchnm.
498 3632 568 3681 Ita
594 3628 933 3681 Cassiodorus
966 3644 1080 3697 cap.
1113 3632 1135 3682 1
1175 3628 1468 3684 Divinarum
1501 3628 1575 3685 in;

126 3696 395 3767 Butionum.
431 3707 487 3750 et
514 3696 679 3750 Graeci
717 3712 899 3767 omnes
926 3712 1141 3765 quorum
1170 3707 1362 3764 scripta
1394 3702 1573 3765 legun-

126 3766 227 3837 rti;
252 3773 337 3823 τήν
369 3767 724 3836 Ὀκτάτευχον.
760 3766 888 3837 Quia
917 3776 1088 3819 autem
1130 3767 1349 3837 liebrtei,
1378 3768 1578 3837 ut_Epi-

131 3834 270 3886 anius
310 3844 365 3886 et
408 3833 1083 3902 Hieronymus‘observant,
1130 3833 1573 3902 bistoriam‘Bntlt

126 3902 209 3975 itm
250 3903 299 3954 in
352 3904 547 3975 librum
590 3900 706 3954 cum
744 3902 1006 3975 Judicibus
1047 3910 1407 3975 compingunt,
1456 3900 1576 3952 inde

127 3968 237 4033 tt't'tm
282 3979 366 4022 est
406 3979 465 4020 ut
495 3968 896 4033 Heptateuchum
940 3968 1169 4032 plerique
1213 3968 1443 4033 dixerint,
1482 3982 1575 4031 pro

123 4032 275 4107 Qateu.
296 4037 366 4089 bo
400 4054 415 4087 :
449 4044 505 4088 ut
542 4032 879 4101 Hieronymus
906 4034 1058 4100 epist.
1092 4035 1120 4085 7
1155 4040 1206 4083 et
1228 4032 1317 4096 28,
1349 4042 1401 4085 et
1426 4032 1575 4084 Sido-

149 4118 173 4153 s
199 4108 296 4157 hoc
324 4107 465 4155 loco.

140 4170 330 4224 ’Vetus
355 4168 623 4221 adnotatio
644 4168 693 4218 in
709 4166 885 4219 codice
902 4165 1132 4218 Martiani
1159 4165 1397 4227 Capellm,
1418 4180 1568 4227 quam

128 4234 299 4307 bgram
333 4235 528 4307 protuli
554 4236 615 4286 ad
640 4234 925 4287 Ennodium
952 4234 1098 4307 ιὶιιζι,
1129 4236 1279 4307 epist.
1312 4234 1373 4307 ις)
1398 4234 1573 4307 {Felix

146 4301 217 4356 tor
249 4301 577 4355 emendabam
605 4312 772 4353 contra
798 4308 982 4367 legente
1023 4302 1253 4352 Detttcrio
1280 4301 1570 4353 εί·Ιιυια.ιιὶσο

120 4370 290 4439 Pindo
318 4386 449 4445 meo:
481 4373 577 4445 Qui
608 4371 764 4445 libros
791 4371 1145 4445 ex_c_ollatione
1176 4370 1441 4445 meliorum
1462 4386 1569 4445 _co-

155 4670 261 4696 υωῐ
267 4670 294 4694 Ι

19 4670 298 4800 Et“?

120 4505 278 4570 licem
314 4522 477 4559 unum
523 4506 746 4570 inspicit.
797 4507 843 4557 Is
892 4515 1066 4557 contra
1096 4506 1263 4570 legere
1288 4507 1567 4558 dicebatur.

120 4574 242 4638 gallo
282 4575 470 4629 codice
516 4575 755 4626 Macrobii
793 4574 1064 4625 Theodosii
1118 4575 1417 4624 emendatur
1464 4575 1572 4625 lucc

139 4653 321 4696 totarat
370 4660 385 4692 :
440 4642 662 4693 Aurelius
721 4640 979 4691 Memmius
1028 4640 1349 4707 Symmachus
1403 4641 1462 4691 V.
1511 4641 1564 4692 (Σ.

120 4708 368 4774 httabam
399 4711 643 4761 Ilavmnttr
668 4725 774 4759 cum
808 4707 1053 4758 Macrobio
1076 4708 1271 4759 Plotina
1306 4710 1529 4760 lfudox'o
1554 4726 1570 4760 :

146 4779 236 4830 bus
264 4778 443 4831 \erbis
464 4787 641 4827 eontra
674 4777 854 4841 legisse
887 4776 1168 4826 Eutloxium
1197 4778 1466 4839 stgnilicat.

120 4841 148 4910 ἒ
174 4846 309 4897 Aviti
350 4849 567 4909 Augusti
611 4846 758 4902 tilia),
792 4842 986 4894 Sidonii
1017 4846 1157 4893 uxori
1188 4853 1305 4893 ante
1334 4844 1569 4894 sacerdo-

123 4911 197 4975 In,
242 4925 389 4963 nunc
418 4911 604 4969 δοται-ἰ,
646 4925 711 4960 ex
740 4924 991 4960 canonum
1029 4912 1328 4975 prtescripto
1375 4922 1426 4963 et
1454 4927 1567 4975 per-

120 4975 207 5046 [uel
230 4976 612 5046 rottsuetutline
646 4978 825 5042 pti~c.u
857 4977 1099 5028 Ecclesite
1131 4992 1145 5027 :
1177 4980 1227 5026 in
1269 4992 1364 5040 qua
1395 4981 1476 5038 qui
1504 4992 1564 5028 ex

120 5040 287 5114 litigio
324 5048 403 5114 ad»
430 5040 775 5114 sacerdotium
813 5046 1226 5114 asciscebantnr.
1260 5048 1321 5093 ab
1350 5060 1563 5095 uxorum

120 5111 162 5179 It
180 5111 427 5179 sipurati,
458 5111 724 5162 nonaliter
750 5111 987 5173 deinceps
1008 5126 1120 5160 cum
1146 5112 1247 5161 illis
1275 5128 1425 5176 quam
1449 5128 1564 5161 cum

120 5178 315 5243 laribus
344 5179 699 5229 versabantur.
729 5178 1064 5243 Ilteronymus
1090 5181 1237 5242 epist.
1279 5178 1296 5226 ι
1329 5180 1390 5227 ad
1423 5180 1569 5229 Pam—

121 5245 304 5314 khiutn
335 5245 627 5314 :Episwpi,
674 5248 959 5310 presbyteri,
992 5245 1203 5305 diaconi,
1244 5255 1327 5294 aut
1358 5247 1567 5310 virgines

149 5330 324 5375 untur,
367 5322 454 5364 aut
483 5313 654 5373 vidui,
711 5323 793 5362 aut
837 5322 961 5362 certe
1007 5322 1111 5373 post
1154 5314 1483 5362 srcet‘dotium
1520 5315 1567 5361 in

120 5378 299 5451 Eruitur
322 5382 512 5451 pudici.
562 5378 776 5429 Faustus
823 5380 1052 5451 lleiensis
1098 5380 1155 5451 in
1202 5382 1433 5451 epistola
1467 5394 1565 5451 non

120 5446 187 5511 ita
220 5469 232 5503 :
265 5446 441 5502 Perdit
482 5459 691 5517 gratiam
732 5447 997 5497 consecrati
1026 5446 1108 5511 qui
1156 5446 1318 5495 adhuc
1348 5446 1569 5514 ofﬁciunt

128 5520 142 5593 ἓ
168 5539 309 5592 lianc
339 5537 607 5594 epistolam
644 5536 897 5588 edidimus
926 5550 1079 5597 Supra
1108 5537 1207 5589 col.
1242 5536 1329 5588 66.

132 5644 139 5652 Α

1679 3142 1957 3211 granditer)
2000 3152 2244 3209 quantum
2291 3145 2572 3197 concordia
2606 3144 2750 3198 fruor
2780 3163 2794 3199 :
2828 3162 2981 3212 quam
3025 3163 3199 3214 parcnt

1685 3232 1896 3293 nostris,
1920 3230 2131 3296 suisque
2153 3230 2330 3283 liberis
2358 3230 2409 3282 in
2439 3239 2701 3298 posterum
2728 3244 2956 3302 exopto;
2984 3235 3117 3288 votis
3147 3236 3199 3288 in

1683 3361 1783 3413 vult
1808 3374 2031 3411 exercere
2070 3360 2255 3412 mariti.
2286 3359 2393 3426 Qua
2436 3361 2501 3413 tle
2531 3378 2585 3414 re
2616 3371 2668 3412 Ill
2698 3375 2921 3413 canones
2962 3361 3197 3414 omittam

1676 3431 1759 3495 qui
1791 3428 1977 3494 passim
2021 3440 2328 3492 occurrunt,
2360 3431 2604 3495 prreclara
2639 3440 2808 3483 exStat
2839 3430 2965 3496 Lupi
2994 3429 3199 3482 Tricas-

1681 3497 1781 3550 sini
1810 3507 1861 3549 et
1886 3496 2167 3564 Eupltronii
2198 3498 2671 3563 Augustodttnensis
2698 3498 3056 3563 episcoporum
3087 3514 3197 3561 ept-

1686 3566 1816 3617 stola
1845 3579 1959 3631 qua:
1998 3577 2191 3617 metem
2221 3564 2357 3617 hunc
2401 3576 2618 3619 testatur
2650 3583 2661 3616 :
2694 3566 2786 3618 sed
2830 3567 2948 3617 huic
2982 3568 3198 3619 edendas

1682 3633 1814 3684 alius
1828 3634 1924 3683 erit
1943 3632 2100 3685 locus.
2123 3632 2227 3685 Deo
2249 3634 2588 3698 adjuvante“.
2615 3633 2759 3687 Nunc
2780 3634 2904 3685 satis
2924 3634 2989 3684 sit
3017 3648 3198 3685 exem-

1682 3700 1819 3765 plutn
1849 3699 2043 3751 Paulini
2084 3699 2286 3768 Nolani,
2329 3703 2409 3752 cui
2447 3701 2655 3753 Terasia
2700 3704 2765 3753 de
2801 3700 3018 3768 conjuge
3050 3701 3197 3768 tacta

1677 3781 1843 3827 soror,
1873 3774 1927 3817 ut
1958 3768 2007 3817 in
2032 3767 2287 3819 Chronico
2315 3768 2536 3833 loquitur
2559 3770 2747 3821 ldatius
2780 3785 2793 3819 :
2819 3767 3059 3821 Germani
3090 3771 3198 3819 An-

1680 3834 2083 3901 tisstodocensis,
2114 3834 2179 3886 de
2205 3849 2307 3900 quo
2337 3836 2387 3886 in
2416 3834 2525 3901 ejus
2555 3837 2663 3887 Vita
2690 3835 3193 3901 Constantittsipres-

1679 3902 1865 3977 [ψει-ἰ
1903 3899 2110 3977 Umorin
2130 3915 2345 3977 aprorem
2364 3916 2423 3977 ea:
2445 3899 2650 3977 conjuge
2669 3910 2885 3977 mutatur
2907 3910 3001 3977 {let
3028 3900 3192 3977 [τιζονι-

1679 3966 1734 4017 tii
1760 3966 1987 4032 episcopi
2034 3967 2446 4031 Burdegalensis,
2475 3966 2541 4018 de
2567 3968 2711 4032 cujus
2750 3968 3010 4019 Placidina
3056 3966 3191 4017 idem

1677 4032 1853 4083 scribit
1908 4031 2217 4084 Fortunatus
2278 4050 2291 4083 :
2346 4033 2567 4099 denique
2620 4031 2789 4096 Urbici
2840 4036 3135 4094 Arvernum
3160 4052 3189 4081 ιι

1675 4100 1923 4165 episcopi,
1974 4114 2125 4162 quem
2172 4107 2348 4151 narrat
2402 4098 2680 4166 Gregorius
2730 4100 2819 4152 lib.
2868 4114 2904 4161 t,
2952 4113 3066 4164 cap.
3099 4101 3191 4160 L4,

1676 4167 1849 4218 multis
1882 4167 2119 4233 lacrymis
2147 4167 2355 4229 ciuisse,
2384 4170 2519 4233 quod
2568 4166 2988 4219 consuetudinem
3020 4172 3191 4218 eccle-

1674 4237 1928 4286 stasncam
1960 4242 2153 4285 temere
2178 4233 2450 4301 aliquando
2472 4236 2732 4287 violasset.
2755 4235 2899 4298 Quod
2922 4249 3044 4299 ergo
3078 4233 3194 4300 lege

1674 4316 1733 4353 ac
1762 4318 1901 4353 more
1938 4316 2043 4354 San:
2063 4304 2210 4361 itum,
2238 4306 2733 4368 praztlecessorisque
2761 4304 2838 4355 sui
2869 4301 3001 4354 laeto
3031 4312 3191 4353 testa-

1678 4379 1781 4421 tum
1830 4370 2135 4421 meminerat
2173 4370 2512 4431 Sidonins,'itl
2562 4385 2648 4422 ant
2697 4374 2954 4438 ignorare,
2985 4378 3071 4421 aut
3102 4371 3195 4421 im-

136 4446 219 4499 lunt
253 4439 528 4499 emendat,
550 4438 754 4489 'soeium
784 4438 991 4489 adhibet
1021 4440 1103 4504 qui
1136 4440 1285 4502 legat,
1316 4438 1434 4488 dum
1462 4440 1568 4503 ipse
1602 4448 1646 4502 ι)
1676 4453 1808 4496 nune
1848 4450 2180 4491 contemnere
2216 4441 2299 4503 qui
2344 4442 2537 4504 potuit?
2566 4440 2625 4491 Et
2673 4450 2842 4491 tamen
2873 4448 2993 4492 sunt
3016 4439 3102 4505 qui
3130 4454 3194 4490 ex

1676 4506 1967 4570 Pnpianillm
1992 4508 2251 4559 mentione
2282 4507 2377 4561 ltoc
2423 4510 2533 4559 loco
2562 4509 2729 4559 lucum
2757 4510 2867 4559 fieri
2896 4522 3047 4573 posse
3074 4523 3196 4558 con-

1676 4576 1864 4633 fidant;
1910 4581 1962 4625 ct
2004 4575 2118 4640 quia
2156 4575 2244 4625 lib.
2284 4590 2351 4637 tv,
2398 4578 2548 4639 epist.
2596 4575 2691 4637 12,
2736 4590 2853 4626 cum
2898 4576 3197 4639 Apollinare

1674 4642 1776 4692 lilio
1802 4641 2094 4693 Terentium
2121 4643 2553 4709 Menandrnmqne
2578 4643 2695 4707 legit
2722 4642 2964 4709 Sidonius
2986 4642 3185 4707 episco-

1674 4724 1787 4773 pus,
1812 4710 1928 4761 inde
1958 4710 2114 4759 lilium
2143 4710 2243 4776 62
2266 4710 2368 4774 jam
2411 4712 2694 4775 ephebum.
2723 4710 2827 4774 jam
2859 4708 3055 4761 Graeca:
3090 4711 3190 4776 La-

1674 4781 1893 4842 tinzeqne
1938 4776 2119 4842 lingua:
2158 4775 2449 4827 auCturtbus
2492 4780 2782 4835 initiatum,
2826 4791 2850 4824 a
2898 4787 3044 4841 patre
3081 4775 3187 4842 jtnt

1671 4847 1913 4909 episcopo
1933 4854 2223 4907 susceptum
2244 4845 2558 4894 Contendant
2587 4862 2600 4895 :
2627 4858 2776 4910 quem
2800 4857 2883 4895 res
2904 4844 3012 4908 ipsa
3042 4843 3191 4895 docet

1670 4912 1915 4974 epistolas
1960 4925 2138 4961 omnes
2180 4910 2938 4971 Constantianacollemionis,
2984 4910 3083 4963 hoc
3112 4920 3189 4962 est

1674 4980 1914 5028 librorum
1965 4992 2031 5027 vtt
2064 4979 2285 5044 priorum
2312 5017 2326 5041 ,
2368 4993 2493 5042 quas
2532 4980 2803 5044 episcomts
2848 4979 3092 5039 dictavit,
3143 4982 3191 5029 ιιι

1672 5045 1795 5106 ἰιιδις
1840 5058 1967 5109 pene
2018 5043 2339 5112 pontiﬁcatus
2367 5045 2606 5108 auspiciis
2652 5046 2894 5096 dictasse.
2925 5046 3024 5096 Sed
3071 5047 3191 5112 quid

1675 5112 1829 5161 facias
1877 5113 2200 5167 hominibus,
2250 5111 2337 5176 qui
2383 5128 2499 5162 cum
2548 5115 2650 5163 veri
2683 5113 2807 5164 nihil
2854 5112 3059 5177 dicant,
3095 5113 3191 5166 sibi

1674 5188 1841 5228 tamen
1873 5179 2059 5227 clausis
2088 5180 2244 5227 oculis
2276 5180 2413 5229 credi
2444 5182 2658 5231 volunt?

1742 5244 1765 5278 ά
1796 5245 1866 5313 De
1915 5246 2061 5305 hujus
2100 5246 2263 5295 altero
2294 5247 2341 5297 in
2387 5246 2604 5298 Galliam
2632 5246 2852 5298 adventu
2905 5246 3006 5312 jam
3036 5262 3189 5313 supra

1675 5312 1878 5373 scripsit
1920 5312 2007 5361 lib.
2040 5326 2125 5368 ιιι,
2158 5313 2307 5371 epist.
2358 5316 2408 5364 7.
2450 5314 2594 5366 Nunc
2637 5315 2701 5367 de
2748 5316 3001 5366 codicillis
3032 5312 3189 5379 patri—

1674 5380 1867 5439 ciatus,
1916 5392 2044 5444 quos
2102 5380 2307 5432 Ecdicio
2355 5386 2530 5434 comiti
2569 5384 2735 5435 attulit
2777 5399 2805 5435 a
2869 5383 3187 5449 Nepote‘Am

1676 5453 1842 5511 gusto.
