3812 6226
53 335 126 390 ιιι)

49 528 174 595 lepida
192 526 532 579 commoverit.
560 526 664 579 Nec
685 527 797 592 plus
822 525 968 595 151
996 538 1246 592 moratus,
1269 544 1388 582 mox
1410 545 1507 584 suo

48 618 171 669 .criba
205 615 280 683 qui
324 614 632 682 pugillarem
662 614 806 680 juxta
845 616 1074 680 tenebat,
1105 615 1169 668 ad
1195 631 1279 671 me
1303 630 1507 686 vocato,

44 704 250 756 subditum
275 703 348 755 sic
371 702 694 770 epigramma
717 703 1023 769 composui.

129 790 244 853 Itane
264 801 400 846 novo,
423 801 515 836 seu
538 800 646 853 cum
668 787 898 853 ferventia
922 787 1090 836 balnea
1104 798 1328 853 poscunt,

175 851 260 895 Seu
278 845 581 896 cum’venstu
607 848 735 895 frons
755 845 973 894 calefacta
1010 845 1182 897 madet.

127 907 213 967 Hoc
238 907 378 955 foveat
407 904 1127 967 pulcherfaeiemeilematius
1146 908 1300 967 udam,

175 966 332 1025 ligret
355 973 410 1013 ut.
432 967 483 1012 iu
507 965 721 1014 bibulum
742 965 891 1013 vellus
912 967 971 1013 ab
993 979 1079 1014 ore
1102 966 1270 1027 liquor.

88 1047 366 1114 Epiphanius
394 1057 578 1099 noster
603 1050 684 1098 vix
725 1061 880 1110 supra
923 1049 1114 1114 scripta
1159 1059 1509 1115 peraraverat,

38 1148 73 1188 et
94 1135 345 1186 nuntiatum
369 1142 474 1197 est,
506 1133 629 1187 liora
657 1143 918 1198 monente,
946 1135 1183 1202 progredi
1209 1142 1506 1204 episcopum

37 1227 81 1275 de
102 1223 394 1290 receptorio:
435 1236 638 1286 nosque
672 1223 1012 1275 surreximus.
1048 1223 1121 1276 Da
1152 1224 1417 1289 postulatae
1455 1235 1509 1278 tu

35 1311 188 1362 veniam
221 1309 516 1363 cantilena.
560 1309 688 1362 Illud
731 1317 902 1362 autem
942 1311 1116 1374 ambo,
1164 1314 1297 1377 quod
1341 1315 1508 1380 majus

33 1409 103 1462 est,
127 1401 344 1468 quodque
365 1413 450 1452 me
482 1414 650 1466 nuper
672 1398 722 1452 in
744 1399 1015 1466 quemdam
1049 1400 1162 1452 dies
1187 1400 1352 1454 bonos
1373 1403 1507 1455 male

33 1485 227 1540 ferentem
270 1486 588 1550 parabolice,
635 1501 728 1539 seu
772 1488 984 1554 figurate
1024 1487 1228 1540 dictare
1252 1487 1500 1556 jussistis,’

32 1574 218 1641 quodque
251 1573 556 1640 expeditum
596 1587 715 1631 cras
741 1573 1010 1639 dirigetur.
1040 1573 1174 1626 clam
1203 1587 1502 1640 recensete;

31 1671 64 1710 et
92 1660 124 1712 ti
159 1661 332 1727 placet,
361 1663 588 1715 edentes
617 1661 820 1724 fovete;
870 1661 914 1713 si
959 1660 1219 1728 displicet,
1265 1662 1522 1717 delentes.

31 1747 291 1813 igntiscitote.
322 1746 468 1801 Vale.

460 1832 788 1889 EPISTULA
827 1834 1007 1890 XVIII.

299 1940 546 1997 Sidonius
576 1949 602 1978 λ
629 1944 797 1996 Attalo
822 1960 913 1996 suo
940 1944 1168 1998 salu'em.

79 2049 232 2103 Hediae
250 2051 446 2104 civitati
478 2061 532 2105 te
563 2052 840 2118 prasidere
871 2057 1112 2120 coepisse.
1143 2055 1310 2109 libens
1343 2066 1499 2125 atque

34 2152 115 2190 tum
131 2140 295 2206 gaudio
319 2140 524 2207 accepi.
560 2140 772 2194 Laetitiae
799 2156 950 2195 causa
977 2143 1347 2210 quadripartita
1376 2153 1494 2198 est:

32 2231 164 2293 prima,
187 2230 313 2295 quod
337 2235 572 2294 amicus;
597 2231 841 2298 secunda,
864 2234 998 2300 quod
1021 2232 1192 2299 justus
1213 2248 1298 2296 es;
1322 2239 1493 2298 tertia,

32 2317 124 2378 quod
159 2330 384 2386 severus;
414 2325 622 2385 quarta,
661 2320 796 2385 quod
836 2322 1118 2386 prosimus.
1161 2320 1273 2385 Quo
1309 2321 1395 2382 fit,
1440 2331 1496 2374 ut

36 2403 174 2456 nostris
197 2413 597 2470 nostrorumque
625 2406 997 2469 contractibus,
1040 2407 1316 2473 plurimum
1344 2408 1492 2472 velis,

32 2485 186 2549 debeas,
215 2491 376 2556 possis
412 2491 680 2557 opitulari.
727 2491 882 2565 Igitur
914 2493 1231 2558 amplectens
1255 2494 1308 2546 in
1347 2494 1495 2548 fami-

33 2576 108 2626 liari
128 2588 302 2630 vetusto
328 2594 523 2632 novum
547 2581 634 2646 jus
661 2583 928 2644 potestatis
953 2581 1198 2649 indeptae,
1228 2585 1493 2638 materiam

31 2663 230 2718 beneﬁciis
251 2669 472 2733 tuisjam
509 2667 599 2719 ditt
629 2683 823 2734 quaero.
862 2669 1057 2734 Quibus
1088 2685 1170 2724 tne
1197 2678 1394 2724 tantum
1429 2674 1489 2724 li-

31 2753 116 2806 dere
131 2769 354 2821 agnosce,
380 2767 437 2809 ut
466 2767 520 2810 et
548 2758 591 2810 si
622 2774 721 2810 non
748 2760 952 2811 invenio
972 2775 1086 2827 quae
1111 2775 1338 2828 poscam,
1362 2777 1495 2830 qua:-

31 2837 169 2893 titttrtts
191 2844 306 2897 milii
333 2846 563 2898 videaris
590 2847 699 2910 ipse
725 2862 838 2914 qua:
865 2848 1079 2901 tribuas.
1107 2848 1252 2902 Vale.

383 2959 541 3027 152
580 2958 896 3026 EPISTULA
938 2959 1071 3014 XIX.

294 3044 539 3097 Sidonius
569 3044 786 3098 Pudenti
813 3063 904 3098 suo
928 3051 1157 3101 salutem.

73 3148 252 3203 Nutricis
275 3166 404 3204 mea:
448 3152 612 3204 filiam
645 3153 777 3204 filius
815 3160 914 3204 tute
948 3155 1154 3218 rapuit:
1188 3154 1386 3207 facinus
1413 3155 1492 3207 in-

30 3235 205 3304 dignum,
232 3240 472 3308 quodque
511 3253 608 3290 Vos
647 3253 840 3306 nosque
878 3240 1206 3304 inimicasset,
1246 3242 1343 3294 nisi
1369 3258 1489 3308 pro-

27 3325 121 3378 tinus
137 3328 326 3380 scissem
359 3336 409 3380 te
433 3326 672 3380 nescisse
699 3327 1004 3380 faciendum.
1035 3328 1134 3382 Sed
1165 3331 1490 3382 conscientias

28 3421 94 3461 tua:
119 3419 389 3482 purgatione
411 3414 654 3482 prmlata,
671 3425 849 3481 petere
874 3415 1101 3483 dignaris
1126 3418 1288 3483 culpa:
1317 3419 1491 3470 calen-

26 3498 69 3548 tis
87 3500 427 3566 impunitatem.
452 3503 570 3554 Sub
597 3502 893 3555 conditione
931 3503 1181 3569 concedo,
1205 3505 1247 3558 si
1288 3513 1492 3572 stupra-

29 3595 144 3638 torem
169 3588 190 3626 δ
231 3606 316 3654 pro
356 3591 580 3643 domino
615 3589 721 3656 jam
765 3603 1008 3658 patronus
1047 3594 1279 3660 originali
1320 3595 1490 3649 solvas

25 3671 281 3739 inquilinatu.
316 3679 506 3732 Mulier
549 3687 721 3731 autem
760 3680 845 3732 illa
880 3682 984 3746 jam
1014 3682 1176 3734 libera
1207 3691 1286 3735 est
1319 3701 1330 3734 :
1375 3699 1490 3752 quae

25 3767 97 3808 tum
137 3763 320 3820 demum
367 3766 639 3820 videbitur
685 3782 787 3819 non
838 3769 1058 3820 ludibrio
1101 3770 1342 3834 addicta,
1393 3773 1486 3824 sed

25 3859 223 3915 assumpta
246 3854 489 3920 coniugio
518 3869 536 3918 ;
561 3855 604 3906 si
631 3869 747 3906 reus
785 3866 960 3908 noster
990 3871 1079 3921 pro
1099 3873 1200 3922 quo
1239 3859 1484 3922 precaris,

25 3948 105 3987 mox
127 3941 266 3992 cliens
293 3945 457 3995 factus
487 3956 520 3993 e
554 3942 846 4003 tributario,
878 3942 1126 4006 plebeiam
1159 3945 1324 4008 potius
1361 3946 1488 3996 inci-

23 4025 96 4087 piat
117 4026 280 4081 habere
308 4042 597 4095 personam
626 4043 774 4094 quam
798 4031 1138 4081 colonariam.
1163 4032 1286 4083 Nam
1319 4048 1484 4086 meam

25 4109 99 4162 hac
115 4116 208 4165 sola
230 4129 318 4167 seu
339 4115 679 4180 compositio,
703 4128 792 4168 seu
823 4116 1122 4178 satisfactio,
1153 4120 1231 4170 γει
1256 4134 1355 4172 non
1380 4135 1488 4172 meo

23 4198 209 4254 diocritcr
227 4203 596 4258 contumeliam
625 4207 866 4258 emendat
889 4222 902 4258 :
935 4209 1017 4272 qui
1051 4209 1147 4260 tuis
1173 4211 1304 4260 votis
1332 4221 1485 4276 atque

21 4287 205 4341 amicitiis
229 4293 320 4343 hoc
348 4293 655 4360 acquiesco,
677 4293 720 4344 si
740 4294 874 4345 laxat
905 4295 1111 4348 libertas
1136 4298 1400 4363 maritum,
1421 4314 1484 4351 ne

23 4379 272 4446 constringat
301 4397 454 4449 paena
483 4390 770 4448 raptorem.
802 4382 943 4435 Vale.

71 4525 275 4595 '_Comiti
306 4527 764 4595 Augustodunensi
805 4544 816 4579 :
851 4529 948 4579 hoc
987 4531 1144 4590 enim,
1180 4532 1381 4594 opinor,
1408 4542 1486 4585 est

23 4592 117 4648 qunti
145 4597 206 4645 ait
233 4592 411 4648 Eduze
441 4598 648 4646 civitati.
677 4597 954 4659 pra‘sidere
980 4613 1216 4660 cmpusse.
1257 4592 1484 4650 Comita-

25 4660 408 4729 lttmrEdueusetn
457 4673 583 4714 ante
623 4663 922 4715 cathedram
965 4667 1307 4729 episcopalem
1355 4671 1486 4716 rexit

25 4723 238 4796 ἶξΐτὲοτίυε
265 4730 755 4788 Linaonicusnnnis
778 4734 862 4791 ω,
880 4744 932 4781 ιιι
965 4723 1279 4784 Turonensis
1304 4736 1349 4783 in
1373 4739 1484 4795 ejus

25 4787 277 4864 Iitarefert.
325 4799 455 4849 Iluic
487 4810 648 4864 nepos
690 4797 779 4846 fuit
813 4787 1032 4864 Attali“,
1077 4801 1140 4850 de
1181 4816 1281 4863 quo
1309 4787 1486 4852 auc'tnr

24 4859 216 4928 ideut‘lb.
233 4876 306 4924 ιιι,
329 4879 447 4928 cap.
479 4862 564 4913 15.
594 4865 722 4912 Ante
749 4866 842 4914 ltus
866 4880 988 4916 vero
1011 4859 1208 4916 Attalus
1228 4868 1307 4918 hic
1334 4870 1481 4918 alter.

72 4931 87 4958 "
119 4925 289 4995 Duplex
336 4925 419 4979 illa
463 4929 732 4980 distinctio
770 4935 1130 4995 agricolarum,
1171 4936 1222 4985 in
1261 4936 1484 4985 censitos

25 4994 405 5066 Ira-trinutarios,
439 5005 699 5066 servosrrt
724 4994 933 5049 colonos
965 5000 1175 5059 liberos,
1208 5003 1289 5066 qui
1322 5011 1372 5052 et
1412 5004 1486 5050 in-

25 5060 176 5120 quiliui,
199 5062 306 5130 cod.
348 5068 413 5113 de
447 5064 717 5128 agricolis,
751 5077 992 5130 perpetua
1025 5078 1073 5116 et
1102 5060 1341 5118 cmis'tans
1387 5084 1483 5116 non

25 5131 89 5196 ρει.
114 5138 166 5196 ne
184 5127 307 5192 apud
333 5127 712 5194 ipsos’quidem
739 5127 1149 5196 juriéc-OnSuILos.
1174 5137 1340 5196 Quare
1364 5134 1479 5183 ferri

26 5184 390 5263 ltocloco'pntest
414 5184 786 5263 Sidoniumqin
815 5201 1051 5251 eumdem
1083 5184 1323 5251 Pudentis
1353 5215 1484 5262 agri-

27 5259 148 5330 culatn
180 5275 394 5325 servum,
437 5259 776 5330 originariu—tn
817 5268 1138 5330 inquilinum,
1170 5280 1214 5330 et
1245 5259 1479 5315 colonum

29 5319 145 5397 figit:
170 5335 214 5377 et
233 5319 688 5388 manuinitti'vuit,
711 5342 764 5380 ut
795 5319 961 5383 liat'ex
988 5319 1192 5383 domino
1215 5341 1476 5397 patronus,

29 5387 100 5454 83
120 5406 167 5442 ex
190 5407 326 5446 servo
359 5397 549 5447 ciens.
575 5387 824 5447 Sic’enitn
849 5411 897 5450 et
930 5401 962 5448 Ι.
992 5416 1024 5449 ιι
1068 5402 1181 5449 cod.
1215 5387 1267 5449 in
1299 5387 1477 5461 quibus

29 5465 316 5531 tia-utscoloni
339 5464 585 5514 dominos
611 5475 851 5531 accusare
879 5474 1108 5530 possunt,
1138 5470 1477 5531 agr-.colarum

31 5525 171 5578 dctttiui
195 5539 238 5581 et
264 5532 461 5590 patroni
493 5525 895 5591 dtStinguuntur'.

1212 331 1674 389 ειηδτοιιιιωι
1711 333 1836 390 LIB.
1876 337 1936 389 ιν.

49 453 181 500 nosse,
200 451 340 504 quem
369 437 614 504 plausum
647 436 899 492 sententia
938 445 1043 492 tam
1081 441 1369 506 repentina,
1397 450 1502 496 tam
1533 447 1581 503 Α

3029 337 3136 395 830

2131 443 2446 499 EPIS’I‘OLA
2487 444 2599 500 XX.

1951 553 2186 607 Sidonius
2219 553 2412 606 Pastori
2442 572 2531 607 suo
2556 556 2786 620 salutem.

1676 681 1822 748 Quod
1846 681 1930 736 die
1954 681 2199 735 hesterno
2221 683 2457 737 tractatui
2478 683 2703 738 civitatis
2723 685 2773 736 in
2800 687 3018 739 concilio
3041 688 3105 740 de

1608 770 1768 834 fuisti,
1796 785 1861 822 ex
1893 770 2143 823 industria
2175 773 2364 824 factum
2401 785 2519 838 pars
2555 773 2737 824 melior
2760 776 2982 842 accepit;
3013 789 3127 841 quae

1606 857 1864 923 suspicata
1892 865 1972 910 est
2003 855 2052 909 id
2080 866 2130 909 te
2153 871 2360 922 cavere,
2389 873 2454 911 ne
2482 859 2580 912 tuis
2611 859 2839 914 humeris
2875 877 3004 914 onus
3045 865 3126 913 fu-

1609 957 1735 999 tura:
1757 946 2031 1011 legationis
2055 946 2429 1022 imponeretur.
2447 949 2699 1002 .Gratulor
2738 951 2827 1003 tibi
2853 943 2986 1018 quod
3015 953 3128 1005 istis

1606 1035 1834 1087 moribus
1871 1035 2021 1098 vivis,
2059 1043 2116 1089 ut
2147 1050 2359 1099 necesse
2384 1037 2574 1090 habeas
2601 1039 2904 1093 electionem
2945 1042 3016 1094 tui
3061 1045 3126 1092 ti-

1606 1137 1750 1176 mere
1778 1139 1792 1174 :
1822 1123 1974 1176 laudo
2000 1122 2314 1189 efﬁcaciam,
2345 1126 2572 1194 suspicio
2596 1128 2935 1194 prudentiam,
2972 1132 3122 1199 153

1609 1225 1898 1278 prosequor
1935 1212 2089 1265 laude
2123 1211 2440 1266 felicitatem.
2478 1213 2611 1279 Opto
2649 1214 2872 1281 denique
2906 1221 3121 1284 aequalia

1605 1299 1690 1364 iis,
1722 1313 1850 1367 quos
1874 1299 2142 1368 aequaliter
2160 1314 2300 1354 amo.
2335 1299 2478 1352 Multi
2509 1299 2801 1368 frequenter
2828 1318 2954 1368 quos
2974 1319 3122 1358 exse-

1603 1387 1810 1459 crabilis
1829 1373 2145 1455 popularitas
2164 1391 2290 1457 agit,
2306 1389 2492 1442 civium
2517 1393 2768 1444 maximos
2790 1408 2941 1446 manu
2962 1407 3119 1461 pren-

1603 1483 1740 1538 sant,
1764 1489 1910 1541 asque
1930 1479 2176 1528 conSessu
2209 1466 2412 1541 publico
2438 1477 2723 1544 abducunt,
2749 1494 2810 1532 ac
2835 1491 3124 1547 sequi-atrae

1604 1563 1671 1614 tis
1688 1561 1864 1614 oscula
1895 1562 2200 1628 impingunt,
2220 1575 2431 1627 operam
2452 1576 2596 1614 suam
2619 1565 2997 1630 spondent,sed
3022 1583 3122 1619 non

1603 1648 1767 1716 petiti.
1804 1647 1973 1715 thue
2009 1648 2282 1702 videantur
2311 1649 2360 1700 in
2398 1650 2586 1717 negotii
2629 1654 2917 1706 communis
2953 1668 3121 1706 asser-

1532 1755 1574 1813 B
1605 1737 1742 1789 tione
1771 1736 1946 1803 legati,
1963 1738 2287 1790 evectionem
2308 1737 2604 1802 refundunt,
2629 1739 2868 1806 ipsusque
2887 1750 3123 1807 sumptus

1601 1824 1734 1876 ultro
1761 1831 2022 1889 recusant,
2043 1834 2094 1877 et
2120 1815 2185 1877 ab
2209 1824 2405 1876 ambitu
2433 1824 2563 1877 clam
2586 1837 2769 1892 rogant
2790 1841 2816 1878 s
2838 1829 3042 1892 ngnios,
3066 1841 3121 1881 ut

1596 1912 1663 1965 ab
1687 1911 1921 1964 omnibus
1940 1911 2120 1980 palam
2135 1920 2397 1979 rogentur.
2411 1910 2498 1965 Sic
2518 1927 2721 1985 quoque
2742 1927 2856 1966 cum
2886 1914 3119 1981 fatigatio

1596 2001 1803 2054 illorum
1851 2000 2069 2068 gratuita
2120 2003 2284 2068 possit
2332 2001 2552 2054 libenter
2594 2001 2817 2064 admitti,
2878 2003 3119 2056 libentius

1597 2098 1766 2140 tamen
1789 2099 1943 2155 atque
1962 2087 2233 2141 amabilius
2254 2089 2531 2142 verecundi
2553 2090 2808 2162 leguntur,
2825 2090 2976 2158 idque
2996 2107 3116 2144 cum

1593 2191 1818 2244 expensa
1859 2193 1873 2229 :
1914 2185 2108 2232 tantum
2135 2176 2452 2244 impudentia
2491 2191 2608 2231 sese
2637 2179 2960 2244 ingerentum
2991 2194 3119 2245 por.-

1592 2264 1733 2317 deris
1783 2263 1956 2325 habet,
2003 2264 2160 2315 etiam
2193 2274 2214 2301 ο
2262 2263 2389 2318 fasci
2439 2277 2556 2317 cum
2603 2265 2873 2318 tributario
2912 2265 3118 2319 nomine

1594 2357 1822 2419 ipsorum
1848 2357 1912 2406 nil
1941 2354 2346 2421 superfunditur.
2376 2354 2596 2407 Proinde
2616 2369 2903 2422 quanquam
2937 2366 2984 2409 'e
3012 2371 3116 2412 non

1593 2443 1797 2505 fefellit,
1846 2442 1967 2508 quid
2014 2442 2133 2495 boni
2179 2442 2369 2510 quique
2418 2443 2812 2502 meditarentur,
2861 2442 3018 2494 redde
3065 2454 3115 2494 te

1593 2542 1766 2586 tamen
1795 2531 2200 2598 exspectantium
2222 2533 2374 2594 votis,
2390 2540 2823 2598 expetentumque
2842 2532 3108 2584 caritatem

1592 2624 1776 2690 proba,
1807 2623 1891 2689 qui
1917 2620 2022 2688 jam
2054 2621 2277 2688 probasti
2309 2620 2576 2687 pudorem.
2606 2618 2750 2683 Quod
2774 2618 2893 2671 tlelu
2915 2621 2977 2670 sti
3011 2622 3113 2686 pri-

1591 2725 1752 2770 mum,
1783 2710 2048 2762 modestia:
2077 2709 2386 2762 ascribitur:
2418 2707 2481 2760 ad
2510 2709 2590 2775 ign
2610 2707 2765 2759 tviam
2797 2705 3004 2771 respicit
3028 2721 3114 2759 se-

1591 2801 1756 2852 cunda
1786 2799 1982 2851 dilatio.
2021 2797 2272 2850 Praeterea
2301 2796 2386 2849 tibi
2413 2795 2672 2848 Arelatem
2706 2795 2998 2860 profecturo
3025 2805 3107 2846 est

1590 2886 1899 2938 venerabilis
1925 2887 1975 2937 in
2003 2886 2184 2938 itinere
2223 2891 2401 2947 mater,
2435 2884 2639 2942 fratres,
2680 2893 2930 2946 amantes,
2962 2882 3110 2933 reda-

1591 2975 1882 3040 mantisque
1907 2973 2085 3038 patriae
2126 2973 2314 3032 solum,
2342 2970 2404 3022 ad
2436 2970 2569 3037 quod
2600 2977 2651 3020 et
2673 2979 2859 3036 prtett-r
2887 2971 3110 3021 occasio-

1515 3073 1559 3132 ο
1592 3077 1707 3118 nem
1746 3063 2051 3128 voluptuose
2081 3064 2324 3113 venitur:
2367 3069 2471 3112 tum
2497 3061 2681 3112 domus
2714 3062 2936 3124 protr-ia,
2966 3061 3112 3128 cujus

1591 3158 1870 3210 auctorem,
1913 3149 2132 3209 tineam,
2174 3161 2419 3209 messem,
2449 3147 2719 3210 olivetum,
2758 3155 2946 3199 tectum
2984 3163 3111 3214 quo-

1589 3250 1689 3302 que
1736 3236 1923 3303 ipsum,
1971 3237 2049 3288 vel
2097 3237 2216 3287 dum
2261 3236 2672 3301 praeterveharis,
2723 3236 2978 3299 inspicere
3029 3252 3111 3288 rc-s

1588 3323 1842 3375 commodi
1866 3333 1964 3378 est.
1994 3324 2318 3390 Quapmptcr
2344 3324 2531 3376 missus
2561 3337 2589 3374 a
2618 3324 2764 3375 nobis
2790 3330 2842 3375 et
2871 3323 2958 3374 tibi
2987 3337 3107 3387 per-

1589 3413 1750 3465 venis.
1789 3413 2016 3480 Namque
2043 3416 2144 3467 erit
2182 3416 2299 3466 talis
2334 3414 2430 3465 viae
2473 3422 2573 3465 tua:
2610 3427 2880 3480 causarque
2920 3424 3108 3466 nostra:

1587 3501 1834 3564 conditio,
1871 3504 1920 3553 ni
1952 3500 2121 3565 fallor,
2153 3511 2306 3570 atque
2335 3503 2714 3569 opportunitas,
2746 3512 2799 3553 ut
2828 3517 2920 3569 pro
2949 3503 3107 3554 bene-

1589 3588 1701 3640 ficio
1729 3589 1920 3640 civitati
1953 3605 2101 3654 posse
2133 3591 2385 3655 imputare
2417 3590 2826 3657 qumdocunquc
2853 3591 3096 3654 videaris,

1588 3676 1724 3744 quod
1747 3685 1859 3730 tuos
1886 3677 2093 3730 videris.
2127 3678 2266 3730 Vale.

2012 3803 2162 3871 154
2198 3803 2513 3856 EPlSTOLA
2556 3805 2687 3890 XXI.

1741 3909 1984 3962 Sidonius
2013 3912 2269 3963 Sacerdoti
2297 3920 2341 3961 et
2366 3909 2568 3962 Iustino
2593 3914 2694 3963 suis
2715 3912 2941 3966 salutem.

1651 4033 1677 4070 ά
1703 4034 1962 4088 Victorius
1994 4045 2202 4102 patruus
2233 4046 2422 4099 vester,
2457 4037 2534 4086 vir
2559 4044 2615 4088 ut
2635 4039 2890 4103 egregius,
2913 4039 2988 4090 sic
3017 4056 3102 4091 un-

1583 4124 1851 4189 decunque
1896 4124 2240 4188 doctissimus,
2290 4138 2406 4176 cum
2450 4133 2634 4176 caetera
2684 4135 2937 4189 potenter,
2986 4135 3093 4179 tum

1585 4209 1943 4275 potentiSsime
1982 4209 2211 4261 condidit
2240 4224 2439 4262 versus.
2475 4210 2593 4262 Mihi
2615 4226 2816 4278 quoque
2845 4226 3046 4278 semper
3075 4229 3102 4268 a

1586 4313 1742 4365 parvo
1781 4313 1902 4349 cura
1944 4313 2225 4349 musarum.
2265 4298 2408 4349 Nunc
2446 4313 2538 4350 vos
2567 4301 2760 4364 parenti
2784 4302 2966 4352 venitis
2999 4304 3102 4354 bre-

1516 4379 1756 4452 Dredes,
1805 4403 1956 4453 quam
1998 4387 2149 4453 jure,
2198 4395 2304 4438 tam
2351 4390 2555 4439 merito.
2607 4388 2748 4441 Ilicet
2797 4404 2890 4458 ego
2941 4403 3103 4458 poeta:

1661 4544 1682 4570 ο
1723 4534 1805 4586 Sic
1837 4535 2125 4600 legendum,
2159 4548 2257 4584 non
2286 4534 2494 4597 fascium
2518 4534 2790 4586 tributario.
2822 4537 3102 4600 Etiam,in-

1589 4602 1716 4665 quit,
1749 4617 1863 4652 cum
1895 4617 2168 4666 expensam
2202 4602 2395 4650 itineris
2422 4601 2467 4649 in
2499 4601 2590 4662 sui;
2611 4614 2695 4650 stis
2722 4604 2988 4666 recipiunt,
3013 4611 3101 4657 tri-

1591 4669 1931 4732 batoruntquc
1962 4685 1991 4718 ο
2033 4669 2200 4718 eribus
2226 4680 2401 4715 eorum
2431 4681 2582 4716 causa
2611 4668 2734 4716 nihil
2765 4673 2980 4719 accedit.
3005 4673 3096 4722 Lc-

1590 4738 1719 4799 gatis
1750 4742 1882 4785 enim
1911 4735 2115 4785 decerni
2147 4734 2277 4783 solet
2305 4743 2562 4781 viattcum.
2604 4735 2847 4785 Arcadius
2879 4738 3006 4787 libro
3034 4745 3099 4791 de

1592 4803 1891 4853 Muneribus
1919 4801 2172 4858 civiltbus,
2204 4800 2355 4850 D..tle
2381 4800 2679 4848 muneribus
2705 4811 2756 4851 et
2779 4804 3054 4856 honoribus
3083 4825 3093 4856 :

1589 4869 1758 4933 Legati
1792 4882 1981 4931 quoque
2020 4867 2102 4931 qui
2145 4869 2208 4913 ad
2250 4867 2523 4935 saerariumr
2550 4868 2782 4933 principis
2824 4882 3094 4935 mittuntur,

1587 4938 1809 4984 viaticum
1840 4935 1970 4998 quod
2002 4934 2260 4997 lcgativum
2289 4935 2484 4992 dicitur,
2511 4934 2754 4984 interdum
2781 4939 2939 4989 solent
2967 4934 3095 4991 arat.

1619 5017 1716 5050 crc.

1619 5019 1716 5050 ere.

1585 5019 1615 5138 ξ)
1651 5065 1675 5099 ά
1714 5066 1880 5138 ρυτξίιι
1911 5075 2244 5138 potesne-nm
2283 5075 2510 5138 tempora
2544 5082 2656 5138 non
2685 5069 2996 5138 discrepent,
3029 5091 3093 5126 an

1586 5134 1667 5182 hic
1707 5134 1771 5182 sit
1809 5132 2061 5183 Victorius
2094 5134 2377 5196 Aquianus
2416 5133 2500 5198 qui
2543 5135 2747 5198 Cyclum
2798 5132 3094 5192 Paschalem

1584 5200 1736 5248 Iiilart
1766 5199 2133 5273 archidiaconi,
2163 5202 2571 5273 Iiotnanimpostea
2609 5205 2882 5269 pomificis,
2913 5221 3092 5273 rogatu

1584 5266 2337 5338 9""‘Il‘l5l'il,‘Cottstantinoct
2369 5269 2494 5318 Rufo
2520 5283 2678 5331 coss.,
2713 5281 2764 5319 ut
2793 5287 2851 5322 ex
2874 5266 2997 5338 ejus
3027 5278 3090 5326 ad

1587 5333 1642 5382 lli
1670 5349 1809 5402 arum
1832 5333 2044 5402 epistola
2074 5348 2225 5398 patet.
2247 5336 2451 5388 VlCIUI'lI
2471 5344 2640 5386 autern
2667 5353 2726 5387 ex
2754 5333 3092 5402 fratre-nepo-

1587 5411 1689 5449 tum
1718 5400 1904 5449 Justiui
1934 5411 1984 5451 et
2013 5402 2203 5463 fratris,
2234 5406 2383 5457 tacito
2415 5404 2618 5456 nomine
2644 5403 2820 5456 iterum
2863 5400 3093 5462 meminit

1586 5469 1634 5518 in
1660 5469 2032 5533 I’ropemptico.
