3812 6226
677 286 771 347 551

1877 274 2118 330 SlDONll
2155 269 2595 327 APOLLINARIS

3720 265 3785 330 5515

678 393 945 461 proximus
975 389 1042 442 lio
1069 387 1408 456 professione,
1441 401 1531 441 vos
1559 386 1775 440 semine.
1808 387 1942 452 Ergo
1968 384 2200 451 justissio
2232 387 2281 441 Α
2308 382 2418 444 dat,
2465 389 2522 432 ut
2565 377 2817 446 jungitur.
2871 379 3096 445 Ideoque
3137 375 3444 446 patrimonia
3494 383 3672 442 tencte,
3707 379 3785 440 dati

680 498 818 535 mum
856 488 952 542 est,
990 486 1046 529 ut
1082 478 1168 530 die
1209 478 1382 529 functo
1410 478 1486 540 sic
1510 476 1730 541 quisque
1758 483 1993 524 nostrum
2025 485 2208 522 succo-

2314 468 2566 523 cartnina.
2602 466 2796 518 Valete.

688 579 3688 619 ____________.________.____________

1661 659 2127 767 LIBER
2196 657 2842 763 SEXTUS.

1048 829 1200 900 155
1238 822 1560 880 EPISTOLA
1612 820 1833 875 l’llltiA.

885 956 1124 1010 Sidonius
1152 953 1352 1004 domino
1379 958 1404 986 α
1433 963 1577 1017 papae
1600 946 1743 1014 Lupo
1776 946 2005 997 salutem.

749 1085 1063 1141 Benedictus
1089 1079 1314 1147 Spiritus
1341 1085 1557 1129 sanctus
1584 1083 1638 1128 et
1666 1086 1812 1142 pater
1848 1074 1937 1127 Dei
1977 1073 2214 1139 omnipo-

679 1177 858 1239 tentis,
880 1171 1016 1240 quod
1039 1179 1093 1221 tu
1116 1177 1264 1234 pater
1285 1173 1517 1232 patrum,
1547 1171 1599 1215 et
1632 1163 1907 1226 episcopus
1935 1161 2212 1227 episc0p0-

681 1280 817 1327 rum,
839 1272 892 1315 et
915 1261 1045 1312 alter
1073 1254 1248 1310 saeculi
1279 1253 1349 1306 tui
1377 1253 1622 1317 Iacobus,
1649 1251 1714 1303 de
1741 1249 1962 1314 quadam
1998 1249 2210 1314 specula

682 1351 936 1412 caritatis,
968 1362 1063 1400 nec
1091 1348 1157 1398 de
1180 1343 1411 1396 inferiori
1458 1341 1804 1401 Hierusalem,
1832 1350 1933 1390 tota
1969 1338 2212 1391 Ecclesia:

688 1441 776 1493 Dei
800 1438 960 1490 nostri
986 1432 1212 1488 membra
1238 1429 1643 1499 superinspicis;
1688 1428 1871 1494 dignus
1904 1427 1990 1494 qui
2032 1440 2214 1478 tmncs

682 1526 969 1580 consoleris
991 1523 1246 1584 infirmos,
1274 1521 1466 1587 quique
1485 1520 1672 1570 merito
1698 1516 1765 1567 ab
1807 1515 2048 1567 omnibus
2091 1527 2214 1564 cou-

684 1615 888 1668 sularis.
930 1613 994 1665 Et
1022 1611 1142 1679 quid
1183 1624 1318 1661 nunc
1347 1621 1442 1674 ego
1471 1606 1682 1673 dignum
1733 1604 2016 1672 dignationi
2065 1601 2216 1669 15G

683 1707 799 1758 huic
823 1703 984 1772 putris
1011 1711 1062 1754 et
1091 1699 1248 1753 fetida
1278 1708 1422 1751 reatu
1451 1706 1587 1749 terra
1627 1694 2007 1760 re-pnndeain?
2036 1691 2212 1741 Collu-

682 1795 791 1862 quii
821 1790 1062 1844 salutaris
1084 1789 1184 1850 tui,
1213 1794 1268 1841 et
1293 1784 1626 1852 indigentiam
1656 1782 1853 1848 patiens
1879 1789 1932 1832 et
1954 1780 2213 1834 titur-retu.

686 1881 1044 1936 recordatione
1071 1879 1186 1930 vitm
1221 1874 1499 1942 plectibilis
1522 1873 1771 1936 adducor,
1792 1883 1844 1923 ut
1865 1874 2081 1922 clamem
2103 1869 2213 1929 tibi,

685 1969 822 2036 quod
849 1968 981 2020 dixit
1007 1966 1227 2018 Domino
1248 1972 1368 2015 tuus
1393 1962 1479 2014 ille
1503 1960 1698 2026 collega
1732 1975 1745 2009 :
1780 1956 1877 2010 Exi
1903 1975 1933 2008 a
1958 1972 2034 2008 me
2058 1999 2071 2022 ,
2102 1956 2218 2022 quia

685 2061 832 2109 homo
855 2065 1083 2125 peccator
1111 2069 1239 2112 sum.
1269 2052 1477 2103 Domine
1507 2048 1656 2118 (Luc.
1688 2065 1734 2110 ν,
1767 2047 1843 2116 8).
1893 2045 1992 2100 Sed
2037 2045 2079 2098 si
2119 2045 2216 2097 iste
2247 2082 2290 2140 Β

688 2146 844 2198 timor
867 2160 966 2195 non
1000 2148 1318 2206 temperetur
1341 2139 1555 2200 alTectu,
1599 2152 1780 2190 vereor
1821 2151 1885 2188 no
1926 2134 2212 2187 Geraseno-

685 2249 798 2287 rum
826 2231 1076 2286 de—tituar
1102 2228 1360 2297 exemplo,
1387 2227 1624 2280 discedas
1644 2240 1670 2276 a
1697 2226 1884 2278 finibus
1905 2225 2050 2278 meis.
2079 2224 2212 2288 Quin

686 2323 856 2390 potius
887 2320 1042 2383 illud,
1072 2319 1206 2386 quod
1241 2317 1364 2369 tnihi
1393 2313 1774 2370 conducibilius
1803 2323 1910 2376 est,
1943 2313 2212 2377 colleprosi

687 2413 787 2465 mei
811 2423 860 2464 te
879 2411 1138 2478 proposita
1156 2407 1451 2459 conditione
1471 2406 1839 2469 constringam,
1859 2417 1908 2453 ut
1934 2402 2066 2452 aiant
2090 2400 2211 2453 tibi:

590 2480 601 2490 ’
687 2501 748 2555 Si
769 2501 859 2561 uis,
900 2507 1034 2564 pntcs
1065 2512 1141 2547 me
1171 2496 1414 2545 mundare
1451 2492 1673 2560 (Matth.
1709 2506 1835 2553 vui,
1869 2489 1954 2558 ‘2).
1991 2490 2101 2555 Qua
2134 2491 2216 2541 ille

689 2588 945 2640 sententia
977 2598 1079 2636 non
1107 2584 1220 2649 plus
1242 2582 1306 2633 de
1333 2580 1542 2633 Christo
1568 2579 1688 2645 quid
1731 2587 1929 2645 peteret
1972 2577 2213 2644 prodidit,

685 2688 840 2742 quam
868 2672 955 2738 qui
983 2667 1551 2733 cretlcretpublicavit.
1581 2668 1716 2732 Ergo
1744 2680 1808 2717 ne
1837 2681 1950 2715 tuin
1982 2666 2056 2716 sis
2094 2669 2217 2730 ’pro-

688 2765 772 2817 cul
801 2762 1040 2827 ambiguo
1080 2759 1272 2827 primus
1311 2757 1542 2809 omnium
1590 2764 1718 2815 toto,
1760 2769 1858 2821 qna
1902 2761 2061 2821 patet,
2092 2753 2217 2805 orbe

691 2852 1010 2921 pontificum,
1043 2863 1160 2920 cunt
1188 2845 1548 2914 praerogativa:
1590 2843 1905 2910 subjiciatur,
1949 2856 2064 2893 cum
2096 2856 2220 2894 cen-

687 2956 825 2994 sura:
852 2951 950 2991 tua:
973 2947 1212 2990 attremat
1252 2935 1405 2987 etiam
1440 2934 1584 2986 turba
1613 2933 1844 2999 collegii;
1870 2946 1982 2984 cuiu
2018 2933 2066 2982 in
2094 2945 2217 2998 gra-

691 3028 862 3081 vitatis
893 3038 1080 3078 vestra:
1106 3024 1578 3092 comparationem,
1603 3023 1713 3088 ipsa
1737 3024 1891 3075 etiam
1918 3020 2218 3088 grandaevo-

691 3132 804 3170 rum
833 3117 988 3167 corda
1015 3122 1348 3180 puwrascant;
1380 3126 1495 3164 cum
1525 3121 1641 3179 post
1669 3110 1945 3162 desudatas
1971 3107 1995 3144 ιι
2024 3108 2218 3160 militiae

692 3204 978 3258 Lirinensis
1018 3202 1296 3262 excubias,
1336 3211 1388 3254 et
1419 3203 1471 3252 in
1495 3200 1776 3265 apostolica
1815 3197 1940 3250 si-de
1971 3208 1990 3232 ο
2033 3212 2218 3248 nnwm

689 3295 791 3361 jam
817 3295 1030 3346 decursa
1060 3289 1432 3356 quinquennia,
1460 3289 1727 3352 utriusque
1753 3295 2048 3337 sanctorum
2080 3284 2221 3335 ordi-

691 3383 774 3434 nis
833 3379 1108 3446 quemdam
1167 3387 1217 3428 te
1269 3375 1794 3427 conclamatissimum
1849 3372 2216 3436 primipilarem

689 3465 937 3534 spiritalia
967 3473 1135 3514 castra
1165 3474 1475 3513 venerentur
1510 3476 1522 3510 :
1553 3467 1607 3508 tu
1638 3452 1971 3508 nihilominus
1996 3457 2221 3506 hastato-

677 3555 808 3607 ‘rum
857 3552 1404 3616 antesignatorumque
1447 3545 1706 3613 paulisper
1755 3545 2094 3597 contubernio
2134 3558 2220 3597 se-

693 3653 1014 3710 quesrratus,
1042 3638 1252 3689 ultituos
1276 3637 1486 3687 calones
1513 3641 1632 3685 tuos
1659 3633 1891 3696 lixasque
1920 3647 2020 3684 non
2050 3632 2223 3698 despi-

690 3736 785 3798 cis,
818 3742 869 3785 et
898 3733 961 3782 ad
996 3729 1221 3783 extimos
1251 3725 1598 3778 trahariorum
1626 3725 1710 3791 qui
1742 3738 1834 3789 per
1874 3723 2222 3789 insipientiam

691 3837 837 3876 suam
880 3821 1050 3873 adhuc
1090 3817 1155 3869 ad
1205 3815 1380 3868 carnis
1416 3812 1648 3867 sarcinas
1691 3812 1895 3874 sedent,
1937 3811 2106 3864 crucis
2135 3811 2221 3863 diu

694 3917 909 3977 portata:
938 3906 1122 3959 vexilla
1145 3902 1467 3962 circumfers,
1487 3915 1546 3952 ac
1569 3915 1775 3952 manum
1794 3900 1977 3966 lingttm
2001 3899 2222 3967 porrigis

696 3999 745 4050 iit
775 3996 1095 4050 conscientia
1123 3990 1427 4044 vulneratis.
1458 3989 1632 4052 Nosti,
1664 3996 1720 4040 ut
1755 4001 1988 4055 apparet,
2036 4003 2099 4040 ex
2131 3989 2223 4040 ad-

696 4099 849 4137 versa
892 4085 1002 4135 acie
1053 4082 1333 4140 sauciatos,
1382 4077 1486 4131 dux
1531 4085 1797 4141 veterane,
1846 4078 2119 4146 colligere;
2171 4087 2226 4131 et

781 4241 806 4270 α
833 4228 1087 4292 EpiscOpo
1112 4226 1429 4278 Tricassino.
1458 4225 1512 4275 in
1547 4225 1683 4275 hunc
1705 4224 1893 4274 librum
1920 4234 1971 4276 et
1998 4239 2222 4291 sequen-

696 4311 800 4352 tem
837 4305 1094 4362 congestae
1144 4305 1265 4344 sunt
1306 4294 1541 4362 epistula;
1585 4292 1650 4341 ad
1695 4294 1968 4362 episcupos
1994 4299 2222 4362 scriptae.

697 4359 1080 4421 Gallicanorum
1111 4373 1284 4412 autem
1311 4360 1423 4425 ejus
1454 4361 1546 4409 aevi
1578 4359 1876 4422 pontificum
1917 4359 2113 4410 Sidonii
2142 4361 2223 4425 in,

696 4441 834 4490 dicio
866 4433 1016 4486 facile
1043 4430 1288 4497 princeps
1310 4429 1502 4493 Lupus,
1533 4440 1649 4497 cum
1679 4425 1884 4497 caneris
1907 4427 2083 4497 rebus,
2119 4436 2222 4478 tum

699 4504 993 4557 Britannica
1044 4494 1324 4567 legatione,
1364 4503 1419 4548 et
1461 4494 1626 4561 pacati
1663 4494 1863 4546 civibus
1913 4494 2021 4544 suis
2054 4496 2228 4547 Attila:

697 4575 858 4640 gloria
895 4571 1086 4640 clarus.

769 4640 793 4676 δ
836 4639 1125 4690 lnsulanam
1149 4632 1394 4701 angelica:
1415 4629 1830 4701 congregationis
1853 4630 2084 4701 militiam
2101 4631 2230 4682 dixit

707 4709 926 4760 Faustus
955 4705 1194 4757 Reiensis
1225 4699 1446 4768 epistola
1479 4703 1511 4752 5
1539 4699 1600 4751 ad
1635 4700 1917 4758 Ruricium,
1958 4699 2023 4750 de
2055 4699 2228 4751 Liriuo

701 4775 881 4828 eadem
930 4775 1166 4836 loquens,
1220 4786 1336 4836 qua:
1380 4784 1657 4822 commune
1695 4775 1816 4818 tunc
1844 4777 1956 4820 erat
1982 4769 2224 4819 S'JCllilllll

699 4842 1058 4895 abdicantlbus
1102 4841 1447 4908 gymnasium.
1524 4843 1574 4888 ln
1631 4852 1688 4888 ea
1747 4847 2041 4908 versatum
2074 4838 2227 4890 fuisse

705 4913 900 4975 Lupum
955 4924 1053 4960 non
1095 4906 1260 4958 solum
1305 4909 1386 4957 hic
1436 4908 1578 4957 locus
1620 4908 1864 4975 ostendit,
1907 4917 1958 4956 et
1995 4906 2081 4956 lib.
2117 4921 2226 4962 vin.

699 4973 853 5045 epist.
888 4977 971 5045 id,
991 4977 1082 5027 sed
1113 4978 1299 5027 Euchet
1317 4976 1394 5025 ius
1421 4990 1624 5040 qu0que
1643 4977 1702 5023 ad
1727 4973 1974 5045 lliiarium
1993 4976 2056 5045 de
2080 4975 2228 5026 laude

699 5043 862 5099 eremi
888 5061 900 5094 :
928 5043 1047 5093 "(BC
1075 5045 1262 5103 habuit,
1290 5045 1474 5110 inquit,
1504 5044 1751 5094 t‘evercndt’
1775 5043 1980 5092 nominis
2009 5043 2225 5110 Lupum,

700 5116 783 5183 qui
812 5113 948 5163 nobis
978 5111 1120 5161 illum
1143 5127 1201 5162 ea:
1222 5113 1349 5162 tribu
1381 5111 1640 5183 {ienjamin
1669 5111 1861 5183 Lupum
1885 5113 2047 5161 retulit
2079 5127 2095 5162 :
2124 5112 2226 5162 lim:

702 5179 869 5234 imbuit
920 5194 1208 5247 germanum
1247 5196 1352 5245 ejus
1389 5179 1719 5243 Vincentium,
1765 5182 1956 5229 interno
1985 5196 2223 5245 gemmam

700 5250 960 5319 splendore
991 5250 1326 5319 perspicuama
1349 5249 1473 5319 Lupi
1501 5249 1713 5300 fratrem
1741 5248 1866 5298 dicit
1900 5247 2223 5319 Vincentium

703 5314 1086 5385 presbyterum,
1128 5314 1413 5385 clarissimi
1454 5319 1678 5366 nominis
1722 5317 2225 5385 scriptorem.Quin

702 5383 882 5437 horum
912 5383 1234 5450 potissimum
1267 5384 1562 5450 meminisse
1591 5385 1721 5447 apud
1768 5386 2014 5435 lltlarium
2048 5384 2230 5436 Arela-

703 5447 1149 5503 tensem'videtttr,
1203 5450 1338 5509 quod
1393 5447 1570 5499 Hilarii
1622 5465 1854 5502 sororem
1890 5453 2222 5507 [’itttcniolatn

705 5522 879 5586 Lupus
909 5521 959 5571 in
990 5514 1315 5566 matrimonio
1339 5515 1592 5580 quondam
1627 5520 1892 5571 habuerat.

2313 814 2660 886 peritissimus
2690 815 2895 869 tubicen
2925 815 2986 868 ad
3014 815 3278 870 Christum
3310 832 3338 870 a
3367 816 3594 884 peccatis
3613 817 3785 883 rccett-i

2309 915 2526 965 canere;
2573 903 2722 970 157
2767 911 2821 955 et
2873 905 3155 970 evangelici
3194 907 3421 972 pastoris
3457 907 3682 972 exemplo
3717 923 3785 964 nini

2310 991 2534 1058 amplius
2563 991 2774 1056 laetaris,
2811 990 2855 1042 si
2897 1000 3235 1055 permaneant
3268 991 3413 1054 sani,
3450 1007 3606 1060 quam
3647 993 3683 1044 si
3717 1011 3785 1050 mn

2311 1087 2617 1131 remaneant
2640 1076 2924 1147 desperati.
2954 1077 3028 1131 Te
3057 1092 3183 1144 ergo
3213 1094 3392 1132 norma
3425 1096 3646 1143 morum,
3671 1092 3708 1134 te
3730 1098 3785 1134 cm

2311 1169 2484 1220 lttmna
2516 1167 2785 1230 virtutum,
2816 1177 2885 1226 te.
2908 1166 2953 1219 si
2985 1166 3203 1218 blandiri
3229 1169 3329 1220 reis
3353 1168 3494 1230 licet,
3538 1183 3670 1233 vera,
3704 1171 3785 1235 quit

2310 1266 2511 1319 sancta,
2534 1255 2780 1320 dulcedo,
2804 1254 3206 1320 despicatissimi
3248 1256 3436 1308 vermis
3463 1258 3632 1310 ulcera
3664 1258 3785 1323 digitit

2311 1341 2692 1400 exhortationis
2738 1339 3065 1413 contrectare
3103 1359 3206 1396 non
3247 1345 3451 1412 piguit:
3497 1345 3588 1397 tilii
3614 1348 3785 1402 avaritia

2313 1448 2415 1486 non
2447 1430 2539 1485 fuit
2569 1445 2783 1500 pascere
2805 1428 3015 1484 monitis
3039 1433 3267 1485 animam
3293 1431 3785 1500 fragilitatejejunam;

2312 1533 2364 1576 et
2390 1521 2456 1575 de
2479 1505 2726 1590 apotheca
2755 1521 3049 1576 dilectionis
3079 1521 3366 1587 altissimas,
3398 1524 3656 1576 sectandae
3683 1525 3785 1578 nebit

2294 1608 2618 1662 humilitatis
2645 1610 2921 1677 propinare
2945 1624 3263 1662 mensuram.
3309 1609 3412 1663 Sed
3453 1625 3569 1672 ora,
3599 1620 3649 1663 ut
3670 1628 3785 1676 quam

2314 1697 2485 1762 doque
2513 1695 2848 1761 resipiscam,
2895 1709 3143 1763 quantum
3185 1713 3326 1752 meas
3367 1699 3623 1766 deprimat
3663 1685 3785 1752 omni

2315 1784 2537 1851 impositi
2579 1799 2748 1836 massa
2804 1786 3056 1839 cervices.
3111 1787 3417 1841 Facinorum
3455 1773 3785 1844 οοιιιίιιιιιιιιοιτέ

2316 1875 2474 1927 miser
2498 1889 2561 1928 eo
2589 1875 2918 1929 necessitatis
2945 1876 3161 1937 acccssi,
3191 1889 3248 1929 ut
3275 1879 3322 1930 is
3363 1892 3459 1945 pro
3501 1892 3695 1945 peccato
3726 1891 3785 1942 ριμ

2319 1962 2425 2030 puli
2451 1976 2592 2016 nunc
2622 1977 2776 2016 orare
2812 1963 3115 2028 compellar,
3163 1978 3257 2032 pro
3294 1981 3398 2032 quo
3437 1967 3653 2034 p0pulus
3690 1949 3785 2017 inimt

2317 2057 2525 2103 centum
2554 2050 2640 2101 vix
2678 2049 2834 2102 debet
2865 2049 3146 2115 impetrare
3187 2050 3231 2102 si
3260 2052 3542 2118 supplicet.
3573 2052 3684 2103 Nam
3714 2053 3785 2116 quit

2316 2136 2450 2189 bene
2476 2137 2732 2190 medelam
2762 2152 2900 2205 aager
2923 2137 3220 2203 impartiatl
3247 2141 3363 2205 quis
3392 2138 3622 2191 febriens
3647 2140 3669 2172 ά
3692 2119 3785 2189 armi

2314 2226 2441 2279 tanti
2471 2233 2609 2279 tactu
2639 2227 2840 2294 pulsum
2861 2225 3142 2294 distinguat
3161 2227 3513 2280 incolumem?
3537 2228 3642 2294 quis
3661 2217 3785 2280 desert

2315 2325 2395 2370 tor
2413 2316 2679 2370 scientiam
2712 2315 2948 2369 militaris
2975 2317 3049 2369 rei
3067 2317 3188 2383 jure
3215 2316 3544 2370 laudauerit?
3569 2318 3785 2384 qu'svscu;

2316 2407 2486 2460 lentus
2516 2405 2822 2459 abstemium
2851 2415 3210 2474 competen'er
3239 2406 3509 2474 arguerit?
3552 2403 3785 2470 lndignissit

2315 2509 2430 2548 mus
2475 2495 2769 2547 mortalium
2816 2511 3032 2550 necesse
3078 2495 3246 2568 balteo
3282 2494 3460 2548 dicere
3507 2494 3636 2563 quod
3671 2493 3785 2548 faceti

2315 2582 2548 2635 detrecto
2580 2598 2593 2634 :
2638 2589 2690 2633 et
2727 2582 2789 2633 ad
2835 2597 2950 2634 mea
2994 2582 3106 2647 ipse
3143 2582 3303 2636 verba
3341 2582 3676 2638 damnabilis.
3714 2585 3785 2647 cuit

2317 2667 2564 2733 imperem
2587 2682 2702 2734 quae
2725 2683 2822 2720 non
2845 2668 3062 2734 impleo,
3089 2667 3226 2721 idem
3248 2669 3298 2720 in
3327 2684 3411 2722 me
3431 2669 3657 2736 quotidie
3676 2655 3785 2736 cngni

2316 2751 2512 2807 dictare
2541 2756 2869 2808 sententiam.
2901 2755 3005 2809 Sed
3040 2757 3083 2809 si
3123 2764 3177 2808 tu
3209 2757 3341 2810 inter
3369 2773 3454 2810 me
3482 2767 3537 2809 et
3577 2757 3704 2809 illum
3743 2753 3785 2810 eti

2318 2845 2760 2913 concrucifigeris,
2791 2845 2965 2898 Jesutn
2991 2845 3261 2901 Christum
3285 2848 3564 2900 Dominum
3593 2845 3785 2913 nostrunt

2319 2950 2413 3004 pro
2456 2935 2716 2989 scelerum
2768 2953 3016 3013 meorum,
3049 2939 3263 3007 populo,
3309 2938 3494 3004 junior
3535 2953 3670 3004 mage
3691 2943 3785 3013 quat

2319 3027 2490 3078 minor
2512 3025 2706 3089 Moses,
2736 3027 3050 3080 intercessor
3078 3027 3292 3080 assistas
3316 3043 3329 3089 ;
3381 3041 3487 3079 non
3527 3026 3722 3078 ulterius
3743 3023 3785 3086 dt:

2317 3115 2624 3168 scendemus
2655 3116 2702 3165 in
2735 3106 2994 3166 infernum
3029 3115 3298 3177 viventes;
3331 3129 3430 3167 nec
3457 3130 3550 3180 per
3577 3111 3785 3166 camaliut

2319 3204 2556 3257 Vitiorum
2585 3203 2840 3256 incentiva
2872 3201 3139 3263 ﬂammati,
3169 3203 3423 3263 adaltare
3448 3201 3653 3254 Domini
3680 3200 3785 3264 igni

2322 3291 2519 3342 diutius
2571 3295 2917 3343 accendemus
2945 3290 3194 3341 alienum.
3228 3290 3356 3354 Quia
3403 3303 3688 3357 quanquam
3725 3291 3785 3357 not

2322 3387 2380 3428 ut
2421 3387 2541 3444 pote
2567 3391 2702 3432 reos.
2732 3377 2912 3443 gloria:
2944 3378 3074 3429 libra
3115 3392 3215 3429 nou
3252 3379 3470 3446 respicit
3503 3396 3520 3436 :
3555 3379 3696 3448 158
3717 3383 3774 3426 sal

2323 3473 2495 3517 tamen
2524 3480 2784 3530 superque
2812 3465 3180 3529 gaudebimus,
3209 3468 3250 3518 si
3299 3476 3521 3533 precatu
3571 3478 3654 3518 tuo
3681 3465 3785 3532 leui

2322 3552 2586 3604 valeamus
2623 3551 2883 3604 interioris
2912 3552 3135 3604 hominis
3167 3557 3352 3617 nostri,
3403 3563 3459 3605 et
3494 3553 3542 3606 si
3581 3569 3675 3604 non
3710 3543 3785 3618 inti

2328 3654 2474 3708 grum
2517 3638 2581 3691 ad
2626 3638 3120 3704 remunerationem,
3177 3649 3321 3692 certe
3373 3640 3456 3692 vel
3509 3639 3785 3691 cicatricum

2326 3736 2500 3795 pectus
2531 3727 2592 3778 ad
2624 3727 2847 3780 veniant.
2901 3725 3109 3800 Mentor
3139 3727 3303 3779 nostri
3348 3741 3471 3780 esse
3491 3712 3534 3778 ἐι
3557 3739 3722 3794 gnere,

2328 3818 2466 3869 mine
2498 3832 2649 3883 papa.

2885 3903 3202 3958 EPISTOLA
3247 3902 3306 3954 II.

2519 3994 2755 4046 Sidonius
2786 4009 2927 4059 papa:
2957 4003 2979 4029 θ
3010 3993 3300 4062 Pragmatio
3323 4008 3417 4044 suo
3448 3994 3674 4044 salutem.

2403 4084 2726 4136 Venerabilis
2774 4081 2791 4118 ί
2850 4084 2987 4136 Eutri
3011 4085 3092 4150 pia
3143 4093 3415 4148 matrona,
3467 4081 3609 4150 quod
3655 4079 3710 4131 ad
3752 4079 3785 4150 ei

2404 4238 2425 4266 ε
2461 4231 2638 4281 Annos
2660 4229 2749 4283 45.
2782 4229 2978 4291 Quibus
3007 4245 3068 4281 ex
3105 4231 3277 4284 verbis
3301 4229 3594 4282 cardinalis
3619 4223 3785 4291 Bamn‘i

2331 4311 2434 4348 mra
2467 4298 2716 4347 subducta
2757 4298 2950 4361 colligit
2978 4298 3278 4360 Sidonium,
3311 4301 3402 4363 qui
3437 4315 3546 4351 non
3568 4296 3716 4349 multo
3737 4296 3785 4363 pri

2337 4365 2579 4432 adeptum
2630 4367 2980 4429 CpiSCttpttltttli
3027 4365 3155 4417 hanc
3192 4367 3475 4432 epistolam
3510 4364 3760 4432 scribebat,

2331 4427 2610 4497 episeopali
2641 4427 2883 4482 cathedra
2915 4432 3093 4484 sedere
3115 4427 3514 4499 cmpissearrno
3538 4427 3778 4486 Clum“?

2334 4499 2382 4550 Is
2410 4500 2547 4567 enim
2575 4499 2702 4564 Lupi
2730 4509 2836 4567 erat
2863 4500 2912 4549 in
2935 4500 3229 4567 episcopatu
3255 4504 3340 4554 45.

2403 4566 2446 4639 d_
2470 4567 2523 4639 in
2568 4566 2824 4639 aliquibus
2855 4568 3016 4639 libris,
3049 4565 3299 4639 arroganti
3329 4579 3378 4620 et
3405 4565 3687 4639 mgrolatm'.

2402 4633 2508 4701 64
2541 4643 2571 4704 *θ
2607 4635 2762 4704 Cujus
2806 4635 2944 4686 sedis
2993 4639 3142 4690 fuerit
3167 4633 3512 4704 'episcopus,
3550 4651 3652 4689 non
3682 4633 3785 4704 liqtgl

2336 4695 2447 4766 Qui
2471 4695 2608 4772 enim
2649 4695 3166 4768 Augustoduneusetn
3206 4695 3785 4772 [ἶιὶδεθέοὗιῇὶᾱιιιιιζῌ

2335 4771 2536 4842 phronii
2569 4785 2918 4822 successorem
2947 4773 3033 4839 qui
3060 4774 3288 4827 interfuit
3314 4771 3540 4842 synodo
3561 4771 3785 4842 Ευριιηειῆ

2334 4839 2605 4911 manifesto
2643 4849 2946 4911 argumento
2989 4839 3362 4911 (uincuntur,—
3395 4844 3548 4911 quod
3583 4839 3785 4911 Elia-itii

2335 4908 2432 4958 hoc
2472 4918 2702 4971 tempore
2739 4907 2952 4958 antistes
2992 4908 3146 4960 fuerit
3175 4907 3528 4967 Euphronius
3552 4912 3724 4976 tertius
3755 4907 3785 4976 li

2335 4990 2451 5028 men
2483 4990 2720 5047 quacum
2749 4977 3038 5047 i’ragtualiq
3060 4976 3414 5039 subscriptum
3436 4995 3565 5035 cum
3593 4981 3763 5047 legal“?

2333 5045 2552 5115 epistola
2586 5043 2759 5115 Fausti
2786 5044 2848 5115 ad
2887 5044 3156 5115 L_uc_idutn.
3182 5047 3428 5113 sequitur
3457 5062 3520 5104 ut
3553 5041 3785 5115 Prtimui

2335 5116 2417 5164 hic
2443 5112 2678 5164 diversus
2709 5114 2776 5162 sit
2800 5114 2864 5162 ab
2889 5111 3162 5165 IEdnensi.

2407 5180 2423 5216 τ
2470 5181 2646 5254 Vidua
2685 5181 2950 5254 Arverna,
2983 5181 3148 5254 cuius
3196 5181 3334 5254 filius
3383 5183 3660 5254 Agrippini
3707 5176 3785 5254 ﬁiﬁ

2332 5250 2577 5302 duxerat.
2612 5248 2751 5300 llanc
2788 5252 2942 5300 ctiam
2983 5245 3080 5302 levi
3114 5245 3785 5317 cetijectura'SI'EuWi‘l

2333 5335 2449 5372 esse
2479 5325 2677 5390 putant,
2711 5319 2867 5390 cujus
2886 5333 3072 5390 nomen
3101 5319 3154 5390 in
3179 5321 3627 5390 martyrulOgium
3653 5317 3785 5390 trial!

2331 5398 2411 5439 cst
2441 5383 2542 5438 xvn
2572 5385 2814 5437 calendas
2837 5387 3096 5440 Octobris.
3140 5383 3537 5443 Liceat'antct'n
3561 5402 3674 5442 cum
3694 5383 3785 5443 Μ

2332 5455 2454 5507 laris
2492 5457 2750 5525 exempli
2784 5454 2975 5507 femina
3034 5457 3253 5508 alteram
3307 5467 3673 5525 componere.

2329 5523 2563 5590 egregias
2609 5509 2857 5589 sexuique
2899 5525 3296 5577 decentiSsimas
3351 5509 3598 5581 viriuteif

2259 4734 2304 4789 D
