3812 6226
76 227 135 282 sn
1163 194 1624 274 EPISTOLARUM
1665 213 1789 270 LlB.
1831 181 1914 269 vt.

3012 209 3126 260 ,ῑέϋι

77 333 214 399 spectat,
234 327 478 396 Singularis
498 325 722 396 exempli
753 325 888 393 (qua:
933 323 1248 391 parcitnouia
1296 334 1349 376 ct
1390 324 1486 377 itu-
1512 333 1562 390 Α
1592 325 1672 377 nis
1698 323 1961 386 animalis,
1991 335 2159 389 neque
2182 320 2320 374 sitim
2355 320 2669 387 ignoramim
2697 320 2948 370 hactenus
2967 334 3132 371 soi-eu-

73 419 236 472 mittitote
255 416 556 470 certantibus
585 432 599 467 :
630 429 728 467 non
756 414 926 466 minus
954 427 1012 464 se
1036 412 1247 479 jejuuiis
1267 451 1282 476 ,
1332 427 1490 479 quam

74 509 156 561 cibis
175 518 373 574 pauperes
414 503 601 572 pascit,
641 512 695 557 et
731 502 782 555 in
821 501 1014 554 Christi
1067 501 1211 553 cultu
1254 502 1492 570 pervigil,

70 600 139 651 tota
161 599 195 648 in
217 593 524 660 secompeliit
551 599 757 660 peccata
784 588 1035 659 dormire)
1067 590 1379 643 interoribus
1408 604 1496 643 or-

71 686 186 738 bitatis
215 683 492 737 necessitate
530 681 634 734 litis
667 679 889 746 adjecta,
943 680 997 731 in
1038 678 1329 732 remedium
1372 678 1495 730 mali

68 771 221 838 duplicis
239 769 585 838 perfectionem
617 775 804 822 vestrae
835 767 1209 820 consolationis
1243 773 1497 833 expetere

70 858 229 920 festinat,
244 865 484 924 gratanter
506 853 742 906 habitura
762 892 779 919 ,
809 854 920 906 sive
954 853 1091 906 istud
1129 851 1223 904 tibi
1267 852 1498 920 peregri-

67 947 160 1000 natio
181 945 333 1009 brevis,
362 959 453 997 seu
481 944 691 1012 longum
720 950 1049 1012 computetur
1063 941 1313 995 officium.
1343 941 1502 1017 igitur

65 1036 212 1102 praefata
236 1034 522 1088 venerabilis
549 1032 726 1086 fratris
749 1034 854 1087 mei
885 1047 1022 1085 nunc
1055 1031 1165 1099 jam
1209 1032 1500 1104 presbyteri

67 1112 274 1190 Agrippini,
296 1132 355 1176 ne
379 1121 684 1189 injuriosum
711 1121 780 1173 sit
807 1119 1004 1172 dixisse
1044 1118 1311 1193 nequitiis,
1359 1126 1504 1172 certe

62 1213 236 1278 litigatur
253 1209 448 1280 argutiis
468 1227 482 1261 :
502 1209 591 1278 qui
611 1194 834 1263 abutens
853 1209 1208 1263 imbecillitate
1229 1217 1504 1275 matronae,

63 1314 131 1352 non
146 1301 313 1359 desistit
333 1299 577 1366 spiritalis
597 1299 785 1352 animm
805 1299 1138 1353 serenitatem
1178 1299 1502 1352 smcularium

59 1389 322 1444 rtrsutiarum
355 1388 559 1441 ﬂatibus
603 1387 915 1441 turbidare:
964 1388 1046 1440 cui
1087 1387 1199 1450 lilii,
1248 1401 1343 1439 nec
1388 1393 1508 1454 post

61 1475 174 1528 multo
190 1476 364 1542 nepotis
387 1473 583 1538 amissi,
601 1459 730 1528 .dua:
747 1474 939 1541 pariter
958 1474 1123 1548 plagae
1150 1482 1413 1536 recentes,
1439 1472 1504 1524 ad

58 1560 228 1619 diuturni
251 1563 426 1618 viduvii
455 1563 640 1617 vulnus
667 1562 946 1615 adduntur.
992 1561 1333 1615 Tentavimus
1374 1563 1508 1614 inter

1600 411 1725 463 laris
1758 411 1865 463 ullo
1892 423 2129 476 superna:
2165 409 2341 476 rigatis
2385 409 2546 459 imbre
2584 407 2871 466 doctrinm;
2905 421 3009 458 nou
3037 422 3135 474 ego

1599 506 1771 551 tamen
1812 507 2006 551 tantum
2055 498 2158 550 mei
2211 496 2499 550 meminens
2539 510 2641 547 non
2682 510 2818 556 sum,
2859 491 2915 546 u't
2940 511 2969 546 a
3006 498 3139 549 meis

1598 601 1912 654 presumam
1949 587 2182 654 partibus
2208 585 2392 652 aequali
2420 584 2708 636 ciliciorqu
2751 585 2900 644 lance
2929 596 3137 636 certan-

1599 675 1742 728 dum.
1765 675 1891 727 Nam
1922 689 2038 728 curn
2067 684 2245 728 nostra
2270 673 2602 728 mediocritas
2631 683 2784 725 tetate
2813 673 2955 736 vitae,
3000 683 3134 726 tem.

1603 777 1728 828 pore
1758 763 2044 830 dignitatis,
2076 762 2345 829 privilegio
2386 761 2508 822 loci,
2540 761 2695 814 laude
2722 763 2974 824 scientiae,
2998 762 3138 814 dnuo

1602 850 1937 904 conscientiae
1962 857 2146 902 vestra:
2173 848 2322 901 facile
2344 848 2610 911 vincatur;
2635 849 2833 901 nullum
2857 853 3138 912 meremur,

1599 941 1643 992 si
1674 955 1768 1008 par
1787 949 2146 1007 exspectamus
2173 939 2478 1005 alloquium.
2527 938 2685 1005 Igitur
2706 954 2811 990 non
2842 940 3142 992 incusantes

1604 1029 1867 1082 silentium
1898 1037 2151 1092 vestrum,
2181 1028 2275 1082 sed
2305 1027 2666 1094 loquacitatem
2705 1038 2934 1079 nostram
2967 1029 3141 1094 potius

1605 1133 1864 1173 excusare
1900 1118 2160 1183 nitentes,
2207 1118 2636 1171 commendamus
2682 1118 2886 1186 apicum
2925 1118 3142 1184 portito-

1603 1219 1759 1262 rem:
1809 1209 1958 1277 cujus
2003 1208 2049 1262 si
2089 1208 2560 1276 peregrinationem
2585 1216 2840 1275 promplo
2866 1207 3041 1261 favore
3068 1208 3143 1272 lo.

1605 1299 1789 1362 ventis,
1811 1297 2024 1365 grandis
2050 1297 2200 1366 160
2226 1297 2521 1351 actioiiibus
2561 1295 2700 1350 illius
2734 1307 2914 1363 portus
2941 1291 3144 1349 securi-

1609 1387 1727 1438 tatis
1764 1385 2017 1452 aperitur.
2064 1385 2338 1451 Negotium
2364 1385 2507 1454 huic
2544 1385 2988 1438 testamentarium
3023 1394 3143 1439 est:

1606 1471 1902 1526 latenteutn
1924 1472 2248 1539 propriarum
2277 1471 2460 1524 merita
2483 1459 2799 1544 chartarum.
2827 1473 3145 1540 Togatorutn

1608 1558 1714 1613 illic
1740 1566 2074 1626 perorantum
2103 1557 2288 1611 merita
2316 1559 2554 1625 peritiam
2580 1561 2860 1612 consulere
2882 1561 3145 1626 perrexit;

61 1660 269 1721 atrumque
310 1665 620 1720 componere
667 1663 765 1703 nos
817 1650 1042 1703 maxime
1080 1650 1267 1725 quibus
1321 1650 1371 1701 in
1419 1663 1510 1703 eos
1540 1654 1587 1712 Β
1613 1663 1706 1717 pro
1753 1647 1970 1702 victoria
2013 1655 2427 1716 computaturus,
2479 1648 2522 1700 si
2565 1661 2622 1700 se
2671 1649 2989 1703 intellexerit
3026 1651 3146 1717 jure

58 1751 192 1792 eorum
206 1740 281 1808 jus
300 1737 567 1807 professio,
586 1737 948 1804 vetustumque
969 1736 1228 1791 faciebant
1245 1736 1508 1816 amicitiae,

58 1827 177 1889 aliqua
194 1835 463 1894 censentes,
494 1825 773 1879 suadentes
815 1825 1091 1893 qumpiam,
1141 1826 1361 1894 plurima
1388 1839 1514 1894 sup-

53 1914 259 1981 plicantes,
289 1914 523 1983 quodque
559 1913 840 1976 miremini,
878 1915 928 1964 iu
969 1927 1175 1967 omnem
1215 1913 1524 1967 concordia

54 2011 189 2054 statum
213 2001 349 2070 159
373 2000 661 2069 promptius
689 2013 717 2051 a
757 1998 980 2053 feminea
1026 2007 1175 2066 parte
1222 2000 1510 2054 discessum

54 2097 119 2140 est.
150 2087 203 2140 Et
220 2102 497 2157 quanquam
527 2102 586 2140 se
610 2085 762 2140 altius
786 2085 1112 2155 profuturum
1147 2073 1268 2140 lilia:
1298 2088 1510 2153 paterna

52 2175 211 2238 iactaret
255 2175 644 2244 praerogativa,
680 2175 832 2227 nurui
879 2182 1051 2227 tamen
1109 2172 1274 2246 magis
1319 2161 1512 2240 placuit

55 2263 345 2318 munificentia
370 2263 625 2317 socrualis
655 2262 868 2315 oblatio.
912 2250 1142 2329 iurgium
1185 2263 1393 2316 interim
1429 2275 1514 2316 se-

51 2352 278 2419 misopitum
301 2354 484 2407 vestris
513 2351 670 2405 modo
693 2351 897 2404 sinibus
945 2351 1184 2405 infertur.
1235 2351 1514 2407 Pacificate

53 2448 268 2507 certantes,
293 2451 345 2496 et
369 2441 679 2509 pontificalis
715 2440 1027 2496 auctoritate
1065 2455 1301 2496 censura
1326 2456 1511 2511 suspe-

52 2528 116 2579 ctis
136 2527 216 2582 sibi
235 2529 459 2596 partibus
485 2529 702 2582 indicite
728 2521 968 2598 gratiam,
1013 2529 1171 2584 dicite
1216 2532 1510 2586 veritatem.

51 2613 189 2669 Sancta
211 2617 336 2671 enim
359 2618 602 2687 Eutropia
619 2656 634 2681 ,
657 2618 701 2671 si
727 2617 849 2685 quid
877 2617 1179 2672 vadimonio
1202 2616 1320 2674 meo
1339 2604 1513 2675 credi-

50 2701 107 2766 tit,
127 2696 364 2762 victoriam
390 2714 682 2775 computat,
713 2708 757 2760 si
785 2707 867 2761 vel
896 2716 1012 2776 post
1049 2699 1241 2762 damna
1277 2721 1380 2764 non
1410 2699 1514 2763 liti-

48 2801 120 2859 get.
159 2792 290 2850 Unde
330 2806 384 2851 et
429 2796 670 2864 suspicer
705 2795 854 2849 vobis
884 2810 1044 2848 unam
1080 2797 1513 2864 pronuntiandam

48 2879 201 2938 domum
253 2876 664 2951 discordiosam,
721 2885 846 2940 licet
916 2885 1191 2940 inveniatis
1237 2896 1515 2956 utramque

1612 1733 1879 1802 superari;
1906 1732 2062 1787 modo
2090 1747 2155 1787 ne
2191 1733 2286 1788 sibi
2315 1734 2528 1802 suisque
2555 1733 2768 1788 desidiae
2802 1735 2928 1806 vitio
2955 1746 3144 1804 perpe-

1613 1836 1724 1875 ram
1769 1822 1970 1875 cavisse
2007 1820 2263 1888 culpetur.
2320 1822 2466 1874 liuuc
2513 1831 2731 1876 eatenus
2774 1825 3149 1899 commendare

1614 1922 1891 1978 praesumo,
1939 1917 1997 1963 ut
2039 1909 2086 1963 si
2129 1924 2250 1964 eum
2289 1910 2550 1965 instruere
2573 1910 2850 1979 dignanter
2875 1913 3148 1967 advocatio

1613 1998 1847 2052 consulta
1875 1997 2092 2065 fastidit,
2127 1998 2152 2036 δ
2190 2001 2473 2054 auctoritas
2501 2012 2858 2073 coronatum
2899 2003 3148 2056 dissimu-

1614 2086 1842 2141 lantibus
1861 2088 2070 2141 studeat
2103 2089 2363 2144 excudere
2387 2090 2624 2159 responsi
2662 2072 3006 2148 celeritatem.
3038 2095 3146 2148 Mea

1613 2191 1728 2230 mor
1746 2175 1910 2230 nostri
1935 2191 2053 2231 esse
2079 2177 2316 2246 dignare,
2345 2179 2554 2232 domine
2577 2195 2726 2248 papa.

2155 2264 2472 2320 EPISTOLA
2522 2267 2612 2319 tv.-
2653 2326 2664 2335 ,

1841 2352 2081 2408 Sidonius
2109 2353 2311 2406 domino
2339 2369 2484 2421 papa:
2515 2354 2658 2424 Lupo
2683 2357 2909 2410 salutem.

1684 2441 1880 2496 Phi-ter
1926 2441 2154 2496 officium
2191 2441 2327 2510 quod
2389 2443 2865 2512 incomparabiliter
2899 2447 3150 2503 eminenti

1613 2528 1926 2599 apostolatui
1951 2538 2040 2584 tuo
2063 2531 2178 2586 sine
2207 2533 2311 2586 line
2334 2532 2575 2599 debetur,
2614 2543 2667 2587 et
2692 2536 2735 2588 si
2765 2536 2959 2604 absque
2988 2539 3151 2592 inter.

1611 2624 1862 2676 missione
1891 2621 2153 2686 solvatur,
2190 2623 2500 2677 commendo
2540 2625 2828 2691 supplicum
2859 2626 3150 2693 baiulorum

1614 2725 1711 2778 pro
1738 2706 1872 2765 nova
1897 2711 2210 2765 necessitate
2240 2720 2496 2764 vetustam
2538 2715 2973 2768 necessitudinem
3009 2732 3021 2766 :
3064 2711 3151 2784 qui

1613 2803 1666 2856 in
1694 2805 1982 2858 Arvernam
2000 2804 2263 2872 regionem
2293 2805 2498 2872 longum
2530 2805 2646 2871 iter,
2696 2800 2776 2859 itis
2804 2809 2994 2875 quippe
3019 2819 3152 2862 tem:

1615 2896 1851 2962 poribus,
1906 2896 2126 2960 emensi,
2175 2909 2324 2950 casso
2367 2897 2544 2950 labore
2590 2909 2864 2951 venerunt.
2923 2900 3151 2969 Namque

48 2967 290 3028 discordem.
314 2959 517 3028 Memor
535 2974 702 3054 nostri
723 2987 840 3027 esse
867 2974 1102 3041 dignare,
1126 2975 1337 3029 domine
1359 2990 1509 3044 papa.
1539 2973 1582 3032 C
1615 2959 1771 3035 uuam
1803 2959 2089 3036 cfeminam’
2116 2959 2181 3037 de
2200 2983 2467 3037 affectibus
2496 2984 2622 3047 suis,
2653 3000 2806 3052 quam
2830 2986 2963 3055 forte
2981 2985 3008 3023 ἀ
3028 2959 3153 3042 Var-

525 3051 850 3116 EPISTOLA
888 3062 972 3139 ut.

168 3149 387 3205 Sidonius
422 3151 626 3204 domino
653 3166 799 3218 papa:
827 3160 852 3187 κ
892 3150 1103 3204 Leontio
1133 3152 1364 3206 salutem.

88 3240 172 3297 Etsi
195 3245 337 3300 nullis
379 3244 674 3299 hortatibus
704 3242 990 3312 primordia
1017 3251 1209 3297 nosti-te
1232 3237 1513 3312 professio?

48 3348 298 3420 epitaphium
339 3351 480 3420 quod
519 3353 573 3406 in
620 3359 798 3420 vetere
832 3349 1061 3420 Stil’etri
1090 3349 1303 3406 basilica
1328 3352 1510 3412 Romae

48 3417 259 3473 visebatur.
289 3417 384 3475 Est
408 3429 587 3475 autem
625 3419 918 3488 liujusmodi
951 3434 965 3473 :

222 3508 490 3574 GABiNiA
543 3507 931 3574 GAUDENTIA
979 3509 1041 3562 Η.
1091 3509 1155 3564 F.
1212 3510 1274 3562 IN

223 3574 354 3642 QUA
400 3578 560 3633 FUIT
621 3577 1038 3640 iNiMlTABILIS
1085 3578 1275 3632 CASTI

223 3646 343 3701 TAS
435 3647 503 3700 ΙΝ
601 3645 993 3699 PRUBISSHIA
1099 3647 1274 3700 VERE

220 3715 464 3769 CUNDIA
560 3713 936 3768 INCOMPARA
949 3713 1113 3770 BiLiS
1214 3717 1275 3767 ΙΝ

218 3782 558 3836 NUCENTIA
682 3781 1036 3834 PERPETUA
1125 3782 1281 3845 QUIE

223 3849 361 3904 SCIT
402 3851 467 3903 1N
505 3849 675 3902 PACE
710 3848 867 3913 Qun:
915 3848 1276 3913 VIXIT_ANN.

224 3917 400 3970 xvut.
434 3919 507 3970 Μ.
541 3916 628 3968 Χι.
665 3906 890 3968 nixu.
934 3910 1175 3968 VABIUS
1217 3906 1283 3968 vl

227 3985 402 4038 CTUR
423 3982 702 4038 CONJUGI
725 3983 782 4034 Β.
807 3982 875 4034 Μ.
903 3981 963 4034 D.
992 3981 1100 4038 ΧΙΙ.
1125 3983 1276 4038 KAL.

220 4052 515 4107 AUGUST.
1377 4108 1381 4111 .

84 4128 102 4154 ι
135 4120 370 4190 EpiscOpo
399 4119 720 4190 Arelatensi.
754 4119 909 4190 lilulta
936 4129 1055 4172 sunt
1085 4121 1135 4172 in
1166 4122 1336 4176 verbis
1365 4122 1516 4180 Sido-

48 4186 84 4264 ιιι
104 4203 199 4264 qua;
223 4188 491 4264 Arelatem
517 4186 829 4264 designent:
860 4197 915 4240 ut
943 4190 1078 4264 quod
1107 4190 1178 4242 ait
1211 4193 1513 4264 deprivile-

48 4257 89 4316 ῖῑο
112 4258 194 4312 loci
216 4267 268 4312 et
291 4261 358 4312 de
390 4261 587 4329 togatis
609 4257 715 4311 illic
734 4259 1110 4329 perorantibus.
1131 4262 1513 4315 Ai‘elatensiutn

48 4333 158 4396 intem
180 4327 485 4396 episcopum
533 4327 616 4379 bis
644 4326 964 4396 temporibus
1011 4327 1167 4396 fuisse
1220 4333 1511 4393 Leontium,

48 4393 131 4466 Iulia
155 4393 227 4450 est
251 4393 538 4451 dubitatio.
577 4397 680 4466 lloc
704 4395 839 4466 enim
870 4393 1150 4466 ostendunt
1178 4397 1336 4451 liilari
1370 4414 1514 4466 papae

1615 3084 1798 3137 gorum
1823 3070 1947 3139 (hoc
1966 3071 2104 3124 enim
2135 3072 2343 3125 nomine
2367 3073 2637 3140 indigenas
2667 3075 2987 3129 latrunculos
3018 3095 3153 3130 nun-

1616 3157 1827 3226 cupant)
1850 3167 2194 3226 superventus
2219 3159 2565 3224 abstraxerat,
2599 3162 2700 3214 isto
2728 3163 3004 3216 deductam
3035 3164 3154 3218 ante
3184 3173 3186 3177 '

1615 3248 1811 3317 aliquot
1830 3262 2013 3313 annos,
2045 3249 2262 3316 isticque
2288 3248 2616 3314 distractam,
2643 3255 2762 3303 cum
2791 3266 2893 3304 non
2924 3252 3056 3306 falso
3077 3255 3154 3307 in-

1617 3356 1842 3411 circulus
1886 3357 2244 3410 tantummodo
2293 3359 2601 3423 capillorum
2658 3361 2933 3425 emineret,
2986 3362 3154 3417 instar

1618 3439 1846 3496 corong.
1875 3427 1961 3496 Sic
1983 3429 2121 3479 enim
2153 3427 2399 3480 describit
2422 3426 2703 3496 Gregorius
2739 3429 2936 3482 Turon.
2967 3432 3033 3484 de
3065 3435 3154 3487 Ni-

1617 3495 1754 3549 cetio
1780 3494 2116 3566 Trevirorum
2143 3497 2389 3566 episc0po
2415 3513 2427 3549 :
2466 3494 2783 3550 SfNicetius
2803 3541 2817 3563 ,
2863 3500 3058 3565 inquit,
3095 3505 3156 3555 ab

1620 3574 1732 3637 oiju
1751 3563 1842 3614 suo
1865 3563 2072 3616 clericus
2092 3575 2162 3617 est
2183 3565 2510 3637 designatus:
2532 3581 2647 3616 nam
2673 3582 2786 3637 cum
2803 3563 2961 3637 partu
2983 3570 3157 3637 fuisset

1620 3632 1844 3704 eﬂ'usus,
1869 3642 2011 3704 amne
2034 3643 2183 3700 caput
2199 3636 2334 3704 (jus,
2367 3642 2420 3685 ut
2446 3643 2514 3704 est
2541 3632 2842 3704 consuetudo
2869 3632 3157 3704 puerorum,

1621 3716 1651 3751 α
1673 3699 1869 3765 capillis
1897 3699 2102 3751 nudum
2124 3699 2318 3766 quidem
2348 3701 2637 3752 cernebatur
2669 3717 2686 3755 :
2728 3703 2779 3753 in
2805 3699 3017 3757 circuitu
3042 3699 3157 3760 vero

1625 3770 1897 3817 mediorum
1917 3767 2210 3835 capillorum
2239 3771 2359 3818 ordo
2389 3771 2646 3834 apparuit,
2683 3779 2733 3819 ut
2753 3781 2952 3835 putares
2981 3776 3042 3824 ab
3071 3778 3156 3828 iis;

1627 3835 1737 3906 dent
1763 3849 1996 3884 coronam
2022 3834 2189 3906 clerici
2215 3836 2366 3900 fuisse
2387 3838 2649 3906 signatam.
2676 3836 2866 3906 Aliodie
2895 3843 3029 3906 apud
3061 3858 3156 3895 nos

1626 3901 1888 3968 antiquam
1915 3915 2122 3972 corona:
2158 3903 2372 3972 formam
2406 3905 2510 3972 65
2533 3905 2630 3954 soli
2669 3903 2776 3956 fere
2801 3901 3041 3960 monachi
3073 3926 3155 3962 re-

1628 3972 1813 4038 tinent,
1841 3977 1892 4021 et
1921 3971 2061 4036 pueri
2092 3971 2296 4023 vocales
2325 3971 2698 4038 sympliouioci.
2728 3972 2854 4023 Nam
2873 3973 3047 4028 brevis
3069 3979 3155 4032 ille

1627 4037 1770 4091 orbis
1800 4040 1849 4089 in
1875 4038 2066 4091 vertice
2095 4053 2194 4105 quo
2215 4039 2338 4090 cieri
2372 4037 2491 4104 pars
2517 4055 2699 4100 magna
2723 4042 2900 4103 utitur,
2926 4045 3156 4099 insolens

1624 4107 1749 4158 olim
1781 4115 1935 4176 atque
1964 4108 2236 4176 inusitatus
2260 4110 2307 4158 in
2333 4107 2564 4161 Ecclesia
2590 4108 2700 4171 fuit,
2731 4118 2786 4160 ut
2814 4111 2964 4164 docet
2989 4126 3156 4169 canon

1620 4178 1687 4229 40
1710 4174 1917 4228 concilii
1948 4190 1995 4226 tv
2025 4174 2284 4228 Toletani.

1693 4255 1714 4281 ε
1755 4244 1829 4311 De
1873 4243 2064 4297 familia
2115 4246 2476 4313 propinquam.
2529 4240 2772 4299 Paulinus
2822 4258 3002 4304 auctor
3051 4252 3159 4315 Eun

1618 4314 1882 4366 citaristici
1915 4331 1926 4364 :
2441 4368 2444 4376 ,

1739 4390 1854 4440 Cum
1873 4393 1986 4439 mihi
2007 4392 2145 4453 plena
2164 4395 2327 4441 demus
2351 4395 2467 4442 caris
2484 4395 2733 4449 affectibus
2752 4406 2899 4445 esset.

48 4464 214 4524 :pistola:
236 4485 248 4517 :
271 4482 337 4520 ex
357 4468 558 4528 quibus
579 4465 735 4517 etiam
764 4465 1012 4518 docemur
1040 4464 1312 4520 Leontium
1336 4461 1512 4520 sedem
1544 4467 1588 4523 D
1620 4461 1683 4513 Ει
1709 4468 1827 4528 [101it
1853 4462 1951 4512 alia
1982 4477 1994 4511 ε

48 4530 164 4584 niisse
187 4543 316 4587 anno
339 4529 469 4596 ὁδὶ,
526 4533 623 4585 hoc
664 4537 744 4586 est
779 4531 959 4586 decem
998 4529 1109 4599 plus
1149 4537 1321 4588 minus
1363 4537 1515 4589 annis

51 4606 114 4648 nte
133 4599 414 4670 Sidonium.
460 4601 704 4670 Syuodus
736 4609 985 4670 praeterea
1013 4605 1331 4656 Arelatensis
1366 4606 1515 4670 cujus

48 4668 213 4741 [remittit
258 4667 648 4741 Faustus,_ctt_i
691 4667 911 4741 praefuit
947 4669 1083 4722 idem
1121 4671 1369 4741 Leontius
1399 4667 1517 4727 {et

48 4731 176 4805 [ericii
198 4739 449 4805 epist._15
477 4731 549 4790 ad
580 4731 844 4798 Aionium,
901 4738 952 4788 in
991 4753 1102 4805 qua
1139 4740 1355 4794 Leontio
1397 4753 1519 4796 tunc

48 4797 100 4876 ita
124 4797 285 4876 functo
304 4803 572 4876 gEonium
602 4797 915 4876 successisse
944 4797 1217 4876 significat.
1274 4807 1521 4864 Leontius

56 4870 349 4944 mluliepsis
379 4875 450 4944 de
479 4887 592 4944 quo
619 4875 698 4944 vir
717 4874 898 4944 doctus
928 4870 1250 4944 suspicatur,
1303 4878 1521 4932 Sidonio

51 4937 208 5009 laterior
234 4935 348 5009 fuit,
391 4935 800 5009 utardegalensis
828 4935 1104 5009 posterior.
1238 4935 1249 4944 ’
1518 5005 1522 5009 ,

125 4999 374 5080 Ennodius
413 4999 740 5080 Symmacho
779 4999 922 5077 papze
952 5013 1042 5063 lib.
1074 5027 1150 5074 tv,
1201 5013 1356 5079 epist.
1404 5014 1472 5066 ‘2‘2
1504 5027 1518 5062 :

48 5075 158 5134 Irigat
177 5078 408 5137 msulae
430 5075 710 5140 itrtplorata
730 5075 925 5129 cernitur
950 5091 1120 5132 vestra:
1154 5075 1424 5132 miseratio.
1469 5085 1522 5134 id

48 5149 82 5189 st
105 5143 364 5215 auctoritas
409 5144 842 5215 tua,_mis_er_atio
887 5161 1077 5199 veSIra.
1133 5149 1194 5201 Ut
1244 5163 1521 5215 purpuram

48 5211 237 5283 necdum
257 5225 352 5283 pro
379 5208 630 5283 principe
653 5210 995 5283 dicimus,_s_ic
1014 5208 1260 5268 curouani
1292 5208 1385 5283 pro
1413 5220 1522 5270 cie-

48 5277 134 5329 tce:
160 5277 269 5352 quia
295 5282 414 5352 iniec
443 5277 658 5352 insigne
686 5289 762 5352 est
785 5278 980 5352 cie_ri_c_i,
1033 5291 1091 5352 ut
1140 5285 1223 5335 illa
1253 5277 1516 5352 principis

48 5349 290 5414 suosunus
317 5345 650 5400 Proculiano
676 5349 827 5414 epist.
863 5346 957 5398 M7
987 5365 996 5396 :
1033 5348 1130 5400 Per
1162 5345 1394 5404 coronam
1422 5345 1519 5405 ἠο-

48 5413 139 5484 item
165 5432 248 5470 nos
284 5416 546 5484 adjurcgtt
573 5413 759 5466 uestri:
799 5431 883 5484 por
929 5423 1165 5467 coronam
1205 5431 1412 5484 vestrum
1439 5438 1519 5472 t'os

48 5481 213 5546 tljuront
237 5480 418 5538 nostri.
460 5482 708 5534 Tonsura
739 5480 993 5541 clericalis
1015 5485 1081 5538 ita
1113 5486 1234 5542 olim
1266 5480 1438 5555 fiebat,
1466 5501 1520 5542 ut

241 5600 522 5660 Parnon.
574 5592 761 5651 LVIII

1849 4539 1944 4596 jam
1966 4538 2139 4596 dudum
2163 4543 2342 4586 cunctis
2367 4539 2610 4587 affectibus
2635 4553 2816 4600 expers

1735 4597 1893 4646 Prima
1911 4610 2046 4645 socru
2074 4612 2128 4656 ac
2151 4609 2320 4656 matre,
2346 4600 2518 4646 dehinc
2543 4609 2592 4653 et
2615 4597 2818 4659 coniuge
2840 4600 3013 4651 functa.

1685 4673 1708 4712 (³
1750 4674 1996 4728 Sidonius
2025 4675 2134 4741 ipse
2167 4679 2535 4742 interpretatur
2582 4676 2854 4743 indigenas
2892 4679 3156 4735 latruncu-

1619 4745 1717 4798 los.
1746 4744 1980 4813 Proprie
2011 4751 2200 4813 Atameu
2246 4746 2395 4813 Vargi
2442 4745 2744 4797 dicebantur
2787 4757 3046 4812 extorres,
3106 4764 3158 4806 et

1622 4812 1785 4880 patria
1821 4811 2021 4875 expulsi
2061 4827 2074 4862 :
2120 4824 2173 4864 ut
2202 4814 2254 4866 in
2283 4811 2394 4880 lege
2423 4813 2663 4879 Ripuaria
2695 4815 2761 4865 87
2810 4825 2864 4868 et
2907 4819 2957 4870 iu
2988 4819 3156 4873 Saliczi

1623 4879 1688 4954 b7
1715 4897 1726 4929 :
1759 4879 1817 4954 Si
1844 4879 1953 4944 quis
1976 4895 2152 4954 corpus
2173 4883 2283 4954 jam
2308 4885 2554 4947 sepultum
2575 4881 2871 4954 Aexfodierit,
2897 4896 2942 4938 et
2981 4904 3160 4954 exspo-

1625 4949 1836 5024 iiuverit,
1867 4963 2061 5015 wargus
2099 4950 2195 5024 sit,
2221 4951 2312 5000 hoc
2335 4952 2665 5024 estexpulsus
2695 4953 2754 5002 de
2794 4958 2960 5024 eodem
3005 4949 3153 5024 paco.

1625 5017 1875 5069 Nimirum
1903 5030 1966 5067 ex
1997 5017 2227 5081 profugis
2253 5020 2518 5071 exsulibus
2550 5022 2805 5084 indigena:
2837 5023 2968 5074 fiunt
3000 5017 3157 5074 latin.

1626 5100 1737 5137 nes.
1790 5085 1902 5155 Non
1951 5084 2189 5155 dissimili
2241 5101 2396 5138 sensu
2446 5088 2723 5155 aliquando
2769 5091 2892 5142 dicti
2944 5102 3064 5142 sunt
3107 5107 3157 5144 et

1625 5153 1895 5219 Bagaudae.
1954 5154 2193 5205 Aurelius
2241 5155 2419 5208 Victor
2472 5153 2926 5209 in‘Diocletiauo:
2978 5159 3155 5210 Excia

1626 5238 1773 5273 manu
1804 5221 2068 5291 agrestium
2099 5238 2156 5272 ac
2184 5223 2451 5287 latronum,
2508 5241 2629 5291 quos
2676 5225 2942 5290 Bugaudas
2981 5229 3156 5277 incola.-

1626 5299 1818 5359 uocant_.
1842 5289 1976 5359 _ltem
2011 5289 2301 5359 scamarih
2319 5292 2486 5356 legum
2519 5289 2971 5359 Langobardorum
3007 5304 3039 5343 tt
3071 5302 3152 5344 uin

1614 5361 1646 5434 l
1673 5356 1808 5434 apud
1835 5355 2155 5434 inritandam
2185 5361 2233 5410 in
2273 5355 2488 5418 Geticis.
2521 5355 2821 5434 Eugs'ppitts
2847 5367 2896 5416 in
2933 5365 3048 5419 Vita
3087 5367 3141 5420 S.

1615 5427 1850 5501 Severini
1882 5443 1892 5476 :
1931 5425 2054 5501 lslrt'
2085 5427 2272 5491 ﬂuenta
2309 5425 2682 5494 proruet-means.
2706 5425 2931 5485 "latrones
2965 5444 3150 5501 prope:

1615 5506 1784 5546 ranter
1815 5494 2112 5561 insequitur,
2143 5512 2266 5562 quos
2310 5501 2486 5567 vulgus
2530 5503 2801 5555 Scamaros
2833 5494 3142 5568 appellabat.-

2779 5596 2848 5652 18
