  <div class='ocr_page' id='page_1' title='image "/cluster/home/n/w/nwhite01/storage/ocr_20150623/58/uva.x000827100/287.png"; bbox 0 0 3812 6226; ppageno 0'>
   <div class='ocr_carea' id='block_1_1' title="bbox 603 192 705 250">
    <p class='ocr_par' dir='ltr' id='par_1_1' title="bbox 603 192 705 250">
     <span class='ocr_line' id='line_1_1' title="bbox 603 192 705 250; baseline 0 0"><span class='ocrx_word' id='word_1_1' title='bbox 603 192 705 250; x_wconf 72' lang='lat'><strong>559</strong></span> 
     </span>
    </p>
   </div>
   <div class='ocr_carea' id='block_1_2' title="bbox 1825 202 2531 267">
    <p class='ocr_par' dir='ltr' id='par_1_2' title="bbox 1825 202 2531 267">
     <span class='ocr_line' id='line_1_2' title="bbox 1825 202 2531 267; baseline 0.008 -8"><span class='ocrx_word' id='word_1_2' title='bbox 1825 202 2060 261; x_wconf 73' lang='lat' dir='ltr'><strong>SiDONli</strong></span> <span class='ocrx_word' id='word_1_3' title='bbox 2097 204 2531 267; x_wconf 67' lang='lat' dir='ltr'><strong>APOLLINARIS</strong></span> 
     </span>
    </p>
   </div>
   <div class='ocr_carea' id='block_1_3' title="bbox 3638 230 3711 284">
    <p class='ocr_par' dir='ltr' id='par_1_3' title="bbox 3638 230 3711 284">
     <span class='ocr_line' id='line_1_3' title="bbox 3638 230 3711 284; baseline 0 0"><span class='ocrx_word' id='word_1_4' title='bbox 3638 230 3711 284; x_wconf 74' lang='lat'><strong>560</strong></span> 
     </span>
    </p>
   </div>
   <div class='ocr_carea' id='block_1_4' title="bbox 603 303 3781 400">
    <p class='ocr_par' dir='ltr' id='par_1_4' title="bbox 603 303 3781 400">
     <span class='ocr_line' id='line_1_4' title="bbox 603 303 3781 400; baseline 0.012 -44"><span class='ocrx_word' id='word_1_5' title='bbox 603 319 746 366; x_wconf 86' lang='lat' dir='ltr'><strong>inus;</strong></span> <span class='ocrx_word' id='word_1_6' title='bbox 775 303 893 397; x_wconf 73' lang='lat' dir='ltr'><strong>quia</strong></span> <span class='ocrx_word' id='word_1_7' title='bbox 909 305 1222 361; x_wconf 86' lang='lat' dir='ltr'><strong>vicinaretur</strong></span> <span class='ocrx_word' id='word_1_8' title='bbox 1242 306 1548 363; x_wconf 68' lang='lat' dir='ltr'><strong>innocentia:</strong></span> <span class='ocrx_word' id='word_1_9' title='bbox 1576 309 1814 367; x_wconf 83' lang='lat' dir='ltr'><strong>festinata</strong></span> <span class='ocrx_word' id='word_1_10' title='bbox 1844 320 2117 371; x_wconf 73' lang='lat' dir='ltr'><strong>correctio.</strong></span> <span class='ocrx_word' id='word_1_11' title='bbox 2144 325 2192 378; x_wconf 74' lang='grc' dir='ltr'><strong>Α</strong></span> <span class='ocrx_word' id='word_1_12' title='bbox 2220 333 2396 374; x_wconf 83' lang='lat' dir='ltr'><strong>coram</strong></span> <span class='ocrx_word' id='word_1_13' title='bbox 2447 325 2742 379; x_wconf 72' lang='lat' dir='ltr'><strong>narratione</strong></span> <span class='ocrx_word' id='word_1_14' title='bbox 2782 327 3074 394; x_wconf 87' lang='lat' dir='ltr'><strong>patefaciet.</strong></span> <span class='ocrx_word' id='word_1_15' title='bbox 3124 331 3252 385; x_wconf 76' lang='lat' dir='ltr'><strong>Nam</strong></span> <span class='ocrx_word' id='word_1_16' title='bbox 3295 333 3576 400; x_wconf 76' lang='lat' dir='ltr'><strong>prudentire</strong></span> <span class='ocrx_word' id='word_1_17' title='bbox 3611 346 3706 396; x_wconf 76' lang='lat' dir='ltr'><strong>satis</strong></span> 
     </span>
    </p>
   </div>
   <div class='ocr_carea' id='block_1_5' title="bbox 601 385 2116 471">
    <p class='ocr_par' dir='ltr' id='par_1_5' title="bbox 601 385 2116 471">
     <span class='ocr_line' id='line_1_5' title="bbox 601 385 2116 471; baseline 0.009 -25"><span class='ocrx_word' id='word_1_18' title='bbox 601 394 779 460; x_wconf 72' lang='lat' dir='ltr'><strong>Neque</strong></span> <span class='ocrx_word' id='word_1_19' title='bbox 824 385 961 446; x_wconf 72' lang='lat' dir='ltr'><strong>eviim</strong></span> <span class='ocrx_word' id='word_1_20' title='bbox 1012 397 1301 464; x_wconf 75' lang='lat' dir='ltr'><strong>quisquam,</strong></span> <span class='ocrx_word' id='word_1_21' title='bbox 1347 399 1502 454; x_wconf 85' lang='lat' dir='ltr'><strong>etiam</strong></span> <span class='ocrx_word' id='word_1_22' title='bbox 1537 400 1639 453; x_wconf 86' lang='lat' dir='ltr'><strong>sibi</strong></span> <span class='ocrx_word' id='word_1_23' title='bbox 1692 401 1823 455; x_wconf 79' lang='lat' dir='ltr'><strong>bene</strong></span> <span class='ocrx_word' id='word_1_24' title='bbox 1861 408 2116 471; x_wconf 89' lang='lat' dir='ltr'><strong>conscius,</strong></span> 
     </span>
    </p>
   </div>
   <div class='ocr_carea' id='block_1_6' title="bbox 600 480 2120 553">
    <p class='ocr_par' dir='ltr' id='par_1_6' title="bbox 600 480 2120 553">
     <span class='ocr_line' id='line_1_6' title="bbox 600 480 2120 553; baseline 0.009 -21"><span class='ocrx_word' id='word_1_25' title='bbox 600 483 716 545; x_wconf 83' lang='lat' dir='ltr'><strong>plus</strong></span> <span class='ocrx_word' id='word_1_26' title='bbox 747 480 913 532; x_wconf 87' lang='lat' dir='ltr'><strong>facere</strong></span> <span class='ocrx_word' id='word_1_27' title='bbox 943 485 1301 550; x_wconf 72' lang='lat' dir='ltr'><strong>praesumpsit;</strong></span> <span class='ocrx_word' id='word_1_28' title='bbox 1332 486 1376 537; x_wconf 88' lang='lat' dir='ltr'><strong>si</strong></span> <span class='ocrx_word' id='word_1_29' title='bbox 1406 488 1520 553; x_wconf 89' lang='lat' dir='ltr'><strong>quis</strong></span> <span class='ocrx_word' id='word_1_30' title='bbox 1553 498 1724 541; x_wconf 91' lang='lat' dir='ltr'><strong>tamen</strong></span> <span class='ocrx_word' id='word_1_31' title='bbox 1772 502 1955 543; x_wconf 79' lang='lat' dir='ltr'><strong>vestrae</strong></span> <span class='ocrx_word' id='word_1_32' title='bbox 2001 507 2120 546; x_wconf 88' lang='lat' dir='ltr'><strong>cor-</strong></span> 
     </span>
    </p>
   </div>
   <div class='ocr_carea' id='block_1_7' title="bbox 597 570 2117 650">
    <p class='ocr_par' dir='ltr' id='par_1_7' title="bbox 597 570 2117 650">
     <span class='ocr_line' id='line_1_7' title="bbox 597 570 2117 650; baseline 0.009 -28"><span class='ocrx_word' id='word_1_33' title='bbox 597 572 849 635; x_wconf 88' lang='lat' dir='ltr'><strong>reptionis</strong></span> <span class='ocrx_word' id='word_1_34' title='bbox 878 570 1093 624; x_wconf 91' lang='lat' dir='ltr'><strong>orbitam</strong></span> <span class='ocrx_word' id='word_1_35' title='bbox 1117 587 1217 626; x_wconf 91' lang='lat' dir='ltr'><strong>non</strong></span> <span class='ocrx_word' id='word_1_36' title='bbox 1250 575 1458 642; x_wconf 91' lang='lat' dir='ltr'><strong>reliquit</strong></span> <span class='ocrx_word' id='word_1_37' title='bbox 1502 594 1514 627; x_wconf 88' lang='lat'>:</span> <span class='ocrx_word' id='word_1_38' title='bbox 1554 579 1745 644; x_wconf 86' lang='lat' dir='ltr'><strong>quippe</strong></span> <span class='ocrx_word' id='word_1_39' title='bbox 1770 594 1886 632; x_wconf 91' lang='lat' dir='ltr'><strong>cum</strong></span> <span class='ocrx_word' id='word_1_40' title='bbox 1922 595 1981 634; x_wconf 89' lang='lat' dir='ltr'><strong>ea</strong></span> <span class='ocrx_word' id='word_1_41' title='bbox 2010 581 2117 650; x_wconf 86' lang='lat' dir='ltr'><strong>ipsa</strong></span> 
     </span>
    </p>
   </div>
   <div class='ocr_carea' id='block_1_8' title="bbox 594 657 2117 730">
    <p class='ocr_par' dir='ltr' id='par_1_8' title="bbox 594 657 2117 730">
     <span class='ocr_line' id='line_1_8' title="bbox 594 657 2117 730; baseline 0.011 -23"><span class='ocrx_word' id='word_1_42' title='bbox 594 672 709 724; x_wconf 75' lang='lat' dir='ltr'><strong>qua:</strong></span> <span class='ocrx_word' id='word_1_43' title='bbox 750 657 997 724; x_wconf 91' lang='lat' dir='ltr'><strong>legimus,</strong></span> <span class='ocrx_word' id='word_1_44' title='bbox 1043 662 1504 726; x_wconf 57' lang='lat' dir='ltr'><strong>parcentismerha</strong></span> <span class='ocrx_word' id='word_1_45' title='bbox 1562 677 1831 730; x_wconf 72' lang='lat' dir='ltr'><strong>censurae,</strong></span> <span class='ocrx_word' id='word_1_46' title='bbox 1877 669 2117 722; x_wconf 69' lang='lat' dir='ltr'><strong>maxima:</strong></span> 
     </span>
    </p>
   </div>
   <div class='ocr_carea' id='block_1_9' title="bbox 497 746 2158 823">
    <p class='ocr_par' dir='ltr' id='par_1_9' title="bbox 497 746 2158 823">
     <span class='ocr_line' id='line_1_9' title="bbox 497 746 2158 823; baseline 0.009 -26"><span class='ocrx_word' id='word_1_47' title='bbox 497 761 503 778; x_wconf 84' lang='grc' dir='ltr'><em>ι</em></span> <span class='ocrx_word' id='word_1_48' title='bbox 591 746 975 800; x_wconf 91' lang='lat' dir='ltr'><strong>emendationis</strong></span> <span class='ocrx_word' id='word_1_49' title='bbox 1001 748 1332 802; x_wconf 88' lang='lat' dir='ltr'><strong>incitamenta</strong></span> <span class='ocrx_word' id='word_1_50' title='bbox 1355 751 1479 802; x_wconf 90' lang='lat' dir='ltr'><strong>sint.</strong></span> <span class='ocrx_word' id='word_1_51' title='bbox 1510 751 1638 804; x_wconf 84' lang='lat' dir='ltr'><strong>Nam</strong></span> <span class='ocrx_word' id='word_1_52' title='bbox 1662 755 1782 820; x_wconf 90' lang='lat' dir='ltr'><strong>quid</strong></span> <span class='ocrx_word' id='word_1_53' title='bbox 1814 766 1982 823; x_wconf 89' lang='lat' dir='ltr'><strong>potest</strong></span> <span class='ocrx_word' id='word_1_54' title='bbox 2001 771 2116 812; x_wconf 88' lang='lat' dir='ltr'><strong>esse</strong></span> <span class='ocrx_word' id='word_1_55' title='bbox 2154 754 2158 760; x_wconf 88' lang='grc'><strong>’</strong></span> 
     </span>
    </p>
   </div>
   <div class='ocr_carea' id='block_1_10' title="bbox 590 836 2116 914">
    <p class='ocr_par' dir='ltr' id='par_1_10' title="bbox 590 836 2116 914">
     <span class='ocr_line' id='line_1_10' title="bbox 590 836 2116 914; baseline 0.009 -26"><span class='ocrx_word' id='word_1_56' title='bbox 590 836 945 903; x_wconf 78' lang='lat' dir='ltr'><strong>castigationis</strong></span> <span class='ocrx_word' id='word_1_57' title='bbox 975 837 1191 904; x_wconf 91' lang='lat' dir='ltr'><strong>hujusce</strong></span> <span class='ocrx_word' id='word_1_58' title='bbox 1222 847 1401 893; x_wconf 91' lang='lat' dir='ltr'><strong>tenore</strong></span> <span class='ocrx_word' id='word_1_59' title='bbox 1429 843 1727 908; x_wconf 84' lang='lat' dir='ltr'><strong>pretiosius,</strong></span> <span class='ocrx_word' id='word_1_60' title='bbox 1763 845 1814 897; x_wconf 90' lang='lat' dir='ltr'><strong>in</strong></span> <span class='ocrx_word' id='word_1_61' title='bbox 1845 861 1943 914; x_wconf 92' lang='lat' dir='ltr'><strong>qua</strong></span> <span class='ocrx_word' id='word_1_62' title='bbox 1981 847 2116 902; x_wconf 89' lang='lat' dir='ltr'><strong>forte</strong></span> 
     </span>
    </p>
   </div>
   <div class='ocr_carea' id='block_1_11' title="bbox 589 927 2110 1003">
    <p class='ocr_par' dir='ltr' id='par_1_11' title="bbox 589 927 2110 1003">
     <span class='ocr_line' id='line_1_11' title="bbox 589 927 2110 1003; baseline 0.01 -27"><span class='ocrx_word' id='word_1_63' title='bbox 589 935 804 992; x_wconf 88' lang='lat' dir='ltr'><strong>peccato</strong></span> <span class='ocrx_word' id='word_1_64' title='bbox 823 927 1024 980; x_wconf 88' lang='lat' dir='ltr'><strong>animus</strong></span> <span class='ocrx_word' id='word_1_65' title='bbox 1053 928 1210 995; x_wconf 83' lang='lat' dir='ltr'><strong>aeger,</strong></span> <span class='ocrx_word' id='word_1_66' title='bbox 1241 930 1435 996; x_wconf 89' lang='lat' dir='ltr'><strong>reperit</strong></span> <span class='ocrx_word' id='word_1_67' title='bbox 1462 930 1777 991; x_wconf 75' lang='lat' dir='ltr'><strong>intrinsecus</strong></span> <span class='ocrx_word' id='word_1_68' title='bbox 1802 935 2110 1003; x_wconf 84' lang='lat' dir='ltr'><strong>remedium,</strong></span> 
     </span>
    </p>
   </div>
   <div class='ocr_carea' id='block_1_12' title="bbox 585 1017 2113 1080">
    <p class='ocr_par' dir='ltr' id='par_1_12' title="bbox 585 1017 2113 1080">
     <span class='ocr_line' id='line_1_12' title="bbox 585 1017 2113 1080; baseline 0.009 -13"><span class='ocrx_word' id='word_1_69' title='bbox 585 1030 706 1068; x_wconf 90' lang='lat' dir='ltr'><strong>eum</strong></span> <span class='ocrx_word' id='word_1_70' title='bbox 752 1029 853 1068; x_wconf 83' lang='lat' dir='ltr'><strong>non</strong></span> <span class='ocrx_word' id='word_1_71' title='bbox 893 1017 1094 1071; x_wconf 81' lang='lat' dir='ltr'><strong>valeret</strong></span> <span class='ocrx_word' id='word_1_72' title='bbox 1128 1017 1457 1073; x_wconf 82' lang='lat' dir='ltr'><strong>extrinsecus</strong></span> <span class='ocrx_word' id='word_1_73' title='bbox 1501 1021 1734 1075; x_wconf 88' lang='lat' dir='ltr'><strong>invenire</strong></span> <span class='ocrx_word' id='word_1_74' title='bbox 1789 1025 2113 1080; x_wconf 83' lang='lat' dir='ltr'><strong>convicium?</strong></span> 
     </span>
    </p>
   </div>
   <div class='ocr_carea' id='block_1_13' title="bbox 578 1104 2113 1184">
    <p class='ocr_par' dir='ltr' id='par_1_13' title="bbox 578 1104 2113 1184">
     <span class='ocr_line' id='line_1_13' title="bbox 578 1104 2113 1184; baseline 0.008 -27"><span class='ocrx_word' id='word_1_75' title='bbox 578 1104 733 1169; x_wconf 82' lang='lat' dir='ltr'><strong>Quod</strong></span> <span class='ocrx_word' id='word_1_76' title='bbox 754 1115 1015 1173; x_wconf 88' lang='lat' dir='ltr'><strong>superest,</strong></span> <span class='ocrx_word' id='word_1_77' title='bbox 1040 1106 1398 1172; x_wconf 88' lang='lat' dir='ltr'><strong>obsecramus,</strong></span> <span class='ocrx_word' id='word_1_78' title='bbox 1429 1119 1488 1164; x_wconf 93' lang='lat' dir='ltr'><strong>ut</strong></span> <span class='ocrx_word' id='word_1_79' title='bbox 1523 1110 1707 1166; x_wconf 88' lang='lat' dir='ltr'><strong>crebra</strong></span> <span class='ocrx_word' id='word_1_80' title='bbox 1743 1117 1977 1169; x_wconf 88' lang='lat' dir='ltr'><strong>oratione</strong></span> <span class='ocrx_word' id='word_1_81' title='bbox 2021 1130 2113 1184; x_wconf 91' lang='lat' dir='ltr'><strong>per</strong></span> 
     </span>
    </p>
   </div>
   <div class='ocr_carea' id='block_1_14' title="bbox 584 1194 2109 1271">
    <p class='ocr_par' dir='ltr' id='par_1_14' title="bbox 584 1194 2109 1271">
     <span class='ocr_line' id='line_1_14' title="bbox 584 1194 2109 1271; baseline 0.006 -25"><span class='ocrx_word' id='word_1_82' title='bbox 584 1208 736 1260; x_wconf 87' lang='lat' dir='ltr'><strong>quain</strong></span> <span class='ocrx_word' id='word_1_83' title='bbox 761 1194 904 1247; x_wconf 83' lang='lat' dir='ltr'><strong>vitiis</strong></span> <span class='ocrx_word' id='word_1_84' title='bbox 926 1195 1165 1261; x_wconf 87' lang='lat' dir='ltr'><strong>omnibus</strong></span> <span class='ocrx_word' id='word_1_85' title='bbox 1191 1195 1417 1252; x_wconf 85' lang='lat' dir='ltr'><strong>immane</strong></span> <span class='ocrx_word' id='word_1_86' title='bbox 1442 1198 1802 1267; x_wconf 83' lang='lat' dir='ltr'><strong>dominamini,</strong></span> <span class='ocrx_word' id='word_1_87' title='bbox 1849 1194 1942 1256; x_wconf 87' lang='lat' dir='ltr'><strong>nos</strong></span> <span class='ocrx_word' id='word_1_88' title='bbox 1980 1217 2109 1271; x_wconf 81' lang='lat' dir='ltr'><strong>quo-</strong></span> 
     </span>
    </p>
   </div>
   <div class='ocr_carea' id='block_1_15' title="bbox 584 1284 2109 1354">
    <p class='ocr_par' dir='ltr' id='par_1_15' title="bbox 584 1284 2109 1354">
     <span class='ocr_line' id='line_1_15' title="bbox 584 1284 2109 1354; baseline 0.007 -20"><span class='ocrx_word' id='word_1_89' title='bbox 584 1297 687 1350; x_wconf 88' lang='lat' dir='ltr'><strong>que</strong></span> <span class='ocrx_word' id='word_1_90' title='bbox 730 1284 865 1336; x_wconf 85' lang='lat' dir='ltr'><strong>sicut</strong></span> <span class='ocrx_word' id='word_1_91' title='bbox 906 1284 1237 1351; x_wconf 74' lang='lat' dir='ltr'><strong>evangelicos</strong></span> <span class='ocrx_word' id='word_1_92' title='bbox 1274 1301 1453 1354; x_wconf 88' lang='lat' dir='ltr'><strong>magos</strong></span> <span class='ocrx_word' id='word_1_93' title='bbox 1497 1303 1759 1344; x_wconf 85' lang='lat' dir='ltr'><strong>remeasse</strong></span> <span class='ocrx_word' id='word_1_94' title='bbox 1784 1291 2109 1345; x_wconf 86' lang='lat' dir='ltr'><strong>manifestum</strong></span> 
     </span>
    </p>
   </div>
   <div class='ocr_carea' id='block_1_16' title="bbox 583 1362 2111 1439">
    <p class='ocr_par' dir='ltr' id='par_1_16' title="bbox 583 1362 2111 1439">
     <span class='ocr_line' id='line_1_16' title="bbox 583 1362 2111 1439; baseline 0.007 -16"><span class='ocrx_word' id='word_1_95' title='bbox 583 1377 684 1433; x_wconf 85' lang='lat' dir='ltr'><strong>cst,</strong></span> <span class='ocrx_word' id='word_1_96' title='bbox 715 1369 797 1424; x_wconf 85' lang='lat' dir='ltr'><strong>vel</strong></span> <span class='ocrx_word' id='word_1_97' title='bbox 817 1371 923 1437; x_wconf 80' lang='lat' dir='ltr'><strong>jam</strong></span> <span class='ocrx_word' id='word_1_98' title='bbox 949 1386 1090 1424; x_wconf 85' lang='lat' dir='ltr'><strong>nunc</strong></span> <span class='ocrx_word' id='word_1_99' title='bbox 1134 1362 1398 1439; x_wconf 75' lang='lat' dir='ltr'><strong>per-aliam</strong></span> <span class='ocrx_word' id='word_1_100' title='bbox 1450 1376 1582 1430; x_wconf 86' lang='lat' dir='ltr'><strong>viam</strong></span> <span class='ocrx_word' id='word_1_101' title='bbox 1610 1393 1811 1433; x_wconf 90' lang='lat' dir='ltr'><strong>morum</strong></span> <span class='ocrx_word' id='word_1_102' title='bbox 1837 1379 1887 1432; x_wconf 91' lang='lat' dir='ltr'><strong>in</strong></span> <span class='ocrx_word' id='word_1_103' title='bbox 1933 1381 2111 1434; x_wconf 88' lang='lat' dir='ltr'><strong>beato-</strong></span> 
     </span>
    </p>
   </div>
   <div class='ocr_carea' id='block_1_17' title="bbox 581 1460 2110 1537">
    <p class='ocr_par' dir='ltr' id='par_1_17' title="bbox 581 1460 2110 1537">
     <span class='ocr_line' id='line_1_17' title="bbox 581 1460 2110 1537; baseline 0.007 -25"><span class='ocrx_word' id='word_1_104' title='bbox 581 1472 698 1512; x_wconf 86' lang='lat' dir='ltr'><strong>rum</strong></span> <span class='ocrx_word' id='word_1_105' title='bbox 721 1460 935 1527; x_wconf 88' lang='lat' dir='ltr'><strong>patriam</strong></span> <span class='ocrx_word' id='word_1_106' title='bbox 949 1461 1126 1513; x_wconf 89' lang='lat' dir='ltr'><strong>&#39;redire</strong></span> <span class='ocrx_word' id='word_1_107' title='bbox 1147 1461 1365 1516; x_wconf 80' lang='lat' dir='ltr'><strong>faciatis.</strong></span> <span class='ocrx_word' id='word_1_108' title='bbox 1383 1462 1520 1518; x_wconf 91' lang='lat' dir='ltr'><strong>Pene</strong></span> <span class='ocrx_word' id='word_1_109' title='bbox 1532 1467 1806 1520; x_wconf 89' lang='lat' dir='ltr'><strong>omiseram</strong></span> <span class='ocrx_word' id='word_1_110' title='bbox 1821 1469 1955 1536; x_wconf 87' lang='lat' dir='ltr'><strong>quod</strong></span> <span class='ocrx_word' id='word_1_111' title='bbox 1979 1483 2110 1537; x_wconf 49' lang='lat' dir='ltr'><strong>pra»</strong></span> 
     </span>
    </p>
   </div>
   <div class='ocr_carea' id='block_1_18' title="bbox 576 1548 2103 1622">
    <p class='ocr_par' dir='ltr' id='par_1_18' title="bbox 576 1548 2103 1622">
     <span class='ocr_line' id='line_1_18' title="bbox 576 1548 2103 1622; baseline 0.007 -21"><span class='ocrx_word' id='word_1_112' title='bbox 576 1548 885 1601; x_wconf 81' lang='lat' dir='ltr'><strong>tereundum</strong></span> <span class='ocrx_word' id='word_1_113' title='bbox 940 1550 1151 1603; x_wconf 91' lang='lat' dir='ltr'><strong>minime</strong></span> <span class='ocrx_word' id='word_1_114' title='bbox 1203 1550 1316 1604; x_wconf 91' lang='lat' dir='ltr'><strong>fuit.</strong></span> <span class='ocrx_word' id='word_1_115' title='bbox 1360 1553 1512 1621; x_wconf 80' lang='lat' dir='ltr'><strong>Agite</strong></span> <span class='ocrx_word' id='word_1_116' title='bbox 1557 1554 1765 1622; x_wconf 85' lang='lat' dir='ltr'><strong>gratias</strong></span> <span class='ocrx_word' id='word_1_117' title='bbox 1798 1555 2103 1610; x_wconf 91' lang='lat' dir='ltr'><strong>lnnocentio</strong></span> 
     </span>
    </p>
   </div>
   <div class='ocr_carea' id='block_1_19' title="bbox 2221 406 3781 486">
    <p class='ocr_par' dir='ltr' id='par_1_19' title="bbox 2221 406 3781 486">
     <span class='ocr_line' id='line_1_19' title="bbox 2221 406 3781 486; baseline 0.013 -28"><span class='ocrx_word' id='word_1_118' title='bbox 2221 406 2415 471; x_wconf 81' lang='lat' dir='ltr'><strong>obviat,</strong></span> <span class='ocrx_word' id='word_1_119' title='bbox 2466 410 2732 477; x_wconf 88' lang='lat' dir='ltr'><strong>epistolari</strong></span> <span class='ocrx_word' id='word_1_120' title='bbox 2774 413 3013 468; x_wconf 67' lang='lat' dir='ltr'><strong>formula</strong></span> <span class='ocrx_word' id='word_1_121' title='bbox 3065 418 3296 472; x_wconf 85' lang='lat' dir='ltr'><strong>debitam</strong></span> <span class='ocrx_word' id='word_1_122' title='bbox 3351 424 3704 478; x_wconf 83' lang='lat' dir='ltr'><strong>concinnitatem</strong></span> <span class='ocrx_word' id='word_1_123' title='bbox 3780 417 3781 486; x_wconf 65' lang='grc' dir='ltr'>Ϊ</span> 
     </span>
    </p>
   </div>
   <div class='ocr_carea' id='block_1_20' title="bbox 2220 489 3781 575">
    <p class='ocr_par' dir='ltr' id='par_1_20' title="bbox 2220 489 3781 575">
     <span class='ocr_line' id='line_1_20' title="bbox 2220 489 3781 575; baseline 0.012 -30"><span class='ocrx_word' id='word_1_124' title='bbox 2220 495 2493 562; x_wconf 62' lang='grc' dir='ltr'><strong>ριυτίΐειτὶοη</strong></span> <span class='ocrx_word' id='word_1_125' title='bbox 2523 512 2769 554; x_wconf 71' lang='lat' dir='ltr'><strong>sermone</strong></span> <span class='ocrx_word' id='word_1_126' title='bbox 2812 504 3097 570; x_wconf 80' lang='lat' dir='ltr'><strong>porrigere.</strong></span> <span class='ocrx_word' id='word_1_127' title='bbox 3142 505 3280 560; x_wconf 83' lang='lat' dir='ltr'><strong>Sane</strong></span> <span class='ocrx_word' id='word_1_128' title='bbox 3319 510 3439 575; x_wconf 84' lang='lat' dir='ltr'><strong>quia</strong></span> <span class='ocrx_word' id='word_1_129' title='bbox 3467 513 3702 566; x_wconf 87' lang='lat' dir='ltr'><strong>secundum</strong></span> <span class='ocrx_word' id='word_1_130' title='bbox 3780 489 3781 564; x_wconf 41' lang='grc' dir='ltr'><em>Ῐ</em></span> 
     </span>
    </p>
   </div>
   <div class='ocr_carea' id='block_1_21' title="bbox 2217 583 3703 665">
    <p class='ocr_par' dir='ltr' id='par_1_21' title="bbox 2217 583 3703 665">
     <span class='ocr_line' id='line_1_21' title="bbox 2217 583 3703 665; baseline 0.013 -32"><span class='ocrx_word' id='word_1_131' title='bbox 2217 583 2297 634; x_wconf 90' lang='lat' dir='ltr'><strong>vel</strong></span> <span class='ocrx_word' id='word_1_132' title='bbox 2327 583 2505 637; x_wconf 79' lang='lat' dir='ltr'><strong>notitia</strong></span> <span class='ocrx_word' id='word_1_133' title='bbox 2529 621 2544 647; x_wconf 95' lang='lat'><strong>,</strong></span> <span class='ocrx_word' id='word_1_134' title='bbox 2576 586 2656 638; x_wconf 91' lang='lat' dir='ltr'><strong>vel</strong></span> <span class='ocrx_word' id='word_1_135' title='bbox 2678 586 2868 653; x_wconf 88' lang='lat' dir='ltr'><strong>judicia</strong></span> <span class='ocrx_word' id='word_1_136' title='bbox 2911 598 3150 655; x_wconf 85' lang='lat' dir='ltr'><strong>terrena,</strong></span> <span class='ocrx_word' id='word_1_137' title='bbox 3194 594 3373 647; x_wconf 87' lang='lat' dir='ltr'><strong>solent</strong></span> <span class='ocrx_word' id='word_1_138' title='bbox 3400 587 3703 665; x_wconf 49' lang='lat' dir='ltr'><strong>167&#39;hujus-</strong></span> 
     </span>
    </p>
   </div>
   <div class='ocr_carea' id='block_1_22' title="bbox 2215 671 3698 754">
    <p class='ocr_par' dir='ltr' id='par_1_22' title="bbox 2215 671 3698 754">
     <span class='ocr_line' id='line_1_22' title="bbox 2215 671 3698 754; baseline 0.013 -31"><span class='ocrx_word' id='word_1_139' title='bbox 2215 673 2352 724; x_wconf 89' lang='lat' dir='ltr'><strong>modi</strong></span> <span class='ocrx_word' id='word_1_140' title='bbox 2395 671 2632 727; x_wconf 86' lang='lat' dir='ltr'><strong>homines</strong></span> <span class='ocrx_word' id='word_1_141' title='bbox 2677 678 2918 729; x_wconf 87' lang='lat' dir='ltr'><strong>honestas</strong></span> <span class='ocrx_word' id='word_1_142' title='bbox 2959 677 3152 734; x_wconf 88' lang='lat' dir='ltr'><strong>habere</strong></span> <span class='ocrx_word' id='word_1_143' title='bbox 3191 697 3408 747; x_wconf 88' lang='lat' dir='ltr'><strong>causas;</strong></span> <span class='ocrx_word' id='word_1_144' title='bbox 3440 696 3490 736; x_wconf 93' lang='lat' dir='ltr'><strong>tu</strong></span> <span class='ocrx_word' id='word_1_145' title='bbox 3529 704 3698 754; x_wconf 80' lang='lat' dir='ltr'><strong>quoque</strong></span> 
     </span>
    </p>
   </div>
   <div class='ocr_carea' id='block_1_23' title="bbox 2215 758 3701 840">
    <p class='ocr_par' dir='ltr' id='par_1_23' title="bbox 2215 758 3701 840">
     <span class='ocr_line' id='line_1_23' title="bbox 2215 758 3701 840; baseline 0.011 -31"><span class='ocrx_word' id='word_1_146' title='bbox 2215 765 2363 824; x_wconf 86' lang='lat' dir='ltr'><strong>potes</strong></span> <span class='ocrx_word' id='word_1_147' title='bbox 2394 758 2545 825; x_wconf 88' lang='lat' dir='ltr'><strong>hujus</strong></span> <span class='ocrx_word' id='word_1_148' title='bbox 2574 759 2842 826; x_wconf 87' lang='lat' dir='ltr'><strong>laboriosi,</strong></span> <span class='ocrx_word' id='word_1_149' title='bbox 2863 765 2961 816; x_wconf 88' lang='lat' dir='ltr'><strong>etsi</strong></span> <span class='ocrx_word' id='word_1_150' title='bbox 3014 766 3284 834; x_wconf 81' lang='lat' dir='ltr'><strong>impugnas</strong></span> <span class='ocrx_word' id='word_1_151' title='bbox 3307 771 3586 837; x_wconf 85' lang='lat' dir='ltr'><strong>perfidiam,</strong></span> <span class='ocrx_word' id='word_1_152' title='bbox 3614 789 3701 840; x_wconf 85' lang='lat' dir='ltr'><strong>pro-</strong></span> 
     </span>
    </p>
   </div>
   <div class='ocr_carea' id='block_1_24' title="bbox 2214 849 3699 927">
    <p class='ocr_par' dir='ltr' id='par_1_24' title="bbox 2214 849 3699 927">
     <span class='ocr_line' id='line_1_24' title="bbox 2214 849 3699 927; baseline 0.014 -33"><span class='ocrx_word' id='word_1_153' title='bbox 2214 849 2441 911; x_wconf 68' lang='lat' dir='ltr'><strong>pugnare</strong></span> <span class='ocrx_word' id='word_1_154' title='bbox 2469 862 2764 913; x_wconf 89' lang='lat' dir='ltr'><strong>personam.</strong></span> <span class='ocrx_word' id='word_1_155' title='bbox 2807 852 3005 905; x_wconf 79' lang='lat' dir='ltr'><strong>Memor</strong></span> <span class='ocrx_word' id='word_1_156' title='bbox 3034 857 3198 908; x_wconf 88' lang='lat' dir='ltr'><strong>nostri</strong></span> <span class='ocrx_word' id='word_1_157' title='bbox 3229 872 3348 912; x_wconf 89' lang='lat' dir='ltr'><strong>esse</strong></span> <span class='ocrx_word' id='word_1_158' title='bbox 3378 860 3607 927; x_wconf 84' lang='lat' dir='ltr'><strong>dignare,</strong></span> <span class='ocrx_word' id='word_1_159' title='bbox 3633 863 3699 915; x_wconf 81' lang='lat' dir='ltr'><strong>do-</strong></span> 
     </span>
    </p>
   </div>
   <div class='ocr_carea' id='block_1_25' title="bbox 2212 931 2527 1002">
    <p class='ocr_par' dir='ltr' id='par_1_25' title="bbox 2212 931 2527 1002">
     <span class='ocr_line' id='line_1_25' title="bbox 2212 931 2527 1002; baseline 0.006 -18"><span class='ocrx_word' id='word_1_160' title='bbox 2212 931 2352 987; x_wconf 86' lang='lat' dir='ltr'><strong>mine</strong></span> <span class='ocrx_word' id='word_1_161' title='bbox 2373 946 2527 1002; x_wconf 89' lang='lat' dir='ltr'><strong>papa.</strong></span> 
     </span>
    </p>
   </div>
   <div class='ocr_carea' id='block_1_26' title="bbox 2744 1028 3213 1088">
    <p class='ocr_par' dir='ltr' id='par_1_26' title="bbox 2744 1028 3213 1088">
     <span class='ocr_line' id='line_1_26' title="bbox 2744 1028 3213 1088; baseline 0.017 -8"><span class='ocrx_word' id='word_1_162' title='bbox 2744 1028 3064 1086; x_wconf 80' lang='lat' dir='ltr'><strong>EPISTOLA</strong></span> <span class='ocrx_word' id='word_1_163' title='bbox 3101 1033 3213 1088; x_wconf 84' lang='lat' dir='ltr'><strong>XII.</strong></span> 
     </span>
    </p>
   </div>
   <div class='ocr_carea' id='block_1_27' title="bbox 2383 1109 3557 1188">
    <p class='ocr_par' dir='ltr' id='par_1_27' title="bbox 2383 1109 3557 1188">
     <span class='ocr_line' id='line_1_27' title="bbox 2383 1109 3557 1188; baseline 0.015 -24"><span class='ocrx_word' id='word_1_164' title='bbox 2383 1109 2622 1165; x_wconf 82' lang='lat' dir='ltr'><strong>Sidonius</strong></span> <span class='ocrx_word' id='word_1_165' title='bbox 2644 1115 2843 1169; x_wconf 83' lang='lat' dir='ltr'><strong>domino</strong></span> <span class='ocrx_word' id='word_1_166' title='bbox 2871 1136 3013 1188; x_wconf 64' lang='lat' dir='ltr'><strong>papa</strong></span> <span class='ocrx_word' id='word_1_167' title='bbox 3042 1118 3067 1157; x_wconf 73' lang='grc' dir='ltr'><em>δ</em></span> <span class='ocrx_word' id='word_1_168' title='bbox 3095 1121 3316 1177; x_wconf 82' lang='lat' dir='ltr'><strong>Patienti</strong></span> <span class='ocrx_word' id='word_1_169' title='bbox 3338 1113 3557 1182; x_wconf 72' lang='lat' dir='ltr'><strong>salutem.</strong></span> 
     </span>
    </p>
   </div>
   <div class='ocr_carea' id='block_1_28' title="bbox 2276 1197 3691 1283">
    <p class='ocr_par' dir='ltr' id='par_1_28' title="bbox 2276 1197 3691 1283">
     <span class='ocr_line' id='line_1_28' title="bbox 2276 1197 3691 1283; baseline 0.015 -33"><span class='ocrx_word' id='word_1_170' title='bbox 2276 1197 2478 1265; x_wconf 70' lang='lat' dir='ltr'><strong>AliQuis</strong></span> <span class='ocrx_word' id='word_1_171' title='bbox 2501 1200 2726 1269; x_wconf 84' lang='lat' dir='ltr'><strong>aliquem</strong></span> <span class='ocrx_word' id='word_1_172' title='bbox 2747 1243 2762 1266; x_wconf 95' lang='lat'><strong>,</strong></span> <span class='ocrx_word' id='word_1_173' title='bbox 2788 1219 2885 1272; x_wconf 91' lang='lat' dir='ltr'><strong>ego</strong></span> <span class='ocrx_word' id='word_1_174' title='bbox 2920 1208 3063 1260; x_wconf 91' lang='lat' dir='ltr'><strong>illum</strong></span> <span class='ocrx_word' id='word_1_175' title='bbox 3090 1213 3350 1279; x_wconf 74' lang='lat' dir='ltr'><strong>praecipue</strong></span> <span class='ocrx_word' id='word_1_176' title='bbox 3371 1223 3494 1283; x_wconf 89' lang='lat' dir='ltr'><strong>puto</strong></span> <span class='ocrx_word' id='word_1_177' title='bbox 3519 1231 3604 1270; x_wconf 90' lang='lat' dir='ltr'><strong>suo</strong></span> <span class='ocrx_word' id='word_1_178' title='bbox 3632 1218 3691 1270; x_wconf 84' lang='lat' dir='ltr'><strong>vi-</strong></span> 
     </span>
    </p>
   </div>
   <div class='ocr_carea' id='block_1_29' title="bbox 2208 1285 3693 1364">
    <p class='ocr_par' dir='ltr' id='par_1_29' title="bbox 2208 1285 3693 1364">
     <span class='ocr_line' id='line_1_29' title="bbox 2208 1285 3693 1364; baseline 0.013 -28"><span class='ocrx_word' id='word_1_179' title='bbox 2208 1297 2330 1339; x_wconf 89' lang='lat' dir='ltr'><strong>vere</strong></span> <span class='ocrx_word' id='word_1_180' title='bbox 2368 1285 2508 1340; x_wconf 91' lang='lat' dir='ltr'><strong>bono</strong></span> <span class='ocrx_word' id='word_1_181' title='bbox 2548 1288 2636 1354; x_wconf 91' lang='lat' dir='ltr'><strong>qui</strong></span> <span class='ocrx_word' id='word_1_182' title='bbox 2663 1289 2790 1343; x_wconf 78' lang='lat' dir='ltr'><strong>vivit</strong></span> <span class='ocrx_word' id='word_1_183' title='bbox 2813 1293 2988 1346; x_wconf 86' lang='lat' dir='ltr'><strong>alieno</strong></span> <span class='ocrx_word' id='word_1_184' title='bbox 3016 1312 3027 1345; x_wconf 94' lang='lat'><strong>:</strong></span> <span class='ocrx_word' id='word_1_185' title='bbox 3052 1297 3243 1364; x_wconf 87' lang='lat' dir='ltr'><strong>quique</strong></span> <span class='ocrx_word' id='word_1_186' title='bbox 3274 1299 3498 1353; x_wconf 82' lang='lat' dir='ltr'><strong>ﬁdelium</strong></span> <span class='ocrx_word' id='word_1_187' title='bbox 3524 1302 3693 1356; x_wconf 61' lang='lat' dir='ltr'><strong>calami.</strong></span> 
     </span>
    </p>
   </div>
   <div class='ocr_carea' id='block_1_30' title="bbox 2209 1374 3692 1458">
    <p class='ocr_par' dir='ltr' id='par_1_30' title="bbox 2209 1374 3692 1458">
     <span class='ocr_line' id='line_1_30' title="bbox 2209 1374 3692 1458; baseline 0.013 -32"><span class='ocrx_word' id='word_1_188' title='bbox 2209 1383 2340 1427; x_wconf 90' lang='lat' dir='ltr'><strong>tates</strong></span> <span class='ocrx_word' id='word_1_189' title='bbox 2368 1374 2808 1448; x_wconf 80' lang='lat' dir='ltr'><strong>indigentiamque</strong></span> <span class='ocrx_word' id='word_1_190' title='bbox 2834 1383 3108 1437; x_wconf 86' lang='lat' dir='ltr'><strong>miseratus</strong></span> <span class='ocrx_word' id='word_1_191' title='bbox 3129 1425 3144 1450; x_wconf 95' lang='lat'><strong>,</strong></span> <span class='ocrx_word' id='word_1_192' title='bbox 3175 1385 3298 1440; x_wconf 81' lang='lat' dir='ltr'><strong>facit</strong></span> <span class='ocrx_word' id='word_1_193' title='bbox 3323 1388 3372 1440; x_wconf 88' lang='lat' dir='ltr'><strong>iu</strong></span> <span class='ocrx_word' id='word_1_194' title='bbox 3397 1391 3542 1444; x_wconf 89' lang='lat' dir='ltr'><strong>terris</strong></span> <span class='ocrx_word' id='word_1_195' title='bbox 3567 1406 3692 1458; x_wconf 79' lang='lat' dir='ltr'><strong>oper:</strong></span> 
     </span>
    </p>
   </div>
   <div class='ocr_carea' id='block_1_31' title="bbox 2207 1465 3692 1540">
    <p class='ocr_par' dir='ltr' id='par_1_31' title="bbox 2207 1465 3692 1540">
     <span class='ocr_line' id='line_1_31' title="bbox 2207 1465 3692 1540; baseline 0.011 -23"><span class='ocrx_word' id='word_1_196' title='bbox 2207 1465 2480 1531; x_wconf 67' lang='lat' dir='ltr'><strong>caelorum.</strong></span> <span class='ocrx_word' id='word_1_197' title='bbox 2524 1467 2783 1535; x_wconf 80' lang='lat' dir='ltr'><strong>Quorsum</strong></span> <span class='ocrx_word' id='word_1_198' title='bbox 2815 1470 2921 1530; x_wconf 82' lang='lat' dir='ltr'><strong>ista.</strong></span> <span class='ocrx_word' id='word_1_199' title='bbox 2948 1471 3059 1524; x_wconf 74' lang='lat' dir='ltr'><strong>huic</strong></span> <span class='ocrx_word' id='word_1_200' title='bbox 3085 1510 3101 1536; x_wconf 92' lang='lat'><strong>,</strong></span> <span class='ocrx_word' id='word_1_201' title='bbox 3126 1472 3337 1540; x_wconf 75' lang='lat' dir='ltr'><strong>inquis?</strong></span> <span class='ocrx_word' id='word_1_202' title='bbox 3362 1475 3438 1530; x_wconf 83' lang='lat' dir='ltr'><strong>Te</strong></span> <span class='ocrx_word' id='word_1_203' title='bbox 3478 1480 3692 1534; x_wconf 76' lang='lat' dir='ltr'><strong>sententia</strong></span> 
     </span>
    </p>
   </div>
   <div class='ocr_carea' id='block_1_32' title="bbox 2206 1554 3697 1629">
    <p class='ocr_par' dir='ltr' id='par_1_32' title="bbox 2206 1554 3697 1629">
     <span class='ocr_line' id='line_1_32' title="bbox 2206 1554 3697 1629; baseline 0.011 -26"><span class='ocrx_word' id='word_1_204' title='bbox 2206 1565 2362 1620; x_wconf 91' lang='lat' dir='ltr'><strong>quam</strong></span> <span class='ocrx_word' id='word_1_205' title='bbox 2383 1554 2638 1618; x_wconf 82' lang='lat' dir='ltr'><strong>maxime,</strong></span> <span class='ocrx_word' id='word_1_206' title='bbox 2659 1569 2790 1624; x_wconf 87' lang='lat' dir='ltr'><strong>papa</strong></span> <span class='ocrx_word' id='word_1_207' title='bbox 2820 1556 3148 1626; x_wconf 88' lang='lat' dir='ltr'><strong>beatissime,</strong></span> <span class='ocrx_word' id='word_1_208' title='bbox 3178 1564 3335 1629; x_wconf 85' lang='lat' dir='ltr'><strong>petit;</strong></span> <span class='ocrx_word' id='word_1_209' title='bbox 3359 1565 3438 1617; x_wconf 89' lang='lat' dir='ltr'><strong>cui</strong></span> <span class='ocrx_word' id='word_1_210' title='bbox 3467 1581 3560 1618; x_wconf 89' lang='lat' dir='ltr'><strong>non</strong></span> <span class='ocrx_word' id='word_1_211' title='bbox 3578 1568 3697 1619; x_wconf 84' lang='lat' dir='ltr'><strong>sufli-</strong></span> 
     </span>
    </p>
   </div>
   <div class='ocr_carea' id='block_1_33' title="bbox 578 1636 3690 1720">
    <p class='ocr_par' dir='ltr' id='par_1_33' title="bbox 578 1636 3690 1720">
     <span class='ocr_line' id='line_1_33' title="bbox 578 1636 3690 1720; baseline 0.006 -33"><span class='ocrx_word' id='word_1_212' title='bbox 578 1636 844 1705; x_wconf 83' lang='lat' dir='ltr'><strong>spectahili</strong></span> <span class='ocrx_word' id='word_1_213' title='bbox 873 1637 1007 1701; x_wconf 90' lang='lat' dir='ltr'><strong>viro,</strong></span> <span class='ocrx_word' id='word_1_214' title='bbox 1032 1638 1118 1705; x_wconf 91' lang='lat' dir='ltr'><strong>qui</strong></span> <span class='ocrx_word' id='word_1_215' title='bbox 1147 1648 1202 1692; x_wconf 91' lang='lat' dir='ltr'><strong>ut</strong></span> <span class='ocrx_word' id='word_1_216' title='bbox 1230 1642 1614 1709; x_wconf 63' lang='lat' dir='ltr'><strong>praeceperatis,</strong></span> <span class='ocrx_word' id='word_1_217' title='bbox 1644 1643 1880 1712; x_wconf 74' lang='lat' dir='ltr'><strong>gnaviter</strong></span> <span class='ocrx_word' id='word_1_218' title='bbox 1901 1661 2096 1702; x_wconf 82' lang='lat' dir='ltr'><strong>morem</strong></span> <span class='ocrx_word' id='word_1_219' title='bbox 2133 1641 2172 1698; x_wconf 85' lang='grc' dir='ltr'><strong><em>Β</em></strong></span> <span class='ocrx_word' id='word_1_220' title='bbox 2200 1639 2270 1691; x_wconf 89' lang='lat' dir='ltr'><strong>cit</strong></span> <span class='ocrx_word' id='word_1_221' title='bbox 2295 1639 2396 1693; x_wconf 87' lang='lat' dir='ltr'><strong>illis</strong></span> <span class='ocrx_word' id='word_1_222' title='bbox 2425 1648 2622 1694; x_wconf 88' lang='lat' dir='ltr'><strong>tantum</strong></span> <span class='ocrx_word' id='word_1_223' title='bbox 2656 1645 3049 1699; x_wconf 73' lang='lat' dir='ltr'><strong>necessitatibus</strong></span> <span class='ocrx_word' id='word_1_224' title='bbox 3076 1661 3230 1715; x_wconf 89' lang='lat' dir='ltr'><strong>opem</strong></span> <span class='ocrx_word' id='word_1_225' title='bbox 3260 1650 3400 1704; x_wconf 87' lang='lat' dir='ltr'><strong>ferre</strong></span> <span class='ocrx_word' id='word_1_226' title='bbox 3426 1667 3544 1720; x_wconf 87' lang='lat' dir='ltr'><strong>quas</strong></span> <span class='ocrx_word' id='word_1_227' title='bbox 3568 1667 3690 1707; x_wconf 73' lang='lat' dir='ltr'><strong>nove</strong></span> 
     </span>
    </p>
   </div>
   <div class='ocr_carea' id='block_1_34' title="bbox 571 1727 2100 1802">
    <p class='ocr_par' dir='ltr' id='par_1_34' title="bbox 571 1727 2100 1802">
     <span class='ocr_line' id='line_1_34' title="bbox 571 1727 2100 1802; baseline 0.007 -22"><span class='ocrx_word' id='word_1_228' title='bbox 571 1728 740 1793; x_wconf 80' lang='lat' dir='ltr'><strong>gessit</strong></span> <span class='ocrx_word' id='word_1_229' title='bbox 759 1727 1021 1796; x_wconf 86' lang='lat' dir='ltr'><strong>injunctis.</strong></span> <span class='ocrx_word' id='word_1_230' title='bbox 1051 1727 1249 1784; x_wconf 75' lang='lat' dir='ltr'><strong>Memor</strong></span> <span class='ocrx_word' id='word_1_231' title='bbox 1273 1732 1438 1785; x_wconf 88' lang='lat' dir='ltr'><strong>nostri</strong></span> <span class='ocrx_word' id='word_1_232' title='bbox 1477 1747 1593 1787; x_wconf 87' lang='lat' dir='ltr'><strong>esse</strong></span> <span class='ocrx_word' id='word_1_233' title='bbox 1619 1733 1850 1802; x_wconf 89' lang='lat' dir='ltr'><strong>dignare,</strong></span> <span class='ocrx_word' id='word_1_234' title='bbox 1891 1734 2100 1790; x_wconf 90' lang='lat' dir='ltr'><strong>domine</strong></span> 
     </span>
    </p>
   </div>
   <div class='ocr_carea' id='block_1_35' title="bbox 572 1831 727 1886">
    <p class='ocr_par' dir='ltr' id='par_1_35' title="bbox 572 1831 727 1886">
     <span class='ocr_line' id='line_1_35' title="bbox 572 1831 727 1886; baseline 0.039 -19"><span class='ocrx_word' id='word_1_235' title='bbox 572 1831 727 1886; x_wconf 82' lang='lat' dir='ltr'><strong>papa.</strong></span> 
     </span>
    </p>
   </div>
   <div class='ocr_carea' id='block_1_36' title="bbox 1124 1905 1550 1964">
    <p class='ocr_par' dir='ltr' id='par_1_36' title="bbox 1124 1905 1550 1964">
     <span class='ocr_line' id='line_1_36' title="bbox 1124 1905 1550 1964; baseline 0.005 -4"><span class='ocrx_word' id='word_1_236' title='bbox 1124 1905 1444 1964; x_wconf 78' lang='lat' dir='ltr'><strong>EPISTULA</strong></span> <span class='ocrx_word' id='word_1_237' title='bbox 1483 1908 1550 1962; x_wconf 84' lang='lat' dir='ltr'><strong>X.</strong></span> 
     </span>
    </p>
   </div>
   <div class='ocr_carea' id='block_1_37' title="bbox 733 1993 1928 2063">
    <p class='ocr_par' dir='ltr' id='par_1_37' title="bbox 733 1993 1928 2063">
     <span class='ocr_line' id='line_1_37' title="bbox 733 1993 1928 2063; baseline 0.004 -16"><span class='ocrx_word' id='word_1_238' title='bbox 733 1993 971 2047; x_wconf 82' lang='lat' dir='ltr'><strong>Sidonius</strong></span> <span class='ocrx_word' id='word_1_239' title='bbox 1000 1996 1201 2048; x_wconf 84' lang='lat' dir='ltr'><strong>domino</strong></span> <span class='ocrx_word' id='word_1_240' title='bbox 1231 2011 1371 2063; x_wconf 68' lang='lat' dir='ltr'><strong>papa:</strong></span> <span class='ocrx_word' id='word_1_241' title='bbox 1395 2005 1419 2031; x_wconf 74' lang='grc'>⁸</span> <span class='ocrx_word' id='word_1_242' title='bbox 1440 1996 1675 2052; x_wconf 80' lang='lat' dir='ltr'><strong>Censorio</strong></span> <span class='ocrx_word' id='word_1_243' title='bbox 1703 1997 1928 2052; x_wconf 76' lang='lat' dir='ltr'><strong>salutem.</strong></span> 
     </span>
    </p>
   </div>
   <div class='ocr_carea' id='block_1_38' title="bbox 625 2084 2090 2149">
    <p class='ocr_par' dir='ltr' id='par_1_38' title="bbox 625 2084 2090 2149">
     <span class='ocr_line' id='line_1_38' title="bbox 625 2084 2090 2149; baseline 0.003 -12"><span class='ocrx_word' id='word_1_244' title='bbox 625 2084 868 2137; x_wconf 85' lang='lat' dir='ltr'><strong>Gerulum</strong></span> <span class='ocrx_word' id='word_1_245' title='bbox 884 2085 1168 2138; x_wconf 88' lang='lat' dir='ltr'><strong>litterarum</strong></span> <span class='ocrx_word' id='word_1_246' title='bbox 1184 2085 1372 2140; x_wconf 80' lang='lat' dir='ltr'><strong>levitici</strong></span> <span class='ocrx_word' id='word_1_247' title='bbox 1386 2087 1579 2141; x_wconf 87' lang='lat' dir='ltr'><strong>ordinis</strong></span> <span class='ocrx_word' id='word_1_248' title='bbox 1596 2088 2090 2149; x_wconf 81' lang='lat' dir='ltr'><strong>lionestatoiiicium.</strong></span> 
     </span>
    </p>
   </div>
   <div class='ocr_carea' id='block_1_39' title="bbox 573 2172 2093 2246">
    <p class='ocr_par' dir='ltr' id='par_1_39' title="bbox 573 2172 2093 2246">
     <span class='ocr_line' id='line_1_39' title="bbox 573 2172 2093 2246; baseline 0.003 -20"><span class='ocrx_word' id='word_1_249' title='bbox 573 2172 668 2226; x_wconf 91' lang='lat' dir='ltr'><strong>llic</strong></span> <span class='ocrx_word' id='word_1_250' title='bbox 701 2186 818 2225; x_wconf 93' lang='lat' dir='ltr'><strong>cum</strong></span> <span class='ocrx_word' id='word_1_251' title='bbox 865 2174 1057 2226; x_wconf 80' lang='lat' dir='ltr'><strong>familia</strong></span> <span class='ocrx_word' id='word_1_252' title='bbox 1101 2188 1195 2227; x_wconf 89' lang='lat' dir='ltr'><strong>sua</strong></span> <span class='ocrx_word' id='word_1_253' title='bbox 1236 2174 1635 2240; x_wconf 62' lang='lat' dir='ltr'><strong>depraedationis</strong></span> <span class='ocrx_word' id='word_1_254' title='bbox 1667 2179 1818 2246; x_wconf 77' lang='lat'><strong>166</strong></span> <span class='ocrx_word' id='word_1_255' title='bbox 1859 2177 2093 2231; x_wconf 66' lang='lat' dir='ltr'><strong>Gothicae</strong></span> 
     </span>
    </p>
   </div>
   <div class='ocr_carea' id='block_1_40' title="bbox 569 2257 2088 2344">
    <p class='ocr_par' dir='ltr' id='par_1_40' title="bbox 569 2257 2088 2344">
     <span class='ocr_line' id='line_1_40' title="bbox 569 2257 2088 2344; baseline 0.005 -34"><span class='ocrx_word' id='word_1_256' title='bbox 569 2257 826 2314; x_wconf 81' lang='lat' dir='ltr'><strong>titrbinem</strong></span> <span class='ocrx_word' id='word_1_257' title='bbox 849 2262 1040 2344; x_wconf 62' lang='lat' dir='ltr'><strong>vitans2</strong></span> <span class='ocrx_word' id='word_1_258' title='bbox 1074 2262 1123 2314; x_wconf 92' lang='lat' dir='ltr'><strong>in</strong></span> <span class='ocrx_word' id='word_1_259' title='bbox 1153 2263 1466 2315; x_wconf 86' lang='lat' dir='ltr'><strong>territorium</strong></span> <span class='ocrx_word' id='word_1_260' title='bbox 1505 2273 1735 2317; x_wconf 85' lang='lat' dir='ltr'><strong>vestrum</strong></span> <span class='ocrx_word' id='word_1_261' title='bbox 1768 2267 1969 2320; x_wconf 87' lang='lat' dir='ltr'><strong>delatus</strong></span> <span class='ocrx_word' id='word_1_262' title='bbox 1989 2274 2088 2329; x_wconf 90' lang='lat' dir='ltr'><strong>est,</strong></span> 
     </span>
    </p>
   </div>
   <div class='ocr_carea' id='block_1_41' title="bbox 568 2349 2093 2418">
    <p class='ocr_par' dir='ltr' id='par_1_41' title="bbox 568 2349 2093 2418">
     <span class='ocr_line' id='line_1_41' title="bbox 568 2349 2093 2418; baseline 0.003 -18"><span class='ocrx_word' id='word_1_263' title='bbox 568 2349 700 2415; x_wconf 90' lang='lat' dir='ltr'><strong>ipso,</strong></span> <span class='ocrx_word' id='word_1_264' title='bbox 722 2359 778 2402; x_wconf 91' lang='lat' dir='ltr'><strong>ut</strong></span> <span class='ocrx_word' id='word_1_265' title='bbox 798 2352 873 2404; x_wconf 90' lang='lat' dir='ltr'><strong>sic</strong></span> <span class='ocrx_word' id='word_1_266' title='bbox 894 2351 1198 2415; x_wconf 78' lang='lat' dir='ltr'><strong>dixerimus,</strong></span> <span class='ocrx_word' id='word_1_267' title='bbox 1231 2351 1459 2418; x_wconf 90' lang='lat' dir='ltr'><strong>pondere</strong></span> <span class='ocrx_word' id='word_1_268' title='bbox 1480 2351 1612 2418; x_wconf 67' lang='lat' dir='ltr'><strong>fuga:</strong></span> <span class='ocrx_word' id='word_1_269' title='bbox 1639 2368 1654 2415; x_wconf 89' lang='lat'><strong>;</strong></span> <span class='ocrx_word' id='word_1_270' title='bbox 1685 2352 1775 2406; x_wconf 88' lang='lat' dir='ltr'><strong>ubi</strong></span> <span class='ocrx_word' id='word_1_271' title='bbox 1813 2353 1864 2404; x_wconf 93' lang='lat' dir='ltr'><strong>in</strong></span> <span class='ocrx_word' id='word_1_272' title='bbox 1909 2367 1965 2412; x_wconf 84' lang='lat' dir='ltr'><strong>re</strong></span> <span class='ocrx_word' id='word_1_273' title='bbox 2002 2353 2093 2405; x_wconf 85' lang='lat' dir='ltr'><strong>Ec-</strong></span> 
     </span>
    </p>
   </div>
   <div class='ocr_carea' id='block_1_42' title="bbox 567 2438 2088 2506">
    <p class='ocr_par' dir='ltr' id='par_1_42' title="bbox 567 2438 2088 2506">
     <span class='ocr_line' id='line_1_42' title="bbox 567 2438 2088 2506; baseline 0.002 -17"><span class='ocrx_word' id='word_1_274' title='bbox 567 2438 736 2490; x_wconf 80' lang='lat' dir='ltr'><strong>clesiae</strong></span> <span class='ocrx_word' id='word_1_275' title='bbox 756 2439 840 2490; x_wconf 84' lang='lat' dir='ltr'><strong>cui</strong></span> <span class='ocrx_word' id='word_1_276' title='bbox 866 2440 1111 2491; x_wconf 81' lang='lat' dir='ltr'><strong>sanctitas</strong></span> <span class='ocrx_word' id='word_1_277' title='bbox 1140 2449 1224 2491; x_wconf 89' lang='lat' dir='ltr'><strong>tua</strong></span> <span class='ocrx_word' id='word_1_278' title='bbox 1255 2441 1516 2505; x_wconf 86' lang='lat' dir='ltr'><strong>praesidet,</strong></span> <span class='ocrx_word' id='word_1_279' title='bbox 1563 2453 1774 2506; x_wconf 88' lang='lat' dir='ltr'><strong>parvam</strong></span> <span class='ocrx_word' id='word_1_280' title='bbox 1802 2448 2088 2493; x_wconf 86' lang='lat' dir='ltr'><strong>sementem</strong></span> 
     </span>
    </p>
   </div>
   <div class='ocr_carea' id='block_1_43' title="bbox 545 2526 2089 2596">
    <p class='ocr_par' dir='ltr' id='par_1_43' title="bbox 545 2526 2089 2596">
     <span class='ocr_line' id='line_1_43' title="bbox 545 2526 2089 2596; baseline 0.003 -19"><span class='ocrx_word' id='word_1_281' title='bbox 545 2526 936 2596; x_wconf 71' lang='lat' dir='ltr'><strong>semiconfecto</strong></span> <span class='ocrx_word' id='word_1_282' title='bbox 965 2526 1145 2594; x_wconf 85' lang='lat' dir='ltr'><strong>cespiti</strong></span> <span class='ocrx_word' id='word_1_283' title='bbox 1196 2527 1393 2580; x_wconf 79' lang='lat' dir='ltr'><strong>advena</strong></span> <span class='ocrx_word' id='word_1_284' title='bbox 1435 2528 1645 2595; x_wconf 82' lang='lat' dir='ltr'><strong>jejunus</strong></span> <span class='ocrx_word' id='word_1_285' title='bbox 1697 2529 1910 2596; x_wconf 89' lang='lat' dir='ltr'><strong>injecit:</strong></span> <span class='ocrx_word' id='word_1_286' title='bbox 1941 2529 2089 2596; x_wconf 86' lang='lat' dir='ltr'><strong>cujus</strong></span> 
     </span>
    </p>
   </div>
   <div class='ocr_carea' id='block_1_44' title="bbox 567 2612 2086 2684">
    <p class='ocr_par' dir='ltr' id='par_1_44' title="bbox 567 2612 2086 2684">
     <span class='ocr_line' id='line_1_44' title="bbox 567 2612 2086 2684; baseline 0.003 -19"><span class='ocrx_word' id='word_1_287' title='bbox 567 2627 633 2665; x_wconf 80' lang='lat' dir='ltr'><strong>ex</strong></span> <span class='ocrx_word' id='word_1_288' title='bbox 660 2613 827 2665; x_wconf 90' lang='lat' dir='ltr'><strong>solido</strong></span> <span class='ocrx_word' id='word_1_289' title='bbox 854 2612 1158 2680; x_wconf 83' lang='lat' dir='ltr'><strong>colligendae</strong></span> <span class='ocrx_word' id='word_1_290' title='bbox 1183 2612 1292 2667; x_wconf 79' lang='lat' dir='ltr'><strong>ﬁeri</strong></span> <span class='ocrx_word' id='word_1_291' title='bbox 1321 2614 1418 2668; x_wconf 88' lang='lat' dir='ltr'><strong>sibi</strong></span> <span class='ocrx_word' id='word_1_292' title='bbox 1439 2616 1641 2684; x_wconf 83' lang='lat' dir='ltr'><strong>cupiam</strong></span> <span class='ocrx_word' id='word_1_293' title='bbox 1671 2627 1876 2669; x_wconf 77' lang='lat' dir='ltr'><strong>exorat.</strong></span> <span class='ocrx_word' id='word_1_294' title='bbox 1922 2617 2086 2682; x_wconf 88' lang='lat' dir='ltr'><strong>Quem</strong></span> 
     </span>
    </p>
   </div>
   <div class='ocr_carea' id='block_1_45' title="bbox 559 2700 2084 2770">
    <p class='ocr_par' dir='ltr' id='par_1_45' title="bbox 559 2700 2084 2770">
     <span class='ocr_line' id='line_1_45' title="bbox 559 2700 2084 2770; baseline 0.005 -17"><span class='ocrx_word' id='word_1_295' title='bbox 559 2701 930 2754; x_wconf 80' lang='lat' dir='ltr'><strong>sidomesticis</strong></span> <span class='ocrx_word' id='word_1_296' title='bbox 957 2700 1074 2754; x_wconf 84' lang='lat' dir='ltr'><strong>ﬁdei</strong></span> <span class='ocrx_word' id='word_1_297' title='bbox 1107 2700 1348 2769; x_wconf 84' lang='lat' dir='ltr'><strong>deputata</strong></span> <span class='ocrx_word' id='word_1_298' title='bbox 1388 2705 1705 2758; x_wconf 81' lang='lat' dir='ltr'><strong>humanitate</strong></span> <span class='ocrx_word' id='word_1_299' title='bbox 1746 2703 1982 2770; x_wconf 82' lang='lat' dir='ltr'><strong>foveatis,</strong></span> <span class='ocrx_word' id='word_1_300' title='bbox 2034 2706 2084 2760; x_wconf 89' lang='lat' dir='ltr'><strong>id</strong></span> 
     </span>
    </p>
   </div>
   <div class='ocr_carea' id='block_1_46' title="bbox 565 2780 2086 2860">
    <p class='ocr_par' dir='ltr' id='par_1_46' title="bbox 565 2780 2086 2860">
     <span class='ocr_line' id='line_1_46' title="bbox 565 2780 2086 2860; baseline 0.004 -19"><span class='ocrx_word' id='word_1_301' title='bbox 565 2799 661 2852; x_wconf 89' lang='lat' dir='ltr'><strong>est,</strong></span> <span class='ocrx_word' id='word_1_302' title='bbox 689 2799 742 2842; x_wconf 94' lang='lat' dir='ltr'><strong>ut</strong></span> <span class='ocrx_word' id='word_1_303' title='bbox 761 2789 988 2844; x_wconf 85' lang='lat' dir='ltr'><strong>debitum</strong></span> <span class='ocrx_word' id='word_1_304' title='bbox 1010 2789 1036 2827; x_wconf 75' lang='grc' dir='ltr'><strong>ι’</strong></span> <span class='ocrx_word' id='word_1_305' title='bbox 1066 2791 1231 2858; x_wconf 73' lang='lat' dir='ltr'><strong>gleba:</strong></span> <span class='ocrx_word' id='word_1_306' title='bbox 1267 2805 1518 2844; x_wconf 90' lang='lat' dir='ltr'><strong>canonem</strong></span> <span class='ocrx_word' id='word_1_307' title='bbox 1564 2805 1664 2845; x_wconf 90' lang='lat' dir='ltr'><strong>non</strong></span> <span class='ocrx_word' id='word_1_308' title='bbox 1707 2780 1932 2860; x_wconf 78' lang='lat' dir='ltr'><strong>petatur,</strong></span> <span class='ocrx_word' id='word_1_309' title='bbox 1974 2801 2086 2847; x_wconf 89' lang='lat' dir='ltr'><strong>tan-</strong></span> 
     </span>
    </p>
   </div>
   <div class='ocr_carea' id='block_1_47' title="bbox 565 2877 2080 2948">
    <p class='ocr_par' dir='ltr' id='par_1_47' title="bbox 565 2877 2080 2948">
     <span class='ocr_line' id='line_1_47' title="bbox 565 2877 2080 2948; baseline 0.003 -19"><span class='ocrx_word' id='word_1_310' title='bbox 565 2885 671 2930; x_wconf 90' lang='lat' dir='ltr'><strong>tum</strong></span> <span class='ocrx_word' id='word_1_311' title='bbox 699 2877 867 2931; x_wconf 89' lang='lat' dir='ltr'><strong>lucelli</strong></span> <span class='ocrx_word' id='word_1_312' title='bbox 893 2878 1169 2943; x_wconf 65' lang='lat' dir='ltr'><strong>priestitum</strong></span> <span class='ocrx_word' id='word_1_313' title='bbox 1198 2879 1295 2933; x_wconf 90' lang='lat' dir='ltr'><strong>sibi</strong></span> <span class='ocrx_word' id='word_1_314' title='bbox 1322 2888 1588 2946; x_wconf 88' lang='lat' dir='ltr'><strong>computat</strong></span> <span class='ocrx_word' id='word_1_315' title='bbox 1617 2880 1876 2948; x_wconf 82' lang='lat' dir='ltr'><strong>peregrini</strong></span> <span class='ocrx_word' id='word_1_316' title='bbox 1908 2881 2080 2934; x_wconf 87' lang='lat' dir='ltr'><strong>homi-</strong></span> 
     </span>
    </p>
   </div>
   <div class='ocr_carea' id='block_1_48' title="bbox 2197 1727 3692 1799">
    <p class='ocr_par' dir='ltr' id='par_1_48' title="bbox 2197 1727 3692 1799">
     <span class='ocr_line' id='line_1_48' title="bbox 2197 1727 3692 1799; baseline 0.01 -20"><span class='ocrx_word' id='word_1_317' title='bbox 2197 1727 2300 1790; x_wconf 88' lang='lat' dir='ltr'><strong>ris;</strong></span> <span class='ocrx_word' id='word_1_318' title='bbox 2339 1728 2526 1796; x_wconf 85' lang='lat' dir='ltr'><strong>quique</strong></span> <span class='ocrx_word' id='word_1_319' title='bbox 2571 1744 2736 1799; x_wconf 90' lang='lat' dir='ltr'><strong>usque</strong></span> <span class='ocrx_word' id='word_1_320' title='bbox 2788 1733 2839 1784; x_wconf 92' lang='lat' dir='ltr'><strong>in</strong></span> <span class='ocrx_word' id='word_1_321' title='bbox 2882 1734 3103 1788; x_wconf 80' lang='lat' dir='ltr'><strong>extimos</strong></span> <span class='ocrx_word' id='word_1_322' title='bbox 3153 1737 3404 1792; x_wconf 89' lang='lat' dir='ltr'><strong>terminos</strong></span> <span class='ocrx_word' id='word_1_323' title='bbox 3447 1740 3692 1794; x_wconf 81' lang='lat' dir='ltr'><strong>Galliarum</strong></span> 
     </span>
    </p>
   </div>
   <div class='ocr_carea' id='block_1_49' title="bbox 2195 1816 3690 1897">
    <p class='ocr_par' dir='ltr' id='par_1_49' title="bbox 2195 1816 3690 1897">
     <span class='ocr_line' id='line_1_49' title="bbox 2195 1816 3690 1897; baseline 0.011 -29"><span class='ocrx_word' id='word_1_324' title='bbox 2195 1816 2426 1871; x_wconf 85' lang='lat' dir='ltr'><strong>caritatis</strong></span> <span class='ocrx_word' id='word_1_325' title='bbox 2452 1819 2634 1888; x_wconf 87' lang='lat' dir='ltr'><strong>indage</strong></span> <span class='ocrx_word' id='word_1_326' title='bbox 2657 1832 2925 1888; x_wconf 87' lang='lat' dir='ltr'><strong>porrecta,</strong></span> <span class='ocrx_word' id='word_1_327' title='bbox 2954 1824 3097 1891; x_wconf 89' lang='lat' dir='ltr'><strong>prius</strong></span> <span class='ocrx_word' id='word_1_328' title='bbox 3127 1826 3266 1880; x_wconf 88' lang='lat' dir='ltr'><strong>soles</strong></span> <span class='ocrx_word' id='word_1_329' title='bbox 3293 1829 3598 1897; x_wconf 86' lang='lat' dir='ltr'><strong>indigentum</strong></span> <span class='ocrx_word' id='word_1_330' title='bbox 3626 1846 3690 1884; x_wconf 89' lang='lat' dir='ltr'><strong>re-</strong></span> 
     </span>
    </p>
   </div>
   <div class='ocr_carea' id='block_1_50' title="bbox 2193 1905 3692 1980">
    <p class='ocr_par' dir='ltr' id='par_1_50' title="bbox 2193 1905 3692 1980">
     <span class='ocr_line' id='line_1_50' title="bbox 2193 1905 3692 1980; baseline 0.011 -26"><span class='ocrx_word' id='word_1_331' title='bbox 2193 1905 2394 1970; x_wconf 83' lang='lat' dir='ltr'><strong>spicere</strong></span> <span class='ocrx_word' id='word_1_332' title='bbox 2410 1919 2615 1970; x_wconf 86' lang='lat' dir='ltr'><strong>causas,</strong></span> <span class='ocrx_word' id='word_1_333' title='bbox 2638 1923 2790 1976; x_wconf 89' lang='lat' dir='ltr'><strong>quam</strong></span> <span class='ocrx_word' id='word_1_334' title='bbox 2807 1909 3062 1980; x_wconf 88' lang='lat' dir='ltr'><strong>inspicere</strong></span> <span class='ocrx_word' id='word_1_335' title='bbox 3073 1928 3341 1979; x_wconf 87' lang='lat' dir='ltr'><strong>personas.</strong></span> <span class='ocrx_word' id='word_1_336' title='bbox 3367 1918 3553 1970; x_wconf 81' lang='lat' dir='ltr'><strong>Nullius</strong></span> <span class='ocrx_word' id='word_1_337' title='bbox 3570 1918 3692 1970; x_wconf 82' lang='lat' dir='ltr'><strong>obest</strong></span> 
     </span>
    </p>
   </div>
   <div class='ocr_carea' id='block_1_51' title="bbox 2193 1993 3688 2070">
    <p class='ocr_par' dir='ltr' id='par_1_51' title="bbox 2193 1993 3688 2070">
     <span class='ocr_line' id='line_1_51' title="bbox 2193 1993 3688 2070; baseline 0.009 -27"><span class='ocrx_word' id='word_1_338' title='bbox 2193 1993 2432 2046; x_wconf 90' lang='lat' dir='ltr'><strong>tenuitati</strong></span> <span class='ocrx_word' id='word_1_339' title='bbox 2469 1995 2829 2064; x_wconf 75' lang='lat' dir='ltr'><strong>debilitatique</strong></span> <span class='ocrx_word' id='word_1_340' title='bbox 2856 2039 2870 2061; x_wconf 89' lang='lat'><strong>,</strong></span> <span class='ocrx_word' id='word_1_341' title='bbox 2911 1999 2952 2050; x_wconf 77' lang='lat' dir='ltr'><strong>si</strong></span> <span class='ocrx_word' id='word_1_342' title='bbox 2995 2009 3044 2051; x_wconf 91' lang='lat' dir='ltr'><strong>te</strong></span> <span class='ocrx_word' id='word_1_343' title='bbox 3085 2008 3334 2068; x_wconf 82' lang='lat' dir='ltr'><strong>expetere</strong></span> <span class='ocrx_word' id='word_1_344' title='bbox 3379 2019 3476 2058; x_wconf 91' lang='lat' dir='ltr'><strong>non</strong></span> <span class='ocrx_word' id='word_1_345' title='bbox 3517 2006 3688 2070; x_wconf 77' lang='lat' dir='ltr'><strong>possit:</strong></span> 
     </span>
    </p>
   </div>
   <div class='ocr_carea' id='block_1_52' title="bbox 2191 2083 3688 2153">
    <p class='ocr_par' dir='ltr' id='par_1_52' title="bbox 2191 2083 3688 2153">
     <span class='ocr_line' id='line_1_52' title="bbox 2191 2083 3688 2153; baseline 0.009 -22"><span class='ocrx_word' id='word_1_346' title='bbox 2191 2091 2307 2132; x_wconf 88' lang='lat' dir='ltr'><strong>nam</strong></span> <span class='ocrx_word' id='word_1_347' title='bbox 2333 2083 2587 2146; x_wconf 64' lang='lat' dir='ltr'><strong>praevenis</strong></span> <span class='ocrx_word' id='word_1_348' title='bbox 2612 2085 2849 2152; x_wconf 68' lang='lat' dir='ltr'><strong>manibus</strong></span> <span class='ocrx_word' id='word_1_349' title='bbox 2878 2085 3018 2138; x_wconf 90' lang='lat' dir='ltr'><strong>illum</strong></span> <span class='ocrx_word' id='word_1_350' title='bbox 3037 2127 3049 2150; x_wconf 93' lang='lat'><strong>,</strong></span> <span class='ocrx_word' id='word_1_351' title='bbox 3082 2088 3169 2153; x_wconf 91' lang='lat' dir='ltr'><strong>qui</strong></span> <span class='ocrx_word' id='word_1_352' title='bbox 3202 2104 3302 2142; x_wconf 91' lang='lat' dir='ltr'><strong>non</strong></span> <span class='ocrx_word' id='word_1_353' title='bbox 3333 2093 3544 2145; x_wconf 88' lang='lat' dir='ltr'><strong>valuerit</strong></span> <span class='ocrx_word' id='word_1_354' title='bbox 3564 2093 3622 2144; x_wconf 86' lang='lat' dir='ltr'><strong>ad</strong></span> <span class='ocrx_word' id='word_1_355' title='bbox 3649 2101 3688 2144; x_wconf 85' lang='lat' dir='ltr'><strong>te</strong></span> 
     </span>
    </p>
   </div>
   <div class='ocr_carea' id='block_1_53' title="bbox 2192 2165 3689 2242">
    <p class='ocr_par' dir='ltr' id='par_1_53' title="bbox 2192 2165 3689 2242">
     <span class='ocr_line' id='line_1_53' title="bbox 2192 2165 3689 2242; baseline 0.006 -20"><span class='ocrx_word' id='word_1_356' title='bbox 2192 2170 2408 2236; x_wconf 82' lang='lat' dir='ltr'><strong>pedibus</strong></span> <span class='ocrx_word' id='word_1_357' title='bbox 2438 2165 2730 2237; x_wconf 77' lang='lat' dir='ltr'><strong>pervenire.</strong></span> <span class='ocrx_word' id='word_1_358' title='bbox 2769 2173 3054 2233; x_wconf 80' lang='lat' dir='ltr'><strong>Transitin</strong></span> <span class='ocrx_word' id='word_1_359' title='bbox 3103 2176 3302 2230; x_wconf 86' lang='lat' dir='ltr'><strong>alienas</strong></span> <span class='ocrx_word' id='word_1_360' title='bbox 3331 2180 3606 2242; x_wconf 81' lang='lat' dir='ltr'><strong>provincias</strong></span> <span class='ocrx_word' id='word_1_361' title='bbox 3626 2181 3689 2231; x_wconf 79' lang='lat' dir='ltr'><strong>vi-</strong></span> 
     </span>
    </p>
   </div>
   <div class='ocr_carea' id='block_1_54' title="bbox 2189 2257 3686 2331">
    <p class='ocr_par' dir='ltr' id='par_1_54' title="bbox 2189 2257 3686 2331">
     <span class='ocr_line' id='line_1_54' title="bbox 2189 2257 3686 2331; baseline 0.01 -26"><span class='ocrx_word' id='word_1_362' title='bbox 2189 2257 2399 2323; x_wconf 83' lang='lat' dir='ltr'><strong>gilantia</strong></span> <span class='ocrx_word' id='word_1_363' title='bbox 2431 2265 2515 2308; x_wconf 90' lang='lat' dir='ltr'><strong>tua</strong></span> <span class='ocrx_word' id='word_1_364' title='bbox 2546 2266 2635 2310; x_wconf 88' lang='lat' dir='ltr'><strong>:et</strong></span> <span class='ocrx_word' id='word_1_365' title='bbox 2665 2259 2716 2309; x_wconf 93' lang='lat' dir='ltr'><strong>in</strong></span> <span class='ocrx_word' id='word_1_366' title='bbox 2740 2259 2837 2312; x_wconf 89' lang='lat' dir='ltr'><strong>hoc</strong></span> <span class='ocrx_word' id='word_1_367' title='bbox 2868 2275 3007 2313; x_wconf 75' lang='lat' dir='ltr'><strong>cura:</strong></span> <span class='ocrx_word' id='word_1_368' title='bbox 3037 2270 3137 2314; x_wconf 69' lang='lat' dir='ltr'><strong>tute</strong></span> <span class='ocrx_word' id='word_1_369' title='bbox 3158 2262 3379 2319; x_wconf 78' lang='lat' dir='ltr'><strong>latitudo</strong></span> <span class='ocrx_word' id='word_1_370' title='bbox 3397 2267 3686 2331; x_wconf 75' lang='lat' dir='ltr'><strong>diﬂ‘unditur,</strong></span> 
     </span>
    </p>
   </div>
   <div class='ocr_carea' id='block_1_55' title="bbox 2189 2343 3688 2421">
    <p class='ocr_par' dir='ltr' id='par_1_55' title="bbox 2189 2343 3688 2421">
     <span class='ocr_line' id='line_1_55' title="bbox 2189 2343 3688 2421; baseline 0.01 -27"><span class='ocrx_word' id='word_1_371' title='bbox 2189 2350 2246 2394; x_wconf 94' lang='lat' dir='ltr'><strong>ut</strong></span> <span class='ocrx_word' id='word_1_372' title='bbox 2291 2343 2443 2411; x_wconf 85' lang='lat' dir='ltr'><strong>longe</strong></span> <span class='ocrx_word' id='word_1_373' title='bbox 2471 2345 2758 2410; x_wconf 87' lang='lat' dir='ltr'><strong>positurum</strong></span> <span class='ocrx_word' id='word_1_374' title='bbox 2809 2350 3126 2421; x_wconf 34' lang='lat' dir='ltr'><strong>consoletur.</strong></span> <span class='ocrx_word' id='word_1_375' title='bbox 3151 2355 3461 2419; x_wconf 88' lang='lat' dir='ltr'><strong>angustias:</strong></span> <span class='ocrx_word' id='word_1_376' title='bbox 3506 2365 3553 2408; x_wconf 89' lang='lat' dir='ltr'><strong>et</strong></span> <span class='ocrx_word' id='word_1_377' title='bbox 3589 2356 3688 2409; x_wconf 86' lang='lat' dir='ltr'><strong>hinc</strong></span> 
     </span>
    </p>
   </div>
   <div class='ocr_carea' id='block_1_56' title="bbox 2200 2429 3686 2498">
    <p class='ocr_par' dir='ltr' id='par_1_56' title="bbox 2200 2429 3686 2498">
     <span class='ocr_line' id='line_1_56' title="bbox 2200 2429 3686 2498; baseline 0.011 -18"><span class='ocrx_word' id='word_1_378' title='bbox 2200 2429 2327 2494; x_wconf 92' lang='lat' dir='ltr'><strong>fuit,</strong></span> <span class='ocrx_word' id='word_1_379' title='bbox 2350 2438 2406 2482; x_wconf 90' lang='lat' dir='ltr'><strong>ut</strong></span> <span class='ocrx_word' id='word_1_380' title='bbox 2430 2431 2548 2498; x_wconf 88' lang='lat' dir='ltr'><strong>quia</strong></span> <span class='ocrx_word' id='word_1_381' title='bbox 2577 2434 2761 2486; x_wconf 88' lang='lat' dir='ltr'><strong>crebro</strong></span> <span class='ocrx_word' id='word_1_382' title='bbox 2777 2443 2826 2486; x_wconf 89' lang='lat' dir='ltr'><strong>te</strong></span> <span class='ocrx_word' id='word_1_383' title='bbox 2842 2449 2943 2488; x_wconf 90' lang='lat' dir='ltr'><strong>non</strong></span> <span class='ocrx_word' id='word_1_384' title='bbox 2971 2437 3140 2491; x_wconf 88' lang='lat' dir='ltr'><strong>minus</strong></span> <span class='ocrx_word' id='word_1_385' title='bbox 3162 2438 3438 2494; x_wconf 86' lang='lat' dir='ltr'><strong>absentum</strong></span> <span class='ocrx_word' id='word_1_386' title='bbox 3461 2457 3686 2496; x_wconf 83' lang='lat' dir='ltr'><strong>verecun-</strong></span> 
     </span>
    </p>
   </div>
   <div class='ocr_carea' id='block_1_57' title="bbox 2188 2519 3688 2600">
    <p class='ocr_par' dir='ltr' id='par_1_57' title="bbox 2188 2519 3688 2600">
     <span class='ocr_line' id='line_1_57' title="bbox 2188 2519 3688 2600; baseline 0.009 -29"><span class='ocrx_word' id='word_1_387' title='bbox 2188 2519 2294 2588; x_wconf 85' lang='lat' dir='ltr'><strong>dia,</strong></span> <span class='ocrx_word' id='word_1_388' title='bbox 2330 2534 2483 2587; x_wconf 90' lang='lat' dir='ltr'><strong>quam</strong></span> <span class='ocrx_word' id='word_1_389' title='bbox 2529 2533 2842 2588; x_wconf 64' lang='lat' dir='ltr'><strong>praesentum</strong></span> <span class='ocrx_word' id='word_1_390' title='bbox 2871 2525 3191 2591; x_wconf 83' lang='lat' dir='ltr'><strong>querimonia</strong></span> <span class='ocrx_word' id='word_1_391' title='bbox 3226 2538 3420 2594; x_wconf 80' lang='lat' dir='ltr'><strong>movet,</strong></span> <span class='ocrx_word' id='word_1_392' title='bbox 3445 2545 3574 2600; x_wconf 64' lang='lat' dir='ltr'><strong>saepe</strong></span> <span class='ocrx_word' id='word_1_393' title='bbox 3599 2540 3688 2584; x_wconf 83' lang='lat' dir='ltr'><strong>ter-</strong></span> 
     </span>
    </p>
   </div>
   <div class='ocr_carea' id='block_1_58' title="bbox 2187 2609 3683 2680">
    <p class='ocr_par' dir='ltr' id='par_1_58' title="bbox 2187 2609 3683 2680">
     <span class='ocr_line' id='line_1_58' title="bbox 2187 2609 3683 2680; baseline 0.005 -18"><span class='ocrx_word' id='word_1_394' title='bbox 2187 2609 2320 2662; x_wconf 81' lang='lat' dir='ltr'><strong>seris</strong></span> <span class='ocrx_word' id='word_1_395' title='bbox 2347 2623 2524 2663; x_wconf 91' lang='lat' dir='ltr'><strong>eorum</strong></span> <span class='ocrx_word' id='word_1_396' title='bbox 2578 2611 2866 2679; x_wconf 84' lang='lat' dir='ltr'><strong>lacrymas,</strong></span> <span class='ocrx_word' id='word_1_397' title='bbox 2913 2627 3134 2680; x_wconf 92' lang='lat' dir='ltr'><strong>quorum</strong></span> <span class='ocrx_word' id='word_1_398' title='bbox 3178 2616 3364 2670; x_wconf 89' lang='lat' dir='ltr'><strong>oculos</strong></span> <span class='ocrx_word' id='word_1_399' title='bbox 3393 2631 3491 2672; x_wconf 87' lang='lat' dir='ltr'><strong>non</strong></span> <span class='ocrx_word' id='word_1_400' title='bbox 3517 2619 3683 2672; x_wconf 85' lang='lat' dir='ltr'><strong>vidisti.</strong></span> 
     </span>
    </p>
   </div>
   <div class='ocr_carea' id='block_1_59' title="bbox 2185 2697 3684 2768">
    <p class='ocr_par' dir='ltr' id='par_1_59' title="bbox 2185 2697 3684 2768">
     <span class='ocr_line' id='line_1_59' title="bbox 2185 2697 3684 2768; baseline 0.007 -19"><span class='ocrx_word' id='word_1_401' title='bbox 2185 2697 2379 2750; x_wconf 87' lang='lat' dir='ltr'><strong>Omitto</strong></span> <span class='ocrx_word' id='word_1_402' title='bbox 2406 2699 2493 2751; x_wconf 89' lang='lat' dir='ltr'><strong>illa</strong></span> <span class='ocrx_word' id='word_1_403' title='bbox 2521 2715 2635 2765; x_wconf 71' lang='lat' dir='ltr'><strong>quae</strong></span> <span class='ocrx_word' id='word_1_404' title='bbox 2654 2701 2885 2768; x_wconf 88' lang='lat' dir='ltr'><strong>quotidie</strong></span> <span class='ocrx_word' id='word_1_405' title='bbox 2919 2711 3132 2768; x_wconf 88' lang='lat' dir='ltr'><strong>pr0pter</strong></span> <span class='ocrx_word' id='word_1_406' title='bbox 3162 2705 3498 2761; x_wconf 87' lang='lat' dir='ltr'><strong>defectionem</strong></span> <span class='ocrx_word' id='word_1_407' title='bbox 3522 2709 3684 2761; x_wconf 86' lang='lat' dir='ltr'><strong>civium</strong></span> 
     </span>
    </p>
   </div>
   <div class='ocr_carea' id='block_1_60' title="bbox 2184 2790 3781 2864">
    <p class='ocr_par' dir='ltr' id='par_1_60' title="bbox 2184 2790 3781 2864">
     <span class='ocr_line' id='line_1_60' title="bbox 2184 2790 3781 2864; baseline 0.006 -25"><span class='ocrx_word' id='word_1_408' title='bbox 2184 2799 2607 2855; x_wconf 86' lang='lat' dir='ltr'><strong>pauperatorum,</strong></span> <span class='ocrx_word' id='word_1_409' title='bbox 2637 2790 2927 2858; x_wconf 87' lang='lat' dir='ltr'><strong>irrequietis</strong></span> <span class='ocrx_word' id='word_1_410' title='bbox 2956 2793 3149 2845; x_wconf 89' lang='lat' dir='ltr'><strong>toleras</strong></span> <span class='ocrx_word' id='word_1_411' title='bbox 3174 2796 3430 2860; x_wconf 81' lang='lat' dir='ltr'><strong>excubiis,</strong></span> <span class='ocrx_word' id='word_1_412' title='bbox 3453 2798 3684 2864; x_wconf 87' lang='lat' dir='ltr'><strong>precibus,</strong></span> <span class='ocrx_word' id='word_1_413' title='bbox 3780 2821 3781 2832; x_wconf 61' lang='grc' dir='ltr'>ι</span> 
     </span>
    </p>
   </div>
   <div class='ocr_carea' id='block_1_61' title="bbox 2182 2877 3684 2950">
    <p class='ocr_par' dir='ltr' id='par_1_61' title="bbox 2182 2877 3684 2950">
     <span class='ocr_line' id='line_1_61' title="bbox 2182 2877 3684 2950; baseline 0.007 -24"><span class='ocrx_word' id='word_1_414' title='bbox 2182 2877 2447 2944; x_wconf 78' lang='lat' dir='ltr'><strong>expensis.</strong></span> <span class='ocrx_word' id='word_1_415' title='bbox 2475 2877 2674 2931; x_wconf 81' lang='lat' dir='ltr'><strong>Omitto</strong></span> <span class='ocrx_word' id='word_1_416' title='bbox 2699 2885 2748 2931; x_wconf 88' lang='lat' dir='ltr'><strong>te</strong></span> <span class='ocrx_word' id='word_1_417' title='bbox 2770 2878 2862 2950; x_wconf 69' lang='lat' dir='ltr'><strong>tali</strong></span> <span class='ocrx_word' id='word_1_418' title='bbox 2883 2892 3091 2946; x_wconf 88' lang='lat' dir='ltr'><strong>semper</strong></span> <span class='ocrx_word' id='word_1_419' title='bbox 3111 2893 3266 2948; x_wconf 84' lang='lat' dir='ltr'><strong>agere</strong></span> <span class='ocrx_word' id='word_1_420' title='bbox 3283 2889 3684 2950; x_wconf 77' lang='lat' dir='ltr'><strong>temperamento.</strong></span> 
     </span>
    </p>
   </div>
   <div class='ocr_carea' id='block_1_62' title="bbox 564 2948 3684 3038">
    <p class='ocr_par' dir='ltr' id='par_1_62' title="bbox 564 2948 3684 3038">
     <span class='ocr_line' id='line_1_62' title="bbox 564 2948 3684 3038; baseline 0.005 -21"><span class='ocrx_word' id='word_1_421' title='bbox 564 2968 666 3027; x_wconf 87' lang='lat' dir='ltr'><strong>uis,</strong></span> <span class='ocrx_word' id='word_1_422' title='bbox 694 2975 752 3018; x_wconf 91' lang='lat' dir='ltr'><strong>ut</strong></span> <span class='ocrx_word' id='word_1_423' title='bbox 770 2973 976 3030; x_wconf 86' lang='lat' dir='ltr'><strong>census,</strong></span> <span class='ocrx_word' id='word_1_424' title='bbox 1005 2967 1080 3020; x_wconf 90' lang='lat' dir='ltr'><strong>sic</strong></span> <span class='ocrx_word' id='word_1_425' title='bbox 1115 2967 1318 3019; x_wconf 90' lang='lat' dir='ltr'><strong>animus</strong></span> <span class='ocrx_word' id='word_1_426' title='bbox 1338 2975 1606 3034; x_wconf 86' lang='lat' dir='ltr'><strong>angustus,</strong></span> <span class='ocrx_word' id='word_1_427' title='bbox 1655 2982 1715 3021; x_wconf 89' lang='lat' dir='ltr'><strong>ac</strong></span> <span class='ocrx_word' id='word_1_428' title='bbox 1760 2967 1805 3020; x_wconf 89' lang='lat' dir='ltr'><strong>si</strong></span> <span class='ocrx_word' id='word_1_429' title='bbox 1834 2969 1884 3021; x_wconf 91' lang='lat' dir='ltr'><strong>in</strong></span> <span class='ocrx_word' id='word_1_430' title='bbox 1913 2970 2080 3036; x_wconf 89' lang='lat' dir='ltr'><strong>patrio</strong></span> <span class='ocrx_word' id='word_1_431' title='bbox 2105 2948 2150 3010; x_wconf 70' lang='grc' dir='ltr'>ο</span> <span class='ocrx_word' id='word_1_432' title='bbox 2179 2964 2255 3017; x_wconf 74' lang='lat' dir='ltr'><strong>Sic</strong></span> <span class='ocrx_word' id='word_1_433' title='bbox 2301 2978 2508 3032; x_wconf 69' lang='lat' dir='ltr'><strong>semper</strong></span> <span class='ocrx_word' id='word_1_434' title='bbox 2540 2948 2849 3033; x_wconf 68' lang='lat' dir='ltr'><strong>humanam.</strong></span> <span class='ocrx_word' id='word_1_435' title='bbox 2902 2965 2980 3020; x_wconf 77' lang='grc' dir='ltr'><strong>δίο</strong></span> <span class='ocrx_word' id='word_1_436' title='bbox 3028 2967 3340 3022; x_wconf 60' lang='lat' dir='ltr'><strong>abs“:me</strong></span> <span class='ocrx_word' id='word_1_437' title='bbox 3372 2948 3614 3038; x_wconf 61' lang='lat' dir='ltr'><strong>iudicari;</strong></span> <span class='ocrx_word' id='word_1_438' title='bbox 3639 2978 3684 3022; x_wconf 73' lang='grc' dir='ltr'><strong>ιιι</strong></span> 
     </span>
    </p>
   </div>
   <div class='ocr_carea' id='block_1_63' title="bbox 565 3048 2083 3124">
    <p class='ocr_par' dir='ltr' id='par_1_63' title="bbox 565 3048 2083 3124">
     <span class='ocr_line' id='line_1_63' title="bbox 565 3048 2083 3124; baseline 0.004 -19"><span class='ocrx_word' id='word_1_439' title='bbox 565 3052 680 3106; x_wconf 88' lang='lat' dir='ltr'><strong>solo</strong></span> <span class='ocrx_word' id='word_1_440' title='bbox 709 3054 1066 3107; x_wconf 86' lang='lat' dir='ltr'><strong>rusticaretur.</strong></span> <span class='ocrx_word' id='word_1_441' title='bbox 1096 3054 1222 3107; x_wconf 81' lang='lat' dir='ltr'><strong>Huic</strong></span> <span class='ocrx_word' id='word_1_442' title='bbox 1247 3055 1288 3107; x_wconf 89' lang='lat' dir='ltr'><strong>si</strong></span> <span class='ocrx_word' id='word_1_443' title='bbox 1315 3048 1613 3121; x_wconf 81' lang='lat' dir='ltr'><strong>legitimam,</strong></span> <span class='ocrx_word' id='word_1_444' title='bbox 1646 3063 1701 3108; x_wconf 93' lang='lat' dir='ltr'><strong>ut</strong></span> <span class='ocrx_word' id='word_1_445' title='bbox 1730 3070 1840 3109; x_wconf 90' lang='lat' dir='ltr'><strong>mos</strong></span> <span class='ocrx_word' id='word_1_446' title='bbox 1867 3067 1965 3124; x_wconf 87' lang='lat' dir='ltr'><strong>est,</strong></span> <span class='ocrx_word' id='word_1_447' title='bbox 1998 3072 2083 3111; x_wconf 85' lang='lat' dir='ltr'><strong>so-</strong></span> 
     </span>
    </p>
   </div>
   <div class='ocr_carea' id='block_1_64' title="bbox 562 3142 2079 3214">
    <p class='ocr_par' dir='ltr' id='par_1_64' title="bbox 562 3142 2079 3214">
     <span class='ocr_line' id='line_1_64' title="bbox 562 3142 2079 3214; baseline 0.003 -19"><span class='ocrx_word' id='word_1_448' title='bbox 562 3144 811 3197; x_wconf 87' lang='lat' dir='ltr'><strong>lutionem</strong></span> <span class='ocrx_word' id='word_1_449' title='bbox 834 3142 1120 3212; x_wconf 69' lang='lat' dir='ltr'><strong>perexigua:</strong></span> <span class='ocrx_word' id='word_1_450' title='bbox 1149 3144 1338 3212; x_wconf 87' lang='lat' dir='ltr'><strong>segetis</strong></span> <span class='ocrx_word' id='word_1_451' title='bbox 1380 3144 1664 3213; x_wconf 84' lang='lat' dir='ltr'><strong>indulgeas,</strong></span> <span class='ocrx_word' id='word_1_452' title='bbox 1700 3155 1939 3213; x_wconf 88' lang='lat' dir='ltr'><strong>tanquam</strong></span> <span class='ocrx_word' id='word_1_453' title='bbox 1965 3146 2079 3214; x_wconf 85' lang='lat' dir='ltr'><strong>opi-</strong></span> 
     </span>
    </p>
   </div>
   <div class='ocr_carea' id='block_1_65' title="bbox 552 3234 2078 3302">
    <p class='ocr_par' dir='ltr' id='par_1_65' title="bbox 552 3234 2078 3302">
     <span class='ocr_line' id='line_1_65' title="bbox 552 3234 2078 3302; baseline 0.002 -15"><span class='ocrx_word' id='word_1_454' title='bbox 552 3247 689 3302; x_wconf 84' lang='lat' dir='ltr'><strong>pare</strong></span> <span class='ocrx_word' id='word_1_455' title='bbox 720 3234 1007 3300; x_wconf 82' lang='lat' dir='ltr'><strong>viaticatus,</strong></span> <span class='ocrx_word' id='word_1_456' title='bbox 1055 3248 1174 3288; x_wconf 89' lang='lat' dir='ltr'><strong>cum</strong></span> <span class='ocrx_word' id='word_1_457' title='bbox 1225 3234 1510 3301; x_wconf 86' lang='lat' dir='ltr'><strong>gratiarum</strong></span> <span class='ocrx_word' id='word_1_458' title='bbox 1564 3234 1768 3288; x_wconf 89' lang='lat' dir='ltr'><strong>actione</strong></span> <span class='ocrx_word' id='word_1_459' title='bbox 1807 3235 2078 3290; x_wconf 89' lang='lat' dir='ltr'><strong>remeabit.</strong></span> 
     </span>
    </p>
   </div>
   <div class='ocr_carea' id='block_1_66' title="bbox 561 3314 2080 3391">
    <p class='ocr_par' dir='ltr' id='par_1_66' title="bbox 561 3314 2080 3391">
     <span class='ocr_line' id='line_1_66' title="bbox 561 3314 2080 3391; baseline -0.001 -16"><span class='ocrx_word' id='word_1_460' title='bbox 561 3324 663 3375; x_wconf 89' lang='lat' dir='ltr'><strong>Per</strong></span> <span class='ocrx_word' id='word_1_461' title='bbox 701 3337 854 3391; x_wconf 91' lang='lat' dir='ltr'><strong>quem</strong></span> <span class='ocrx_word' id='word_1_462' title='bbox 883 3323 927 3375; x_wconf 88' lang='lat' dir='ltr'><strong>si</strong></span> <span class='ocrx_word' id='word_1_463' title='bbox 950 3338 1034 3376; x_wconf 90' lang='lat' dir='ltr'><strong>me</strong></span> <span class='ocrx_word' id='word_1_464' title='bbox 1059 3314 1196 3390; x_wconf 79' lang='lat' dir='ltr'><strong>stylo</strong></span> <span class='ocrx_word' id='word_1_465' title='bbox 1233 3321 1398 3373; x_wconf 79' lang='lat' dir='ltr'><strong>solitae</strong></span> <span class='ocrx_word' id='word_1_466' title='bbox 1442 3322 1752 3390; x_wconf 86' lang='lat' dir='ltr'><strong>dignationis</strong></span> <span class='ocrx_word' id='word_1_467' title='bbox 1793 3324 2080 3389; x_wconf 76' lang='lat' dir='ltr'><strong>impertias,</strong></span> 
     </span>
    </p>
   </div>
   <div class='ocr_carea' id='block_1_67' title="bbox 563 3409 2080 3477">
    <p class='ocr_par' dir='ltr' id='par_1_67' title="bbox 563 3409 2080 3477">
     <span class='ocr_line' id='line_1_67' title="bbox 563 3409 2080 3477; baseline 0.001 -16"><span class='ocrx_word' id='word_1_468' title='bbox 563 3410 688 3461; x_wconf 88' lang='lat' dir='ltr'><strong>mihi</strong></span> <span class='ocrx_word' id='word_1_469' title='bbox 740 3409 1154 3477; x_wconf 89' lang='lat' dir='ltr'><strong>fraternitatique</strong></span> <span class='ocrx_word' id='word_1_470' title='bbox 1190 3410 1308 3461; x_wconf 89' lang='lat' dir='ltr'><strong>istic</strong></span> <span class='ocrx_word' id='word_1_471' title='bbox 1354 3411 1506 3473; x_wconf 71' lang='lat' dir='ltr'><strong>sitae,</strong></span> <span class='ocrx_word' id='word_1_472' title='bbox 1562 3410 1742 3476; x_wconf 87' lang='lat' dir='ltr'><strong>pagina</strong></span> <span class='ocrx_word' id='word_1_473' title='bbox 1800 3418 1882 3462; x_wconf 89' lang='lat' dir='ltr'><strong>tua</strong></span> <span class='ocrx_word' id='word_1_474' title='bbox 1922 3411 2080 3464; x_wconf 89' lang='lat' dir='ltr'><strong>veluti</strong></span> 
     </span>
    </p>
   </div>
   <div class='ocr_carea' id='block_1_68' title="bbox 562 3495 2081 3564">
    <p class='ocr_par' dir='ltr' id='par_1_68' title="bbox 562 3495 2081 3564">
     <span class='ocr_line' id='line_1_68' title="bbox 562 3495 2081 3564; baseline 0.002 -17"><span class='ocrx_word' id='word_1_475' title='bbox 562 3496 718 3564; x_wconf 82' lang='lat' dir='ltr'><strong>paulo</strong></span> <span class='ocrx_word' id='word_1_476' title='bbox 737 3496 877 3562; x_wconf 87' lang='lat' dir='ltr'><strong>lapsa</strong></span> <span class='ocrx_word' id='word_1_477' title='bbox 900 3495 1242 3564; x_wconf 87' lang='lat' dir='ltr'><strong>reputabitur.</strong></span> <span class='ocrx_word' id='word_1_478' title='bbox 1292 3495 1488 3547; x_wconf 77' lang='lat' dir='ltr'><strong>Memor</strong></span> <span class='ocrx_word' id='word_1_479' title='bbox 1515 3496 1674 3547; x_wconf 89' lang='lat' dir='ltr'><strong>nostri</strong></span> <span class='ocrx_word' id='word_1_480' title='bbox 1701 3510 1819 3549; x_wconf 91' lang='lat' dir='ltr'><strong>esse</strong></span> <span class='ocrx_word' id='word_1_481' title='bbox 1847 3496 2081 3563; x_wconf 88' lang='lat' dir='ltr'><strong>dignare,</strong></span> 
     </span>
    </p>
   </div>
   <div class='ocr_carea' id='block_1_69' title="bbox 563 3585 1906 3653">
    <p class='ocr_par' dir='ltr' id='par_1_69' title="bbox 563 3585 1906 3653">
     <span class='ocr_line' id='line_1_69' title="bbox 563 3585 1906 3653; baseline 0 -14"><span class='ocrx_word' id='word_1_482' title='bbox 563 3585 770 3639; x_wconf 84' lang='lat' dir='ltr'><strong>domine</strong></span> <span class='ocrx_word' id='word_1_483' title='bbox 795 3598 942 3653; x_wconf 89' lang='lat' dir='ltr'><strong>papa.</strong></span> <span class='ocrx_word' id='word_1_484' title='bbox 1900 3585 1906 3592; x_wconf 92' lang='grc'><em>’</em></span> 
     </span>
    </p>
   </div>
   <div class='ocr_carea' id='block_1_70' title="bbox 1099 3669 1540 3725">
    <p class='ocr_par' dir='ltr' id='par_1_70' title="bbox 1099 3669 1540 3725">
     <span class='ocr_line' id='line_1_70' title="bbox 1099 3669 1540 3725; baseline -0.002 -2"><span class='ocrx_word' id='word_1_485' title='bbox 1099 3669 1418 3725; x_wconf 79' lang='lat' dir='ltr'><strong>EPISTULA</strong></span> <span class='ocrx_word' id='word_1_486' title='bbox 1455 3671 1540 3725; x_wconf 81' lang='lat' dir='ltr'><strong>XI.</strong></span> 
     </span>
    </p>
   </div>
   <div class='ocr_carea' id='block_1_71' title="bbox 698 3762 1939 3830">
    <p class='ocr_par' dir='ltr' id='par_1_71' title="bbox 698 3762 1939 3830">
     <span class='ocr_line' id='line_1_71' title="bbox 698 3762 1939 3830; baseline -0.002 -11"><span class='ocrx_word' id='word_1_487' title='bbox 698 3763 934 3819; x_wconf 81' lang='lat' dir='ltr'><strong>Sidonius</strong></span> <span class='ocrx_word' id='word_1_488' title='bbox 963 3762 1162 3814; x_wconf 80' lang='lat' dir='ltr'><strong>domino</strong></span> <span class='ocrx_word' id='word_1_489' title='bbox 1188 3778 1329 3830; x_wconf 62' lang='lat' dir='ltr'><strong>pupis</strong></span> <span class='ocrx_word' id='word_1_490' title='bbox 1360 3773 1381 3800; x_wconf 76' lang='grc' dir='ltr'><strong>ο</strong></span> <span class='ocrx_word' id='word_1_491' title='bbox 1399 3762 1685 3815; x_wconf 81' lang='lat' dir='ltr'><strong>Eleutherio</strong></span> <span class='ocrx_word' id='word_1_492' title='bbox 1715 3764 1939 3816; x_wconf 84' lang='lat' dir='ltr'><strong>salutem.</strong></span> 
     </span>
    </p>
   </div>
   <div class='ocr_carea' id='block_1_72' title="bbox 624 3838 2078 3921">
    <p class='ocr_par' dir='ltr' id='par_1_72' title="bbox 624 3838 2078 3921">
     <span class='ocr_line' id='line_1_72' title="bbox 624 3838 2078 3921; baseline -0.001 -13"><span class='ocrx_word' id='word_1_493' title='bbox 624 3851 857 3908; x_wconf 67' lang='lat' dir='ltr'><strong>Judaeum</strong></span> <span class='ocrx_word' id='word_1_494' title='bbox 899 3867 1126 3921; x_wconf 71' lang='lat' dir='ltr'><strong>praesens</strong></span> <span class='ocrx_word' id='word_1_495' title='bbox 1164 3838 1341 3905; x_wconf 83' lang='lat' dir='ltr'><strong>charta</strong></span> <span class='ocrx_word' id='word_1_496' title='bbox 1380 3852 1752 3905; x_wconf 85' lang='lat' dir='ltr'><strong>commendat:</strong></span> <span class='ocrx_word' id='word_1_497' title='bbox 1797 3867 1900 3906; x_wconf 91' lang='lat' dir='ltr'><strong>non</strong></span> <span class='ocrx_word' id='word_1_498' title='bbox 1943 3853 2078 3921; x_wconf 89' lang='lat' dir='ltr'><strong>quod</strong></span> 
     </span>
    </p>
   </div>
   <div class='ocr_carea' id='block_1_73' title="bbox 552 3941 2077 4011">
    <p class='ocr_par' dir='ltr' id='par_1_73' title="bbox 552 3941 2077 4011">
     <span class='ocr_line' id='line_1_73' title="bbox 552 3941 2077 4011; baseline -0.003 -13"><span class='ocrx_word' id='word_1_499' title='bbox 552 3945 686 3998; x_wconf 88' lang='lat' dir='ltr'><strong>mihi</strong></span> <span class='ocrx_word' id='word_1_500' title='bbox 729 3943 928 4011; x_wconf 90' lang='lat' dir='ltr'><strong>placeat</strong></span> <span class='ocrx_word' id='word_1_501' title='bbox 965 3955 1110 3994; x_wconf 90' lang='lat' dir='ltr'><strong>error</strong></span> <span class='ocrx_word' id='word_1_502' title='bbox 1159 3955 1249 4008; x_wconf 92' lang='lat' dir='ltr'><strong>per</strong></span> <span class='ocrx_word' id='word_1_503' title='bbox 1291 3955 1442 4008; x_wconf 88' lang='lat' dir='ltr'><strong>quem</strong></span> <span class='ocrx_word' id='word_1_504' title='bbox 1475 3948 1692 4008; x_wconf 87' lang='lat' dir='ltr'><strong>pereunt</strong></span> <span class='ocrx_word' id='word_1_505' title='bbox 1715 3941 1956 4004; x_wconf 81' lang='lat' dir='ltr'><strong>involuti;</strong></span> <span class='ocrx_word' id='word_1_506' title='bbox 1986 3941 2077 3994; x_wconf 89' lang='lat' dir='ltr'><strong>sed</strong></span> 
     </span>
    </p>
   </div>
   <div class='ocr_carea' id='block_1_74' title="bbox 551 4028 2079 4104">
    <p class='ocr_par' dir='ltr' id='par_1_74' title="bbox 551 4028 2079 4104">
     <span class='ocr_line' id='line_1_74' title="bbox 551 4028 2079 4104; baseline -0.005 -15"><span class='ocrx_word' id='word_1_507' title='bbox 551 4037 681 4104; x_wconf 84' lang='lat' dir='ltr'><strong>quia</strong></span> <span class='ocrx_word' id='word_1_508' title='bbox 717 4033 976 4087; x_wconf 90' lang='lat' dir='ltr'><strong>neminem</strong></span> <span class='ocrx_word' id='word_1_509' title='bbox 1021 4031 1248 4097; x_wconf 91' lang='lat' dir='ltr'><strong>ipsorum</strong></span> <span class='ocrx_word' id='word_1_510' title='bbox 1279 4045 1370 4081; x_wconf 85' lang='lat' dir='ltr'><strong>nos</strong></span> <span class='ocrx_word' id='word_1_511' title='bbox 1399 4029 1552 4082; x_wconf 90' lang='lat' dir='ltr'><strong>decet</strong></span> <span class='ocrx_word' id='word_1_512' title='bbox 1579 4044 1643 4081; x_wconf 80' lang='lat' dir='ltr'><strong>ex</strong></span> <span class='ocrx_word' id='word_1_513' title='bbox 1671 4043 1790 4081; x_wconf 84' lang='lat' dir='ltr'><strong>asse</strong></span> <span class='ocrx_word' id='word_1_514' title='bbox 1811 4028 2079 4082; x_wconf 87' lang='lat' dir='ltr'><strong>damnabi-</strong></span> 
     </span>
    </p>
   </div>
   <div class='ocr_carea' id='block_1_75' title="bbox 562 4118 2079 4190">
    <p class='ocr_par' dir='ltr' id='par_1_75' title="bbox 562 4118 2079 4190">
     <span class='ocr_line' id='line_1_75' title="bbox 562 4118 2079 4190; baseline -0.002 -15"><span class='ocrx_word' id='word_1_515' title='bbox 562 4125 662 4177; x_wconf 88' lang='lat' dir='ltr'><strong>lem</strong></span> <span class='ocrx_word' id='word_1_516' title='bbox 691 4121 1026 4190; x_wconf 88' lang='lat' dir='ltr'><strong>pronuntiare</strong></span> <span class='ocrx_word' id='word_1_517' title='bbox 1055 4120 1176 4170; x_wconf 92' lang='lat' dir='ltr'><strong>dum</strong></span> <span class='ocrx_word' id='word_1_518' title='bbox 1205 4120 1351 4169; x_wconf 89' lang='lat' dir='ltr'><strong>vivit.</strong></span> <span class='ocrx_word' id='word_1_519' title='bbox 1398 4118 1452 4171; x_wconf 92' lang='lat' dir='ltr'><strong>ln</strong></span> <span class='ocrx_word' id='word_1_520' title='bbox 1476 4133 1582 4184; x_wconf 80' lang='lat' dir='ltr'><strong>spe</strong></span> <span class='ocrx_word' id='word_1_521' title='bbox 1608 4120 1744 4171; x_wconf 87' lang='lat' dir='ltr'><strong>enim</strong></span> <span class='ocrx_word' id='word_1_522' title='bbox 1788 4119 1956 4171; x_wconf 86' lang='lat' dir='ltr'><strong>adhuc</strong></span> <span class='ocrx_word' id='word_1_523' title='bbox 1988 4120 2079 4172; x_wconf 90' lang='lat' dir='ltr'><strong>ab-</strong></span> 
     </span>
    </p>
   </div>
   <div class='ocr_carea' id='block_1_76' title="bbox 560 4204 2078 4268">
    <p class='ocr_par' dir='ltr' id='par_1_76' title="bbox 560 4204 2078 4268">
     <span class='ocr_line' id='line_1_76' title="bbox 560 4204 2078 4268; baseline -0.003 -7"><span class='ocrx_word' id='word_1_524' title='bbox 560 4208 831 4262; x_wconf 87' lang='lat' dir='ltr'><strong>solutionis</strong></span> <span class='ocrx_word' id='word_1_525' title='bbox 861 4214 939 4258; x_wconf 92' lang='lat' dir='ltr'><strong>est</strong></span> <span class='ocrx_word' id='word_1_526' title='bbox 966 4244 981 4266; x_wconf 89' lang='lat'><strong>,</strong></span> <span class='ocrx_word' id='word_1_527' title='bbox 1011 4205 1096 4256; x_wconf 91' lang='lat' dir='ltr'><strong>cui</strong></span> <span class='ocrx_word' id='word_1_528' title='bbox 1135 4204 1361 4268; x_wconf 87' lang='lat' dir='ltr'><strong>suppetit</strong></span> <span class='ocrx_word' id='word_1_529' title='bbox 1401 4217 1552 4268; x_wconf 90' lang='lat' dir='ltr'><strong>posse</strong></span> <span class='ocrx_word' id='word_1_530' title='bbox 1579 4206 1830 4256; x_wconf 90' lang='lat' dir='ltr'><strong>converti.</strong></span> <span class='ocrx_word' id='word_1_531' title='bbox 1864 4206 1989 4268; x_wconf 74' lang='lat' dir='ltr'><strong>Quae</strong></span> <span class='ocrx_word' id='word_1_532' title='bbox 2011 4207 2078 4258; x_wconf 85' lang='lat' dir='ltr'><strong>sit</strong></span> 
     </span>
    </p>
   </div>
   <div class='ocr_carea' id='block_1_77' title="bbox 2180 3055 3682 3129">
    <p class='ocr_par' dir='ltr' id='par_1_77' title="bbox 2180 3055 3682 3129">
     <span class='ocr_line' id='line_1_77' title="bbox 2180 3055 3682 3129; baseline 0.002 -21"><span class='ocrx_word' id='word_1_533' title='bbox 2180 3065 2383 3110; x_wconf 81' lang='lat' dir='ltr'><strong>constet</strong></span> <span class='ocrx_word' id='word_1_534' title='bbox 2413 3056 2564 3125; x_wconf 74' lang='lat'><strong>168</strong></span> <span class='ocrx_word' id='word_1_535' title='bbox 2588 3055 2938 3111; x_wconf 86' lang='lat' dir='ltr'><strong>indesinenter</strong></span> <span class='ocrx_word' id='word_1_536' title='bbox 2965 3071 3145 3125; x_wconf 84' lang='lat' dir='ltr'><strong>regem</strong></span> <span class='ocrx_word' id='word_1_537' title='bbox 3161 3070 3468 3126; x_wconf 71' lang='lat' dir='ltr'><strong>prmsentem</strong></span> <span class='ocrx_word' id='word_1_538' title='bbox 3494 3060 3682 3129; x_wconf 82' lang='lat' dir='ltr'><strong>prandia</strong></span> 
     </span>
    </p>
   </div>
   <div class='ocr_carea' id='block_1_78' title="bbox 2179 3145 3682 3214">
    <p class='ocr_par' dir='ltr' id='par_1_78' title="bbox 2179 3145 3682 3214">
     <span class='ocr_line' id='line_1_78' title="bbox 2179 3145 3682 3214; baseline -0.001 -16"><span class='ocrx_word' id='word_1_539' title='bbox 2179 3151 2297 3211; x_wconf 88' lang='lat' dir='ltr'><strong>tua,</strong></span> <span class='ocrx_word' id='word_1_540' title='bbox 2326 3148 2555 3214; x_wconf 85' lang='lat' dir='ltr'><strong>reginam</strong></span> <span class='ocrx_word' id='word_1_541' title='bbox 2582 3146 2796 3200; x_wconf 88' lang='lat' dir='ltr'><strong>laudare</strong></span> <span class='ocrx_word' id='word_1_542' title='bbox 2834 3145 3053 3214; x_wconf 78' lang='lat' dir='ltr'><strong>jejunis.</strong></span> <span class='ocrx_word' id='word_1_543' title='bbox 3079 3145 3282 3200; x_wconf 88' lang='lat' dir='ltr'><strong>Omitto</strong></span> <span class='ocrx_word' id='word_1_544' title='bbox 3324 3157 3375 3202; x_wconf 87' lang='lat' dir='ltr'><strong>te</strong></span> <span class='ocrx_word' id='word_1_545' title='bbox 3400 3158 3536 3202; x_wconf 86' lang='lat' dir='ltr'><strong>tanto</strong></span> <span class='ocrx_word' id='word_1_546' title='bbox 3560 3149 3682 3201; x_wconf 85' lang='lat' dir='ltr'><strong>cultu</strong></span> 
     </span>
    </p>
   </div>
   <div class='ocr_carea' id='block_1_79' title="bbox 2179 3226 3683 3299">
    <p class='ocr_par' dir='ltr' id='par_1_79' title="bbox 2179 3226 3683 3299">
     <span class='ocr_line' id='line_1_79' title="bbox 2179 3226 3683 3299; baseline 0.001 -15"><span class='ocrx_word' id='word_1_547' title='bbox 2179 3233 2452 3286; x_wconf 87' lang='lat' dir='ltr'><strong>ecclesiam</strong></span> <span class='ocrx_word' id='word_1_548' title='bbox 2476 3233 2564 3286; x_wconf 91' lang='lat' dir='ltr'><strong>tibi</strong></span> <span class='ocrx_word' id='word_1_549' title='bbox 2595 3234 2847 3287; x_wconf 82' lang='lat' dir='ltr'><strong>creditam</strong></span> <span class='ocrx_word' id='word_1_550' title='bbox 2874 3242 3254 3287; x_wconf 87' lang='lat' dir='ltr'><strong>convenustare</strong></span> <span class='ocrx_word' id='word_1_551' title='bbox 3273 3276 3288 3299; x_wconf 92' lang='lat'><strong>,</strong></span> <span class='ocrx_word' id='word_1_552' title='bbox 3329 3247 3386 3288; x_wconf 89' lang='lat' dir='ltr'><strong>ut</strong></span> <span class='ocrx_word' id='word_1_553' title='bbox 3408 3226 3683 3289; x_wconf 52' lang='lat' dir='ltr'><strong>dubitet‘in-</strong></span> 
     </span>
    </p>
   </div>
   <div class='ocr_carea' id='block_1_80' title="bbox 2178 3321 3682 3390">
    <p class='ocr_par' dir='ltr' id='par_1_80' title="bbox 2178 3321 3682 3390">
     <span class='ocr_line' id='line_1_80' title="bbox 2178 3321 3682 3390; baseline 0.001 -19"><span class='ocrx_word' id='word_1_554' title='bbox 2178 3327 2385 3386; x_wconf 88' lang='lat' dir='ltr'><strong>spector</strong></span> <span class='ocrx_word' id='word_1_555' title='bbox 2407 3321 2589 3372; x_wconf 83' lang='lat' dir='ltr'><strong>melius</strong></span> <span class='ocrx_word' id='word_1_556' title='bbox 2619 3333 2684 3371; x_wconf 91' lang='lat' dir='ltr'><strong>ne</strong></span> <span class='ocrx_word' id='word_1_557' title='bbox 2705 3333 2837 3372; x_wconf 88' lang='lat' dir='ltr'><strong>nova</strong></span> <span class='ocrx_word' id='word_1_558' title='bbox 2864 3333 3022 3385; x_wconf 89' lang='lat' dir='ltr'><strong>opera</strong></span> <span class='ocrx_word' id='word_1_559' title='bbox 3052 3331 3390 3390; x_wconf 79' lang='lat' dir='ltr'><strong>consurgant.</strong></span> <span class='ocrx_word' id='word_1_560' title='bbox 3417 3338 3478 3375; x_wconf 90' lang='lat' dir='ltr'><strong>an</strong></span> <span class='ocrx_word' id='word_1_561' title='bbox 3501 3333 3682 3376; x_wconf 83' lang='lat' dir='ltr'><strong>vetusta</strong></span> 
     </span>
    </p>
   </div>
   <div class='ocr_carea' id='block_1_81' title="bbox 2182 3405 3683 3474">
    <p class='ocr_par' dir='ltr' id='par_1_81' title="bbox 2182 3405 3683 3474">
     <span class='ocr_line' id='line_1_81' title="bbox 2182 3405 3683 3474; baseline 0.001 -15"><span class='ocrx_word' id='word_1_562' title='bbox 2182 3415 2509 3474; x_wconf 87' lang='lat' dir='ltr'><strong>reparentur.</strong></span> <span class='ocrx_word' id='word_1_563' title='bbox 2540 3405 2734 3460; x_wconf 90' lang='lat' dir='ltr'><strong>Omitto</strong></span> <span class='ocrx_word' id='word_1_564' title='bbox 2761 3421 2851 3473; x_wconf 89' lang='lat' dir='ltr'><strong>per</strong></span> <span class='ocrx_word' id='word_1_565' title='bbox 2878 3416 2928 3460; x_wconf 90' lang='lat' dir='ltr'><strong>te</strong></span> <span class='ocrx_word' id='word_1_566' title='bbox 2962 3407 3200 3474; x_wconf 79' lang='lat' dir='ltr'><strong>plurimis</strong></span> <span class='ocrx_word' id='word_1_567' title='bbox 3229 3410 3358 3464; x_wconf 88' lang='lat' dir='ltr'><strong>locis</strong></span> <span class='ocrx_word' id='word_1_568' title='bbox 3384 3412 3683 3465; x_wconf 78' lang='lat' dir='ltr'><strong>basdicarum</strong></span> 
     </span>
    </p>
   </div>
   <div class='ocr_carea' id='block_1_82' title="bbox 2185 3483 3683 3566">
    <p class='ocr_par' dir='ltr' id='par_1_82' title="bbox 2185 3483 3683 3566">
     <span class='ocr_line' id='line_1_82' title="bbox 2185 3483 3683 3566; baseline 0.003 -19"><span class='ocrx_word' id='word_1_569' title='bbox 2185 3495 2519 3548; x_wconf 89' lang='lat' dir='ltr'><strong>fundamenta</strong></span> <span class='ocrx_word' id='word_1_570' title='bbox 2544 3509 2889 3563; x_wconf 89' lang='lat' dir='ltr'><strong>consurgere,</strong></span> <span class='ocrx_word' id='word_1_571' title='bbox 2923 3483 3224 3551; x_wconf 83' lang='lat' dir='ltr'><strong>ornamenta</strong></span> <span class='ocrx_word' id='word_1_572' title='bbox 3254 3499 3520 3566; x_wconf 89' lang='lat' dir='ltr'><strong>duplicari.</strong></span> <span class='ocrx_word' id='word_1_573' title='bbox 3545 3501 3683 3554; x_wconf 82' lang='lat' dir='ltr'><strong>Cum-</strong></span> 
     </span>
    </p>
   </div>
   <div class='ocr_carea' id='block_1_83' title="bbox 2184 3585 3781 3658">
    <p class='ocr_par' dir='ltr' id='par_1_83' title="bbox 2184 3585 3781 3658">
     <span class='ocr_line' id='line_1_83' title="bbox 2184 3585 3781 3658; baseline 0.002 -22"><span class='ocrx_word' id='word_1_574' title='bbox 2184 3599 2284 3652; x_wconf 89' lang='lat' dir='ltr'><strong>que</strong></span> <span class='ocrx_word' id='word_1_575' title='bbox 2313 3585 2472 3638; x_wconf 89' lang='lat' dir='ltr'><strong>multa</strong></span> <span class='ocrx_word' id='word_1_576' title='bbox 2497 3585 2547 3638; x_wconf 94' lang='lat' dir='ltr'><strong>in</strong></span> <span class='ocrx_word' id='word_1_577' title='bbox 2588 3594 2726 3639; x_wconf 85' lang='lat' dir='ltr'><strong>statu</strong></span> <span class='ocrx_word' id='word_1_578' title='bbox 2755 3585 2873 3639; x_wconf 88' lang='lat' dir='ltr'><strong>fidei</strong></span> <span class='ocrx_word' id='word_1_579' title='bbox 2906 3586 3005 3639; x_wconf 88' lang='lat' dir='ltr'><strong>tuis</strong></span> <span class='ocrx_word' id='word_1_580' title='bbox 3034 3587 3463 3654; x_wconf 81' lang='lat' dir='ltr'><strong>dispositionibus</strong></span> <span class='ocrx_word' id='word_1_581' title='bbox 3483 3604 3684 3658; x_wconf 80' lang='lat' dir='ltr'><strong>augean-</strong></span> <span class='ocrx_word' id='word_1_582' title='bbox 3780 3607 3781 3624; x_wconf 62' lang='grc' dir='ltr'>ι</span> 
     </span>
    </p>
   </div>
   <div class='ocr_carea' id='block_1_84' title="bbox 2185 3673 3685 3744">
    <p class='ocr_par' dir='ltr' id='par_1_84' title="bbox 2185 3673 3685 3744">
     <span class='ocr_line' id='line_1_84' title="bbox 2185 3673 3685 3744; baseline -0.001 -18"><span class='ocrx_word' id='word_1_583' title='bbox 2185 3681 2287 3738; x_wconf 90' lang='lat' dir='ltr'><strong>tur,</strong></span> <span class='ocrx_word' id='word_1_584' title='bbox 2307 3676 2473 3727; x_wconf 87' lang='lat' dir='ltr'><strong>solum</strong></span> <span class='ocrx_word' id='word_1_585' title='bbox 2498 3673 2862 3727; x_wconf 68' lang='lat' dir='ltr'><strong>haereticorum</strong></span> <span class='ocrx_word' id='word_1_586' title='bbox 2887 3689 3156 3727; x_wconf 90' lang='lat' dir='ltr'><strong>numerum</strong></span> <span class='ocrx_word' id='word_1_587' title='bbox 3185 3676 3348 3729; x_wconf 91' lang='lat' dir='ltr'><strong>minui</strong></span> <span class='ocrx_word' id='word_1_588' title='bbox 3373 3692 3387 3729; x_wconf 89' lang='lat'><strong>:</strong></span> <span class='ocrx_word' id='word_1_589' title='bbox 3412 3687 3554 3742; x_wconf 77' lang='lat' dir='ltr'><strong>teque</strong></span> <span class='ocrx_word' id='word_1_590' title='bbox 3574 3690 3685 3744; x_wconf 90' lang='lat' dir='ltr'><strong>quo-</strong></span> 
     </span>
    </p>
   </div>
   <div class='ocr_carea' id='block_1_85' title="bbox 2181 3751 3781 3844">
    <p class='ocr_par' dir='ltr' id='par_1_85' title="bbox 2181 3751 3781 3844">
     <span class='ocr_line' id='line_1_85' title="bbox 2181 3751 3781 3844; baseline 0 -29"><span class='ocrx_word' id='word_1_591' title='bbox 2181 3763 2303 3815; x_wconf 70' lang='lat' dir='ltr'><strong>dam</strong></span> <span class='ocrx_word' id='word_1_592' title='bbox 2331 3770 2522 3814; x_wconf 89' lang='lat' dir='ltr'><strong>venatu</strong></span> <span class='ocrx_word' id='word_1_593' title='bbox 2562 3762 2866 3828; x_wconf 86' lang='lat' dir='ltr'><strong>apostolico,</strong></span> <span class='ocrx_word' id='word_1_594' title='bbox 2902 3762 3037 3816; x_wconf 90' lang='lat' dir='ltr'><strong>feras</strong></span> <span class='ocrx_word' id='word_1_595' title='bbox 3063 3772 3084 3798; x_wconf 86' lang='lat'><strong><em>°</em></strong></span> <span class='ocrx_word' id='word_1_596' title='bbox 3113 3762 3530 3817; x_wconf 87' lang='lat' dir='ltr'><strong>Photinianorum</strong></span> <span class='ocrx_word' id='word_1_597' title='bbox 3558 3778 3685 3815; x_wconf 80' lang='lat' dir='ltr'><strong>men-</strong></span> 
     </span>
    </p>
   </div>
   <div class='ocr_carea' id='block_1_86' title="bbox 2184 3850 3685 3919">
    <p class='ocr_par' dir='ltr' id='par_1_86' title="bbox 2184 3850 3685 3919">
     <span class='ocr_line' id='line_1_86' title="bbox 2184 3850 3685 3919; baseline 0 -15"><span class='ocrx_word' id='word_1_598' title='bbox 2184 3861 2260 3904; x_wconf 91' lang='lat' dir='ltr'><strong>tcs</strong></span> <span class='ocrx_word' id='word_1_599' title='bbox 2304 3851 2616 3918; x_wconf 83' lang='lat' dir='ltr'><strong>spiritalium</strong></span> <span class='ocrx_word' id='word_1_600' title='bbox 2660 3850 3084 3916; x_wconf 73' lang='lat' dir='ltr'><strong>pra-dicationum</strong></span> <span class='ocrx_word' id='word_1_601' title='bbox 3128 3851 3363 3905; x_wconf 85' lang='lat' dir='ltr'><strong>cassibus</strong></span> <span class='ocrx_word' id='word_1_602' title='bbox 3411 3852 3685 3919; x_wconf 83' lang='lat' dir='ltr'><strong>implicare.</strong></span> 
     </span>
    </p>
   </div>
   <div class='ocr_carea' id='block_1_87' title="bbox 2182 3936 3781 4016">
    <p class='ocr_par' dir='ltr' id='par_1_87' title="bbox 2182 3936 3781 4016">
     <span class='ocr_line' id='line_1_87' title="bbox 2182 3936 3781 4016; baseline -0.002 -26"><span class='ocrx_word' id='word_1_603' title='bbox 2182 3946 2334 4005; x_wconf 85' lang='lat' dir='ltr'><strong>atque</strong></span> <span class='ocrx_word' id='word_1_604' title='bbox 2363 3952 2392 3990; x_wconf 91' lang='lat' dir='ltr'><strong>a</strong></span> <span class='ocrx_word' id='word_1_605' title='bbox 2420 3946 2508 3989; x_wconf 90' lang='lat' dir='ltr'><strong>tuo</strong></span> <span class='ocrx_word' id='word_1_606' title='bbox 2536 3937 2784 3990; x_wconf 86' lang='lat' dir='ltr'><strong>barbaros</strong></span> <span class='ocrx_word' id='word_1_607' title='bbox 2807 3938 2912 4004; x_wconf 90' lang='lat' dir='ltr'><strong>jam</strong></span> <span class='ocrx_word' id='word_1_608' title='bbox 2939 3951 3188 4005; x_wconf 86' lang='lat' dir='ltr'><strong>sequaces</strong></span> <span class='ocrx_word' id='word_1_609' title='bbox 3211 3977 3227 4003; x_wconf 93' lang='lat'><strong>,</strong></span> <span class='ocrx_word' id='word_1_610' title='bbox 3255 3941 3457 4007; x_wconf 90' lang='lat' dir='ltr'><strong>quoties</strong></span> <span class='ocrx_word' id='word_1_611' title='bbox 3485 3936 3685 3991; x_wconf 78' lang='lat' dir='ltr'><strong>convin-</strong></span> 
     </span>
    </p>
   </div>
   <div class='ocr_carea' id='block_1_88' title="bbox 2180 4025 3781 4094">
    <p class='ocr_par' dir='ltr' id='par_1_88' title="bbox 2180 4025 3781 4094">
     <span class='ocr_line' id='line_1_88' title="bbox 2180 4025 3781 4094; baseline -0.001 -16"><span class='ocrx_word' id='word_1_612' title='bbox 2180 4035 2367 4078; x_wconf 88' lang='lat' dir='ltr'><strong>cuntur</strong></span> <span class='ocrx_word' id='word_1_613' title='bbox 2392 4025 2576 4091; x_wconf 90' lang='lat' dir='ltr'><strong>verbo,</strong></span> <span class='ocrx_word' id='word_1_614' title='bbox 2616 4040 2719 4077; x_wconf 91' lang='lat' dir='ltr'><strong>non</strong></span> <span class='ocrx_word' id='word_1_615' title='bbox 2762 4026 2909 4078; x_wconf 78' lang='lat' dir='ltr'><strong>exire</strong></span> <span class='ocrx_word' id='word_1_616' title='bbox 2947 4026 3194 4094; x_wconf 86' lang='lat' dir='ltr'><strong>vestigio,</strong></span> <span class='ocrx_word' id='word_1_617' title='bbox 3219 4027 3388 4080; x_wconf 88' lang='lat' dir='ltr'><strong>donec</strong></span> <span class='ocrx_word' id='word_1_618' title='bbox 3412 4041 3499 4080; x_wconf 83' lang='lat' dir='ltr'><strong>eos</strong></span> <span class='ocrx_word' id='word_1_619' title='bbox 3525 4040 3554 4078; x_wconf 82' lang='lat' dir='ltr'><strong>a</strong></span> <span class='ocrx_word' id='word_1_620' title='bbox 3579 4038 3685 4094; x_wconf 85' lang='lat' dir='ltr'><strong>pro-</strong></span> <span class='ocrx_word' id='word_1_621' title='bbox 3780 4053 3781 4066; x_wconf 62' lang='grc' dir='ltr'>ι</span> 
     </span>
    </p>
   </div>
   <div class='ocr_carea' id='block_1_89' title="bbox 2183 4100 3781 4180">
    <p class='ocr_par' dir='ltr' id='par_1_89' title="bbox 2183 4100 3781 4180">
     <span class='ocr_line' id='line_1_89' title="bbox 2183 4100 3781 4180; baseline -0.004 -16"><span class='ocrx_word' id='word_1_622' title='bbox 2183 4113 2339 4165; x_wconf 87' lang='lat' dir='ltr'><strong>t‘undo</strong></span> <span class='ocrx_word' id='word_1_623' title='bbox 2363 4111 2563 4179; x_wconf 83' lang='lat' dir='ltr'><strong>gurgite</strong></span> <span class='ocrx_word' id='word_1_624' title='bbox 2593 4111 2784 4165; x_wconf 88' lang='lat' dir='ltr'><strong>erroris</strong></span> <span class='ocrx_word' id='word_1_625' title='bbox 2809 4100 3450 4171; x_wconf 40' lang='lat' dir='ltr'><strong>felicissimus&#39;animarum</strong></span> <span class='ocrx_word' id='word_1_626' title='bbox 3479 4115 3686 4180; x_wconf 82' lang='lat' dir='ltr'><strong>piscator</strong></span> <span class='ocrx_word' id='word_1_627' title='bbox 3780 4107 3781 4158; x_wconf 72' lang='lat'><strong>1</strong></span> 
     </span>
    </p>
   </div>
   <div class='ocr_carea' id='block_1_90' title="bbox 2183 4199 3781 4268">
    <p class='ocr_par' dir='ltr' id='par_1_90' title="bbox 2183 4199 3781 4268">
     <span class='ocr_line' id='line_1_90' title="bbox 2183 4199 3781 4268; baseline -0.001 -16"><span class='ocrx_word' id='word_1_628' title='bbox 2183 4200 2487 4252; x_wconf 72' lang='lat' dir='ltr'><strong>extraxeris.</strong></span> <span class='ocrx_word' id='word_1_629' title='bbox 2520 4199 2584 4251; x_wconf 87' lang='lat' dir='ltr'><strong>Et</strong></span> <span class='ocrx_word' id='word_1_630' title='bbox 2611 4199 2795 4252; x_wconf 91' lang='lat' dir='ltr'><strong>horum</strong></span> <span class='ocrx_word' id='word_1_631' title='bbox 2827 4201 2996 4266; x_wconf 89' lang='lat' dir='ltr'><strong>aliqua</strong></span> <span class='ocrx_word' id='word_1_632' title='bbox 3021 4209 3189 4258; x_wconf 86' lang='lat' dir='ltr'><strong>tamen</strong></span> <span class='ocrx_word' id='word_1_633' title='bbox 3220 4215 3339 4261; x_wconf 83' lang='lat' dir='ltr'><strong>eum</strong></span> <span class='ocrx_word' id='word_1_634' title='bbox 3372 4201 3575 4268; x_wconf 88' lang='lat' dir='ltr'><strong>reliquis</strong></span> <span class='ocrx_word' id='word_1_635' title='bbox 3594 4200 3687 4252; x_wconf 87' lang='lat' dir='ltr'><strong>for-</strong></span> <span class='ocrx_word' id='word_1_636' title='bbox 3780 4199 3781 4256; x_wconf 61' lang='grc' dir='ltr'>ἓ</span> 
     </span>
    </p>
   </div>
   <div class='ocr_carea' id='block_1_91' title="bbox 562 4288 3781 4364">
    <p class='ocr_par' dir='ltr' id='par_1_91' title="bbox 562 4288 3781 4364">
     <span class='ocr_line' id='line_1_91' title="bbox 562 4288 3781 4364; baseline -0.001 -17"><span class='ocrx_word' id='word_1_637' title='bbox 562 4310 685 4350; x_wconf 86' lang='lat' dir='ltr'><strong>vero</strong></span> <span class='ocrx_word' id='word_1_638' title='bbox 745 4291 937 4358; x_wconf 86' lang='lat' dir='ltr'><strong>negotii</strong></span> <span class='ocrx_word' id='word_1_639' title='bbox 958 4291 1037 4342; x_wconf 91' lang='lat' dir='ltr'><strong>sui</strong></span> <span class='ocrx_word' id='word_1_640' title='bbox 1081 4291 1270 4350; x_wconf 86' lang='lat' dir='ltr'><strong>series,</strong></span> <span class='ocrx_word' id='word_1_641' title='bbox 1311 4290 1420 4355; x_wconf 88' lang='lat' dir='ltr'><strong>ipse</strong></span> <span class='ocrx_word' id='word_1_642' title='bbox 1468 4290 1657 4342; x_wconf 88' lang='lat' dir='ltr'><strong>rectius</strong></span> <span class='ocrx_word' id='word_1_643' title='bbox 1718 4302 2074 4356; x_wconf 59' lang='lat' dir='ltr'><strong>praesentanea</strong></span> <span class='ocrx_word' id='word_1_644' title='bbox 2100 4288 2148 4344; x_wconf 88' lang='lat' dir='ltr'>D</span> <span class='ocrx_word' id='word_1_645' title='bbox 2176 4310 2267 4348; x_wconf 89' lang='lat' dir='ltr'><strong>san</strong></span> <span class='ocrx_word' id='word_1_646' title='bbox 2302 4293 2732 4347; x_wconf 83' lang='lat' dir='ltr'><strong>communicanda</strong></span> <span class='ocrx_word' id='word_1_647' title='bbox 2774 4293 3007 4359; x_wconf 90' lang='lat' dir='ltr'><strong>collegis.</strong></span> <span class='ocrx_word' id='word_1_648' title='bbox 3041 4292 3170 4346; x_wconf 92' lang='lat' dir='ltr'><strong>illud</strong></span> <span class='ocrx_word' id='word_1_649' title='bbox 3199 4303 3372 4347; x_wconf 79' lang='lat' dir='ltr'><strong>autem</strong></span> <span class='ocrx_word' id='word_1_650' title='bbox 3407 4293 3582 4346; x_wconf 88' lang='lat' dir='ltr'><strong>deberi</strong></span> <span class='ocrx_word' id='word_1_651' title='bbox 3607 4292 3687 4344; x_wconf 83' lang='lat' dir='ltr'><strong>tibi</strong></span> 
     </span>
    </p>
   </div>
   <div class='ocr_carea' id='block_1_92' title="bbox 630 4412 2070 4490">
    <p class='ocr_par' dir='ltr' id='par_1_92' title="bbox 630 4412 2070 4490">
     <span class='ocr_line' id='line_1_92' title="bbox 630 4412 2070 4490; baseline 0.001 -15"><span class='ocrx_word' id='word_1_652' title='bbox 630 4434 656 4461; x_wconf 77' lang='grc' dir='ltr'>ἰ</span> <span class='ocrx_word' id='word_1_653' title='bbox 685 4412 936 4490; x_wconf 82' lang='lat' dir='ltr'><strong>Episcopo</strong></span> <span class='ocrx_word' id='word_1_654' title='bbox 966 4417 1392 4482; x_wconf 80' lang='lat' dir='ltr'><strong>Antisiodorensi,</strong></span> <span class='ocrx_word' id='word_1_655' title='bbox 1416 4418 1478 4471; x_wconf 88' lang='lat' dir='ltr'><strong>ad</strong></span> <span class='ocrx_word' id='word_1_656' title='bbox 1504 4434 1654 4490; x_wconf 86' lang='lat' dir='ltr'><strong>quem</strong></span> <span class='ocrx_word' id='word_1_657' title='bbox 1686 4420 1878 4473; x_wconf 81' lang='lat' dir='ltr'><strong>Ruricii</strong></span> <span class='ocrx_word' id='word_1_658' title='bbox 1914 4422 2070 4488; x_wconf 87' lang='lat' dir='ltr'><strong>epist.</strong></span> 
     </span>
    </p>
   </div>
   <div class='ocr_carea' id='block_1_93' title="bbox 565 4488 2075 4555">
    <p class='ocr_par' dir='ltr' id='par_1_93' title="bbox 565 4488 2075 4555">
     <span class='ocr_line' id='line_1_93' title="bbox 565 4488 2075 4555; baseline 0.001 -12"><span class='ocrx_word' id='word_1_659' title='bbox 565 4493 616 4553; x_wconf 74' lang='lat' dir='ltr'><strong>i,</strong></span> <span class='ocrx_word' id='word_1_660' title='bbox 646 4488 815 4548; x_wconf 50' lang='lat' dir='ltr'><strong>libiu.</strong></span> <span class='ocrx_word' id='word_1_661' title='bbox 845 4488 895 4543; x_wconf 86' lang='lat' dir='ltr'><strong>et</strong></span> <span class='ocrx_word' id='word_1_662' title='bbox 918 4490 1216 4555; x_wconf 11' lang='lat' dir='ltr'><strong>Constantii,</strong></span> <span class='ocrx_word' id='word_1_663' title='bbox 1246 4489 1532 4555; x_wconf 86' lang='lat' dir='ltr'><strong>presbyteri</strong></span> <span class='ocrx_word' id='word_1_664' title='bbox 1585 4488 1768 4550; x_wconf 85' lang='lat' dir='ltr'><strong>altera,</strong></span> <span class='ocrx_word' id='word_1_665' title='bbox 1811 4491 1860 4540; x_wconf 92' lang='lat' dir='ltr'><strong>in</strong></span> <span class='ocrx_word' id='word_1_666' title='bbox 1905 4490 2075 4544; x_wconf 87' lang='lat' dir='ltr'><strong>fronte</strong></span> 
     </span>
    </p>
   </div>
   <div class='ocr_carea' id='block_1_94' title="bbox 562 4554 2075 4624">
    <p class='ocr_par' dir='ltr' id='par_1_94' title="bbox 562 4554 2075 4624">
     <span class='ocr_line' id='line_1_94' title="bbox 562 4554 2075 4624; baseline 0.001 -14"><span class='ocrx_word' id='word_1_667' title='bbox 562 4560 808 4612; x_wconf 85' lang='lat' dir='ltr'><strong>iihrorum</strong></span> <span class='ocrx_word' id='word_1_668' title='bbox 837 4559 900 4611; x_wconf 89' lang='lat' dir='ltr'><strong>de</strong></span> <span class='ocrx_word' id='word_1_669' title='bbox 953 4559 1066 4609; x_wconf 80' lang='lat' dir='ltr'><strong>Vita</strong></span> <span class='ocrx_word' id='word_1_670' title='bbox 1098 4559 1156 4610; x_wconf 80' lang='lat' dir='ltr'><strong>S.</strong></span> <span class='ocrx_word' id='word_1_671' title='bbox 1196 4554 1456 4610; x_wconf 88' lang='lat' dir='ltr'><strong>Germani.</strong></span> <span class='ocrx_word' id='word_1_672' title='bbox 1488 4555 1591 4610; x_wconf 90' lang='lat' dir='ltr'><strong>Sed</strong></span> <span class='ocrx_word' id='word_1_673' title='bbox 1636 4564 1851 4624; x_wconf 86' lang='lat' dir='ltr'><strong>uterque</strong></span> <span class='ocrx_word' id='word_1_674' title='bbox 1880 4558 2075 4612; x_wconf 81' lang='lat' dir='ltr'><strong>Censu-</strong></span> 
     </span>
    </p>
   </div>
   <div class='ocr_carea' id='block_1_95' title="bbox 563 4629 885 4680">
    <p class='ocr_par' dir='ltr' id='par_1_95' title="bbox 563 4629 885 4680">
     <span class='ocr_line' id='line_1_95' title="bbox 563 4629 885 4680; baseline -0.012 0"><span class='ocrx_word' id='word_1_675' title='bbox 563 4629 693 4680; x_wconf 89' lang='lat' dir='ltr'><strong>rium</strong></span> <span class='ocrx_word' id='word_1_676' title='bbox 723 4638 885 4678; x_wconf 87' lang='lat' dir='ltr'><strong>vocat.</strong></span> 
     </span>
    </p>
   </div>
   <div class='ocr_carea' id='block_1_96' title="bbox 628 4692 2069 4757">
    <p class='ocr_par' dir='ltr' id='par_1_96' title="bbox 628 4692 2069 4757">
     <span class='ocr_line' id='line_1_96' title="bbox 628 4692 2069 4757; baseline 0 -10"><span class='ocrx_word' id='word_1_677' title='bbox 628 4694 658 4732; x_wconf 74' lang='grc'><strong>1³</strong></span> <span class='ocrx_word' id='word_1_678' title='bbox 687 4696 758 4747; x_wconf 69' lang='lat' dir='ltr'><strong>ita</strong></span> <span class='ocrx_word' id='word_1_679' title='bbox 785 4694 896 4746; x_wconf 90' lang='lat' dir='ltr'><strong>libri</strong></span> <span class='ocrx_word' id='word_1_680' title='bbox 927 4693 1031 4746; x_wconf 90' lang='lat' dir='ltr'><strong>fere</strong></span> <span class='ocrx_word' id='word_1_681' title='bbox 1052 4706 1252 4752; x_wconf 87' lang='lat' dir='ltr'><strong>omnes,</strong></span> <span class='ocrx_word' id='word_1_682' title='bbox 1276 4706 1374 4742; x_wconf 93' lang='lat' dir='ltr'><strong>non</strong></span> <span class='ocrx_word' id='word_1_683' title='bbox 1396 4692 1568 4756; x_wconf 82' lang='lat' dir='ltr'><strong>petatis</strong></span> <span class='ocrx_word' id='word_1_684' title='bbox 1592 4705 1609 4743; x_wconf 87' lang='lat'><strong><em>:</em></strong></span> <span class='ocrx_word' id='word_1_685' title='bbox 1638 4700 1694 4744; x_wconf 89' lang='lat' dir='ltr'><strong>ut</strong></span> <span class='ocrx_word' id='word_1_686' title='bbox 1734 4694 1960 4746; x_wconf 88' lang='lat' dir='ltr'><strong>carmine</strong></span> <span class='ocrx_word' id='word_1_687' title='bbox 1981 4693 2069 4757; x_wconf 67' lang='lat'><strong>9&#39;5,</strong></span> 
     </span>
    </p>
   </div>
   <div class='ocr_carea' id='block_1_97' title="bbox 563 4759 2067 4828">
    <p class='ocr_par' dir='ltr' id='par_1_97' title="bbox 563 4759 2067 4828">
     <span class='ocr_line' id='line_1_97' title="bbox 563 4759 2067 4828; baseline -0.003 -10"><span class='ocrx_word' id='word_1_688' title='bbox 563 4765 774 4818; x_wconf 82' lang='lat' dir='ltr'><strong>Usuram</strong></span> <span class='ocrx_word' id='word_1_689' title='bbox 806 4763 1123 4828; x_wconf 84' lang='lat' dir='ltr'><strong>petimurque,</strong></span> <span class='ocrx_word' id='word_1_690' title='bbox 1171 4759 1533 4826; x_wconf 81' lang='lat' dir='ltr'><strong>reddimusque.</strong></span> <span class='ocrx_word' id='word_1_691' title='bbox 1570 4761 1830 4811; x_wconf 87' lang='lat' dir='ltr'><strong>Ganonem</strong></span> <span class='ocrx_word' id='word_1_692' title='bbox 1860 4765 2067 4827; x_wconf 85' lang='lat' dir='ltr'><strong>proprie</strong></span> 
     </span>
    </p>
   </div>
   <div class='ocr_carea' id='block_1_98' title="bbox 559 4828 2065 4898">
    <p class='ocr_par' dir='ltr' id='par_1_98' title="bbox 559 4828 2065 4898">
     <span class='ocr_line' id='line_1_98' title="bbox 559 4828 2065 4898; baseline -0.002 -14"><span class='ocrx_word' id='word_1_693' title='bbox 559 4835 687 4884; x_wconf 79' lang='lat' dir='ltr'><strong>dixit</strong></span> <span class='ocrx_word' id='word_1_694' title='bbox 716 4831 1033 4898; x_wconf 86' lang='lat' dir='ltr'><strong>pensionem,</strong></span> <span class='ocrx_word' id='word_1_695' title='bbox 1067 4843 1181 4895; x_wconf 77' lang='lat' dir='ltr'><strong>qua:</strong></span> <span class='ocrx_word' id='word_1_696' title='bbox 1211 4829 1426 4880; x_wconf 86' lang='lat' dir='ltr'><strong>debetur</strong></span> <span class='ocrx_word' id='word_1_697' title='bbox 1459 4842 1523 4878; x_wconf 83' lang='lat' dir='ltr'><strong>ex</strong></span> <span class='ocrx_word' id='word_1_698' title='bbox 1548 4828 1738 4892; x_wconf 64' lang='lat' dir='ltr'><strong>praedio</strong></span> <span class='ocrx_word' id='word_1_699' title='bbox 1762 4831 2065 4895; x_wconf 82' lang='lat' dir='ltr'><strong>cmpbyteu-</strong></span> 
     </span>
    </p>
   </div>
   <div class='ocr_carea' id='block_1_99' title="bbox 560 4901 2059 4972">
    <p class='ocr_par' dir='ltr' id='par_1_99' title="bbox 560 4901 2059 4972">
     <span class='ocr_line' id='line_1_99' title="bbox 560 4901 2059 4972; baseline -0.013 -21"><span class='ocrx_word' id='word_1_700' title='bbox 560 4907 677 4961; x_wconf 78' lang='lat' dir='ltr'><strong>tlco,</strong></span> <span class='ocrx_word' id='word_1_701' title='bbox 710 4905 1015 4972; x_wconf 56' lang='grc' dir='ltr'><strong>ἐμφυτευτῶν</strong></span> <span class='ocrx_word' id='word_1_702' title='bbox 1061 4911 1267 4972; x_wconf 73' lang='lat' dir='ltr'><strong>munus,</strong></span> <span class='ocrx_word' id='word_1_703' title='bbox 1316 4909 1546 4960; x_wconf 90' lang='lat' dir='ltr'><strong>onusque</strong></span> <span class='ocrx_word' id='word_1_704' title='bbox 1699 4904 1788 4972; x_wconf 63' lang='grc' dir='ltr'><strong>γῆν</strong></span> <span class='ocrx_word' id='word_1_705' title='bbox 1807 4907 2059 4967; x_wconf 54' lang='grc' dir='ltr'><strong>γεωργεῖν,</strong></span> 
     </span>
    </p>
   </div>
   <div class='ocr_carea' id='block_1_100' title="bbox 558 4964 2063 5036">
    <p class='ocr_par' dir='ltr' id='par_1_100' title="bbox 558 4964 2063 5036">
     <span class='ocr_line' id='line_1_100' title="bbox 558 4964 2063 5036; baseline -0.001 -18"><span class='ocrx_word' id='word_1_706' title='bbox 558 4973 634 5020; x_wconf 54' lang='lat' dir='ltr'><strong>cui</strong></span> <span class='ocrx_word' id='word_1_707' title='bbox 661 4964 792 5027; x_wconf 66' lang='grc' dir='ltr'>τέλοξ</span> <span class='ocrx_word' id='word_1_708' title='bbox 827 4970 1087 5036; x_wconf 78' lang='grc' dir='ltr'><strong>παρέχειν.</strong></span> <span class='ocrx_word' id='word_1_709' title='bbox 1141 4964 1263 5016; x_wconf 89' lang='lat' dir='ltr'><strong>inde</strong></span> <span class='ocrx_word' id='word_1_710' title='bbox 1291 4964 1624 5026; x_wconf 81' lang='lat' dir='ltr'><strong>canon:carii,</strong></span> <span class='ocrx_word' id='word_1_711' title='bbox 1674 4965 1761 5028; x_wconf 91' lang='lat' dir='ltr'><strong>qui</strong></span> <span class='ocrx_word' id='word_1_712' title='bbox 1813 4964 2063 5017; x_wconf 64' lang='lat' dir='ltr'><strong>ean&#39;o&#39;nem</strong></span> 
     </span>
    </p>
   </div>
   <div class='ocr_carea' id='block_1_101' title="bbox 559 5035 1074 5101">
    <p class='ocr_par' dir='ltr' id='par_1_101' title="bbox 559 5035 1074 5101">
     <span class='ocr_line' id='line_1_101' title="bbox 559 5035 1074 5101; baseline -0.006 -13"><span class='ocrx_word' id='word_1_713' title='bbox 559 5038 816 5100; x_wconf 71' lang='lat' dir='ltr'><strong>publicum</strong></span> <span class='ocrx_word' id='word_1_714' title='bbox 847 5035 1074 5101; x_wconf 87' lang='lat' dir='ltr'><strong>exigunt.</strong></span> 
     </span>
    </p>
   </div>
   <div class='ocr_carea' id='block_1_102' title="bbox 625 5096 2064 5165">
    <p class='ocr_par' dir='ltr' id='par_1_102' title="bbox 625 5096 2064 5165">
     <span class='ocr_line' id='line_1_102' title="bbox 625 5096 2064 5165; baseline -0.006 -8"><span class='ocrx_word' id='word_1_715' title='bbox 625 5115 649 5141; x_wconf 73' lang='grc' dir='ltr'><strong>ο</strong></span> <span class='ocrx_word' id='word_1_716' title='bbox 689 5106 899 5156; x_wconf 76' lang='lat' dir='ltr'><strong>incertae</strong></span> <span class='ocrx_word' id='word_1_717' title='bbox 927 5096 1062 5154; x_wconf 71' lang='lat' dir='ltr'><strong>sedis</strong></span> <span class='ocrx_word' id='word_1_718' title='bbox 1092 5100 1352 5165; x_wconf 78' lang='lat' dir='ltr'><strong>episcopo.</strong></span> <span class='ocrx_word' id='word_1_719' title='bbox 1385 5097 1510 5148; x_wconf 74' lang='lat' dir='ltr'><strong>Nam</strong></span> <span class='ocrx_word' id='word_1_720' title='bbox 1544 5096 1882 5148; x_wconf 70' lang='lat' dir='ltr'><strong>Toruacensis</strong></span> <span class='ocrx_word' id='word_1_721' title='bbox 1913 5099 2064 5150; x_wconf 84' lang='lat' dir='ltr'><strong>Eleu-</strong></span> 
     </span>
    </p>
   </div>
   <div class='ocr_carea' id='block_1_103' title="bbox 560 5165 2066 5236">
    <p class='ocr_par' dir='ltr' id='par_1_103' title="bbox 560 5165 2066 5236">
     <span class='ocr_line' id='line_1_103' title="bbox 560 5165 2066 5236; baseline -0.001 -16"><span class='ocrx_word' id='word_1_722' title='bbox 560 5174 753 5224; x_wconf 78' lang='lat' dir='ltr'><strong>therius</strong></span> <span class='ocrx_word' id='word_1_723' title='bbox 793 5173 856 5222; x_wconf 90' lang='lat' dir='ltr'><strong>de</strong></span> <span class='ocrx_word' id='word_1_724' title='bbox 883 5185 982 5236; x_wconf 90' lang='lat' dir='ltr'><strong>quo</strong></span> <span class='ocrx_word' id='word_1_725' title='bbox 1011 5169 1311 5235; x_wconf 85' lang='lat' dir='ltr'><strong>quibusdam</strong></span> <span class='ocrx_word' id='word_1_726' title='bbox 1342 5167 1481 5236; x_wconf 81' lang='lat' dir='ltr'><strong>venit</strong></span> <span class='ocrx_word' id='word_1_727' title='bbox 1505 5165 1553 5215; x_wconf 88' lang='lat' dir='ltr'><strong>in</strong></span> <span class='ocrx_word' id='word_1_728' title='bbox 1585 5175 1826 5228; x_wconf 85' lang='lat' dir='ltr'><strong>mentem,</strong></span> <span class='ocrx_word' id='word_1_729' title='bbox 1853 5166 2066 5218; x_wconf 82' lang='lat' dir='ltr'><strong>Sidonio</strong></span> 
     </span>
    </p>
   </div>
   <div class='ocr_carea' id='block_1_104' title="bbox 561 5233 1894 5307">
    <p class='ocr_par' dir='ltr' id='par_1_104' title="bbox 561 5233 1894 5307">
     <span class='ocr_line' id='line_1_104' title="bbox 561 5233 1894 5307; baseline -0.001 -18"><span class='ocrx_word' id='word_1_730' title='bbox 561 5240 754 5307; x_wconf 63' lang='lat' dir='ltr'><strong>videtur</strong></span> <span class='ocrx_word' id='word_1_731' title='bbox 775 5233 1038 5307; x_wconf 71' lang='lat' dir='ltr'><strong>aliquanto</strong></span> <span class='ocrx_word' id='word_1_732' title='bbox 1067 5235 1222 5307; x_wconf 83' lang='lat' dir='ltr'><strong>fuisse</strong></span> <span class='ocrx_word' id='word_1_733' title='bbox 1249 5233 1523 5307; x_wconf 74' lang='lat' dir='ltr'><strong>posterior.</strong></span> <span class='ocrx_word' id='word_1_734' title='bbox 1633 5297 1642 5307; x_wconf 41' lang='lat'>.</span> <span class='ocrx_word' id='word_1_735' title='bbox 1685 5306 1688 5307; x_wconf 13' lang='grc' dir='ltr'><em>ν</em></span> <span class='ocrx_word' id='word_1_736' title='bbox 1757 5297 1809 5307; x_wconf 36' lang='grc' dir='ltr'><strong>Ἀ</strong></span> <span class='ocrx_word' id='word_1_737' title='bbox 1867 5298 1894 5307; x_wconf 87' lang='lat'><strong>__</strong></span> 
     </span>
    </p>
   </div>
   <div class='ocr_carea' id='block_1_105' title="bbox 624 5297 2060 5370">
    <p class='ocr_par' dir='ltr' id='par_1_105' title="bbox 624 5297 2060 5370">
     <span class='ocr_line' id='line_1_105' title="bbox 624 5297 2060 5370; baseline -0.004 -13"><span class='ocrx_word' id='word_1_738' title='bbox 624 5305 652 5342; x_wconf 71' lang='grc' dir='ltr'><strong>ἀ</strong></span> <span class='ocrx_word' id='word_1_739' title='bbox 690 5297 943 5370; x_wconf 75' lang='lat' dir='ltr'><strong>Episcopo</strong></span> <span class='ocrx_word' id='word_1_740' title='bbox 973 5297 1316 5370; x_wconf 78' lang='lat' dir='ltr'><strong>Lugilunensi,</strong></span> <span class='ocrx_word' id='word_1_741' title='bbox 1345 5303 1407 5352; x_wconf 85' lang='lat' dir='ltr'><strong>de</strong></span> <span class='ocrx_word' id='word_1_742' title='bbox 1437 5314 1537 5364; x_wconf 82' lang='lat' dir='ltr'><strong>quo</strong></span> <span class='ocrx_word' id='word_1_743' title='bbox 1556 5297 1715 5370; x_wconf 68' lang='lat' dir='ltr'><strong>epist.</strong></span> <span class='ocrx_word' id='word_1_744' title='bbox 1750 5297 1953 5370; x_wconf 30' lang='lat' dir='ltr'><strong>l0,‘_lib.</strong></span> <span class='ocrx_word' id='word_1_745' title='bbox 1982 5316 2060 5363; x_wconf 70' lang='lat' dir='ltr'><strong>Il,</strong></span> 
     </span>
    </p>
   </div>
   <div class='ocr_carea' id='block_1_106' title="bbox 560 5366 2063 5433">
    <p class='ocr_par' dir='ltr' id='par_1_106' title="bbox 560 5366 2063 5433">
     <span class='ocr_line' id='line_1_106' title="bbox 560 5366 2063 5433; baseline -0.005 -10"><span class='ocrx_word' id='word_1_746' title='bbox 560 5381 612 5424; x_wconf 66' lang='lat' dir='ltr'><strong>et</strong></span> <span class='ocrx_word' id='word_1_747' title='bbox 639 5366 812 5424; x_wconf 84' lang='lat' dir='ltr'><strong>ultima</strong></span> <span class='ocrx_word' id='word_1_748' title='bbox 859 5366 947 5423; x_wconf 81' lang='lat' dir='ltr'><strong>lib.</strong></span> <span class='ocrx_word' id='word_1_749' title='bbox 993 5366 1138 5423; x_wconf 56' lang='lat' dir='ltr'><strong>tvfls</strong></span> <span class='ocrx_word' id='word_1_750' title='bbox 1172 5379 1250 5420; x_wconf 84' lang='lat' dir='ltr'><strong>est</strong></span> <span class='ocrx_word' id='word_1_751' title='bbox 1286 5370 1346 5419; x_wconf 77' lang='lat' dir='ltr'><strong>aii</strong></span> <span class='ocrx_word' id='word_1_752' title='bbox 1377 5383 1526 5433; x_wconf 81' lang='lat' dir='ltr'><strong>quem</strong></span> <span class='ocrx_word' id='word_1_753' title='bbox 1556 5366 1721 5416; x_wconf 80' lang='lat' dir='ltr'><strong>Vitam</strong></span> <span class='ocrx_word' id='word_1_754' title='bbox 1747 5368 1798 5415; x_wconf 81' lang='lat' dir='ltr'><strong>S.</strong></span> <span class='ocrx_word' id='word_1_755' title='bbox 1822 5366 2063 5417; x_wconf 84' lang='lat' dir='ltr'><strong>Germani</strong></span> 
     </span>
    </p>
   </div>
   <div class='ocr_carea' id='block_1_107' title="bbox 560 5433 2065 5501">
    <p class='ocr_par' dir='ltr' id='par_1_107' title="bbox 560 5433 2065 5501">
     <span class='ocr_line' id='line_1_107' title="bbox 560 5433 2065 5501; baseline -0.002 -13"><span class='ocrx_word' id='word_1_756' title='bbox 560 5440 761 5499; x_wconf 61' lang='lat' dir='ltr'><strong>scripsit</strong></span> <span class='ocrx_word' id='word_1_757' title='bbox 782 5441 1128 5500; x_wconf 86' lang='lat' dir='ltr'><strong>Constantius,</strong></span> <span class='ocrx_word' id='word_1_758' title='bbox 1153 5437 1398 5501; x_wconf 82' lang='lat' dir='ltr'><strong>cujusque</strong></span> <span class='ocrx_word' id='word_1_759' title='bbox 1428 5449 1615 5489; x_wconf 90' lang='lat' dir='ltr'><strong>nomen</strong></span> <span class='ocrx_word' id='word_1_760' title='bbox 1639 5434 1768 5485; x_wconf 89' lang='lat' dir='ltr'><strong>inter</strong></span> <span class='ocrx_word' id='word_1_761' title='bbox 1795 5433 1922 5485; x_wconf 88' lang='lat' dir='ltr'><strong>alios</strong></span> <span class='ocrx_word' id='word_1_762' title='bbox 1958 5435 2065 5500; x_wconf 83' lang='lat' dir='ltr'><strong>epi-</strong></span> 
     </span>
    </p>
   </div>
   <div class='ocr_carea' id='block_1_108' title="bbox 2178 4420 3688 4490">
    <p class='ocr_par' dir='ltr' id='par_1_108' title="bbox 2178 4420 3688 4490">
     <span class='ocr_line' id='line_1_108' title="bbox 2178 4420 3688 4490; baseline -0.003 -14"><span class='ocrx_word' id='word_1_763' title='bbox 2178 4437 2364 4489; x_wconf 89' lang='lat' dir='ltr'><strong>scopos</strong></span> <span class='ocrx_word' id='word_1_764' title='bbox 2390 4423 2440 4474; x_wconf 91' lang='lat' dir='ltr'><strong>in</strong></span> <span class='ocrx_word' id='word_1_765' title='bbox 2469 4420 2701 4490; x_wconf 77' lang='lat' dir='ltr'><strong>epistolis</strong></span> <span class='ocrx_word' id='word_1_766' title='bbox 2731 4421 2905 4474; x_wconf 84' lang='lat' dir='ltr'><strong>Fausti</strong></span> <span class='ocrx_word' id='word_1_767' title='bbox 2934 4435 2993 4473; x_wconf 91' lang='lat' dir='ltr'><strong>ac</strong></span> <span class='ocrx_word' id='word_1_768' title='bbox 3021 4421 3221 4484; x_wconf 88' lang='lat' dir='ltr'><strong>Lucidi,</strong></span> <span class='ocrx_word' id='word_1_769' title='bbox 3243 4430 3294 4475; x_wconf 89' lang='lat' dir='ltr'><strong>et</strong></span> <span class='ocrx_word' id='word_1_770' title='bbox 3317 4423 3368 4476; x_wconf 91' lang='lat' dir='ltr'><strong>in</strong></span> <span class='ocrx_word' id='word_1_771' title='bbox 3398 4421 3688 4490; x_wconf 65' lang='lat' dir='ltr'><strong>martyr-olo-</strong></span> 
     </span>
    </p>
   </div>
   <div class='ocr_carea' id='block_1_109' title="bbox 2176 4488 3688 4559">
    <p class='ocr_par' dir='ltr' id='par_1_109' title="bbox 2176 4488 3688 4559">
     <span class='ocr_line' id='line_1_109' title="bbox 2176 4488 3688 4559; baseline -0.001 -16"><span class='ocrx_word' id='word_1_772' title='bbox 2176 4488 2284 4559; x_wconf 65' lang='lat' dir='ltr'><strong>gio.</strong></span> <span class='ocrx_word' id='word_1_773' title='bbox 2313 4491 2495 4559; x_wconf 12' lang='lat' dir='ltr'><strong>Narnia</strong></span> <span class='ocrx_word' id='word_1_774' title='bbox 2526 4488 2951 4559; x_wconf 79' lang='lat' dir='ltr'><strong>Lugdunensibus</strong></span> <span class='ocrx_word' id='word_1_775' title='bbox 2975 4491 3084 4559; x_wconf 81' lang='lat' dir='ltr'><strong>suis</strong></span> <span class='ocrx_word' id='word_1_776' title='bbox 3121 4491 3473 4543; x_wconf 85' lang='lat' dir='ltr'><strong>anniversario</strong></span> <span class='ocrx_word' id='word_1_777' title='bbox 3500 4488 3585 4559; x_wconf 78' lang='lat' dir='ltr'><strong>die</strong></span> <span class='ocrx_word' id='word_1_778' title='bbox 3609 4503 3688 4559; x_wconf 85' lang='lat' dir='ltr'><strong>co-</strong></span> 
     </span>
    </p>
   </div>
   <div class='ocr_carea' id='block_1_110' title="bbox 2178 4557 3687 4623">
    <p class='ocr_par' dir='ltr' id='par_1_110' title="bbox 2178 4557 3687 4623">
     <span class='ocr_line' id='line_1_110' title="bbox 2178 4557 3687 4623; baseline -0.001 -13"><span class='ocrx_word' id='word_1_779' title='bbox 2178 4557 2300 4611; x_wconf 83' lang='lat' dir='ltr'><strong>litur</strong></span> <span class='ocrx_word' id='word_1_780' title='bbox 2343 4571 2397 4609; x_wconf 86' lang='lat' dir='ltr'><strong>tu</strong></span> <span class='ocrx_word' id='word_1_781' title='bbox 2440 4557 2552 4609; x_wconf 89' lang='lat' dir='ltr'><strong>idus</strong></span> <span class='ocrx_word' id='word_1_782' title='bbox 2581 4557 2930 4623; x_wconf 89' lang='lat' dir='ltr'><strong>Septembres.</strong></span> <span class='ocrx_word' id='word_1_783' title='bbox 2985 4557 3146 4622; x_wconf 81' lang='lat' dir='ltr'><strong>l-Iujus</strong></span> <span class='ocrx_word' id='word_1_784' title='bbox 3192 4572 3318 4610; x_wconf 89' lang='lat' dir='ltr'><strong>vero</strong></span> <span class='ocrx_word' id='word_1_785' title='bbox 3352 4558 3548 4612; x_wconf 89' lang='lat' dir='ltr'><strong>Sidonii</strong></span> <span class='ocrx_word' id='word_1_786' title='bbox 3585 4558 3687 4620; x_wconf 62' lang='lat' dir='ltr'><strong>cpio</strong></span> 
     </span>
    </p>
   </div>
   <div class='ocr_carea' id='block_1_111' title="bbox 2176 4624 3688 4692">
    <p class='ocr_par' dir='ltr' id='par_1_111' title="bbox 2176 4624 3688 4692">
     <span class='ocr_line' id='line_1_111' title="bbox 2176 4624 3688 4692; baseline -0.001 -14"><span class='ocrx_word' id='word_1_787' title='bbox 2176 4628 2322 4679; x_wconf 79' lang='lat' dir='ltr'><strong>stola:</strong></span> <span class='ocrx_word' id='word_1_788' title='bbox 2344 4665 2359 4688; x_wconf 90' lang='lat'><strong>,</strong></span> <span class='ocrx_word' id='word_1_789' title='bbox 2394 4625 2743 4691; x_wconf 86' lang='lat' dir='ltr'><strong>Patientisque</strong></span> <span class='ocrx_word' id='word_1_790' title='bbox 2771 4625 2996 4692; x_wconf 87' lang='lat' dir='ltr'><strong>episcopi</strong></span> <span class='ocrx_word' id='word_1_791' title='bbox 3041 4625 3425 4689; x_wconf 60' lang='lat' dir='ltr'><strong>munificentiae,</strong></span> <span class='ocrx_word' id='word_1_792' title='bbox 3465 4624 3688 4678; x_wconf 82' lang='lat' dir='ltr'><strong>meminit</strong></span> 
     </span>
    </p>
   </div>
   <div class='ocr_carea' id='block_1_112' title="bbox 2178 4692 3687 4759">
    <p class='ocr_par' dir='ltr' id='par_1_112' title="bbox 2178 4692 3687 4759">
     <span class='ocr_line' id='line_1_112' title="bbox 2178 4692 3687 4759; baseline -0.002 -12"><span class='ocrx_word' id='word_1_793' title='bbox 2178 4694 2454 4759; x_wconf 84' lang='lat' dir='ltr'><strong>Gregorius</strong></span> <span class='ocrx_word' id='word_1_794' title='bbox 2489 4692 2685 4744; x_wconf 86' lang='lat' dir='ltr'><strong>Turon.</strong></span> <span class='ocrx_word' id='word_1_795' title='bbox 2719 4693 2810 4745; x_wconf 91' lang='lat' dir='ltr'><strong>lib.</strong></span> <span class='ocrx_word' id='word_1_796' title='bbox 2857 4708 2905 4745; x_wconf 71' lang='grc' dir='ltr'><strong>ιι</strong></span> <span class='ocrx_word' id='word_1_797' title='bbox 2930 4731 2945 4753; x_wconf 85' lang='grc'>,</span> <span class='ocrx_word' id='word_1_798' title='bbox 2975 4706 3022 4745; x_wconf 93' lang='lat' dir='ltr'><strong>c.</strong></span> <span class='ocrx_word' id='word_1_799' title='bbox 3049 4693 3137 4744; x_wconf 70' lang='grc'><strong>24.</strong></span> <span class='ocrx_word' id='word_1_800' title='bbox 3169 4693 3266 4746; x_wconf 89' lang='lat' dir='ltr'><strong>Ubi</strong></span> <span class='ocrx_word' id='word_1_801' title='bbox 3288 4708 3403 4746; x_wconf 91' lang='lat' dir='ltr'><strong>cum</strong></span> <span class='ocrx_word' id='word_1_802' title='bbox 3432 4693 3621 4746; x_wconf 86' lang='lat' dir='ltr'><strong>famem</strong></span> <span class='ocrx_word' id='word_1_803' title='bbox 3643 4692 3687 4745; x_wconf 89' lang='lat' dir='ltr'><strong>in</strong></span> 
     </span>
    </p>
   </div>
   <div class='ocr_carea' id='block_1_113' title="bbox 2176 4761 3686 4830">
    <p class='ocr_par' dir='ltr' id='par_1_113' title="bbox 2176 4761 3686 4830">
     <span class='ocr_line' id='line_1_113' title="bbox 2176 4761 3686 4830; baseline -0.001 -15"><span class='ocrx_word' id='word_1_804' title='bbox 2176 4761 2466 4830; x_wconf 78' lang='lat' dir='ltr'><strong>Burgundia</strong></span> <span class='ocrx_word' id='word_1_805' title='bbox 2495 4771 2778 4830; x_wconf 74' lang='lat' dir='ltr'><strong>grassatum</strong></span> <span class='ocrx_word' id='word_1_806' title='bbox 2805 4761 3008 4830; x_wconf 79' lang='lat' dir='ltr'><strong>scribit,</strong></span> <span class='ocrx_word' id='word_1_807' title='bbox 3028 4761 3329 4830; x_wconf 61' lang='lat' dir='ltr'><strong>confirmat</strong></span> <span class='ocrx_word' id='word_1_808' title='bbox 3351 4777 3522 4830; x_wconf 85' lang='lat' dir='ltr'><strong>regem</strong></span> <span class='ocrx_word' id='word_1_809' title='bbox 3552 4775 3582 4813; x_wconf 69' lang='grc' dir='ltr'><em>ε</em></span> <span class='ocrx_word' id='word_1_810' title='bbox 3616 4761 3686 4830; x_wconf 75' lang='lat' dir='ltr'><strong>_$_i~</strong></span> 
     </span>
    </p>
   </div>
   <div class='ocr_carea' id='block_1_114' title="bbox 2170 4827 3688 4893">
    <p class='ocr_par' dir='ltr' id='par_1_114' title="bbox 2170 4827 3688 4893">
     <span class='ocr_line' id='line_1_114' title="bbox 2170 4827 3688 4893; baseline -0.001 -11"><span class='ocrx_word' id='word_1_811' title='bbox 2170 4827 2326 4883; x_wconf 82' lang='lat' dir='ltr'><strong>d0uio</strong></span> <span class='ocrx_word' id='word_1_812' title='bbox 2368 4828 2786 4893; x_wconf 88' lang='lat' dir='ltr'><strong>Burgundionum</strong></span> <span class='ocrx_word' id='word_1_813' title='bbox 2824 4828 3083 4892; x_wconf 75' lang='lat' dir='ltr'><strong>intelligi‘:</strong></span> <span class='ocrx_word' id='word_1_814' title='bbox 3129 4827 3524 4883; x_wconf 84' lang='lat' dir='ltr'><strong>Gundobaidum</strong></span> <span class='ocrx_word' id='word_1_815' title='bbox 3557 4827 3688 4883; x_wconf 81' lang='lat' dir='ltr'><strong>scili-</strong></span> 
     </span>
    </p>
   </div>
   <div class='ocr_carea' id='block_1_115' title="bbox 2166 4894 3689 4964">
    <p class='ocr_par' dir='ltr' id='par_1_115' title="bbox 2166 4894 3689 4964">
     <span class='ocr_line' id='line_1_115' title="bbox 2166 4894 3689 4964; baseline -0.001 -15"><span class='ocrx_word' id='word_1_816' title='bbox 2166 4907 2279 4957; x_wconf 83' lang='lat' dir='ltr'><strong>cet.</strong></span> <span class='ocrx_word' id='word_1_817' title='bbox 2311 4911 2461 4961; x_wconf 88' lang='lat' dir='ltr'><strong>quem</strong></span> <span class='ocrx_word' id='word_1_818' title='bbox 2491 4894 2726 4962; x_wconf 85' lang='lat' dir='ltr'><strong>Lugduni</strong></span> <span class='ocrx_word' id='word_1_819' title='bbox 2772 4896 2948 4950; x_wconf 86' lang='lat' dir='ltr'><strong>sedem</strong></span> <span class='ocrx_word' id='word_1_820' title='bbox 2994 4895 3239 4950; x_wconf 87' lang='lat' dir='ltr'><strong>habuisse</strong></span> <span class='ocrx_word' id='word_1_821' title='bbox 3272 4896 3382 4964; x_wconf 89' lang='lat' dir='ltr'><strong>jam</strong></span> <span class='ocrx_word' id='word_1_822' title='bbox 3425 4905 3548 4952; x_wconf 79' lang='lat' dir='ltr'><strong>ante</strong></span> <span class='ocrx_word' id='word_1_823' title='bbox 3587 4910 3689 4950; x_wconf 88' lang='lat' dir='ltr'><strong>mo-</strong></span> 
     </span>
    </p>
   </div>
   <div class='ocr_carea' id='block_1_116' title="bbox 2163 4978 2391 5017">
    <p class='ocr_par' dir='ltr' id='par_1_116' title="bbox 2163 4978 2391 5017">
     <span class='ocr_line' id='line_1_116' title="bbox 2163 4978 2391 5017; baseline 0 -1"><span class='ocrx_word' id='word_1_824' title='bbox 2163 4978 2391 5017; x_wconf 83' lang='lat' dir='ltr'><strong>nuimus.</strong></span> 
     </span>
    </p>
   </div>
   <div class='ocr_carea' id='block_1_117' title="bbox 2242 5029 3686 5099">
    <p class='ocr_par' dir='ltr' id='par_1_117' title="bbox 2242 5029 3686 5099">
     <span class='ocr_line' id='line_1_117' title="bbox 2242 5029 3686 5099; baseline -0.003 -15"><span class='ocrx_word' id='word_1_825' title='bbox 2242 5043 2262 5068; x_wconf 76' lang='grc' dir='ltr'>ε</span> <span class='ocrx_word' id='word_1_826' title='bbox 2304 5033 2635 5084; x_wconf 85' lang='lat' dir='ltr'><strong>Arianorum.</strong></span> <span class='ocrx_word' id='word_1_827' title='bbox 2690 5031 2794 5084; x_wconf 91' lang='lat' dir='ltr'><strong>lloc</strong></span> <span class='ocrx_word' id='word_1_828' title='bbox 2823 5033 2960 5085; x_wconf 91' lang='lat' dir='ltr'><strong>enim</strong></span> <span class='ocrx_word' id='word_1_829' title='bbox 3000 5042 3150 5084; x_wconf 87' lang='lat' dir='ltr'><strong>erant</strong></span> <span class='ocrx_word' id='word_1_830' title='bbox 3180 5029 3686 5099; x_wconf 37' lang='lat' dir='ltr'><strong>Burgundionestin</strong></span> 
     </span>
    </p>
   </div>
   <div class='ocr_carea' id='block_1_118' title="bbox 2167 5095 3686 5175">
    <p class='ocr_par' dir='ltr' id='par_1_118' title="bbox 2167 5095 3686 5175">
     <span class='ocr_line' id='line_1_118' title="bbox 2167 5095 3686 5175; baseline -0.003 -25"><span class='ocrx_word' id='word_1_831' title='bbox 2167 5101 2667 5175; x_wconf 57' lang='lat' dir='ltr'><strong>q_iiihtisad__rectam</strong></span> <span class='ocrx_word' id='word_1_832' title='bbox 2708 5101 2858 5175; x_wconf 61' lang='lat' dir='ltr'><strong>ﬁdem</strong></span> <span class='ocrx_word' id='word_1_833' title='bbox 2899 5101 3242 5175; x_wconf 54' lang='lat' dir='ltr'><strong>traducendis</strong></span> <span class='ocrx_word' id='word_1_834' title='bbox 3282 5095 3562 5175; x_wconf 52' lang='lat' dir='ltr'><strong>laborabat</strong></span> <span class='ocrx_word' id='word_1_835' title='bbox 3595 5095 3686 5150; x_wconf 82' lang='lat' dir='ltr'><strong>Pa-</strong></span> 
     </span>
    </p>
   </div>
   <div class='ocr_carea' id='block_1_119' title="bbox 2168 5163 3688 5232">
    <p class='ocr_par' dir='ltr' id='par_1_119' title="bbox 2168 5163 3688 5232">
     <span class='ocr_line' id='line_1_119' title="bbox 2168 5163 3688 5232; baseline -0.005 -13"><span class='ocrx_word' id='word_1_836' title='bbox 2168 5163 2319 5220; x_wconf 81' lang='lat' dir='ltr'><strong>tiens.</strong></span> <span class='ocrx_word' id='word_1_837' title='bbox 2339 5169 2682 5232; x_wconf 81' lang='lat' dir='ltr'><strong>Paulianistae,</strong></span> <span class='ocrx_word' id='word_1_838' title='bbox 2708 5167 3022 5227; x_wconf 85' lang='lat' dir='ltr'><strong>Pliotiniani,</strong></span> <span class='ocrx_word' id='word_1_839' title='bbox 3051 5168 3346 5232; x_wconf 88' lang='lat' dir='ltr'><strong>Bonosiaci,</strong></span> <span class='ocrx_word' id='word_1_840' title='bbox 3377 5165 3471 5218; x_wconf 87' lang='lat' dir='ltr'><strong>etsi</strong></span> <span class='ocrx_word' id='word_1_841' title='bbox 3493 5163 3688 5231; x_wconf 78' lang='lat' dir='ltr'><strong>aiiqua-</strong></span> 
     </span>
    </p>
   </div>
   <div class='ocr_carea' id='block_1_120' title="bbox 2167 5233 3688 5300">
    <p class='ocr_par' dir='ltr' id='par_1_120' title="bbox 2167 5233 3688 5300">
     <span class='ocr_line' id='line_1_120' title="bbox 2167 5233 3688 5300; baseline -0.005 -14"><span class='ocrx_word' id='word_1_842' title='bbox 2167 5245 2314 5287; x_wconf 87' lang='lat' dir='ltr'><strong>tenus</strong></span> <span class='ocrx_word' id='word_1_843' title='bbox 2346 5238 2574 5288; x_wconf 88' lang='lat' dir='ltr'><strong>diversos</strong></span> <span class='ocrx_word' id='word_1_844' title='bbox 2597 5276 2611 5299; x_wconf 88' lang='lat'><strong>,</strong></span> <span class='ocrx_word' id='word_1_845' title='bbox 2645 5245 2888 5300; x_wconf 86' lang='lat' dir='ltr'><strong>cognatos</strong></span> <span class='ocrx_word' id='word_1_846' title='bbox 2911 5247 3078 5287; x_wconf 87' lang='lat' dir='ltr'><strong>tamen</strong></span> <span class='ocrx_word' id='word_1_847' title='bbox 3101 5249 3221 5286; x_wconf 92' lang='lat' dir='ltr'><strong>cum</strong></span> <span class='ocrx_word' id='word_1_848' title='bbox 3252 5233 3456 5286; x_wconf 82' lang='lat' dir='ltr'><strong>Arianis</strong></span> <span class='ocrx_word' id='word_1_849' title='bbox 3485 5243 3688 5300; x_wconf 75' lang='lat' dir='ltr'><strong>errores</strong></span> 
     </span>
    </p>
   </div>
   <div class='ocr_carea' id='block_1_121' title="bbox 2163 5299 3685 5371">
    <p class='ocr_par' dir='ltr' id='par_1_121' title="bbox 2163 5299 3685 5371">
     <span class='ocr_line' id='line_1_121' title="bbox 2163 5299 3685 5371; baseline -0.003 -18"><span class='ocrx_word' id='word_1_850' title='bbox 2163 5305 2342 5355; x_wconf 83' lang='lat' dir='ltr'><strong>sectati</strong></span> <span class='ocrx_word' id='word_1_851' title='bbox 2373 5312 2531 5371; x_wconf 88' lang='lat' dir='ltr'><strong>sunt,</strong></span> <span class='ocrx_word' id='word_1_852' title='bbox 2565 5299 2812 5365; x_wconf 61' lang='lat' dir='ltr'><strong>inteream</strong></span> <span class='ocrx_word' id='word_1_853' title='bbox 2852 5301 3061 5358; x_wconf 83' lang='lat' dir='ltr'><strong>Christo</strong></span> <span class='ocrx_word' id='word_1_854' title='bbox 3096 5301 3488 5370; x_wconf 81' lang='lat' dir='ltr'><strong>generationem</strong></span> <span class='ocrx_word' id='word_1_855' title='bbox 3519 5299 3685 5353; x_wconf 55' lang='lat' dir='ltr'><strong>dem.</strong></span> 
     </span>
    </p>
   </div>
   <div class='ocr_carea' id='block_1_122' title="bbox 2165 5371 2359 5424">
    <p class='ocr_par' dir='ltr' id='par_1_122' title="bbox 2165 5371 2359 5424">
     <span class='ocr_line' id='line_1_122' title="bbox 2165 5371 2359 5424; baseline 0.021 -5"><span class='ocrx_word' id='word_1_856' title='bbox 2165 5371 2359 5424; x_wconf 80' lang='lat' dir='ltr'><strong>lientes.</strong></span> 
     </span>
    </p>
   </div>
  </div>
