3812 6226
533 289 636 345 ωδ

1761 284 1999 341 SlDONll
2036 287 2101 340 Al
2124 284 2478 340 OLLINARIS
2497 292 2504 298 ’

3605 277 3700 336 ιω

537 397 716 459 videor
738 397 1010 465 esplesse,
1055 411 1118 450 ex
1150 389 1321 464 legato
1357 396 1570 449 nuntius
1597 408 1711 448 ero.
1743 386 1898 450 llicet
1930 396 2071 450 scias
2095 399 2144 457 Α
2170 397 2330 459 mala,
2357 397 2528 450 bonus
2557 392 2826 460 sacerdos,
2849 392 3020 447 bonus
3041 399 3213 461 pater,
3239 390 3407 449 bonus
3426 403 3591 446 annus
3607 404 3701 446 es:

537 486 680 550 volo,
732 493 826 552 per
865 500 1070 558 omnem
1113 485 1277 539 fertur
1319 484 1650 552 Aquitaniam
1704 483 1871 552 gloria
1926 493 2059 536 tua:

535 577 726 629 amaris
750 618 765 640 ,
818 557 1074 639 laudaris,
1121 574 1438 629 desideraris
1463 617 1479 642 ,
1508 557 1795 639 excoleris,
1834 575 2066 628 omnium

535 668 870 734 pectoribus,
917 667 1152 720 omnium
1202 666 1357 719 vatis.
1421 666 1562 720 Inter
1613 665 1725 716 haec
1777 675 2069 732 temporum

2167 485 2357 556 quibus
2385 499 2562 553 operae
2592 484 2816 554 pretim
2856 482 2986 549 fuit,
3013 483 3127 538 fieri
3167 484 3360 538 famem
3385 496 3530 537 suam
3574 481 3703 550 peri-~

2171 577 2290 629 culo
2311 613 2328 640 ,
2360 574 2407 628 si
2440 574 2593 628 aliter
2621 586 2739 628 esse
2783 587 2888 627 non
2917 579 3124 641 poterat
3157 579 3245 626 tua
3273 571 3487 639 largitas
3508 570 3704 637 experi-

2174 671 2373 719 tuento.
2403 662 2603 720 Memor
2629 661 2797 716 nostri
2824 674 2945 714 esse
2969 659 3220 730 dignare,
3249 659 3465 742 domine
3490 671 3641 728 papa.

535 779 3693 816 W—M

1441 895 1906 1002 LIBER
1977 848 2794 1002 SEPTIMUS.

900 1079 1078 1147 ,ιιη
1118 1073 1440 1129 EPISTULA
1483 1072 1685 1125 suum

627 1187 632 1190 ’
703 1187 945 1241 Sidonius
966 1185 1166 1239 domina
1187 1192 1212 1220 ι
1241 1196 1384 1252 papa
1412 1180 1658 1234 Mamerto
1681 1181 1914 1235 solum.

606 1335 805 1394 Rumor
824 1343 908 1402 est
937 1329 1136 1389 Gntbos
1160 1332 1546 1388 in‘Romanum
1572 1332 1744 1386 solum
1769 1340 1940 1389 castra
1967 1345 2075 1386 mo-

527 1415 698 1477 visse.
755 1423 886 1477 lluic
913 1437 1143 1490 semper
1184 1421 1459 1489 irruptioni
1501 1435 1596 1492 nos
1637 1420 1817 1476 miseri
1855 1419 2076 1473 Arverni

539 1514 698 1580 janoa
726 1527 926 1578 sumus.
975 1510 1205 1579 Namque
1236 1509 1370 1564 odiis
1414 1509 1745 1562 inimicorum
1777 1509 1895 1562 hinc
1923 1522 2078 1577 pecu-

537 1602 685 1654 liaria
715 1601 942 1655 fomenta
981 1600 1455 1664 subministramus,
1507 1599 1628 1668 quia
1669 1598 1808 1666 quod
1851 1599 2074 1655 necdum

540 1691 792 1750 terminos
819 1704 942 1743 suos
967 1690 1034 1743 ab
1058 1691 1266 1744 Oceano
1294 1690 1345 1741 iu
1361 1688 1671 1742 Rhodanum
1695 1687 1895 1756 Ligeris
1923 1688 2074 1742 alveo

2189 1071 2320 1126 tides
2347 1082 2433 1124 tua
2461 1072 2513 1124 in
2543 1071 2634 1124 illo
2660 1071 3004 1141 ardore'plos
3037 1071 3198 1127 caluit
3236 1085 3254 1123 :
3288 1078 3345 1125 et
3364 1083 3483 1126 cum
3511 1069 3563 1124 in
3587 1081 3704 1127 con-.-

2177 1167 2359 1226 spectu
2388 1157 2590 1226 pavidte
2619 1158 2785 1226 plebis
2802 1199 2817 1221 ,
2848 1159 3058 1226 objecta
3084 1159 3200 1213 solo
3227 1157 3300 1212 tui
3322 1156 3562 1225 corporis
3584 1152 3704 1226 ignis

2176 1261 2421 1302 recussus
2443 1246 2496 1304 in
2519 1249 2719 1318 tergum
2739 1246 2972 1316 fbgitivis
2996 1243 3219 1301 ﬂexibus
3248 1248 3545 1299 sinuaretur
3567 1286 3584 1312 ,
3618 1245 3705 1298 mi-

2175 1336 2356 1390 raculo
2385 1334 2627 1399 terribili,
2657 1349 2816 1403 novo,
2847 1335 3116 1407 inusitato,
3137 1334 3302 1389 adfuit
3326 1334 3479 1404 173
3499 1329 3706 1388 ﬂamma

2175 1424 2365 1478 cedere
2392 1438 2488 1491 per
2502 1425 2857 1488 reverentiam
2873 1461 2889 1487 ,
2915 1425 3000 1478 cui
3028 1423 3225 1479 sentire
3256 1422 3425 1478 defuit
3450 1422 3550 1491 pe!
3571 1434 3706 1477 natm

2179 1527 2312 1567 ram.
2343 1511 2576 1566 Primum
2617 1513 2773 1582 igitur
2797 1521 2850 1567 et
2877 1512 2942 1566 iis
2971 1513 3149 1579 paucis
3171 1510 3341 1566 nostri
3371 1506 3570 1565 ordinis
3595 1509 3705 1564 vitis

2179 1603 2364 1664 indicis
2384 1603 2603 1672 jejunis,
2629 1602 2899 1657 interdicis
2921 1602 3134 1670 ﬂagitia,
3163 1600 3423 1670 supplicia
3451 1598 3699 1668 priedicis,

2175 1693 2407 1747 remedia
2447 1692 2709 1760 promittis
2745 1707 2762 1748 :
2809 1691 3030 1760 exponis
3065 1691 3308 1758 omnibus
3330 1729 3349 1756 ,
3387 1703 3485 1743 nec
3509 1701 3702 1759 pinnam

539 1778 913 1844 limitaverunt;
935 1780 1217 1847 solamﬁsub
1241 1795 1339 1848 ope
1363 1777 1555 1858 Christi
1578 1791 1778 1831 morant
1803 1779 1870 1832 de
1895 1790 2073 1833 nostra
2173 1778 2507 1848 longinquam
2547 1793 2666 1834 esse
2683 1820 2700 1845 ,
2730 1794 2828 1836 nec
2854 1780 3091 1851 veniam;
3119 1778 3280 1844 doces
3298 1771 3613 1844 denuntiatae
3629 1789 3706 1841 so-

539 1869 739 1941 tantum
780 1869 931 1936 obice
959 1871 1244 1937 patiuntur.
1273 1869 1738 1936 Circumjactarum
1769 1869 1921 1938 172
1946 1883 2073 1923 vero

2178 1869 2415 1930 litudinis
2441 1869 2612 1924 minas
2634 1869 2931 1932 orationum
2982 1869 3275 1938 frequentia
3315 1881 3437 1923 esse
3476 1865 3705 1921 amolien-

537 1932 742 2023 spatia,
771 1931 1093 2027 tractumque
1125 1959 1395 2025 regionum
1421 1931 1529 2023 jam
1559 1931 1953 2026 pridem—rcg—ni
1982 1957 2081 2011 mi—
2105 1931 2153 1994 Β
2189 1959 2312 2024 das;
2353 1973 2537 2014 mones
2555 1958 2912 2031 assiduitatem
2939 1931 3162 2017 furentis
3186 1957 3445 2023 incendii,
3473 1970 3604 2026 aqua
3628 1969 3705 2024 po:

539 2047 684 2100 necis
726 2047 1025 2113 importuna
1071 2046 1342 2099 devoravit
1378 2044 1673 2112 impressio.
1705 2045 1806 2100 Sed
1834 2044 2085 2100 animosi-

543 2135 634 2187 fati
663 2143 856 2195 nostra
883 2144 988 2188 tam
1022 2133 1339 2197 temerarias,
1369 2136 1583 2199 tamque
1608 2133 1948 2202 periculosas,
1977 2147 2082 2187 non

547 2237 646 2287 nos
665 2231 756 2280 aut
778 2222 1070 2282 ambustam
1098 2236 1366 2276 murorum
1396 2221 1609 2287 faciem,
1639 2231 1730 2276 aut
1758 2232 1965 2290 putrem
1992 2237 2087 2278 suo

545 2310 692 2372 dium
733 2320 956 2375 cratem,
987 2319 1077 2364 aut
1105 2311 1493 2380 propugnacula
1521 2311 1737 2380 vigilum
1756 2313 1878 2366 trita
1908 2320 2088 2380 pecto-

542 2401 687 2469 ribus
715 2400 1022 2454 conﬁdimus
1038 2401 1387 2466 opitulatura:
1418 2401 1533 2456 solo
1563 2410 1736 2455 tamen
1758 2401 2083 2456 invectarum

551 2499 834 2553 teauctore
861 2490 1185 2557 rogationum
1217 2490 1487 2558 palpamur
1515 2488 1710 2542 auxilio
1742 2504 1756 2542 :
1783 2488 1975 2557 quibus
2002 2489 2083 2543 in-

545 2578 799 2635 cboandis
823 2576 1295 2647 instituendisque”
1314 2578 1535 2646 populus
1546 2579 1831 2642 Arvernus,
1845 2579 1952 2633 etsi
1979 2593 2084 2635 non

547 2668 738 2722 eﬂectu
768 2668 902 2733 pari,
945 2663 1135 2724 afl'ectu
1160 2675 1305 2720 certe
1328 2680 1430 2719 non
1459 2665 1643 2733 impari
1671 2665 1830 2733 coepit
1865 2665 2081 2734 initiari,

543 2766 596 2820 et
631 2756 705 2826 ob.
747 2755 845 2808 hoc
872 2752 1202 2809 circumfusis
1227 2755 1452 2809 necdum
1483 2753 1573 2808 dat
1600 2761 1743 2823 terga
1771 2747 2083 2810 terroribus.

544 2843 654 2907 Non
681 2842 818 2896 enim
847 2842 972 2896 latet
1006 2852 1236 2895 nostram
1265 2843 1674 2896 sciscitationem
1693 2882 1708 2906 ,
1741 2843 1924 2910 primis
1955 2850 2084 2896 tem-

545 2931 757 2997 poribus
772 2931 1019 2984 barumce
1032 2931 1469 2999 sopplicationum
1497 2931 1878 2995 institutarum,
1896 2931 2083 2986 civitas

546 3021 754 3074 caelitus
783 3021 877 3073 tibi
904 3021 1100 3073 credita
1129 3035 1220 3086 per
1255 3018 1548 3086 cuiusmodi
1594 3019 1948 3087 prodigiorum
1979 3027 2084 3073 ter-

548 3109 883 3164 riculamenta
910 3107 1241 3160 vacuabatur.
1271 3108 1398 3160 Nam
1422 3106 1578 3160 modo
1597 3114 1805 3165 cscena:
1832 3107 2082 3164 moenium

548 3198 867 3265 publicorum
913 3197 1113 3252 crebris
1156 3206 1309 3250 terra:
1346 3194 1574 3248 motibus
1611 3180 2078 3261 concutiebantur;

547 3301 680 3355 nunc
711 3287 854 3353 ignes
884 3299 1023 3351 stupe
1048 3282 1293 3336 ﬂammati
1319 3281 1544 3338 caducas
1570 3281 1856 3338 culminum
1892 3281 2079 3335 cristas
2109 3255 2155 3316 C

547 3374 840 3441 superiecto
884 3371 1179 3431 favillarum
1230 3377 1407 3433 monte
1437 3368 1788 3433 tumulabant;
1815 3383 1952 3422 nunc
1977 3379 2081 3421 stu-

548 3463 712 3528 penda
765 3462 879 3515 foro
920 3460 1110 3513 cubilia
1149 3458 1478 3513 collocabant
1522 3458 1799 3517 audacium
1845 3458 2078 3523 pavenda

549 3549 889 3603 mansuetudo
927 3559 1204 3602 cervorum
1246 3561 1261 3596 :
1306 3559 1425 3596 cum
1477 3553 1530 3596 tu
1556 3543 1692 3597 inter
1721 3545 1817 3596 ista
1845 3543 2080 3599 discessu

552 3617 833 3702 primorum
873 3632 1303 3700 populariumque
1341 3639 1480 3684 statu
1508 3631 1651 3684 urbis
1692 3632 1980 3692 exinanito,
2011 3633 2079 3685 ad

553 3737 686 3773 nova
713 3722 854 3774 celer
884 3729 1119 3792 veterum
1142 3719 1480 3773 Ninivitarum
1519 3720 1758 3787 exempla
1789 3721 2088 3788 decurristi,

558 3826 627 3864 ne
656 3810 845 3865 divina:
871 3808 1215 3878 admonitioni
1244 3819 1329 3871 tua
1357 3823 1565 3877 quoque
1585 3809 1880 3876 desperatio
1912 3811 2093 3864 convi-

498 3898 499 3901 “
553 3903 795 3957 ciarctur.
849 3901 914 3974 Et
955 3915 1078 3954 vere
1129 3900 1235 3967 jam
1277 3900 1343 3954 de
1379 3887 1499 3952 Deo
1537 3908 1590 3952 tu
1637 3900 1856 3953 minime
1887 3910 2093 3967 pateras

114 4021 522 4089 (ME
554 3991 747 4058 absque
770 3999 984 4056 peccato
1021 3997 1139 4056 post
1173 3989 1421 4041 virtutum
1442 3989 1799 4054 experimenta
1816 3989 2088 4071 diffidere.

523 4079 828 4173 ‘Nam‘eum
857 4080 968 4132 vice
1003 4079 1221 4146 quadam
1249 4078 1430 4131 civitas
1464 4077 1788 4145 conﬂagrare
1826 4069 2093 4146 cmplsSet,

625 4203 649 4230 ι
689 4191 946 4258 Episcopo
991 4188 1307 4258 Viennensi,
1352 4188 1416 4240 de
1449 4203 1553 4258 quo
1585 4203 1763 4256 supra.
1807 4190 2088 4258 Mamertus

555 4263 715 4313 etiam
740 4255 932 4312 dicitur
959 4259 1027 4318 ab.
1050 4256 1225 4309 Hilaro
1270 4270 1397 4321 papa
1427 4264 1479 4306 et
1507 4255 1721 4320 Lucido,
1749 4259 1921 4318 Avito.
1963 4257 2092 4311 Gre-

558 4328 703 4392 gorio
732 4328 923 4383 Turon.
941 4334 994 4376 et
1020 4325 1156 4376 aliis.
1173 4322 1270 4386 Qui
1290 4322 1594 4392 Mamertum
1609 4325 1878 4392 scribunt,
1893 4341 1922 4377 a
1945 4327 2091 4378 libris

561 4387 783 4460 antiquis
813 4392 1187 4460 discedont__et
1234 4404 1263 4439 a
1309 4387 1869 4460 vocis__origine.il§'am
1911 4407 1940 4442 a
1984 4392 2091 4444 Ma-

564 4457 732 4513 merie
765 4461 1044 4512 Mamertus
1071 4457 1287 4523 dicitur,
1315 4464 1367 4508 et
1393 4471 1421 4508 a
1452 4457 1700 4508 Mamerto
1730 4459 2086 4521 Mamertinus,

566 4541 668 4580 non
714 4525 1070 4578 Mamercinus.
1113 4522 1245 4592 Cum
1289 4525 1384 4592 hac
1423 4535 1593 4592 autem
1638 4525 1854 4587 epistola
1882 4540 2091 4592 compa-

2190 2047 2294 2102 tius
2317 2046 2586 2100 oculorum
2612 2059 2767 2114 quam
2806 2045 3079 2100 ﬂuminum
3105 2058 3262 2114 posse
3298 2043 3576 2111 restingui;
3605 2055 3706 2095 me.

2189 2151 2285 2190 nes
2321 2137 2578 2190 minacem
2631 2144 2789 2206 terra:
2837 2144 3074 2189 motuum
3117 2124 3552 2207 conﬂictationem
3600 2126 3707 2186 fidei

2185 2223 2467 2278 stabilitate
2492 2221 2817 2277 firmandam.
2846 2222 3008 2291 Cujus
3028 2221 3309 2282 confestim.
3333 2235 3526 2290 sequar
3552 2219 3706 2274 bumie

2187 2312 2254 2366 lis
2286 2313 2436 2367 turba
2462 2312 2665 2368 consilii
2693 2355 2708 2380 ,
2737 2312 3025 2381 majoribus
3049 2325 3259 2382 quoque
3285 2313 3396 2368 suis
3425 2312 3524 2376 fuit
3543 2311 3704 2368 incita~

2185 2409 2383 2466 mento,
2411 2409 2547 2470 quos
2586 2411 2705 2456 cum
2747 2415 2857 2455 non
2899 2401 3153 2470 piguisset
3180 2401 3381 2470 fugere,
3412 2400 3592 2464 redire,
3614 2413 3704 2454 non

2187 2490 2390 2558 puduit.
2420 2490 2531 2558 Qua
2560 2489 2842 2544 devotione
2867 2489 3102 2558 placatus
3139 2490 3406 2558 inspector
3433 2496 3704 2557 pectorum,

2185 2579 2342 2646 Deus,
2374 2580 2500 2635 fecit
2522 2595 2642 2634 esse
2668 2579 3081 2634 obsecrationem
3106 2588 3336 2634 vestram
3365 2577 3510 2631 vobis
3529 2575 3670 2648 saluti
3685 2613 3700 2639 ,

2184 2671 2390 2723 caeteris
2431 2669 2742 2734 imitationi,
2780 2671 3018 2738 utrisque
3054 2667 3322 2736 praesidio.
3367 2667 3596 2734 Denique
3615 2660 3705 2718 illic

2182 2757 2429 2825 deinceps
2457 2772 2560 2812 non
2589 2758 2735 2813 fuere
2760 2758 2842 2813 vel
2873 2758 3060 2813 damna
3083 2758 3394 2823 calamitati,
3418 2756 3502 2810 vel
3523 2763 3704 2810 ostenta

2186 2845 2473 2901 formidini.
2502 2847 2630 2912 Quae
2663 2847 2839 2900 omnia
2883 2847 3060 2900 sciens
3087 2847 3311 2913 populus
3338 2845 3439 2898 iste
3463 2843 3706 2903 Viennae:

2183 2935 2330 2989 sibus
2361 2934 2460 2988 tuis
2485 2942 2539 2989 et
2563 2933 2815 2989 accidisse
2841 2935 3006 3002 prius,
3036 2941 3091 2988 et
3119 2947 3226 2986 non
3246 2932 3531 2986 accessisse
3549 2939 3706 2998 poste-

2182 3021 2312 3086 rius,
2355 3021 2573 3090 vestigia
2617 3029 2722 3074 tam
2777 3028 3131 3076 sacrosanctae
3183 3017 3566 3074 informationis
3611 3030 3707 3070 aut-

2183 3111 2427 3179 plectitur
2441 3151 2456 3175 ,
2475 3110 2662 3165 sedulo
2685 3119 2888 3179 petens,
2909 3118 2967 3181 ut
2991 3109 3328 3165 conscientiae
3344 3115 3447 3162 tute
3463 3102 3706 3172 beatitudo

2183 3199 2354 3252 mittat
2373 3199 2665 3253 orationum
2699 3212 2913 3252 suarum
2938 3197 3185 3266 suﬂragia
3215 3237 3233 3264 ,
3281 3196 3472 3264 quibus
3493 3192 3704 3259 exempla

2187 3289 2494 3342 transmisit.
2513 3287 2579 3341 Et
2598 3287 2719 3356 quia
2744 3287 2838 3340 tibi
2863 3287 2965 3340 soli
2988 3298 3236 3340 concessa
3258 3291 3362 3349 est,
3384 3292 3500 3350 post
3512 3293 3703 3336 avorum

2185 3375 2492 3428 memoriam
2517 3411 2532 3437 ,
2574 3374 2655 3426 vel
2694 3372 3051 3436 confessorem
3079 3369 3107 3406 ά
3145 3369 3482 3424 Ambrosium
3504 3367 3703 3420 duorum

2185 3457 2485 3534 martyrum
2523 3453 2844 3528 repertorem
2868 3499 2885 3524 ,
2930 3460 2983 3512 in
3023 3457 3257 3526 partibus
3311 3456 3458 3512 orbis
3494 3451 3700 3516 occidui,

2185 3550 2430 3618 martyris
2457 3565 2476 3586 ο
2507 3547 2741 3603 Ferreoli
2790 3545 3262 3603 solidatranslatio
3283 3585 3300 3612 ,
3330 3545 3534 3612 adjecto
3556 3539 3701 3597 nostri

2185 3637 2359 3705 capite
2380 3636 2604 3702 Juliani,
2636 3636 2776 3704 quod
2812 3635 2966 3689 istinc
2991 3634 3290 3689 turbulento
3317 3633 3576 3702 quondam
3599 3643 3704 3701 pet-

2190 3727 2418 3781 secutori
2460 3741 2645 3781 manus
2674 3725 2854 3779 retulit
2887 3734 3104 3779 cruenta
3131 3724 3397 3782 carniﬁcis
3428 3741 3443 3775 :
3470 3736 3569 3797 non
3592 3719 3704 3786 inju-

2191 3815 2325 3882 rium
2369 3823 2449 3868 est
2470 3855 2486 3880 ,
2515 3814 2652 3884 quod
2680 3828 2777 3882 pro
2809 3813 3238 3881 compensatione
3273 3810 3625 3883 deposcimus,
3657 3813 3706 3858 st

2195 3905 2344 3957 nobis
2372 3903 2494 3958 inde
2519 3904 2690 3956 veniat
2726 3917 2850 3970 pars
2888 3902 3160 3970 patrocinii
3189 3941 3204 3965 ,
3233 3901 3354 3969 quia
3399 3898 3550 3970 174
3581 3894 3706 3959 vobis

2196 3997 2318 4049 hinc
2344 3993 2494 4048 rediit
2521 3989 2642 4062 pars
2666 3993 2891 4062 patroni.
2917 3993 3123 4051 Memor
3149 3990 3316 4046 nostri
3340 4004 3460 4045 esse
3481 3989 3674 4058 dignare
3691 4020 3705 4048 ι

2172 4080 2175 4081 ⁷
2195 4085 2406 4139 domine
2426 4098 2576 4154 papa.

2195 4195 2366 4246 Alium
2403 4195 2597 4258 quidem
2642 4193 2874 4245 tubarum
2911 4206 3064 4244 sonus
3101 4199 3149 4244 ει
3190 4191 3428 4258 strepitus
3462 4199 3706 4242 armorum

2194 4263 2352 4314 alium
2388 4261 2617 4328 quredam
2655 4261 2892 4328 triumphi
2932 4274 3080 4328 scena
3113 4259 3356 4328 deterreat
3393 4274 3416 4312 .°
3439 4266 3707 4325 quanquam

2195 4343 2255 4384 ea
2278 4343 2376 4390 vos
2399 4325 2603 4379 temere
2632 4327 2823 4378 omissa
2853 4335 2934 4378 est
2961 4326 3016 4378 in
3045 4325 3288 4389 vulgatis.

2211 4393 2214 4396 ’
2265 4393 2290 4430 ἀ
2323 4387 2659 4459 Dereliquiis
2689 4393 2783 4445 SS.
2811 4391 3047 4444 Gervasii
3092 4387 3397 4446 et'Protasii
3425 4392 3492 4445 ab
3513 4387 3707 4459 Ambro-

2195 4464 2273 4514 sio
2303 4453 2578 4515 Mediolani
2607 4465 2846 4525 repertis,
2894 4459 3201 4525 Ambrosius
3246 4461 3359 4524 ipse
3393 4460 3546 4524 epist.
3584 4453 3644 4508 ιδ
3662 4462 3705 4525 et

2205 4544 2448 4582 sermone
2474 4528 2536 4580 91
2559 4542 2572 4589 ;
2597 4518 2912 4591 Augustinus
2939 4542 2991 4591 ιχ
3012 4518 3440 4582 ϐοηΐθεείὀηιιηιξ
3460 4534 3513 4578 et
3538 4536 3639 4591 ss_t_t
3654 4518 3707 4572 de

566 4595 728 4647 randa
750 4603 828 4663 est
848 4593 1031 4645 Alcimi
1046 4591 1180 4663 Aviti
1213 4591 1419 4663 bomilia
1440 4591 1925 4663 deAliogationibus,
1949 4588 2095 4661 cujus
2123 4592 2173 4648 D
2195 4595 2445 4660 Civitate;
2469 4588 2750 4663 Gregorius
2768 4588 2966 4656 Turon.
2983 4594 3050 4647 de
3067 4591 3244 4647 Gloria
3261 4597 3567 4662 martyrum,
3581 4588 3703 4660 lib-1.

569 4665 764 4722 mentio
801 4660 933 4714 facta
964 4671 1043 4714 est
1071 4660 1135 4712 ad
1159 4659 1312 4724 epist.
1362 4659 1426 4712 H
1448 4700 1461 4721 ,
1496 4658 1587 4710 lib.
1615 4675 1664 4711 v.
1707 4661 1838 4714 Sunt
1865 4658 2025 4716 enim'
2045 4671 2099 4718 ut

567 4738 893 4796 argumento,
921 4729 997 4781 sic
1024 4737 1126 4779 tota
1161 4728 1633 4796 narrationisiserie
1659 4730 1954 4796 simillimte.

694 4797 927 4850 Mamerti
975 4795 1286 4862 negationes
1316 4811 1432 4861 qua:
1467 4795 1671 4848 Domini
1720 4799 2092 4852 Ascensiouem

568 4867 898 4927 antecedunt,
931 4865 1115 4918 imitati
1139 4872 1259 4933 sunt
1282 4879 1384 4916 non
1408 4864 1575 4916 solum
1606 4866 1758 4918 vicini
1782 4867 1958 4933 populi
1981 4866 2096 4919 Gal-

570 4938 669 4998 liae,
697 4943 752 4986 ut
778 4935 860 4985 hic
892 4937 1032 4986 locus
1047 4932 1338 4984 ostenditet
1355 4933 1628 4985 concilium
1651 4949 1677 4984 v
1694 4932 2087 4998 Aurelianense,

568 5018 744 5056 verum
775 5004 930 5054 etiam
972 5009 1175 5054 czcterce
1222 5000 1479 5062 nationes,
1528 5011 1680 5066 atque
1727 5003 1835 5067 ipsa
1878 5003 2087 5054 tandem

520 5080 522 5082 '
570 5073 752 5132 Roma,
799 5070 984 5121 Leonis
1011 5068 1074 5120 ΙΙΙ
1119 5069 1442 5130 auctoritate,
1493 5079 1544 5119 ut
1587 5069 1774 5122 docent
1821 5072 2086 5123 ritualiunt

569 5142 814 5191 librorum
838 5149 1096 5189 auctores.
1126 5137 1245 5205 Ideo
1273 5135 1499 5205 litaniam
1522 5135 1833 5190 Gallicanam
1860 5139 2087 5205 appella-

570 5216 710 5269 runt,
740 5208 858 5274 quia
889 5208 1001 5268 ejus
1032 5204 1284 5274 institutio
1312 5218 1341 5255 e
1371 5203 1552 5269 Gallia,
1585 5215 1635 5256 et
1666 5203 1905 5260 litaniani
1927 5209 2090 5258 mino-

573 5289 703 5338 rem,
750 5272 800 5326 ut
830 5291 856 5325 a
904 5273 1101 5337 majore
1143 5272 1546 5337 distinguerent,
1599 5289 1713 5340 qua:
1740 5290 1807 5327 vu
1850 5275 2095 5327 calendas

572 5344 689 5396 Maii
718 5345 1029 5395 celebratur.

643 5425 666 5449 ε
697 5414 795 5478 71
841 5411 1021 5461 Facies
1067 5406 1330 5478 exterior;
1363 5407 1570 5478 ductum
1610 5424 1639 5461 a
1685 5425 1838 5464 scena
1883 5412 2093 5464 theatri.

575 5475 661 5527 Sic
693 5474 900 5529 s—cﬁ'tutn
947 5474 1181 5543 corporis
1225 5475 1356 5543 dixit
1391 5476 1740 5531 Tertullianus
1784 5481 1847 5532 tle
1892 5479 2095 5543 animo;

575 5553 780 5616 scenam
807 5545 1047 5609 triumphi
1068 5541 1346 5599 Eumenius
1377 5543 1426 5598 in
1447 5551 1755 5611 panegyrico
1777 5550 1839 5603 de
1863 5541 2096 5603 scholis:

2199 4679 2315 4725 cap.
2347 4667 2433 4716 47.

2270 4722 2557 4785 έῖεπθοιί
2602 4743 2791 4795 corpus
2835 4729 3091 4796 integrum
3138 4741 3255 4781 cum
3301 4726 3473 4793 capite
3511 4722 3698 4796 Juliani,

2199 4802 2336 4866 quod
2360 4802 2425 4854 ab
2454 4792 2974 4852 ArvernisViennatu
2996 4797 3172 4866 fuerat
3191 4792 3431 4866 allatum,
3463 4792 3709 4866 humilia"

2198 4859 2421 4933 primum
2444 4871 2508 4921 ad
2525 4867 2762 4936 Rhodani
2794 4867 2960 4936 ripam
2976 4864 3202 4936 basilica
3218 4859 3706 4936 condiderant“??-

2197 4927 2403 4990 nenses.
2433 4937 2711 4989 Mamertus
2745 4935 2796 4986 in
2825 4927 3131 4999 ampliorem
3161 4932 3439 4986 ecclesiam
3481 4946 3511 4984 a
3537 4944 3592 4999 se
3614 4927 3704 4980 ibi-

2198 5005 2317 5058 dem
2345 5015 2696 5058 constructam
2738 4997 3024 5064 transtulit,
3064 5015 3182 5053 cum
3224 5001 3322 5054 bac
3359 4997 3705 5069 inscriptione:

2311 5114 2493 5161 Heroas
2514 5113 2681 5160 Christi
2705 5111 2920 5170 geminos
2939 5107 3043 5170 haec
3064 5110 3278 5170 continet
3298 5092 3402 5158 aula

2319 5173 2553 5225 Juliauum
2574 5167 2745 5231 capite,
2765 5180 2964 5229 corpore
2991 5167 3291 5228 Ferreolum.
3405 5174 3407 5177 '

2197 5276 2321 5328 Haec
2346 5274 2630 5334 Gregorius
2671 5272 2868 5323 Turon.
2904 5270 3040 5322 hunc
3068 5284 3290 5338 quoque
3321 5269 3522 5325 Sidonii
3541 5267 3705 5338 loqu!

2195 5346 2383 5406 citnns,
2428 5329 2494 5395 de
2528 5341 2703 5394 Gloria
2749 5341 3033 5407 martyrum
3065 5329 3153 5391 li'b.
3192 5329 3250 5403 ιί,
3297 5354 3415 5407 cap.
3443 5339 3498 5391 Ξ.
3540 5329 3706 5407 ﬁt“?

2200 5401 2487 5478 martyrum
2546 5411 2745 5478 lipsana
2798 5401 2918 5478 post
2950 5401 3336 5478 _Saracetticatn
3365 5401 3705 5478 'direptioncg

2199 5467 2496 5530 Wilic’arius
2527 5467 2901 5531 Vietmensium
2949 5473 3124 5527 itidem
3147 5542 3150 5543 ν
3173 5467 3708 5543 episcopus,__'prop[“_°

2185 5550 2336 5602 intra
2361 5546 2538 5601 urbem
2560 5546 2750 5613 templo
2775 5542 2982 5611 locavit,
3001 5551 3058 5597 ut
3078 5536 3238 5600 refert
3255 5536 3372 5600 Ade
3389 5536 3707 5600 iam“
