3812 6226
599 283 920 340 EPISTOLA
957 283 1020 346 ll.

259 421 504 475 Sidonius
530 419 731 472 domino
749 431 890 483 popa
918 414 1091 468 Grazco
1111 413 1338 466 salutem.

67 183 76 239 l

71 658 76 697 1

43 1145 52 1164 ξ

45 2225 52 2234 α

35 3067 52 3084 ,νι

45 3465 52 3480 ε

39 3645 60 3684 'iu

35 3751 52 3798 ἐ

33 3969 52 3988 ρ

65 5491 76 5502 ο

128 552 323 615 Oneras,
335 545 846 603 consummatissime
862 545 1161 614 pontificum
1172 584 1186 606 ,
1201 539 1572 597 verecundiam

71 657 213 700 meam
241 639 520 694 multifaria
554 635 706 690 laude
736 635 1072 696 cumulando,
1105 635 1148 686 si
1175 632 1296 700 quid
1322 633 1461 700 ston
1485 644 1578 684 ru-

75 736 262 789 tticante
313 743 630 798 peraravero
663 741 680 781 :
715 737 869 793 atque
922 725 1117 778 utinam
1174 730 1321 776 reatu
1375 729 1578 785 careat,

35 809 189 892 Lquod
209 819 412 888 apicum
442 818 668 886 primore
687 827 995 881 congressu,
1034 825 1326 881 quanquam
1357 809 1584 861 circum—

77 910 292 975 scriptus,
339 905 546 959 veritati
587 899 888 955 resultantia
925 907 1097 953 tamen
1137 907 1189 951 et
1222 898 1428 951 diversa
1457 908 1584 947 con-

77 998 226 1058 nexui.
269 994 579 1062 Ignorantia!
621 980 892 1058 siquidem
925 1003 1057 1040 mea:
1095 995 1120 1026 ι
1159 985 1378 1040 callidus
1415 982 1585 1036 viator

43 1084 311 1154 ,imposuit.
345 1082 477 1136 Nam
504 1081 627 1134 dum
663 1079 833 1134 solum
865 1076 1169 1132 mercatoris
1198 1073 1477 1144 prtetendit
1508 1070 1587 1124 of-

47 1155 52 1200 ί
79 1175 245 1238 ﬁcium,
275 1173 476 1226 litteras
502 1184 648 1225 meas
675 1170 742 1222 ad
777 1169 1013 1222 formatre
1061 1168 1254 1232 vicem,
1299 1165 1501 1220 scilicet
1529 1172 1588 1216 ut

79 1263 238 1324 lector,
267 1260 471 1326 elicuit,
497 1259 590 1313 sed
617 1272 746 1326 quas
772 1257 997 1326 aliquam
1016 1255 1298 1324 gratiarum
1320 1252 1585 1307 actionem

81 1351 317 1405 cantinere
344 1348 630 1402 decuisset.
673 1346 924 1415 Namque,
962 1353 1020 1397 ut
1041 1351 1161 1412 post
1186 1344 1442 1410 comperi,
1476 1345 1591 1409 plus

80 1437 451 1493 Massiliensium
477 1435 799 1504 benignitate
839 1432 1102 1503 profectus
1131 1441 1214 1485 e~t
1237 1446 1392 1498 quam
1419 1438 1591 1483 status

81 1527 165 1591 sui,
183 1540 271 1580 seu
299 1541 394 1593 per
415 1539 656 1592 censum,
681 1537 772 1576 seu
797 1537 886 1589 per
914 1521 1164 1574 familiam
1193 1520 1360 1574 forma
1388 1529 1594 1588 patere-

83 1705 252 1758 relator
280 1703 580 1765 evolveret,
626 1703 812 1755 fierent
851 1700 1080 1769 jocunda
1129 1708 1451 1752 memoratu.
1487 1697 1592 1750 Sed

35 1785 52 1857 ξ
83 1791 299 1857 quoniam
325 1790 522 1855 iubetis
566 1787 699 1854 ipse,
753 1797 812 1840 ut
849 1786 1048 1855 aliquid
1077 1787 1226 1839 vobis
1256 1801 1285 1839 a
1313 1799 1396 1840 me
1416 1785 1590 1838 letum

83 1881 432 1947 copiosumque
478 1880 662 1947 pagina
705 1877 881 1942 ferat;
933 1879 1054 1931 date
1092 1878 1315 1939 veniam,
1373 1875 1416 1928 si
1461 1875 1595 1929 hanc

85 1968 224 2036 ipsam
252 1968 512 2021 tabellarii
545 1969 708 2021 nostri
737 1968 1141 2033 hospitalitatem
1165 1965 1380 2020 comicis
1399 1966 1595 2019 solibus

85 2057 486 2128 comparandam,
536 2057 680 2110 salva
728 2061 1018 2110 vestrarum
1071 2056 1275 2108 aurium
1314 2054 1595 2108 severitate

41 2157 52 2194 ὲ.
87 2149 499 2217 perstringamus;
545 2162 612 2200 ne
652 2147 884 2200 secundo
933 2146 1254 2199 insinuatum
1308 2159 1413 2197 non
1456 2158 1596 2197 nunc

45 2225 52 2234 ’
89 2241 284 2302 primum
313 2251 475 2291 nosse
498 2236 783 2290 videamur.
813 2235 978 2288 Simul
1005 2245 1056 2288 et
1085 2235 1129 2288 si
1153 2236 1314 2287 moris
1334 2243 1414 2287 est
1442 2249 1595 2301 regno

33 2311 46 2391 ἱ
89 2325 252 2391 larum,
290 2336 348 2378 ut
374 2340 438 2380 ex
472 2326 689 2380 materia
717 2325 859 2378 omni
900 2332 1215 2390 usurpentur
1242 2323 1493 2390 principia
1522 2321 1598 2374 di-

89 2415 235 2480 cendi,
277 2429 374 2468 cur
410 2415 494 2472 hic
520 2429 726 2482 quoque
749 2412 1095 2480 quodcunque
1122 2411 1250 2464 mihi
1278 2412 1598 2465 sermocina-

93 2511 187 2554 turo
212 2503 426 2555 materia
458 2502 662 2568 longius
705 2509 967 2566 quatratur
995 2507 1450 2567 “Spectatorque,
1497 2501 1596 2552 nisi

94 2603 134 2646 ιιι
153 2592 370 2645 sermoni
395 2592 546 2661 175
564 2601 742 2644 nostro
769 2590 835 2644 sit
860 2591 972 2658 ipse
999 2606 1092 2659 pro
1111 2604 1289 2654 causa,
1316 2591 1396 2642 cui
1423 2599 1600 2643 uoster

91 2695 243 2736 sermo
266 2682 367 2735 erit
394 2697 490 2750 pro
515 2683 756 2735 sarcina?
795 2681 1020 2735 Arverni
1050 2681 1170 2735 huic
1195 2681 1380 2748 patria,
1417 2695 1603 2750 parvu-

95 2781 156 2824 tes
181 2772 430 2836 natalibus
473 2788 578 2826 non
607 2773 867 2842 superbis,
914 2772 1006 2826 sed
1054 2772 1330 2836 absolutis,
1373 2781 1428 2825 et
1469 2775 1601 2826 sicut

95 2861 202 2913 nihil
228 2861 426 2916 illustre
462 2861 742 2929 iactantes,
789 2861 862 2921 ita.
898 2861 1024 2914 nihil
1055 2861 1246 2914 servile
1272 2865 1602 2925 metuentes;

35 3035 52 3084 ῗμ
96 3035 265 3090 bbere:
288 3037 472 3090 militia
502 3038 604 3091 illis
636 3038 687 3090 in
722 3036 951 3090 clericali
983 3039 1155 3104 potius
1194 3054 1347 3104 quam
1379 3040 1430 3092 in
1462 3041 1604 3107 pala-

97 3126 188 3178 tino
213 3125 428 3180 decursa
466 3127 737 3179 comitatu.
767 3126 919 3180 Pater
946 3127 1032 3180 isti
1065 3129 1335 3195 granditer
1371 3129 1526 3198 frugi,
1550 3139 1605 3183 et

97 3211 249 3268 liberis
270 3228 452 3281 parum
477 3214 708 3268 liberalis
734 3231 748 3266 :
773 3215 964 3282 quique
990 3228 1084 3282 per
1108 3214 1318 3269 nimiam
1349 3220 1605 3283 parcinio-

97 3298 212 3352 niam
229 3299 405 3368 juveni
433 3299 538 3355 tilio
567 3301 684 3371 plus
711 3302 960 3372 prodesse
988 3317 1144 3370 quam
1177 3305 1381 3370 placere
1408 3307 1607 3359 malue-

97 3387 167 3437 rit.
186 3386 294 3452 Quo
318 3389 501 3444 relicto
528 3399 653 3456 tunc
683 3405 811 3458 puer
834 3391 932 3444 iste
970 3406 1063 3444 vos
1089 3392 1236 3459 petiit
1260 3392 1415 3446 nimis
1443 3407 1607 3461 expe-

45 3465 52 3548 ξ
95 3471 239 3540 ditus;
265 3476 400 3544 quod
425 3485 539 3532 erat
566 3479 847 3532 maximum
873 3479 1147 3534 conatibus
1176 3480 1356 3548 primis
1384 3481 1607 3548 impedi-

49 3567 52 3638 ς
95 3573 300 3619 mentum
324 3585 338 3617 :
363 3566 491 3622 nihil
519 3577 601 3622 est
626 3571 764 3621 enim
784 3568 975 3622 viatico
992 3569 1090 3622 levi
1112 3571 1342 3638 gravius.
1359 3572 1602 3625 Attamen

39 3645 60 3711 ξ·
96 3653 269 3716 primus
297 3655 368 3709 illi
403 3657 454 3710 in
491 3666 665 3712 vestra
686 3657 879 3710 mmnia
900 3659 1030 3711 satis
1052 3659 1314 3714 secundus
1336 3661 1598 3715 introitus.

35 3735 52 3812 Ε
96 3735 118 3775 δ
143 3739 306 3801 Sancti
336 3744 601 3798 Eustachii
626 3744 715 3812 qui
745 3745 888 3797 vobis
910 3745 1156 3810 decessit,
1198 3756 1428 3802 actutum
1459 3749 1600 3802 dicto

95 3827 311 3899 tectoque
353 3833 559 3898 gemina
606 3831 898 3884 benedictio
947 3841 1027 3883 est
1071 3849 1083 3881 ε
1129 3834 1409 3900 hospitium
1460 3838 1604 3891 brevi

33 3917 52 3988 ι
96 3919 365 3981 quaesitum,
387 3919 496 3985 jam
529 3917 794 3971 Eustachii
822 3933 945 3971 cura
971 3919 1120 3972 facile
1151 3919 1438 3986 inventum,
1471 3927 1608 3978 cele-

97 4004 204 4058 riter
232 4004 447 4069 aditum,
486 3991 713 4059 civiliter
741 4005 988 4060 locatum.
1017 4007 1131 4061 Jam
1161 4012 1384 4076 primum
1415 4013 1602 4067 crebro

97 4103 286 4149 accursu
312 4093 554 4148 excolere
572 4094 792 4160 vicinos,
819 4096 1101 4152 identidem
1137 4098 1204 4151 ab
1233 4100 1296 4152 iis
1325 4101 1437 4169 ipse
1465 4105 1603 4160 haud

97 4335 246 4400 jnsce;
274 4345 338 4403 et
367 4349 522 4401 supra
569 4335 909 4403 indicavimus
948 4337 1011 4389 ad
1063 4339 1154 4390 ιιι).
1218 4355 1266 4390 vt
1294 4379 1308 4402 ,
1347 4342 1398 4393 8.
1447 4343 1608 4398 Porro

98 4418 182 4454 non
220 4402 548 4466 dissimilem,
594 4402 647 4456 at
695 4405 958 4456 contrario
1003 4415 1197 4458 eventu
1243 4407 1508 4460 historiam
1544 4414 1609 4463 de

63 4531 70 4538 ,
99 4471 370 4523 Andarchio
391 4471 723 4534 Massiliensi,
766 4474 850 4538 qni
884 4473 1000 4526 Ursi
1041 4475 1168 4526 civis
1199 4475 1416 4527 Arverni
1453 4479 1607 4529 tiliam

101 4553 291 4612 uxorem
319 4539 504 4592 callida
528 4539 711 4592 fraude
735 4542 971 4608 appetiit,
1013 4541 1166 4596 habet
1189 4542 1469 4612 Gregorius
1502 4547 1608 4598 Tu-

100 4620 195 4656 ron.
224 4606 310 4658 lib.
344 4620 410 4670 tv,
441 4621 581 4659 ιιγι.

123 4671 178 4748 ,ιτ
206 4673 574 4748 Mjssiliensem
604 4675 902 4748 cathedram
934 4677 1135 4748 ordine
1156 4688 1400 4732 rexerant
1431 4683 1608 4736 Vene-

101 4739 208 4818 rius,
239 4738 540 4818 Eustathius
581 4742 880 4818 etiGraecus
909 4746 1160 4818 episcopi.
1215 4748 1446 4818 Decessit
1484 4766 1608 4818 ergo

101 4803 270 4884 greco.
299 4806 620 4884 Eustathius,
667 4815 777 4884 sive
821 4821 876 4884 ut
905 4803 1268 4884 uliiscribunt,
1315 4803 1606 4872 EustaSiuus.

105 4875 171 4952 ᾖξε
194 4875 324 4952 enim
369 4875 552 4952 legitur
589 4881 642 4952 in
687 4881 904 4952 epistola
947 4883 1103 4952 Ililagi
1135 4875 1280 4948 papae
1321 4901 1456 4937 anno
1483 4887 1606 4940 464.

105 4939 377 5019 Eustathius
405 4939 552 5019 Epud
583 4939 907 5001 Gennadium
954 4951 1018 5002 de
1054 4939 1406 5016 Serjp'toribus
1435 4959 1608 5008 eccle-

107 5010 304 5060 siasticis
326 5011 374 5059 in
403 5010 602 5063 Museo.
818 5038 826 5051 ι

162 5087 181 5112 ε
205 5077 308 5157 Alii.
331 5079 759 5157 pgliypefboticis.
794 5083 903 5134 Jac.
937 5085 1198 5157 anacins,
1244 5087 1322 5157 vir
1357 5091 1524 5157 magni
1557 5101 1610 5143 et

109 5145 252 5223 exacti
291 5145 497 5223 judicii,
553 5147 841 5223 legendum
875 5145 1056 5223 censet
1101 5145 1378 5221 hypobolict
1411 5145 1603 5223 .‘unod

112 5212 234 5292 valde
259 5215 572 5292 probarem,
607 5215 650 5265 si
692 5217 907 5292 alicujus
953 5212 1313 5292 antiquiilibri
1358 5212 1606 5292 suffragio

113 5280 354 5332 niteretur.
409 5280 481 5332 De
525 5282 603 5333 bis
632 5283 770 5334 enim
813 5280 890 5336 es.
927 5280 1121 5340 sermo.
1180 5291 1367 5342 Verum
1406 5280 1607 5347 utroiis

111 5347 252 5426 modo
271 5348 426 5426 legas,
471 5349 605 5400 idem
645 5361 724 5401 est
751 5366 954 5426 sensus.
1003 5355 1133 5406 Nam
1180 5367 1267 5408 aut
1299 5360 1604 5426 hypobolica

115 5412 217 5484 dicit
239 5412 571 5474 instrumenta
601 5420 934 5484 sponsalitite,
984 5430 1039 5476 ut
1079 5438 1200 5483 mox
1229 5412 1394 5492 vocat,
1443 5412 1608 5483 dona-

1236 172 1606 230 EPISTULAR
1617 171 1708 224 U31
1747 171 1874 225 ΗΒ.
1920 171 2026 226 \‘ff.

1594 285 1643 339 Α
1671 293 2012 347 aspernanter
2046 281 2345 335 resalutari.
2405 279 2574 350 Agere
2611 295 2728 334 cum
2771 280 3009 351 singulis,
3054 288 3210 349 prout

3101 164 3213 224 566

1674 371 1842 423 atatis
1869 370 2003 424 ratio
2031 371 2385 438 permitteret;
2407 371 2711 437 grandaevos
2728 371 3211 438 obsequiis,:cqn:e-

1676 472 1771 511 vos
1796 456 1982 511 officiis
2006 458 2269 526 obligare;
2317 456 2614 523 pudicitiam
2647 471 2752 523 pra:
2781 457 2984 509 cmtcris
3013 457 3214 509 sobrie-

1679 556 1942 615 tatemque
1965 549 2153 602 sectari
2180 565 2192 602 :
2227 548 2366 618 quod
2388 559 2490 601 tam
2522 547 2835 600 laudandum
2867 548 2916 599 in
2943 546 3216 615 jus-cntutu

1678 650 1832 706 quam
1861 652 2058 690 rarum.
2089 638 2445 692 Summatibus
2473 638 2737 705 deinceps,
2783 648 2834 690 et
2877 628 2998 690 tun’c
3037 637 3214 690 comiti

1679 725 1896 792 civitati,
1942 739 2045 778 non
2093 726 2264 779 minus
2315 727 2615 795 opportuni,
2663 742 2817 794 quam
2859 725 3219 794 frequentibus

1680 811 1916 867 excubiis
1948 814 2181 881 agnosci,
2232 814 3067 882 innotescere,familiarescere;
3118 814 3221 867 sic-

1683 917 1787 971 que
1829 903 1945 968 ejus
1987 902 2039 955 in
2087 901 2200 956 dies
2243 903 2492 957 sedulitas
2547 903 2804 971 majorum
2857 902 3223 957 sodalitatibus

1683 991 1984 1062 promoveri
2013 1011 2026 1045 :
2059 993 2235 1047 fovere
2271 993 2392 1048 boni
2417 995 2608 1064 quique
2633 993 2900 1056 certatim,
2940 993 3076 1046 votis
3104 1008 3224 1044 utn—

1685 1097 1801 1146 ncs,
1835 1081 2040 1149 plurimi
2061 1081 2314 1146 consiliis,
2346 1081 2531 1149 privati
2555 1082 2724 1146 donis,
2754 1081 2926 1134 cuncti
2953 1080 3223 1134 bent-ﬁciis

1686 1173 1961 1240 adjuvare;
1992 1188 2189 1240 perque
2219 1172 2332 1226 btec
2360 1186 2481 1240 spes
2511 1186 2741 1240 opesque
2769 1163 2917 1224 istius
2963 1170 3114 1241 176
3142 1184 3224 1222 ra-

1689 1262 1835 1330 ptim,
1863 1261 2227 1329 saltuatimque
2259 1261 2538 1314 cumulari.
2567 1260 2723 1312 Forte
2752 1261 2940 1313 accidit
2971 1267 3027 1312 ut
3052 1257 3227 1313 diver-

1688 1349 1828 1404 sorio
1853 1350 1934 1401 cui
1958 1349 2066 1414 ipse
2088 1350 2435 1413 successerat,
2461 1349 2696 1415 quaedam
2718 1348 2906 1402 femina
2928 1363 3030 1400 non
3056 1347 3227 1400 minus

1689 1451 1849 1504 censu
1876 1452 2031 1504 quam
2061 1437 2292 1489 moribus
2322 1437 2508 1490 idonea
2550 1438 2908 1502 vicinaretur:
2942 1436 3090 1508 cujus
3122 1435 3228 1489 ﬁlia

1693 1526 1926 1580 infantize
1967 1523 2074 1593 jam
2120 1523 2437 1591 temporibus
2483 1525 2731 1587 emensis,
2780 1523 3004 1578 necdum
3052 1533 3228 1577 tamen

47 1671 60 1678 .,
84 1625 170 1667 illi.
201 1613 326 1678 Quae
358 1622 530 1684 lamen
563 1620 618 1665 ιιι
642 1619 786 1680 ὅθεια
830 1596 974 1675 ευίιιπ,
1025 1609 1069 1663 Si
1110 1608 1368 1678 quispiam
1405 1607 1591 1675 dignus
1622 1613 1666 1670 Β
1695 1611 1958 1666 nubilibus
2005 1612 2157 1666 annis
2195 1612 2661 1680 appropinquabat.
2715 1611 2844 1663 Huic
2885 1610 2970 1664 hic
3009 1611 3232 1665 blandus

1695 1699 1969 1770 (siquidem
2020 1715 2079 1753 ea
2128 1709 2256 1753 :etas
2303 1699 2683 1766 itifantuhe,_ut
2727 1699 2895 1752 adhuc
2936 1699 3229 1767 decenter),

1694 1805 1832 1844 nunc
1858 1776 2094 1858 quaedam
2119 1790 2325 1853 frivola,
2347 1805 2486 1845 nunc
2515 1790 2638 1844 ludo
2660 1805 2704 1848 a_
2730 1799 2778 1843 ta
2800 1790 3035 1858 virgineo
3055 1797 3231 1844 scruta

1693 1879 1949 1943 donabat;
1999 1879 2187 1947 quibus
2229 1880 2312 1932 isti
2353 1895 2533 1947 parum
2562 1879 2844 1947 grandibus
2868 1878 3040 1932 causis
3069 1878 3234 1956 pluri-

1695 1985 1836 2023 mum
1877 1968 2192 2036 virguncula:
2237 1968 2442 2021 animus
2487 1967 2843 2034 c0pulabatur.
2891 1968 3029 2021 Anni
3067 1967 3235 2020 obiter

1696 2057 1926 2110 thalamo
1948 2070 2100 2124 pares
2121 2073 2133 2107 :
2153 2055 2274 2124 quid
2298 2070 2473 2110 moror
2497 2054 2710 2108 multis?
2731 2055 3050 2107 Adolescens
3065 2055 3232 2120 solus,

1696 2146 1891 2208 tennis,
1924 2145 2249 2212 peregrinus,
2282 2146 2416 2198 filius
2457 2143 2703 2207 familias,
2749 2153 2802 2198 et
2825 2158 2854 2196 e
2893 2143 3056 2210 patria
3087 2151 3235 2210 patre

1697 2249 1801 2288 non
1824 2233 1993 2287 solum
2025 2248 2129 2286 non
2153 2235 2388 2298 volt-nte,
2434 2249 2616 2287 verum
2653 2233 2806 2286 etiam
2848 2233 3118 2302 ignorante
3151 2232 3238 2285 di-

1698 2323 1940 2390 scedens,
1970 2323 2192 2390 puellam
2235 2337 2337 2375 non
2371 2322 2671 2376 inferiorem
2707 2322 2986 2387 natalibus,
3020 2323 3236 2376 faculta-

1703 2413 1842 2467 tibus
1871 2413 2218 2478 superiorem,
2242 2411 2417 2466 medio
2445 2412 2714 2481 episcOpo,
2744 2411 2861 2480 quia
2890 2413 3078 2476 lector,
3101 2411 3238 2464 sola.

1701 2500 1774 2553 tio
1802 2501 2030 2565 comitis,
2071 2504 2192 2570 quia
2227 2505 2413 2568 cliens,
2452 2519 2606 2559 socru
2645 2518 2749 2558 non
2780 2504 3090 2571 inspiciente
3118 2503 3240 2554 sub-

1704 2592 1969 2649 stantiam,
2005 2604 2194 2657 sponsa
2227 2607 2328 2644 non
2359 2593 2668 2660 dispiciente
2699 2607 2997 2660 personam,
3027 2605 3242 2644 uxorem

1703 2680 1852 2746 petit,
1883 2678 2147 2745 impetrat,
2170 2668 2340 2733 ducit.
2363 2679 2778 2734 Conscribuntur
2808 2681 2996 2734 tabulze
3037 2681 3243 2745 nuptia-

1705 2767 1781 2822 les
1810 2785 1824 2822 :
1850 2778 1904 2823 et
1928 2769 1972 2822 si
2004 2784 2101 2837 qua
2135 2769 2250 2822 istic
2281 2770 2600 2838 municipioli
2639 2770 2802 2823 nostri
2849 2769 3241 2836 suburbanitas,

1707 2859 2179 2913 matrimonialibus
2227 2859 2334 2912 illic
2381 2860 2575 2912 inserta
2623 2858 2982 2923 documentis,
3035 2858 3243 2911 mimica

94 2950 294 3001 contenti
322 2963 482 3002 censu
508 2947 845 3012 modico,sed
869 2948 1052 3001 eodem
1081 2949 1160 3001 vel
1187 2948 1500 3016 sufficiente,
1525 2955 1604 3004 vel
1633 2940 1677 3000 C
1711 2948 1949 3017 largitate
1979 2949 2246 3002 recitatur.
2270 2949 2485 3002 Peracta
2507 2950 2990 3017 circumscriptione
3018 2949 3243 3015 legitima

1705 3046 1758 3090 et
1789 3037 1970 3090 fraude
2005 3037 2248 3100 s'olemni,
2293 3037 2432 3091 levat
2475 3038 2686 3092 divitem
2729 3038 3001 3106 conjugem
3051 3052 3245 3105 pauper

1705 3125 1975 3179 adamatus
2008 3143 2022 3179 :
2051 3137 2104 3181 et
2134 3128 2408 3195 diligenter
2442 3145 2558 3194 qure
2595 3130 2660 3182 ad
2697 3144 2935 3182 socerum
2983 3130 3245 3198 pertinue-

1705 3224 1823 3268 rant
1851 3214 2053 3268 rimatis
2081 3216 2502 3282 convasatisque,
2544 3231 2648 3270 non
2687 3231 2846 3284 parvo
2884 3219 3039 3269 etiam
3074 3218 3245 3270 corol-

1704 3305 1834 3358 lario
1878 3303 2176 3358 facilitatem
2221 3305 2688 3373 credulitatemque
2736 3305 3105 3359 munificentiae
3152 3320 3244 3359 so-

1705 3393 1898 3448 crualis
1925 3408 2201 3462 mungens,
2245 3395 2474 3459 receptui
2524 3397 2574 3446 in
2625 3395 2842 3462 patriam
2883 3395 3074 3448 cecinit
3112 3410 3248 3461 prte-

1705 3483 1940 3550 stigiator
1975 3482 2215 3535 invictus.
2271 3481 2385 3545 Quo
2430 3481 2665 3549 profecto
2712 3491 2879 3536 mater
2920 3482 3105 3550 puella:
3152 3496 3246 3549 pro

1709 3583 1730 3610 ο
1763 3571 2109 3640 hyperbolicis
2136 3571 2498 3623 instrumentis
2519 3572 2676 3636 coepit
2703 3572 2962 3623 actionem
2996 3581 3245 3637 repetun-

1703 3663 1886 3716 darum
1917 3660 2049 3713 velle
2078 3673 2399 3726 pr0ponere;
2450 3669 2502 3710 et
2542 3667 2664 3711 tunc
2703 3659 2911 3711 demum
2949 3658 3013 3710 de
3042 3659 3248 3711 manci-

1705 3753 1908 3819 piorum
1957 3747 2278 3816 sponsalitire
2309 3747 2605 3800 donationis
2635 3747 2784 3816 177
2823 3747 3084 3814 paucitate
3115 3759 3244 3799 mas-

1702 3857 1837 3899 rere.
1857 3840 2063 3905 quando
2081 3839 2188 3906 jam
2219 3839 2284 3891 de
2308 3846 2552 3904 nepotum
2574 3836 2948 3890 numerositate
2965 3835 3244 3903 gaudebat.

1703 3929 1781 3982 Ad
1827 3929 1962 3982 hanc
2012 3929 2315 3995 placandam
2365 3935 2545 3981 noster
2576 3928 2882 3995 Hippolytus
2913 3925 3242 3993 perrexerat,

1699 4019 1814 4072 cum
1845 4018 2046 4070 litteras
2089 4031 2230 4068 meas
2270 4016 2415 4082 prius
2460 4016 2668 4068 obtulit.
2720 4016 2935 4067 Habetis
2979 4015 3247 4067 historiam

1704 4107 1911 4176 juvenis
1939 4103 2116 4158 eximii
2143 4119 2154 4154 :
2187 4101 2414 4155 fabulam
2445 4099 2469 4138 ει
2498 4102 2706 4156 Milesia:
2730 4102 2808 4155 vel
2831 4101 3014 4154 Atticae
3041 4115 3246 4169 pirem.

153 4274 174 4302 ³
198 4266 485 4320 Amantius.
535 4267 608 4341 Ita
644 4267 790 4341 enim
819 4281 968 4322 vocat
998 4270 1220 4341 epistola
1250 4273 1304 4323 7-
1327 4282 1379 4325 et
1411 4275 1469 4327 Η
1507 4275 1604 4327 hu-
1637 4281 1686 4338 ι)
1714 4276 1866 4329 tionis
1912 4280 2122 4341 propter
2167 4273 2405 4341 nuptias,
2441 4285 2597 4336 quam
2646 4270 2959 4338 liypobolum
2999 4283 3027 4322 a
3054 4267 3278 4341 (ξι-(φρὶξ,

1711 4339 1960 4409 appellari
2007 4339 2195 4393 docent
2233 4341 2365 4406 juris
2397 4340 2740 4409 interpretes;
2793 4348 2879 4409 aut
2913 4339 3249 4409 hyperbolica

1713 4407 1798 4463 illa
1831 4410 2011 4463 eadem
2043 4411 2407 4465 instrumenta.
2458 4407 2508 4457 in
2558 4408 2743 4469 quibus
2782 4407 3049 4457 Amantius
3089 4408 3248 4457 multa

1713 4479 1927 4544 βτίείιίε,
1962 4491 2062 4527 non
2093 4489 2184 4544 sua
2213 4476 2302 4524 sed
2334 4475 2522 4534 aliena,
2551 4473 2795 4544 liypoboli
2823 4474 3030 4544 nomine
3061 4472 3251 4544 hyper-

1711 4539 1880 4597 bolice
1909 4546 2122 4609 largitus
2151 4542 2318 4592 fuerat
2348 4559 2358 4590 :
2398 4556 2511 4605 qua:
2542 4555 2676 4591 nunc
2701 4540 2767 4590 ab
2787 4543 2900 4605 ipso
2935 4539 3122 4593 frustra
3150 4543 3252 4594 δρία

1713 4615 1834 4666 licet
1881 4610 2306 4676 reposcebantur.
2353 4609 2612 4660 Cmterum
2665 4609 2908 4659 admonet
2934 4611 3252 4675 sponsalitim

1715 4680 2012 4734 donatiOnis
2046 4680 2261 4739 mentio,
2313 4687 2368 4727 ut
2413 4691 2594 4746 vocent
2646 4677 2775 4728 hanc
2807 4676 3044 4746 Enxnodio
3077 4689 3252 4730 nostro

1716 4750 2048 4802 restituamus
2074 4763 2086 4797 :
2111 4747 2161 4797 in
2195 4746 2310 4799 Vita
2347 4745 2642 4811 Epiphanii,
2673 4747 2821 4810 cujus
2850 4745 3016 4798 oratio
3057 4747 3255 4798 descii-

1712 4818 1850 4872 bitur
1876 4817 1980 4883 72
2019 4814 2081 4866 ad
2125 4814 2521 4867 Gttndobaldum
2544 4829 2727 4883 regem
2755 4831 2766 4863 :
2795 4813 2870 4866 Sit
2891 4853 2903 4874 ,
2935 4815 3136 4883 inquit,
3163 4817 3254 4879 ﬁlii

1714 4888 1785 4937 tui
1811 4882 2103 4950 spoitEalitia
2137 4884 2361 4949 largitas,
2411 4882 2657 4934 absolutio
2699 4884 3001 4950 captivorum
3035 4899 3050 4934 :
3081 4882 3255 4946 offerat

1714 4964 1883 5022 paene
1903 4968 2005 5002 sum
2036 4967 2231 5022 inultus.
2257 4951 2391 5022 quod
2418 4961 2459 5002 et
2481 4950 2712 5022 Christus
2741 4952 2968 5022 occipiat.

1785 5020 1810 5056 ά
1843 5019 2113 5085 Nunquam
2145 5018 2378 5070 dubitavi
2410 5020 2528 5085 quin
2558 5019 2623 5070 ita
2655 5021 2904 5083 scriptum
2946 5029 3081 5070 esset
3111 5033 3137 5068 τι
3169 5018 3254 5070 Si-

1715 5089 1894 5150 donio,
1927 5102 2028 5139 non
2057 5087 2270 5152 militiw,
2301 5089 2448 5150 cujus
2481 5088 2577 5138 hoc
2608 5088 2721 5138 loco
2752 5087 2797 5136 al
2822 5102 2917 5136 ena
2949 5097 3026 5138 est
3053 5087 3254 5150 signiti-

1714 5159 1874 5208 catio.
1924 5153 2245 5206 Milesiorum
2292 5170 2414 5207 vero
2459 5156 2662 5216 fabulag
2705 5154 2967 5204 amatoria:
2999 5164 3165 5214 erant,
3207 5165 3256 5206 et

1706 5227 1968 5278 ἀκόλαστοι
1984 5261 1995 5272 .
2018 5223 2192 5286 Quare
2211 5223 2420 5274 Milesia:
2450 5223 2689 5273 dicuntur
2713 5236 2892 5272 omnes
2919 5221 3029 5284 ejus
3051 5224 3258 5285 generis

1705 5303 1757 5346 et
1787 5293 2102 5358 argumenti,
2151 5292 2200 5341 in
2231 5304 2339 5357 quo
2370 5291 2621 5342 excelluit
2648 5288 2920 5358 Aristides.
2950 5289 3257 5340 Plutarchus

1707 5362 1758 5412 in
1789 5356 2001 5420 Crasso,
2057 5358 2122 5410 de
2153 5356 2354 5410 Surena
2389 5359 2638 5412 Seleucia:
2671 5356 3019 5418 triumphante
3047 5373 3058 5408 :
3082 5365 3175 5414 Tria
3206 5357 3256 5411 δὲ

1705 5429 1972 5498 γερουσίαν
1999 5433 2093 5481 τῶν
2118 5428 2380 5481 Σελευκέων
2408 5430 2638 5498 ἀθροίσας
2675 5430 2948 5492 εἰσήνεγκεν
2995 5427 3247 5483 ἀκόλαστα
