3812 6226
35 311 106 366 669
1085 350 1099 369 η
1188 303 1502 362 EPISTULA

1608 307 1652 360 Μ
1687 303 1810 365 LIB.
1856 305 1963 362 νη.

3045 306 3146 363 570

32 418 270 476 -Seuoni;e
313 429 470 484 caput
534 435 621 482 es,
659 414 790 469 inter
833 414 945 467 haec
985 413 1141 468 duhia
1183 415 1508 498 subtraxeris
1534 417 1953 484 Aspiritunlium
2015 417 2432 474 testimoniorum
2492 431 2743 472 mucrone
2803 393 3142 481 confoderis;

31 506 345 562 intentionibus
363 503 642 558 medendis
659 503 1033 570 Aquitanorum
1055 517 1070 556 :
1095 501 1213 569 quia
1237 503 1508 557 minimum

30 598 153 652 relert
170 594 295 664 quod
318 593 477 647 nobis
492 600 577 646 est
603 592 655 645 in
683 591 1004 645 habitatione
1023 591 1187 666 diviua
1217 593 1511 659 provincia,

29 687 193 754 quando
225 685 274 737 in
309 683 566 750 religione
597 694 751 734 causa
787 680 1140 748 conjungitur.
1193 679 1282 733 His
1311 680 1514 734 accedit

25 775 128 844 quod
152 773 210 828 de
235 772 445 826 urbibus
465 770 494 808 δ
515 769 834 837 Aquitanicae
859 769 1039 836 primae
1063 767 1233 822 solum
1263 767 1512 836 oppidum

26 868 266 916 Arvernum
289 860 541 914 Romanis
563 859 819 925 reliquum
843 858 1076 924 partibus
1097 857 1232 910 bella
1256 857 1508 912 fecerunt.

23 952 298 1020 Quapropter
342 952 396 1004 in
441 947 807 1004 constituendo
846 947 1073 1015 praefata:
1111 948 1338 1002 civitatis
1373 948 1514 1000 anti-

23 1045 127 1106 stite,
166 1040 555 1109 provincialium
593 1039 913 1105 collegarum
953 1036 1229 1090 deﬁcimur
1273 1048 1512 1101 numero,

23 1136 94 1186 nisi
129 1132 637 1200 metropolitanorum
675 1128 973 1182 rellciamur
1009 1139 1253 1181 assensu.
1301 1125 1377 1180 De
1403 1139 1512 1179 eai-

21 1221 121 1289 terb,
156 1220 284 1289 quod
309 1220 376 1272 ad
409 1218 625 1273 honoris
654 1213 812 1269 vestri
843 1222 1050 1283 spectat
1092 1214 1511 1284 praerogativam,

21 1310 155 1363 nullus
193 1323 222 1360 a
262 1322 346 1361 me
375 1306 628 1360 hactenus
675 1303 991 1366 nominatus,
1025 1300 1201 1354 nullus
1226 1299 1512 1364 adhibitus,

17 1398 155 1450 nullus
173 1396 366 1449 electus
385 1402 496 1447 est:
518 1392 696 1446 omnia
717 1404 951 1452 censura:
978 1398 1080 1444 tua:
1103 1389 1268 1456 salva,
1288 1388 1513 1460 illibata,

18 1487 146 1538 solida
170 1493 462 1537 servantur.
503 1481 727 1536 Tantum
762 1479 863 1532 hoc
900 1492 1101 1533 mecum
1128 1477 1282 1540 duco,
1310 1483 1513 1528 vestras

19 1573 194 1630 invitare
239 1584 526 1638 personas,
572 1577 877 1636 exspectare
917 1564 1246 1627 voluntates,
1295 1563 1511 1618 laudare

17 1664 288 1718 sententias:
330 1669 385 1715 et
431 1675 553 1714 cum
598 1660 650 1711 in
694 1658 865 1710 locum
907 1663 1205 1721 statumque
1248 1653 1511 1719 pontiﬁcis

1609 516 1812 557 servata
1841 514 2148 559 cancrorum
2177 514 2282 559 tam
2310 505 2604 559 reverentia
2635 519 2790 572 quam
2822 520 2948 572 pace
2977 508 3145 574 ponti-

1612 590 1798 656 ﬁcum;
1833 606 1936 645 non
1967 592 2151 658 injuria
2179 592 2269 645 tibi
2298 592 2486 655 deﬂeo,
2517 592 2737 666 qualiter
2765 594 3145 648 ecclesiasticas

1611 680 1786 734 caulas
1815 681 1962 747 istius
1991 681 2128 735 aeris
2155 681 2306 748 lupus
2331 680 2420 749 qui
2449 679 2676 747 peccatis
2705 681 3032 748 pereuntium
3060 695 3143 735 sa-

1610 772 1819 837 ginatur
1843 769 2156 834 animarum,
2183 769 2507 824 clandestino
2533 783 2709 823 morsu
2737 769 2958 823 necdum
2991 772 3142 840 182

1611 855 1861 912 intellecti
1902 859 2072 912 dentis
2111 859 2342 912 arrodat.
2393 859 2622 924 Namque
2665 858 2831 912 hostis
2873 860 3139 928 antiquus,

1610 960 1715 1013 quo
1753 945 1952 1000 facilius
1990 946 2205 1000 insultet
2236 947 2496 1000 balatibus
2539 947 2714 1001 ovium
2753 947 3140 1015 destitutarum,

1610 1037 1758 1104 prius
1785 1037 2178 1091 dormitantium
2219 1037 2399 1105 incipit
2426 1036 2714 1091 cervicibus
2755 1037 3026 1093 imminere
3053 1054 3142 1106 pa—

1609 1134 1830 1180 storum.
1861 1127 2038 1194 Neque
2064 1142 2161 1196 ego
2191 1127 2259 1180 ita
2290 1126 2392 1180 mei
2420 1127 2709 1181 meminens
2752 1141 2854 1180 non
2896 1143 3040 1196 sum,
3086 1137 3142 1182 ut

1609 1230 1935 1283 nequaquam
1965 1230 2050 1270 me
2076 1219 2215 1269 hunc
2251 1229 2370 1269 esse
2417 1215 2750 1287 reminiscar;
2795 1231 2947 1282 quem
2977 1217 3143 1283 longis

1607 1304 1780 1359 adhuc
1814 1305 2072 1360 abluenda
2115 1306 2322 1359 ﬂetibus
2357 1303 2675 1358 conscientia
2719 1314 2953 1372 premat;
2993 1305 3142 1371 cujus
3202 1298 3207 1303 “

1609 1402 1841 1448 stercora
1870 1403 2065 1456 tamen,
2095 1393 2194 1447 sub
2218 1408 2317 1461 ope
2335 1393 2549 1456 Christi,
2578 1393 2886 1461 quandoque
2909 1391 3143 1460 mysticis

1608 1482 1902 1536 orationum
1941 1491 2146 1535 tuarum
2176 1483 2359 1535 rastris
2387 1481 2824 1535 eruderabuntur.
2872 1480 2976 1534 Sed
3017 1495 3145 1549 quo-

1609 1572 1746 1626 niam
1768 1571 2117 1636 supereminet
2143 1571 2326 1638 privati
2347 1579 2525 1623 reatus
2547 1569 2910 1623 verecundiam
2938 1570 3142 1636 publica

1607 1659 1769 1722 salus,
1816 1673 1919 1711 non
1964 1659 2203 1722 verebor,
2245 1657 2344 1710 etsi
2381 1667 2560 1723 carpat
2593 1657 2762 1708 zelum
2809 1657 2862 1709 in
2908 1670 2992 1710 me
3021 1655 3141 1710 fidei

18 1749 495 1819 Wisqlleﬁumdlur,
525 1755 581 1799 ιιι
607 1760 637 1798 a
665 1741 813 1797 vobis
839 1751 1181 1811 prun-cptum,
1209 1743 1358 1810 131
1379 1754 1408 1793 a
1430 1755 1514 1795 me
1540 1737 1588 1796 Β
1613 1749 1825 1802 sinister
1852 1749 2128 1819 interpres,
2158 1746 2256 1799 suh
2281 1745 2523 1799 vanitatis
2557 1745 2746 1798 invidia
2773 1757 2982 1797 causam
3013 1759 3139 1811 pro-

19 1839 218 1904 procedat
257 1836 593 1903 obsequium.
648 1833 754 1888 Sed
797 1835 841 1886 si
887 1832 1047 1901 (quod
1079 1842 1253 1884 tamen
1281 1831 1508 1885 arbitror

17 1929 184 1983 minime
208 1927 338 1996 fore)
360 1926 609 1994 precibus
634 1925 763 1977 meis
786 1923 922 1990 apud
945 1936 1039 1976 vos
1062 1921 1394 1975 malesuadus
1418 1921 1512 1975 ob-

17 2019 162 2071 stiterit
177 2019 459 2084 interpres,
479 2014 714 2083 poteritis
735 2013 1065 2081 prazsentiam
1086 2019 1312 2064 vestram
1334 2009 1511 2076 potius

17 2121 217 2161 excusare
239 2120 394 2174 quam
419 2103 628 2170 culpam
655 2118 668 2153 :
708 2103 844 2154 sicut
867 2115 898 2153 e
920 2099 1157 2158 diverso.
1199 2098 1242 2151 si
1282 2097 1472 2151 venitis
1489 2135 1508 2160 ,

17 2196 240 2250 ostenditis
261 2196 384 2264 quia
411 2193 667 2246 terminus
695 2190 918 2258 potuerit
942 2188 1063 2258 poni
1090 2196 1276 2242 vestra:
1296 2186 1509 2255 quidem

17 2284 191 2351 regioni,
215 2288 304 2336 sed
331 2297 441 2336 non
471 2281 698 2350 potuerit
719 2278 945 2332 caritati.
978 2276 1176 2331 Memor
1198 2275 1363 2329 nostri
1389 2287 1509 2331 esse

17 2373 199 2441 dignare,
225 2373 440 2427 domine
468 2383 622 2440 papa.

510 2456 839 2516 EPISTGLA
876 2455 966 2512 Vl.

156 2552 386 2616 Sidonius
416 2548 624 2602 domino
652 2562 797 2614 ρσρω
822 2556 845 2583 ο
866 2543 1058 2597 Basilio
1084 2541 1313 2608 salutem.

64 2641 169 2694 Sunt
199 2640 377 2701 nobis,
420 2649 646 2690 munere
682 2634 801 2700 Dei,
845 2647 981 2686 novo
1023 2640 1320 2703 nostrorum
1369 2636 1506 2684 tem-

17 2745 153 2797 pirum
191 2727 451 2794 exemplo,
500 2721 847 2778 amicitiarum
893 2729 1068 2774 vetera
1109 2719 1268 2787 jura:
1310 2718 1506 2786 diuque

14 2818 207 2885 estquod
233 2816 462 2876 invicem
493 2811 757 2879 diligimus
784 2825 852 2863 ex
878 2824 1046 2876 atquo.
1097 2808 1266 2861 Porro
1305 2815 1502 2870 autem,

15 2908 115 2976 quod
137 2909 194 2961 ad
215 2918 552 2961 communem
581 2901 948 2958 conscien'iam
979 2899 1224 2966 pertinet,
1247 2905 1301 2950 tu
1325 2904 1499 2964 patro-

13 2987 417 3063 nnszqnanquam
458 2993 564 3050 hoc
603 2992 768 3057 ipsum
811 2987 1206 3057 praesumptiose
1246 2998 1497 3051 arrogan-

1607 1837 1735 1892 dere
1753 1837 2010 1890 veritatis.
2033 1832 2060 1871 δ
2083 1835 2296 1899 Evarix,
2319 1850 2412 1888 rex
2429 1834 2736 1898 Gothorum,
2760 1833 2897 1902 quod
2919 1833 3134 1886 limitem

1607 1925 1753 1994 regni
1794 1925 1906 1991 sui,
1959 1934 2112 1992 rupto
2159 1924 2520 1991 dissolutoque
2549 1924 2744 1977 foedere
2769 1924 3010 1990 antiquo,
3052 1923 3136 1976 vel

1607 2022 1805 2066 tutatur
1829 2027 2095 2066 armorum
2117 2013 2256 2080 jure,
2290 2013 2371 2066 vel
2403 2021 2688 2080 promovet,
2718 2027 2814 2065 nec
2843 2014 2994 2066 nobis
3021 2027 3142 2080 pec-

1604 2102 1867 2156 catoribus
1887 2101 1972 2155 hic
1993 2115 2260 2168 accusare,
2281 2116 2376 2155 nec
2396 2101 2543 2154 vobis
2565 2102 2760 2155 sanctis
2781 2101 2863 2155 hic
2883 2103 3142 2157 discutere

1605 2189 1920 2260 permissum
1946 2197 2050 2243 est.
2091 2190 2224 2253 Quin
2271 2189 2442 2257 potius
2471 2190 2517 2242 si
2545 2190 2801 2256 requiras,
2831 2191 3029 2243 ordinis
3059 2204 3142 2242 res

1602 2287 1714 2343 est-,
1760 2285 1817 2331 ut
1856 2284 1910 2330 et
1953 2275 2100 2329 dives
2139 2275 2222 2328 hic
2266 2290 2492 2341 purpura
2537 2276 2798 2343 byssoque
2828 2277 3046 2339 veletur,
3090 2285 3142 2330 et

1602 2366 1830 2423 Lazarus
1857 2363 1943 2418 hic
1970 2363 2234 2437 ulceribus
2258 2371 2312 2416 et
2341 2373 2645 2431 paupertate
2671 2363 2903 2418 feriatur.
2933 2364 3142 2418 Ordinis

1601 2471 1690 2511 res
1716 2463 1817 2522 est,
1848 2463 1905 2508 ut
1930 2454 2052 2508 dum
2080 2453 2133 2507 in
2158 2454 2256 2507 hac
2284 2453 2560 2520 allegorica
2587 2467 2856 2506 versamur
2886 2453 3136 2522 Egypto,

1600 2545 1806 2600 Pharao
1852 2545 2059 2601 incedat
2099 2559 2216 2598 cum
2259 2543 2576 2608 diademate,
2623 2544 2854 2598 Israelita
2897 2559 3014 2598 cum
3043 2560 3139 2599 co-

1599 2635 1780 2703 phino.
1833 2632 2045 2688 Ordinis
2097 2645 2182 2685 res
2226 2639 2344 2694 est,
2391 2639 2449 2684 ut
2494 2631 2616 2683 dum
2668 2631 2719 2684 in
2766 2630 2864 2684 hac
2910 2633 3140 2698 ﬁgurata:

1603 2723 1885 2793 Babylonis
1927 2723 2141 2775 fornace
2187 2719 2552 2789 decoquimur,
2607 2733 2704 2773 nos
2751 2734 2868 2773 cum
2914 2720 3138 2774 terentia

1605 2812 1932 2880 spiritualem
1956 2808 2243 2864 Jerusalem
2270 2803 2568 2876 suspiriosis
2596 2808 2901 2876 plangamus
2930 2809 3139 2861 ululati-

1597 2903 1717 2967 bus,
1763 2909 1817 2955 et
1858 2901 2026 2954 Assur
2070 2897 2206 2951 fastu
2235 2897 2378 2965 regio
2416 2905 2602 2949 tonans
2629 2905 2927 2949 sanctorum
2955 2907 3134 2950 sancta

1600 2991 1884 3058 proculcet.
1907 2988 2105 3053 Quibus
2120 2993 2437 3056 praesentum
2453 3000 2550 3052 ego
2567 2980 2956 3054 futurarumque
2973 2988 3138 3041 beati-

15 3049 365 3149 terque'loqu'ar.
415 3049 658 3149 Namque
685 3049 931 3146 iniquitas
964 3049 1079 3130 mea
1115 3084 1256 3128 tanta
1290 3049 1400 3138 est,
1442 3081 1499 3126 ut
1523 3049 1568 3110 Ο
1599 3049 1836 3132 tudiuum
1858 3049 2298 3128 vicissitudinibus
2323 3049 2592 3148 inspectis,
2620 3049 2912 3128 communia
2936 3076 3136 3143 patien-

14 3171 164 3226 tttederi
201 3174 266 3228 de
306 3173 557 3240 lapsuum
584 3169 698 3236 ejus
732 3166 1036 3226 assiduitate
1072 3166 1156 3220 vix
1194 3164 1352 3217 etiam
1395 3170 1497 3216 tua:

12 3262 344 3329 supplicationis
390 3260 628 3313 efficacia
676 3264 850 3324 queat.
903 3254 1060 3323 Igitur
1099 3255 1218 3321 quia
1263 3251 1392 3305 mihi
1437 3265 1496 3304 es

13 3359 87 3402 tam
109 3352 377 3418 patrocinio
399 3364 563 3418 quam
596 3347 874 3400 dilectione
902 3345 981 3396 his
1009 3343 1268 3411 dominus,
1302 3341 1498 3417 pariter

13 3439 177 3503 etquod
201 3439 410 3494 memini
442 3435 630 3505 probe,
663 3449 765 3501 quo
808 3433 1006 3500 polleas
1055 3431 1175 3498 igne
1219 3443 1492 3494 sensuum,

13 3524 114 3579 lento
149 3528 464 3580 verborum:
520 3524 609 3591 qui
653 3522 870 3576 viderim
920 3519 1281 3572 Modaharium
1329 3517 1496 3571 civem

13 3611 202 3683 Gothum,
229 3617 436 3669 Arianae
465 3614 733 3668 haereseos
753 3611 927 3680 jacula
957 3610 1278 3677 vibrantem,
1312 3623 1416 3686 quo
1443 3616 1498 3674 tu

61 3845 78 3872 ³
99 3837 363 3892 Provinciae
394 3843 603 3903 quarta:
636 3833 1028 3900 Lugdunensis,
1074 3840 1128 3883 ιιι
1169 3830 1499 3884 observatum

14 3913 70 3972 est
90 3907 141 3958 ad
162 3908 304 3972 epist.
331 3906 422 3966 i8,
455 3904 649 3972 libet}.
670 3968 688 3972 _
793 3945 814 3972 _-

59 3971 79 4008 δ
97 3972 151 4025 Ut
168 3961 249 4026 li'b.
271 3989 342 4036 IV,
363 3961 531 4036 epist.
553 3963 1344 4036 18,7Lugdunensemsecundam.
1370 3961 1498 4036 Pro-

13 4039 150 4092 vinciae
172 4030 467 4104 olim,'cu'm
500 4030 766 4104 simplices
789 4040 995 4104 essent,
1028 4030 1288 4104 pleraeque
1319 4035 1496 4092 postea

13 4098 399 4173 principum'nutu
426 4106 483 4173 in
512 4098 685 4173 plures
707 4100 865 4173 dividi
894 4105 1186 4173 coeperunt.
1231 4098 1360 4150 Hinc
1383 4105 1495 4173 o_rta

13 4163 279 4241 agnomina,
300 4183 358 4224 ut
387 4163 529 4241 alias
547 4169 727 4233 primm
750 4163 1064 4228 dicerentur,
1091 4166 1205 4217 aliae
1221 4163 1493 4241 secundae,

13 4233 160 4304 tertia,
199 4233 361 4294 et'ita
404 4240 661 4306 deinceps
704 4250 797 4302 pro
839 4248 1054 4306 numero
1091 4233 1489 4306 provinciarum.
1521 4248 1574 4306 ι)

13 4301 246 4375 dubita-nia:
283 4308 442 4375 igitur
471 4301 854 4375 duasfue’runt.
907 4303 1110 4375 P_rim_a,
1153 4301 1308 4375 cujus
1340 4311 1495 4366 caput

13 4369 244 4444 Biiuriges;
279 4369 543 4439 sccunda,
571 4373 716 4444 cujus
744 4381 898 4444 caput
928 4370 1238 4444 Burd_egala._
1277 4369 1496 4434 Semper

12 4439 158 4516 1111εωῖ
182 4445 280 4516 73
307 4444 494 4497 divisis
540 4440 823 4516 provinciis
855 4454 993 4516 pars
1027 4439 1110 4490 illa
1164 4439 1343 4516 primas
1400 4451 1494 4489 no—

13 4523 100 4564 tuen
119 4506 342 4572 obtinuit.
369 4517 457 4566 cui
489 4506 796 4574 metrOpolis
821 4507 1022 4574 obtigit,
1051 4521 1164 4571 qua:
1191 4506 1347 4557 totius
1373 4519 1490 4571 pro-

13 4579 150 4633 vincia:
172 4591 284 4634 ante
308 4580 630 4634 divisionem
661 4586 814 4640 caput
855 4586 967 4628 erat
996 4593 1006 4625 :
1050 4583 1107 4626 ιιι
1145 4574 1495 4640 Narbonensis

16 4649 134 4710 prima
158 4649 284 4702 dicta
311 4657 421 4714 est,
440 4648 498 4701 in
527 4659 627 4712 qua
653 4643 1414 4714 Narbo,il.ugdunensis_prima
1443 4642 1493 4693 in

14 4728 84 4783 [tua
107 4711 412 4783 Lugdunum,
462 4711 742 4783 Aquitania
784 4713 952 4783 prima
989 4712 1044 4762 in
1085 4727 1184 4776 qua
1214 4711 1488 4783 hituriges.

13 4773 102 4834 illis
131 4773 203 4836 est
235 4773 944 4850 primarum-provinciarum
977 4773 1359 4850 metropolitani
1384 4773 1495 4850 pri-

15 4846 296 4918 mates‘era'nt
334 4846 662 4918 reliquarum
691 4847 930 4918 ejusdem
954 4846 1176 4898 nominis
1203 4847 1492 4918 provincia-

15 4927 113 4983 rum.
137 4915 270 4970 Sicut
296 4920 436 4972 enim
459 4915 827 4983 Lugdunensis
851 4916 1147 4981 episcopus,
1169 4923 1221 4983 ut
1246 4915 1405 4983 liquet
1427 4927 1491 4965 et

15 4976 319 5052 GregoriiiVll
365 4989 530 5052 epist.
547 4976 643 5036 ’55
690 4991 743 5035 et
785 4976 1147 5052 56Ῠ,’1ἰι)τίι.ξ
1175 4976 1372 5052 l‘rinias
1415 4988 1495 5032 est

15 5049 686 5120 qiutmiLugduitensium:
733 5052 808 5101 sic
847 5050 1180 5120 Bituricensis
1226 5049 1492 5120 utriusque

15 5115 262 5179 Aquitaniae.
295 5115 479 5184 'Atque
508 5120 578 5169 ita
615 5119 772 5168 ferme
801 5120 848 5167 in
875 5118 989 5167 aliis
1015 5117 1298 5181 provinciis
1320 5153 1333 5172 ,
1372 5130 1489 5166 cum

17 5195 58 5232 ex
80 5199 161 5237 una
183 5188 350 5251 plures
380 5188 614 5243 tiehant,
663 5186 796 5234 idem
829 5200 938 5251 mos
969 5184 1093 5247 fuit,
1141 5193 1195 5235 ut
1223 5185 1270 5233 in
1298 5198 1354 5233 ea
1389 5186 1493 5251 pri-

17 5263 94 5302 mas
108 5250 224 5306 esset
238 5268 351 5321 quae
371 5253 546 5321 prima
573 5261 626 5303 et
645 5250 998 5316 antiquissima
1021 5253 1153 5303 inter
1177 5250 1490 5315 metropoles

17 5327 106 5369 ent.
247 5329 262 5341 ⁸

65 5397 80 5423 ³
100 5391 327 5456 Aquarum
357 5386 669 5441 Sextiarum
692 5423 729 5456 ,_
751 5392 810 5456 ut»
833 5399 969 5447 reor,
1015 5386 1280 5456 episeopo.
1421 5384 1488 5435 ita

17 5451 224 5518 ronjiciam
261 5457 410 5519 facit,
458 5456 606 5521 quod
653 5453 748 5502 sub
788 5454 938 5504 linem
977 5451 1486 5521 epistolmrllasilitttn

18 5523 104 5578 urbe
136 5521 342 5584 taedium
386 5519 508 5581 che
551 5522 698 5589 dicat
739 5521 871 5574 inter
908 5521 1176 5573 Leontium
1213 5519 1483 5573 Arelaten-

1604 3165 1705 3226 tius
1732 3162 2058 3217 incommoda
2083 3162 2218 3235 fero.
2264 3161 2517 3226 Primum,
2545 3163 2683 3229 quod
2714 3164 2838 3216 mihi
2876 3179 2990 3231 qua:
3028 3179 3137 3216 mc~

1603 3267 1722 3307 rear
1745 3250 2157 3319 introspicienti,
2185 3264 2509 3318 quiscunque
2535 3251 2749 3304 adversa
2780 3254 3131 3318 provenerint,

1599 3343 1794 3396 leviora
1824 3341 2233 3408 reputabuntur;
2273 3339 2394 3393 dein
2426 3341 2578 3409 183
2605 3341 2741 3407 quod
2769 3351 2967 3394 certum
2998 3344 3128 3404 scio,

1602 3431 1883 3505 maximum
1913 3443 2029 3482 esse
2075 3428 2363 3482 remedium
2408 3429 2669 3482 interioris
2700 3429 2944 3490 hominis,
2991 3429 3034 3482 si
3079 3429 3130 3482 in

1603 3521 1702 3575 hac
1730 3534 1847 3573 area
1881 3520 2057 3573 mundi
2085 3518 2243 3572 variis
2283 3519 2582 3587 passionum
2617 3517 2836 3586 ﬂagellis
2863 3519 3133 3570 trituretur

1602 3609 1851 3670 exterior.
1898 3607 2002 3662 Sed
2029 3607 2167 3678 quod
2197 3606 2463 3662 fatendum
2491 3606 2604 3675 est,
2635 3609 2905 3677 praefatum
2961 3622 3130 3676 regem

1600 3841 1731 3891 sem,
1759 3828 2002 3880 Faustum
2032 3828 2296 3889 Reiorum,
2322 3836 2376 3880 et
2402 3828 2638 3880 Graecum
2671 3828 2908 3880 Massiliae
2930 3829 3131 3893 episco-

1601 3909 1695 3960 pos
1720 3912 1731 3944 :
1764 3897 1902 3947 inter
1931 3895 2025 3945 has
2053 3905 2224 3945 autem
2256 3896 2412 3946 urbes
2441 3895 2611 3946 medio
2650 3909 2808 3960 prape
2841 3897 3006 3958 spatio
3031 3898 3130 3949 sila

1599 3973 1678 4014 est
1709 3961 2016 4024 metropolis
2036 3962 2373 4025 Aquensium.
2402 3961 2580 4012 Basilii
2612 3970 2782 4013 autem
2813 3963 2983 4025 hujus,
3011 3971 3129 4014 tunc

1597 4028 1768 4082 adhuc
1806 4027 2126 4094 presbyteri,-
2171 4028 2395 4092 prudens
2435 4028 2704 4079 consilium
2737 4029 3029 4091 factumque
3072 4030 3124 4081 iu

1595 4094 1780 4214 il'tltuere
1807 4095 1986 4147 Hilarii
2012 4095 2238 4162 episcopi
2264 4095 2581 4148 Arelatensis
2609 4105 2783 4148 narrat
2809 4106 2987 4164 auctor
3010 4098 3127 4150 vita:

1650 4181 1658 4214 I
1689 4179 1802 4214 artt.

1601 4163 1802 4215 llilarii.

1665 4230 1690 4266 ιι
1714 4232 1953 4294 Eurictts,
1980 4229 2068 4296 qui
2099 4241 2152 4283 et
2180 4229 2428 4294 Eorietts,
2471 4231 2560 4283 lib.
2591 4246 2709 4293 vttt,
2753 4232 2903 4298 epist.
2937 4231 2984 4282 9.
3039 4231 3124 4284 Sic

1597 4298 1856 4352 Deudorix
1885 4300 2021 4363 apud
2049 4299 2355 4354 Strabonem
2398 4309 2450 4354 et
2477 4299 2764 4352 Theuderis
2798 4315 2857 4352 ac
2886 4299 3125 4352 Theodo-

1598 4369 1754 4429 ricus,
1801 4368 2008 4420 unicum
2044 4374 2127 4420 est
2156 4383 2364 4422 nomen.
2416 4368 2578 4432 liujus
2606 4382 2728 4420 vero
2756 4368 3043 4422 Ettrieianai
3074 4372 3122 4420 in

1594 4437 1880 4489 Catholictis
1903 4436 2299 4500 persecutionis,
2317 4437 2618 4501 Sidoniique
2641 4437 2870 4500 cpistola:
2891 4437 3124 4489 meminit

1595 4503 2095 4573 Gregorius_Turon.
2136 4506 2318 4573 lib.tt.
2353 4521 2467 4573 cap.
2503 4505 2570 4557 25
2604 4523 2616 4558 :
2663 4505 2890 4573 Sidonii,
2935 4506 3117 4572 inquit,

1596 4570 1812 4633 tempore
1853 4570 2039 4624 Evarix
2082 4588 2169 4624 rex
2208 4570 2513 4636 Gothorum,
2560 4574 2798 4626 excedens
2842 4570 3122 4637 Hispanum

1596 4641 1826 4701 limitem,
1878 4656 2070 4710 gravem
2119 4642 2171 4692 in
2218 4641 2394 4693 Galliis
2442 4657 2585 4710 super
2611 4641 2918 4693 Christianos
2956 4644 3123 4693 intulit

1593 4710 2000 4776 persecutionem.
2033 4708 2312 4776 'l'runcabat
2343 4708 2525 4774 passim
2557 4711 2862 4774 pert'ersitati
2894 4727 2996 4762 sum
3025 4727 3120 4760 non

1595 4775 1971 4835 Consentieutes,
2003 4775 2204 4828 clericos
2232 4778 2506 4829 carceribus
2536 4778 2818 4842 subigebat;
2847 4779 3123 4828 sacerdotes

1593 4859 1702 4915 vero
1730 4845 1854 4894 alios
1884 4843 2029 4892 dabat
2059 4844 2254 4906 exsilio,
2289 4846 2415 4896 alios
2445 4845 2616 4915 gladio
2647 4845 2941 4915 trucidabat.
2988 4845 3121 4895 Nam

1592 4921 1638 4962 et
1680 4913 1810 4979 ipsos
1856 4927 2111 4979 sacrorum
2154 4913 2468 4979 templorum‘
2496 4914 2660 4963 aditus
2706 4914 2863 4972 spinis
2900 4914 3122 4977 jusserat

1592 4977 1807 5030 obserari
1833 4977 2013 5046 scilicet
2045 4989 2097 5030 ut
2124 4977 2304 5032 raritas
2331 4982 2637 5046 ingrediendi
2666 4980 2953 5031 oblivionem
2984 4982 3120 5044 face—

1591 5059 1662 5096 ret
1699 5046 1834 5111 ﬁdei.
1888 5044 2108 5099 Maxime
2144 5059 2257 5099 tunc
2288 5044 2775 5113 Nouempopulanw,
2822 5048 3122 5113 gemiquue

1592 5114 1875 5182 équltanim
1899 5116 2046 5182 urbes
2085 5117 2145 5165 ab
2185 5117 2274 5167 Itac
2316 5127 2594 5182 tempestate
2633 5116 2943 5178 dt‘pOpttlutm
2980 5124 3116 5166 sunt.

1594 5179 1860 5246 Exstalqne
1888 5180 2034 5231 Ito'die
2071 5195 2113 5232 et
2146 5202 2232 5248 pro
2263 5186 2353 5235 hac
2381 5179 2530 5234 causa
2566 5184 2630 5233 ad
2664 5182 2904 5232 Basiliam
2931 5183 3120 5245 episco-

1589 5265 1707 5315 pum
1737 5248 1909 5298 nobilis
1940 5249 2141 5301 Sidonii
2171 5254 2322 5317 ipsius
2353 5251 2580 5314 cpistola.
2631 5251 2749 5302 Haec
2778 5251 2883 5309 ille,
2919 5249 3117 5298 Sidonii

1595 5317 1791 5385 haerens
1814 5317 2063 5385 vestigiis.
2096 5319 2221 5371 Nam
2251 5321 2297 5370 itt
2322 5319 2721 5385 Novempopnlis
2743 5328 2860 5368 sunt
2887 5317 3116 5376 Elusani,

1590 5383 1830 5441 Vasates,
1876 5384 2163 5445 Convenm,
2211 5383 2539 5440 Auscenses:
2591 5383 2770 5450 reliqui
2823 5387 2870 5434 in
2920 5384 3117 5434 tlttalins

1589 5450 2047 5526 Atlllilallll5.nsed
2092 5456 2228 5526 apud
2255 5456 2557 5525 Gregorium
2605 5453 2851 5507 mendose
2895 5453 3117 5519 legitur:

1590 5537 1610 5583 ί
1621 5519 1889 5580 emiturque
1914 5516 2203 5575 Cermania‘.
