3812 6226
605 223 696 279 871
1461 266 1463 268 .
1577 212 1582 219 ’
1831 201 2062 270 SIDONII
2101 211 2188 266 AP

2288 207 2537 264 LINARIS
2619 262 2624 266 .
3683 207 3714 262 5

609 330 918 392 Gothorum,
948 341 1237 398 quanquam
1265 327 1333 381 sit
1355 325 1422 381 ob
1442 324 1628 380 virium
1659 323 1840 377 merits
1868 322 2138 386 terribilis,
2171 324 2219 380 Α
2247 318 2586 374 ecclesiarum
2613 318 2977 373 conventicula
3004 328 3293 378 rarescunt.
3322 317 3458 386 Quid
3479 317 3630 373 enim
3657 315 3739 372 fide

612 433 715 470 non
742 425 848 469 tant
877 410 1122 469 Romanis
1145 414 1404 469 moenibus
1424 427 1579 482 quam
1608 411 1810 479 legibus
1833 407 2147 462 Christianis
2247 408 2383 461 libus
2411 406 2581 460 solatii
2615 409 2887 473 superest,
2933 405 3158 475 quando.
3183 405 3443 463 clericalis
3482 420 3596 460 non
3636 406 3730 459 mod

585 502 970 558 insidiaturum
992 517 1228 572 pavesco.
1260 503 1507 567 Tantum,
1531 509 1589 554 ut
1609 499 1803 564 ferunt,
1823 496 1924 562 ori,
1950 503 2150 549 tantum
2246 495 2552 564 disciplina.
2591 507 2772 547 verum
2810 493 2968 547 etiam
3012 493 3280 552 memoria,
3306 492 3485 563 perit?
3535 492 3741 560 Equidet

617 593 811 661 pectori
853 605 949 645 suo
976 590 1217 645 catholici
1256 589 1452 644 mentio
1482 585 1709 641 nominis
1735 592 1880 645 acet,
1906 591 1990 636 -ut
2034 595 2145 634 am-
2245 599 2362 640 cum
2409 583 2630 637 clericus
2677 583 2896 650 quisque
2940 583 3273 649 defungitur,
3325 583 3371 638 si
3420 583 3731 636 benedictior

615 683 779 750 bigas,
809 680 1098 747 ampliusne
1141 691 1250 731 sua:
1292 678 1482 745 gentis,
1520 691 1587 729 an
1635 689 1746 729 suae
1790 682 1951 727 secta:
1978 677 2152 726 teneat
2247 672 2491 727 succidua
2535 686 2642 725 non
2689 671 2911 738 accipiat
2949 672 3214 740 dignitatis
3261 671 3529 726 Ita~redem
3554 711 3570 736 ,
3616 673 3666 724 lu
3702 672 3730 724 il

618 769 984 836 principatum.
1031 765 1110 820 Ad
1152 766 1280 830 hoc,
1327 766 1488 819 armis
1529 774 1744 833 potens,
1785 776 1908 818 acer
1928 759 2148 825 animis,
2247 761 2468 817 ecclesia
2503 758 2854 812 sacerdotium
2892 761 3134 825 moritur,
3165 775 3270 813 non
3306 760 3581 814 sacerdos.
3627 758 3732 826 Atqt

615 861 788 910 alacer
831 855 1016 922 annis,
1065 855 1203 908 hunc
1246 855 1416 908 solum
1466 854 1657 921 patitur
1700 865 1967 915 errorem,
2014 849 2152 917 quod
2251 851 2322 904 ita
2351 849 2472 918 quid
2501 849 2612 915 spei
2642 857 2845 901 restare
2876 850 3218 916 pronunties,
3260 850 3344 903 ubi
3385 849 3511 903 facit
3539 850 3731 903 termini

604 934 764 1013 putat
789 947 888 999 sibi
926 953 1236 998 tractatuum
1266 944 1709 1011 consiliorumque
1735 941 2032 996 successum
2061 940 2157 992 tri-
2247 938 2481 993 hominis
2510 937 2665 990 linem
2704 937 3014 1005 religionis?
3059 937 3230 991 Altius
3271 938 3512 1005 inspTcite
3551 935 3711 1005 spiritt

621 1036 708 1091 bui
738 1051 832 1104 pro
871 1036 1123 1101 religione
1160 1034 1410 1101 legitima,
1452 1047 1606 1100 quem
1653 1032 1823 1099 potius
1862 1029 2156 1097 assequitur
2254 1031 2381 1084 lium
2408 1028 2598 1082 damna
2625 1027 3005 1091 membrorum;
3035 1030 3269 1098 profecto
3293 1028 3598 1099 intelligetis
3616 1043 3706 1097 qua

620 1139 715 1191 pro
770 1124 1014 1176 felicitate
1069 1130 1295 1174 terrena.
1357 1120 1578 1188 Propter
1621 1119 1762 1187 quod
1811 1108 1996 1171 discite
2046 1116 2154 1168 cito
2252 1118 2618 1186 subripiuntur
2658 1118 2924 1186 episcopi,
2976 1127 3237 1173 tantorum
3284 1121 3433 1174 vobis
3481 1119 3717 1189 populat!

617 1211 864 1265 catholici
910 1219 1080 1266 status
1107 1207 1454 1270 valetudinem
1496 1207 1775 1271 occultam,
1823 1214 1882 1259 ut
1922 1212 2156 1273 apertam
2258 1209 2414 1263 fidem
2446 1196 2879 1276 periclitaturam.
2927 1208 3101 1262 Taceo
3123 1209 3625 1264 vestrosdGrocum
3657 1196 3757 1277 Sid

621 1298 878 1351 festinetis
929 1297 1182 1350 adbibere
1225 1297 1554 1351 medicinam.
1602 1295 1918 1362 Burdegala,
1967 1294 2157 1348 Petro-
2245 1299 2575 1368 -pliciumque
2624 1299 2889 1365 collegas,
2943 1313 3076 1366 quos
3123 1299 3387 1352 cathedris
3439 1299 3543 1352 sibi
3596 1297 3739 1351 traditi

625 1387 790 1449 εοτὶἱν
840 1385 1065 1448 “melli.
1112 1384 1446 1448 LemOViCBS.
1497 1382 1822 1449 Gabalitani.
1852 1391 1880 1419 “
1909 1380 2158 1443 Ειυεεηῖυ
2259 1389 2579 1452 eliminatos,
2626 1389 2811 1442 similis
2855 1389 3024 1443 exsilii
3065 1390 3261 1444 cruciat
3306 1404 3461 1458 poma
3500 1388 3735 1442 dissimili

629 1474 865 1540 Vasates,
882 1473 911 1513 δ
927 1474 1203 1540 Convenzn,
1228 1477 1546 1536 Auscenses.
1570 1473 1840 1541 multoque
1861 1472 1967 1540 jam
1993 1469 2162 1537 major

2288 1480 2494 1547 iamque
2521 1492 2655 1532 unus
2682 1479 2914 1546 ipsorum
2946 1492 3004 1532 se
3026 1479 3173 1532 dolet
3203 1494 3305 1531 non
3334 1478 3545 1545 videre,
3585 1491 3682 1546 quo

625 1579 874 1617 ιιιηηθτυε
918 1561 1209 1629 dilutum.
1258 1564 1476 1617 δυηιωίε
1522 1563 1880 1624 εδοθτάοιίδαε
1904 1609 1906 1611 ›
1927 1562 2160 1628 ipsorum
2264 1568 2422 1621 deat:
2452 1569 2584 1621 alter
2611 1581 2668 1621 se
2694 1567 2831 1620 dolet
2854 1567 3052 1630 videre,
3077 1583 3180 1634 quo
3207 1581 3308 1620 non
3339 1566 3497 1621 redit.
3527 1565 3605 1619 Tu
3629 1559 3746 1618 sacri

628 1663 797 1707 morte
818 1654 1090 1718 truncatis,
1115 1663 1137 1691 ε
1161 1667 1256 1706 nec
1283 1652 1403 1705 ullis
1430 1651 1676 1718 deinceps
1702 1650 1964 1718 episcOpis
1991 1648 2044 1701 in
2069 1647 2162 1702 de-
2190 1645 2239 1704 B
2265 1657 2582 1710 tissimorum
2617 1655 2921 1722 pontificum
2951 1654 3178 1718 Leontii,
3212 1654 3406 1716 Fausti,
3431 1652 3624 1713 Grati.
3648 1651 3747 1704 urlit

627 1751 924 1798 tunetorum
954 1743 1126 1795 officia
1151 1741 1382 1794 suffectis
1402 1739 1520 1806 (per
1541 1752 1678 1806 quos
1703 1739 1881 1804 utique
1905 1738 2174 1812 minorum.
2264 1744 2488 1806 ordine,
2535 1744 2754 1796 caritate
2804 1743 3007 1797 medius
3058 1743 3346 1797 inveniris:
3395 1757 3494 1810 per
3538 1753 3629 1794 vos
3669 1754 3699 1792 ιι

632 1830 874 1884 ordinum
899 1828 1182 1882 ministeria
1205 1826 1668 1892 subrogabantur),
1696 1825 1856 1878 latum
1879 1821 2169 1889 spiritualis
2266 1832 2522 1886 [macrum
2571 1839 2824 1895 conum,
2881 1845 2975 1897 per
3015 1845 3107 1885 vos
3145 1834 3290 1899 regni
3333 1832 3612 1896 utriusque
3659 1817 3744 1892 paci

635 1925 801 1976 ruitur:
826 1921 1043 1973 limitem
1073 1917 1247 1971 traxit.
1277 1918 1441 1981 Quam
1473 1916 1580 1969 fere
1608 1922 1822 1974 constat,
1840 1915 1915 1967 sic
1941 1926 2034 1980 per
2059 1912 2169 1965 sin—

2288 1923 2700 1990 :onditionesque
2737 1930 3030 1991 portantur.
3085 1924 3234 1990 Agite
3272 1931 3533 1989 quatenus
3579 1917 3685 1970 hac
3726 1913 3749 1972 ι

633 2014 782 2081 gulos
819 2011 933 2064 dies
972 2009 1284 2062 morientum
1317 2017 1521 2074 patrum
1554 2005 1806 2072 proficere
1832 2002 2074 2066 defectu,
2114 2010 2173 2056 ut
2267 2011 2532 2078 amicitia,
2579 2009 2861 2064 concordia
2909 2009 3241 2078 principalis,
3293 2019 3348 2061 ut
3393 2005 3675 2074 episcopali
3714 2018 3741 2056 α

632 2119 665 2157 ιι
689 2117 738 2154 in
777 2101 945 2154 solum
983 2098 1243 2167 quoslibet
1285 2097 1562 2151 haereticos
1597 2103 1945 2164 praesentum,
1987 2107 2170 2146 verum

633 2193 790 2244 et'am
821 2189 1194 2243 haeresiarchas
1235 2187 1465 2254 priorum
1505 2195 1798 2254 temporum
1839 2185 2064 2252 potuerit
2092 2185 2173 2238 in-

635 2282 894 2334 ﬂectere:
943 2278 1011 2331 ita
1057 2277 1278 2345 populos
1321 2290 1539 2330 excessu
1585 2276 1891 2344 pontificum
1937 2276 2170 2340 orbatos,

636 2369 802 2422 tristis
849 2365 1110 2420 intercisa:
1158 2364 1277 2418 fidei
1323 2365 1620 2432 desperatio
1662 2365 1874 2430 premit.
1923 2363 2072 2416 Nulla
2119 2364 2174 2416 in

634 2455 883 2509 desolatis
923 2469 1044 2507 cura
1085 2452 1403 2506 dimcesibus
1451 2451 1836 2519 parochiisque.
1884 2451 2076 2506 Videas
2123 2452 2174 2506 in

639 2543 886 2598 Ecclesiis
911 2552 1001 2594 aut
1029 2551 1205 2610 putres
1233 2542 1518 2595 culminum
1549 2542 1743 2614 lapsus,
1771 2551 1862 2594 aut
1887 2542 2041 2611 185
2063 2542 2175 2595 val-

638 2650 820 2688 varum
850 2634 1158 2686 cardinibus
1182 2634 1410 2696 avulsis,
1455 2633 1785 2686 basilicarum
1815 2634 1987 2687 aditus
2016 2633 2179 2702 hispi-

641 2725 850 2783 domm,
873 2726 1104 2793 veprium
1153 2723 1426 2778 fruticibus
1476 2724 1797 2778 obstructos.
1854 2723 2001 2792 Ipsa,
2047 2725 2179 2792 proh

641 2816 827 2871 dolor!
871 2815 1048 2868 videas
1087 2823 1348 2878 armenta,
1393 2828 1498 2866 non
1546 2813 1703 2867 modo
1747 2813 2180 2881 semipatentibus

562 2897 565 2901 ⁷
641 2908 816 2977 jacere
860 2905 1168 2970 vestibulis,
1226 2905 1319 2958 sed
1365 2905 1520 2958 etiam
1572 2905 1795 2958 herbosa
1842 2904 2177 2958 viridantium

2270 2102 2539 2157 dinatione
2586 2099 2867 2166 permissa,
2908 2099 3130 2166 populos
3167 2097 3451 2152 Galliarum
3494 2107 3626 2163 quos
3660 2092 3692 2146 Ε

2271 2189 2507 2245 Gothica:
2566 2189 2727 2242 sortis
2783 2187 3080 2248 incluserit,
3123 2196 3392 2239 teneamus
3433 2199 3503 2237 ex
3544 2182 3670 2245 fide,
3705 2189 3749 2232 et

2274 2295 2377 2334 non
2410 2289 2646 2332 tenemus
2675 2291 2737 2331 ex
2768 2276 2980 2330 fcedere.
3013 2276 3211 2328 Memor
3236 2273 3402 2328 nostri
3432 2287 3555 2327 esse
3581 2271 3720 2340 digus

2275 2368 2485 2424 domine
2510 2380 2662 2435 papa.

2692 2457 2844 2527 135
2883 2453 3206 2509 EPISTOLA
3261 2452 3364 2506 vn.

2464 2546 2705 2601 Sidonius
2734 2545 2937 2597 domino
2966 2561 3110 2614 pupis
3138 2553 3161 2581 ο
3201 2543 3373 2596 Greca
3396 2541 3631 2594 salutent.

2348 2636 2485 2689 Ecce
2515 2636 2703 2688 iterum
2746 2635 3020 2688 Amantius
3062 2622 3392 2701 nugigerulus
3423 2639 3612 2683 noster
3640 2625 3751 2686 Mals

2282 2723 2403 2776 liam
2436 2736 2584 2776 suam
2611 2724 2824 2789 repetit,
2872 2721 3087 2788 aliquid,
3120 2729 3177 2774 ut
3212 2720 3369 2774 moris
3395 2726 3503 2781 est,
3532 2717 3599 2771 de
3635 2730 3727 2768 mar

2282 2812 2381 2866 biis
2413 2813 2640 2866 civitatis
2682 2811 2899 2864 domum
2948 2816 3327 2878 reportaturus,
3375 2808 3418 2860 si
3467 2815 3643 2860 tamen
3681 2817 3731 2856 ca

2283 2904 2399 2970 plus
2455 2902 2690 2956 arriserit
2731 2919 2743 2954 :
2792 2915 2882 2968 per
2944 2915 3098 2970 quem
3151 2899 3460 2969 ioculariter
3510 2898 3651 2965 plura
3692 2909 3713 2961 ε

643 2996 882 3050 altarium
924 2995 1080 3046 latera
1118 2993 1348 3060 depasci.
1399 2993 1502 3047 Sed
1543 2993 1649 3059 jam
1696 3008 1792 3046 nec
1834 3009 1926 3061 per
1956 2995 2179 3048 rusticas
2207 2972 2251 3034 (ἶ
2285 2981 2440 3046 rirem
2469 3031 2482 3053 ,
2537 2991 2582 3045 si
2629 2991 2822 3058 pariter
2891 3004 3023 3044 unus
3077 2989 3317 3056 idemque
3372 2987 3575 3040 valeret
3619 2982 3730 3037 suis

647 3085 817 3138 solum
857 3083 1080 3136 solitudo
1120 3081 1432 3152 parochias:
1467 3082 1578 3149 ipsa
1625 3070 1840 3151 insuper
1868 3083 2180 3139 urbanarum

716 3284 743 3311 ⁸
769 3274 914 3328 Nulla
938 3284 1016 3328 est
1041 3275 1225 3344 injuria
1253 3276 1390 3342 quod
1417 3275 1671 3329 Elusanos
1696 3284 1963 3344 prmponat
1984 3275 2187 3328 «cteris

648 3344 1140 3409 NovempOpulanis.
1191 3343 1310 3395 Fuit
1335 3346 1473 3396 enini
1495 3383 1509 3406 ,
1537 3359 1654 3395 cum
1690 3343 1848 3395 Elusa
1884 3344 2189 3408 metropolis

647 3421 788 3466 esset
825 3412 982 3463 totius
1018 3411 1330 3477 provincias,
1375 3420 1428 3463 et
1456 3412 1553 3463 sub
1577 3426 1636 3464 ea
1667 3425 1785 3478 cunt
1815 3411 2031 3478 reliquis
2056 3409 2188 3462 civi-

650 3487 730 3531 tas
751 3479 1080 3539 Ausciorum,
1111 3492 1228 3542 qnte
1266 3492 1403 3529 nunc
1435 3477 1736 3542 metropolis
1771 3495 1804 3535 ε,
1833 3487 1891 3529 ιιι
1931 3485 2190 3530 testantur

654 3561 757 3598 non
796 3545 949 3596 modo
976 3554 1180 3596 veteres
1207 3543 1415 3596 Notitize
1446 3545 1830 3610 provinciarum
1851 3584 1866 3608 ,
1909 3546 1959 3597 in
2001 3545 2189 3612 quibus

652 3613 1122 3680 Novempopulanze
1163 3612 1401 3680 civitates
1446 3613 1544 3664 hoc
1587 3613 1740 3664 nitido
1769 3613 2184 3665 describuntur:

657 3679 948 3748 Metropolis
989 3682 1158 3731 civitas
1188 3679 1504 3745 Elusatium,
1550 3680 1724 3732 civitas
1755 3683 2059 3746 Aqucnsium
2079 3721 2092 3743 ,
2137 3689 2185 3733 et

653 3759 768 3826 post
797 3750 926 3826 alias
950 3758 1230 3826 postrema,
1261 3749 1432 3801 eicitur
1458 3749 1788 3826 Ausciorunt;
1825 3764 2004 3826 verum
2033 3751 2187 3826 etiam

652 3817 1058 3884 Subscriptiones
1107 3819 1436 3883 antiquarum
1489 3818 1834 3886 synodorum.
1904 3817 2186 3885 Agatbensi

655 3888 845 3946 etenim
872 3887 1091 3939 concilio
1121 3885 1544 3952 subscripserunt.
1571 3885 1757 3938 Clarus
1789 3887 1962 3939 Elusa:
1991 3898 2189 3938 metro~

692 3955 911 4006 olitanus
939 3965 991 4006 et
1033 3954 1259 4006 Nicetius
1287 3954 1596 4006 Ausciomm
1652 3955 1965 4020 episcopus;
2025 3958 2190 4006 Aure-

692 3969 911 4006 ontanus
939 3969 991 4006 et
1033 3969 1259 4006 Nicetius
1287 3969 1596 4006 AllSCl0:|lfll
1652 3969 1965 4020 episcopus;
2025 3969 2190 4006 Aure-

656 3969 875 4083 fianensi
938 4021 1042 4090 74
1085 4025 1251 4087 primo
1297 4021 1577 4086 Leontius,
1630 4039 1733 4075 non
1777 4023 2085 4085 Tolosanze,
2138 4030 2194 4074 ut

701 4104 935 4154 crperam
967 4103 1210 4140 excusunt
1241 4099 1340 4150 est,
1370 4091 1458 4140 sed
1493 4090 1732 4142 Elosanze
1759 4090 2062 4150 metropolis
2083 4129 2097 4150 ,
2141 4097 2195 4141 et

701 4104 935 4154 crperam
967 4103 1210 4140 excusunt
1241 4103 1340 4150 est,
1370 4103 1458 4140 seu
1493 4103 1732 4142 Etosanze
1759 4103 2062 4150 metropons
2083 4129 2097 4150 ,
2141 4103 2194 4141 et

662 4103 890 4224 Nicetius
911 4155 1044 4224 idem
1065 4156 1368 4224 Ausciorum
1389 4157 1680 4222 episcopus.
1708 4157 1948 4224 Remensi
1970 4158 2194 4224 denique

662 4223 797 4291 apud
826 4222 1169 4276 Flodoardutn
1204 4221 1291 4279 lib,
1317 4236 1372 4280 tt.
1403 4237 1520 4291 cap.
1545 4221 1597 4283 5’,
1627 4223 1983 4284 subscripsere
2013 4221 2191 4276 itidem

664 4289 895 4346 senocus
938 4291 1272 4341 Elosanensis
1316 4298 1370 4341 et
1414 4289 1702 4340 Audericus
1744 4291 2061 4342 Auscensis:
2106 4306 2196 4343 eo-

663 4361 882 4427 demque
923 4358 1166 4423 exemplo
1213 4357 1262 4407 in
1310 4358 1444 4419 aliis,
1478 4359 1704 4423 quandiu
1752 4359 2056 4427 metropolis
2102 4359 2197 4409 fuit

667 4426 841 4484 Elusa.
889 4427 1033 4480 Nunc
1064 4427 1222 4488 enim,
1257 4441 1371 4492 qua:
1401 4441 1575 4478 rerum
1607 4426 1782 4476 vices!
1813 4426 1923 4476 sine
1953 4428 2196 4491 episcopo

663 4499 713 4550 in
740 4500 905 4550 vicum
941 4510 1072 4561 pene
1099 4495 1306 4548 redacta
1333 4504 1431 4547 est.
1485 4495 1674 4546 Eusam
1719 4494 1784 4546 ab
1824 4493 2039 4554 incolis,
2084 4496 2193 4546 sive

666 4567 850 4616 Eosain
904 4566 1036 4626 dici,
1095 4572 1235 4616 recte
1281 4564 1454 4615 docuit
1506 4563 1736 4628 Scaliger
1773 4561 1836 4614 ad
1881 4563 2190 4616 Ausonium.

669 4633 855 4684 Errant
884 4649 1026 4696 vero,
1067 4644 1119 4684 et
1156 4635 1426 4685 Ammiano
1459 4632 1757 4684 Marcellino
1785 4645 2016 4684 errorem
2047 4631 2195 4682 affin-

666 4709 822 4768 guut,
867 4704 974 4768 qui,
997 4703 1046 4752 in
1091 4703 1170 4752 bis
1199 4703 1310 4767 ejus
1338 4702 1510 4753 verbis
1548 4702 1637 4753 lib.
1673 4717 1758 4762 xv,
1790 4699 1852 4751 In
1881 4700 2197 4752 Narbonensi

669 4767 804 4820 clusa
832 4780 900 4820 est
929 4767 1169 4820 Narbona
1210 4781 1255 4819 et
1296 4768 1478 4820 Tolosa
1501 4812 1514 4832 ,
1559 4783 1652 4835 pro
1681 4771 1823 4821 clusa
1856 4771 2064 4821 EIuSam
2095 4768 2195 4833 legi

671 4837 866 4888 volunt.
922 4836 1074 4886 Elusa
1115 4837 1252 4888 enim
1292 4837 1340 4889 in
1383 4837 1788 4904 Novempopulis
1829 4847 1941 4900 est,
1996 4853 2096 4889 non
2144 4839 2194 4888 in

671 4905 1010 4957 Narbonensi.
1043 4903 1146 4954 Nec
1175 4907 1345 4956 minus
1370 4904 1614 4956 falluntur
1640 4906 1726 4972 qui
1759 4907 2034 4958 Elusonem
2066 4907 2196 4956 Pau-

672 4977 756 5028 lini
803 4974 954 5038 epist.
985 4972 1046 5036 6,
1093 4972 1200 5024 sive
1241 4973 1566 5036 Elusionem,
1617 4985 1670 5025 ut
1714 4985 1794 5026 est
1837 4976 1885 5025 in
1927 4973 2198 5025 ltinerario

676 5041 1358 5109 UurdegalensiLeamtlent
1404 5055 1520 5092 cum
1573 5042 1726 5094 Elusa
1777 5043 1971 5093 faciunt
2012 5059 2024 5092 :
2077 5057 2195 5093 cum

676 5107 862 5164 Elusio‘
896 5112 1028 5160 inter
1071 5107 1313 5158 Tolosam
1355 5118 1408 5159 et
1447 5109 1738 5162 Narbonem
1792 5113 1890 5161 sita
1946 5109 2099 5161 fuerit
2147 5112 2196 5160 in

673 5179 1015 5236 Narbonensi,
1059 5175 1214 5226 Elusa
1253 5176 1386 5245 inter
1412 5179 1630 5229 Auscios
1667 5188 1719 5230 et
1756 5179 2118 5245 Burdegalam,
2149 5177 2197 5227 in

674 5247 1150 5312 NoveinpOpulana,
1179 5253 1233 5292 ut
1261 5244 1452 5313 dictum
1476 5255 1573 5296 est.
1607 5247 1680 5297 Ad
1709 5261 1821 5298 eam
1849 5244 2056 5313 queque
2085 5261 2202 5311 per-

676 5320 800 5368 tinet
827 5328 973 5367 vetus
1005 5314 1269 5376 inscriptio
1304 5311 1576 5378 Netnausi,
1621 5329 1737 5379 qua:
1775 5311 2006 5366 Continet
2034 5315 2200 5380 epita-

677 5386 851 5453 phium
876 5384 940 5453 VL.
969 5381 1179 5453 Taurini
1209 5381 1402 5453 Aurelii
1431 5380 1557 5453 civis
1589 5383 1871 5453 Elusensis.
2093 5445 2098 5449 _

746 5449 771 5485 ιι
793 5452 887 5512 Qui
929 5464 1067 5504 nunc
1092 5448 1484 5520 Gomingenses.
1516 5449 1936 5506 Narbonensibus
1972 5448 2204 5518 proximi

2288 3099 2539 3140 exercere
2581 3083 2700 3137 lzeta
2734 3093 2787 3137 et
2832 3083 2998 3138 tristia
3040 3082 3320 3137 sustinere.
3353 3077 3626 3148 Siquidem
3662 3089 3722 3129 ac

2289 3276 2353 3338 ad
2389 3275 2557 3328 fontes
2582 3275 2879 3329 Garumnae.
2912 3275 3106 3329 Horum
3135 3275 3257 3327 olim
3287 3272 3470 3326 civitas
3500 3269 3702 3336 Lugdutt

2288 3342 2599 3396 Λούγδουνον
2638 3350 2903 3395 ιονουενῶν
2945 3343 3083 3394 dicta
3134 3341 3377 3395 Straboni
3425 3351 3482 3392 et
3530 3338 3743 3392 Ptolemtt

2289 3366 2394 3396 Λου
2430 3366 2599 3396 οουνον
2639 3366 2903 3395 ιονουενων
2945 3366 3083 3394 υιυιᾰι
3135 3366 3377 3395 διηυυιιι
3425 3366 3482 3392 σι
3530 3366 3749 3392 ruuku

2289 3413 2356 3463 At
2377 3366 2799 3476 gomingensium
2823 3408 2978 3461 hodie
3002 3418 3157 3476 caput
3183 3418 3236 3462 et
3261 3410 3412 3462 sedes
3436 3408 3749 3476 episcopo"!

2288 3481 2471 3531 civitas
2519 3475 2874 3530 SJBertrandi
2915 3494 2928 3528 :
2978 3475 3133 3543 quam
3179 3479 3342 3544 ipsam
3377 3475 3732 3542 Lugdunume

2291 3546 2570 3613 persuadet
2597 3547 2750 3609 situs,
2778 3547 2844 3597 ab
2871 3559 2933 3597 eo
2963 3546 3087 3598 nihil
3116 3545 3457 3613 discrepans,
3501 3558 3654 3610 quem
3681 3557 3707 3594 u

2289 3611 2600 3667 Convenicre
2620 3613 2867 3666 describit
2885 3613 3166 3679 Gregorius
3181 3613 3378 3664 Tttron.
3399 3611 3491 3662 lib.
3511 3611 3751 3672 vincar»!

2290 3682 2464 3736 Posita
2507 3683 2644 3734 enim
2678 3691 2758 3734 est
2806 3683 2857 3734 in
2904 3683 3054 3734 colle.
3110 3680 3416 3745 Lugdunum
3445 3687 3626 3731 autetn
3651 3685 3720 3745 vet

2290 3749 2554 3803 Gallorum
2605 3751 2776 3818 lingua
2823 3757 2905 3802 est
2949 3748 3130 3803 Clarus
3162 3751 3336 3818 mons.
3380 3745 3586 3818 (Εριὶςί
3621 3745 3717 3813 quid

2291 3820 2640 3883 itinerarium,
2682 3814 2801 3872 cum
2833 3820 2898 3872 ab
2926 3819 3085 3884 Aquis
3109 3816 3421 3871 Tarbellicis
3445 3814 3688 3867 Tolosam

2290 3891 2521 3956 assignat
2549 3903 2639 3954 per
2669 3887 3007 3954 Lugdunum;
3054 3887 3178 3940 item
3209 3900 3328 3940 cum
3351 3884 3667 3956 ab_Age_nuo

2289 3951 2486 4010 dunum
2512 3951 2670 4008 millia
2696 3951 2937 4023 passuum
2961 3963 3219 4022 numerat,
3243 3955 3311 4009 65
3331 3955 3398 4008 de
3418 3951 3672 4020 Lugdune

2293 4040 2543 4077 venarum
2572 4027 2738 4091 accipi
2765 4024 2940 4077 debet.

2363 4102 2384 4129 ο
2434 4093 2543 4144 lloc.
2597 4088 2765 4158 ipsum
2819 4093 2870 4144 in
2929 4092 3294 4158 persecutione
3345 4088 3630 4142 Vanda'ica
3673 4088 3725 4158 ᾀς

2296 4158 2470 4211 Victor
2516 4153 2816 4221 Uticensis,
2864 4153 2944 4209 de'
2974 4159 3237 4224 episcOpis
3283 4171 3440 4223 agens
3495 4158 3549 4206 in
3595 4153 3728 4209 exsili

2296 4227 2455 4289 pulsis
2485 4227 2550 4276 ab
2582 4227 2878 4277 llunerico:
2916 4225 3130 4290 Quibus,
3161 4227 3345 4289 inquit,
3376 4226 3427 4274 in
3455 4224 3633 4275 exsilio
3658 4224 3750 4290 po!

2296 4294 2414 4343 dum
2452 4294 2613 4344 obitus
2649 4292 2948 4348 obvenisset,
2998 4306 3097 4342 non
3120 4289 3123 4290 ⁷
3146 4292 3318 4342 licebat
3359 4292 3414 4341 in
3456 4305 3631 4341 eorum
3661 4289 3728 4341 da

2296 4362 2424 4412 tibus
2469 4362 2594 4411 alios
2638 4361 2890 4412 ordinare.
2945 4359 3217 4426 Episcopis
3255 4373 3379 4426 ergo
3418 4365 3594 4409 morte
3619 4354 3718 4426 subl

2296 4443 2412 4480 cum
2459 4429 2542 4479 alii
2583 4444 2684 4481 non
2725 4423 3152 4492 subrogarentur,
3205 4443 3296 4493 per
3320 4423 3474 4491 'quos
3524 4423 3743 4493 presbytt

2299 4497 2547 4550 diacones
2576 4497 2858 4563 exterique
2887 4496 3190 4548 inferiorum
3210 4492 3464 4563 ordinum
3500 4492 3708 4563 cier-icit

2242 4559 2271 4581 "
2297 4573 2599 4630 gnarentur,
2627 4559 2880 4616 summam
2917 4566 2966 4615 in
2996 4563 3245 4617 Ecclesiis
3274 4561 3522 4615 omnibus
3546 4559 3751 4616 vastilstl

2299 4634 2443 4696 sequi
2477 4647 2689 4686 necesse
2720 4644 2852 4684 erat.

2368 4697 2393 4737 ἀ
2416 4699 2582 4754 Croco
2619 4701 2864 4766 episcOpo
2902 4701 3037 4754 inter
3072 4701 3203 4752 alios
3227 4699 3479 4764 inscripta
3512 4706 3594 4755 est
3617 4697 3735 4766 epis!

2302 4769 2478 4821 Lucidi
2531 4763 2844 4835 presbyteri.
2893 4769 2966 4820 Ex
3001 4784 3102 4836 quo
3144 4771 3303 4835 liquet
3341 4763 3490 4820 illum
3535 4763 3734 4836 inter“

2299 4837 2498 4903 synodo
2527 4837 2834 4888 Arelatensi.
2886 4837 3172 4902 Episcopus
3200 4840 3296 4898 fuit
3325 4835 3747 4894 Numanae-sil;l

2302 4906 2568 4970 Simplicio
2593 4913 2785 4970 autem,
2817 4918 2918 4955 non
2946 4905 3125 4968 liquet.

2372 4984 2395 5010 ο
2420 4969 2676 5041 Episcopo
2704 4971 3008 5024 Massiliensi
3027 5011 3042 5036 ,
3070 4973 3135 5024 de
3165 4987 3268 5037 quo
3305 4987 3487 5038 supra.
3538 4969 3746 5041 Scripta:

2305 5036 2538 5103 tempore
2566 5036 2666 5110 quo
2709 5057 2770 5093 ex
2799 5041 3018 5110 findere
3067 5036 3205 5110 pacis
3252 5057 3281 5094 a
3323 5036 3529 5110 Nepote
3558 5036 3688 5105 init;

2303 5113 2510 5171 Eurico,
2541 5107 2762 5164 Arverni
2787 5107 2971 5162 Gothis
3008 5125 3035 5159 a
3072 5109 3258 5175 quibus
3286 5111 3335 5162 vi
3371 5107 3490 5176 capi
3523 5123 3626 5163 nul
3652 5107 3751 5176 με

2306 5190 2453 5241 rant,
2497 5180 2612 5231 dedi
2656 5178 2784 5244 jussi
2829 5187 2950 5230 sunt
2979 5187 3032 5227 ut
3064 5179 3256 5229 dictum
3287 5186 3369 5230 est
3397 5179 3463 5230 ad
3491 5177 3751 5244 epistohﬁ

2307 5249 2396 5300 lib.
2429 5264 2502 5299 ιιι.
2554 5249 2831 5315 Propterea
2861 5244 3106 5315 Sidonius
3151 5261 3276 5315 non
3301 5246 3570 5315 immerito
3604 5244 3751 5315 qua!

2307 5309 2946 5438 Arvjrtnorum'meliorem
2969 5313 3128 5369 fuisse
3148 5313 3246 5368 sub
3266 5313 3406 5370 bello
3427 5327 3585 5383 quam
3602 5309 3723 5370 sibi

2307 5399 2403 5438 con
2446 5402 2457 5438 ι
2485 5399 2674 5438 tonent.

2307 5394 2674 5440 conditionem.
