3812 6226
22 238 68 289 rs
1058 286 1061 289 _
1162 230 1627 293 EPISTOLARUM
1664 228 1787 287 Lm.
1831 233 1933 288 ιιι.
2019 200 2021 205 ⁴

3048 241 3149 296 576

22 350 55 402 ie
79 358 201 401 nunc
232 353 316 401 est
351 345 597 402 infelicis
629 345 801 415 anguli
839 352 1037 409 status;
1076 344 1245 413 cujus,
1274 350 1332 397 ut
1374 344 1510 396 fama
1543 343 1587 402 Α
1616 343 1847 413 Namque
1872 344 1974 399 alia
2000 346 2145 415 regio
2166 345 2356 400 tradita
2391 345 2661 403 servitium
2689 358 2887 417 sperat,
2918 352 3148 406 Arverna

22 426 256 498 inﬁrmat,
299 436 505 488 melior
557 433 655 490 luit
699 433 795 487 sub
847 432 985 487 bello
1030 447 1186 500 quam
1237 432 1336 484 sub
1378 445 1511 499 pace

22 525 201 585 tnditiu.
256 521 423 577 Facta
470 532 559 578 est
599 524 827 577 servitus
870 530 1047 576 nostra
1092 521 1314 589 pretium
1357 534 1507 574 secu-

22 617 127 668 tatis
174 614 381 667 aliena.
440 617 808 672 Arvernorum
844 648 862 678 ,
921 611 1052 679 prbb
1088 604 1282 665 dolor!
1342 610 1511 663 servi-

22 720 83 758 ts:
109 702 211 771 qui,
242 701 287 755 si
320 702 509 769 prisca
540 702 943 769 replicarentur,
980 699 1243 755 audebant
1266 713 1323 752 se
1343 713 1510 767 quon—

22 807 81 845 ιιι
107 792 284 845 fratres
324 789 494 843 Latio
527 789 725 855 dicere,
758 799 813 844 et
850 790 1104 857 sanguine
1126 790 1194 841 ab
1231 789 1510 881 lliacotpo-

22 884 105 939 ales
124 888 457 950 computare.
490 881 547 935 Si
572 881 804 935 recentia
832 880 1278 943 memorabuntur,
1311 879 1345 931 ii
1384 879 1519 932 sunt

22 972 51 1023 ti
70 970 248 1025 viribus
274 969 517 1038 propriis
542 968 770 1022 hostium
812 968 1136 1036 publicorum
1166 980 1310 1021 arma
1333 980 1507 1019 remo—

22 1062 65 1114 ill
83 1069 192 1115 sunt
217 1075 230 1111 :
260 1059 349 1112 cui
394 1072 546 1128 saepe
585 1057 781 1127 populo
803 1057 1005 1111 Gothus
1043 1071 1151 1110 nou
1182 1055 1286 1110 luit
1326 1056 1506 1108 clauso

22 1162 93 1203 ius
111 1150 295 1203 mmnia
324 1134 634 1214 forinidini,
662 1160 782 1201 cum
823 1146 1060 1203 vicissim
1089 1145 1203 1213 ipse
1228 1143 1381 1199 ﬁeret
1407 1157 1504 1211 ep-

22 1236 323 1307 iguatoribu's
358 1237 555 1304 positis
584 1236 720 1290 intra
747 1244 919 1291 castra
942 1236 1154 1297 terrori,
1181 1234 1241 1287 Hi
1267 1245 1390 1287 sunt
1412 1231 1502 1298 qui

22 1330 59 1380 bi
102 1327 354 1380 adversus
409 1316 707 1382 vicinorum
762 1323 929 1380 aciem
975 1331 1080 1382 tam
1151 1322 1310 1376 duces
1355 1321 1503 1375 fuere

22 1430 105 1467 iam
132 1414 347 1467 milites.
386 1413 467 1467 De
507 1398 731 1483 quorum
766 1420 938 1471 tamen
963 1418 1107 1465 sorte
1130 1409 1497 1477 certaminum,

42 1504 143 1571 quid
171 1517 494 1571 prosperum
514 1503 696 1567 cessit,
726 1515 822 1556 vos
858 1500 1088 1555 secunda
1129 1499 1299 1554 solata
1343 1507 1494 1564 sunt;

56 1594 160 1658 quid
206 1594 547 1649 contrarium
575 1631 594 1662 ,
646 1591 766 1647 illos
809 1590 1028 1644 adversa
1084 1588 1370 1656 fregerunt.
1423 1588 1498 1643 Illi

1611 435 1941 503 supplicium.
1990 435 2128 490 Sane
2166 437 2209 490 si
2256 436 2522 500 medicari,
2550 439 2744 492 nostris
2771 440 2921 509 181
2952 438 3150 496 ultimis

1612 537 1715 575 non
1742 523 1949 587 valetis,
1973 524 2154 577 saltem
2185 522 2283 579 hoc
2314 523 2505 580 efﬁcite
2532 540 2686 593 prece
2713 527 2911 589 sedula,
2954 536 3008 581 ut
3036 541 3150 582 san-

1609 611 1723 679 guis
1745 610 1882 664 vivat
1908 626 2127 677 quorum
2154 622 2235 666 est
2264 613 2513 666 moritura
2543 613 2760 668 libertas
2799 630 2813 666 :
2845 624 3029 683 parate
3049 630 3147 669 ex-

1608 702 1810 755 sulibus
1849 710 2064 765 terram,
2106 702 2375 769 capiendis
2420 702 2853 768 redemptionem,
2898 702 3147 757 viaticum

1608 791 2030 858 peregrinaturis.
2056 791 2112 845 Si
2157 777 2335 843 murus
2384 800 2564 843 noster
2608 792 2844 858 aperitur
2888 790 3146 853 hostibus,

1607 895 1712 934 non
1740 880 1810 933 sit
1836 880 2044 934 clausus
2068 889 2242 934 vester
2265 880 2579 947 hospitibus.
2607 876 2806 936 Memor
2836 881 3001 935 nostri
3027 895 3148 937 esse

1605 968 1841 1037 dignare,
1870 967 2081 1060 do‘mine
2109 982 2263 1035 papa.

2137 1054 2457 1110 EPISTOLA
2512 1055 2645 1109 Vill.

1670 1156 1674 1159 ‘
1739 1145 1983 1200 Sidonius
2008 1145 2207 1197 domino
2236 1160 2381 1214 papa
2399 1154 2425 1216 λε
2451 1142 2745 1211 Euphronio
2767 1146 2998 1200 salutem.

1585 1282 1591 1284 ν
1671 1233 2101 1300 Quandoquidem
2126 1247 2210 1285 me
2250 1231 2507 1286 clericalis
2534 1231 2691 1286 cilicii
2729 1233 2931 1287 vincula
2961 1235 3145 1305 ligant,

1602 1319 1959 1374 felicissimum
2002 1320 2377 1396 mediocritatis
2428 1336 2558 1375 mete
2603 1329 2798 1375 statum
2843 1325 3147 1391 pronuntia—

1603 1396 1809 1478 γεω,ηεί
1841 1411 1989 1464 nobis
2030 1410 2352 1464 haberentur
2378 1408 2406 1448 ἀ
2434 1425 2590 1480 quam
2643 1412 2910 1467 territoria
2956 1415 3147 1479 vicina,

1603 1510 1705 1555 tam
1749 1499 1963 1553 mmuia.
2014 1499 2089 1553 De
2131 1499 2362 1552 minimis
2390 1498 2634 1553 videlicet
2682 1502 2841 1555 rebus
2896 1517 3147 1557 coronam

1601 1597 1743 1643 tuam
1789 1588 2134 1653 maximisque
2180 1588 2510 1641 consulerem
2545 1588 2839 1659 :fieretque
2883 1593 3147 1647 actionum

22 1699 131 1737 more
149 1682 456 1752 reipublicz
485 1691 511 1719 ι
540 1681 875 1745 Seronatum,
914 1679 1150 1733 barbaris
1196 1679 1493 1749 provincias
1528 1674 1570 1732 Β
1598 1691 1830 1731 mearum
1852 1677 1998 1744 quasi
2027 1675 2320 1743 cujuspiam
2351 1676 2495 1729 lluvii
2536 1677 2918 1745 placidissimus
2962 1695 3147 1735 cursus

22 1774 305 1836 rnpinantem
362 1785 481 1823 non
532 1768 1013 1835 timuere'legibus
1056 1767 1296 1830 tradere;
1346 1783 1501 1836 quem

22 1861 234 1913 invictum
258 1859 524 1926 deinceps
550 1857 855 1926 respublica
883 1857 969 1909 vix
999 1856 1332 1925 praesumpsit
1360 1858 1502 1910 occi-

22 1963 101 2002 ωε.
136 1948 361 2002 ﬂoccine
409 1955 722 2003 meruerunt
764 1944 964 2011 inopia,
1016 1940 1244 2011 ﬂamma,
1275 1944 1495 2008 ferrum,

22 2038 259 2103 enitentis,
280 2040 516 2107 pingues
545 2036 780 2095 caedibus
821 2034 999 2103 gladii.
1045 2036 1198 2103 186
1241 2043 1295 2088 et
1338 2034 1503 2088 macri

22 2129 159 2195 :jttniis
197 2127 583 2197 przeliatoresl
630 2126 851 2192 Propter
894 2122 1047 2190 hujus
1086 2132 1258 2176 tamen
1290 2122 1500 2192 inclytae

22 2218 101 2270 scis
120 2217 591 2285 exspectationem,
618 2216 827 2269 avulsas
875 2212 1163 2267 muralibus
1190 2211 1338 2265 rimis
1380 2211 1502 2267 lteb

22 2322 68 2355 ιιι
90 2307 133 2357 in
161 2308 325 2359 cibum
360 2306 665 2368 traximus;
689 2305 883 2359 crebro
909 2318 1003 2372 per
1030 2302 1380 2370 ignorantiam
1409 2316 1501 2356 ve.

22 2392 157 2444 cuius
174 2393 504 2461 graminibus
542 2392 746 2456 inlecti,
766 2407 882 2459 quae
910 2390 1210 2444 indiscretis
1228 2389 1369 2442 loliis
1389 2403 1501 2442 suc-

22 2480 139 2546 isque
156 2480 452 2543 viridantia,
485 2493 629 2548 saepe
664 2494 849 2533 manus
878 2478 1013 2534 fame
1060 2478 1309 2532 concolor
1353 2476 1496 2545 legit.

22 2568 75 2619 ἰο
97 2569 149 2619 iis
173 2575 244 2620 tot
270 2562 870 2636 tantisquedevotionis
908 2567 1285 2635 experimentis
1334 2567 1499 2620 nostri

24 2665 223 2721 quantum
266 2657 453 2724 audio)
506 2656 642 2709 facta
691 2656 895 2724 jactura
940 2664 1024 2709 est
1071 2673 1085 2707 :
1122 2655 1328 2723 pudeat
1379 2669 1496 2719 vos,

22 2761 242 2811 mmor,
271 2746 434 2816 hujus
466 2745 681 2801 findet-is
706 2762 804 2800 nec
830 2748 971 2801 utilis
1014 2762 1112 2802 nec
1153 2748 1353 2802 decori.
1398 2747 1499 2801 Per

22 2848 75 2887 ins
108 2835 375 2903 legationes
424 2844 624 2889 meant.
681 2834 844 2888 Vobis
890 2835 1150 2902 primum,
1198 2850 1496 2903 quanquam

22 2924 185 2991 irincipe
205 2925 441 2989 absente,
473 2939 580 2977 non
607 2925 776 2978 solum
807 2933 1026 2976 tractata
1054 2936 1382 2993 reserantur,
1407 2940 1497 2979 ve-

1604 1778 1761 1836 atque
1790 1767 2102 1831 inoffensus,
2128 1768 2172 1820 si
2194 1782 2226 1820 e
2254 1774 2475 1837 tractatu
2499 1775 2589 1821 tuo
2639 1770 2803 1822 veluti
2840 1785 2871 1823 e
2912 1771 3149 1824 saluber-

1602 1856 1738 1910 rimo
1767 1856 1909 1909 lonte
1933 1862 2188 1910 manaret.
2217 1854 2403 1909 Procul
2434 1857 2593 1909 dubio
2614 1866 2734 1909 tunc
2760 1858 2845 1911 ille
2872 1872 2975 1911 non
3004 1868 3147 1917 esset

1602 1956 1694 2000 aut
1720 1962 1999 2014 spumosus
2025 1962 2119 2015 per
2152 1947 2481 2015 jactantiant,
2513 1959 2601 2001 aut
2633 1950 2870 2003 turbidus
2907 1966 3001 2018 per
3052 1957 3146 2005 Su-

1603 2036 1860 2103 perbiam,
1884 2044 1972 2088 aut
1992 2050 2236 2089 caenosus
2262 2032 2355 2102 per
2380 2035 2779 2101 conscientiam,
2806 2049 2890 2091 aut
2912 2053 3145 2107 prteceps

1600 2141 1695 2194 per
1716 2125 2070 2193 juventutem.
2115 2124 2250 2188 Quin
2300 2124 2472 2191 potius
2516 2125 2570 2177 in
2618 2126 2714 2179 illo
2760 2126 3053 2194 squalidum
3099 2129 3144 2184 si

1600 2213 1723 2281 quid
1753 2227 1813 2266 ac
1837 2212 2312 2288 putresorderet,
2360 2220 2525 2265 totum
2564 2213 2620 2268 id
2660 2213 2889 2268 admixta
2938 2217 3142 2271 consilii

1601 2301 1677 2355 tui
1707 2316 1837 2354 vena
1864 2301 2105 2354 dilueret.
2128 2299 2231 2354 Sed
2261 2300 2399 2368 quod
2430 2300 2787 2368 hujuscemodi
2815 2306 2950 2357 vetis
2975 2306 3142 2373 spatia

1599 2398 1723 2444 sunt
1744 2390 1896 2458 longa
1924 2391 2061 2443 inter
2079 2389 2244 2457 posita
2276 2390 2705 2467 praepedimento,
2729 2392 2911 2445 sedulo
2934 2407 3139 2460 precor,

1599 2489 1656 2533 ut
1696 2480 2057 2533 consulentem
2110 2479 2178 2532 de
2228 2477 2474 2543 scrupulo
2519 2478 2741 2531 incursae
2790 2479 3141 2547 ambiguitatis

1598 2569 1881 2635 expedias:
1913 2577 1965 2621 et
1990 2566 2114 2635 quia
2152 2574 2175 2601 ο
2222 2564 2545 2633 Simplicium
2592 2566 2927 2632 spectabilem
2973 2567 3143 2624 virum

1599 2645 1902 2726 episcopum
1953 2655 2067 2711 sibi
2117 2656 2313 2723 ﬂagitat
2369 2656 2591 2723 populus
2641 2655 2837 2709 Biturix
2886 2656 3137 2722 ordinari,

1598 2751 1721 2821 quid
1766 2764 1924 2818 super
1965 2756 2111 2801 tanto
2148 2746 2369 2800 debeam
2416 2746 2625 2814 negotio
2666 2746 2838 2799 facere
2866 2747 3137 2801 decernas.

1598 2840 1764 2908 llujus
1793 2824 1855 2892 esi
1882 2852 2105 2902 namque
2136 2837 2216 2888 vel
2252 2848 2379 2902 erga
2408 2848 2493 2887 me
2532 2834 2868 2902 dignationis,
2892 2837 2971 2889 vel
3017 2850 3139 2905 erga

1599 2930 1829 2996 reliquos
1862 2928 2016 2996 138
2044 2924 2387 2988 auctoritatis,
2411 2924 2530 3003 ut_si
2558 2924 2679 2991 quid
2705 2923 2816 2977 lieri
2850 2926 2990 2978 voles
3020 2926 3139 2995 (vo-

22 3024 89 3063 ιιιιι
108 3012 245 3064 etiam
291 3011 1030 3065 tractanda'committuutur.
1076 3011 1360 3064 Veniabilis
1399 3014 1490 3087 sit,
1519 3004 1564 3064 C
1596 3018 1672 3071 les
1700 3025 1871 3069 autem
1912 3013 2165 3082 quidquid
2208 3004 2566 3081 aequissimum
2605 3014 2729 3082 est),
2762 3028 2865 3068 non
2916 3014 3140 3071 suadere

22 3112 265 3161 Impetus,
313 3100 456 3167 apud
488 3112 643 3152 aures
688 3108 890 3152 vestras
931 3098 1167 3152 veritatis
1211 3100 1485 3166 asperitas,

22 3185 113 3251 :ujus
134 3187 339 3241 convicii
381 3187 634 3242 invidiam
662 3186 815 3241 dolor
839 3186 1012 3256 eripit.
1046 3187 1238 3240 Parum
1263 3187 1317 3241 in
1338 3203 1487 3243 com-
1520 3186 1529 3199 '

22 3278 440 3335 unaccousulitis:
482 3287 537 3333 et
581 3292 700 3332 cum
747 3277 802 3331 in
849 3278 1127 3332 concilium
1171 3278 1485 3343 convenitis,

22 3373 189 3419 tonum
214 3381 351 3422 cura:
394 3376 482 3423 est
525 3367 751 3437 publicis
788 3367 986 3423 mederi
1018 3369 1286 3437 periculis,
1332 3384 1486 3437 quam

22 3456 172 3513 vivatis
194 3459 401 3514 studere
422 3458 685 3511 fortunis:
711 3458 850 3527 quod
894 3458 1073 3526 utique
1114 3471 1256 3525 saepe
1298 3457 1490 3525 diuque

22 3544 220 3612 icientes,
240 3548 345 3615 jam
376 3546 404 3587 δ
433 3563 539 3602 non
566 3547 723 3616 primi
767 3548 1281 3616 comprovincialium
1325 3548 1488 3614 ccepi-

22 3632 79 3683 tlis
100 3648 214 3700 sse,
236 3635 325 3691 sed
348 3634 544 3693 ultimi.
575 3640 644 3689 At
668 3650 939 3703 quousque
973 3636 1088 3689 istae
1115 3645 1362 3703 poterunt
1393 3636 1489 3688 du-

22 3734 94 3773 rare
107 3722 389 3794 praesagia!
417 3725 535 3783 Non
560 3724 701 3779 enim
728 3724 921 3778 diutius
943 3724 1042 3792 ipsi
1074 3724 1299 3792 majores
1323 3725 1487 3778 nostri

22 3810 84 3864 ioc
102 3814 283 3870 nomine
304 3816 690 3883 gloriabuntur,
725 3816 811 3883 qui
852 3816 1081 3867 minores
1106 3814 1359 3880 incipiunt
1383 3827 1485 3866 non

22 3898 168 3955 habere.
192 3904 511 3972 Quapropter
533 3906 612 3963 vel
646 3905 887 3967 consilio,
931 3918 1035 3970 quo
1079 3904 1326 3969 potestis,
1376 3912 1486 3955 sta.

22 3996 91 4040 tam
109 3995 369 4047 concordia:
399 4002 503 4047 tam
533 3994 700 4060 turpis
728 3992 961 4057 incidite.
992 3991 1175 4043 Adhuc
1197 3993 1240 4043 si
1271 4004 1488 4045 necesse

22 4076 291 4142 etobsideri,
318 4080 495 4132 adhuc
523 4096 773 4147 pugnare,
803 4079 973 4139 adhuc
1000 4079 1201 4131 esurire
1236 4078 1481 4132 delectat.

22 4162 53 4213 Si
72 4179 170 4219 vero
191 4166 457 4233 tradimur,
487 4168 576 4236 qui
601 4182 704 4220 non
731 4167 991 4235 potuimus
1020 4167 1217 4219 viribus
1237 4167 1481 4230 obtineri,

22 4252 213 4314 invenisse
236 4277 325 4315 vos
348 4270 548 4315 certum
576 4268 675 4322 est,
705 4256 827 4324 quid
865 4256 1143 4310 barbarum
1194 4256 1485 4310 suaderetis

22 4340 269 4408 linaviﬁed
292 4365 383 4405 cur
409 4347 583 4403 dolori
630 4347 792 4400 nimio
832 4346 978 4399 lrena
1021 4346 1289 4399 laxamus?
1343 4347 1476 4410 Quin
1503 4332 1556 4391 Ι)

22 4435 140 4497 potius
163 4439 392 4507 ignoscite
417 4440 651 4503 afﬂictis,
700 4452 795 4491 nec
822 4438 1070 4505 imputate
1111 4437 1473 4492 maerentibus.

24 4544 179 4659 “3'5‘
216 4549 285 4605 De
317 4567 418 4621 quo
463 4549 555 4603 lib.
603 4564 670 4616 ιι,
717 4550 868 4616 epist.
907 4563 959 4611 ι,
999 4555 1054 4601 et
1097 4547 1187 4600 lib.
1232 4563 1285 4611 v,
1324 4550 1481 4615 epist.

46 4625 121 4663 1111.

60 4678 443 4754 .‘Episeoporum
496 4686 779 4754 provincia:
842 4684 1208 4754 Arelatensis,
1262 4685 1484 4739 Massilia

26 4746 109 4814 illim
130 4746 380 4814 provincia:
433 4746 601 4806 luerat
635 4752 952 4807 Viennensis
981 4770 994 4804 :
1023 4764 1075 4805 at
1120 4752 1324 4809 Sidonii
1370 4769 1483 4806 aevo

28 4812 252 4889 ιξιειλίιιιιιιιΔ
279 4823 670 4874 attribuebatttr.
721 4821 834 4873 iam
881 4822 1018 4875 enim
1075 4823 1263 4875 Leonis
1308 4824 1481 4889 magni

28 4880 179 4953 flciteto
210 4885 361 4955 divisa
402 4892 452 4940 in
481 4890 608 4941 duas
641 4889 810 4943 fuerat
842 4892 1105 4954 provincia
1137 4880 1478 4955 Viennensis;

30 4958 132 5023 ειὶυι
162 4965 263 5023 pars
282 4954 495 5009 Vienna:
524 4959 735 5010 cederet
768 4958 1066 5023 metropoli,
1100 4972 1219 5021 pars
1246 4960 1477 5012 Arelato.

32 5008 450 5092 lltlst__Arelatensis
482 5008 668 5077 sulem
694 5008 997 5091 provinciis
1032 5008 1477 5092 nimias—initiis

30 5084 311 5159 ﬁtillassilia
338 5106 353 5153 ;
384 5102 492 5143 tum
533 5084 749 5153 Avenio,
794 5096 1033 5155 Arausio,
1077 5084 1477 5159 Carpentorate,

36 5145 218 5229 Ῡιίὶξιρι
252 5145 377 5229 aliae.
437 5160 600 5211 Primi
644 5145 765 5225 ergo
811 5145 1324 5229 comprovincialium

34 5219 602 5297 fcopi.llassi_lietts_cs._At
646 5219 802 5288 nu'nc,
845 5219 1216 5297 ait-Sidonius,
1261 5219 1491 5297 reliquis

36 5280 106 5362 lete
122 5286 377 5345 civitatibus
401 5295 452 5345 in
482 5292 770 5362 Gothorum
790 5280 876 5345 ’νει
924 5280 1353 5361 Burgundionum
1368 5280 1472 5362 ‘de

40 5356 207 5407 letalem
230 5362 455 5431 redactis,
476 5360 714 5431 jamgnon
743 5362 889 5428 primi
918 5363 967 5415 in
990 5356 1050 5415 ea
1078 5367 1334 5431 provincia
1367 5356 1474 5420 cm-

40 5431 162 5482 lerant
180 5437 295 5490 esse,
319 5430 404 5481 sed
436 5429 627 5481 ultimi.

82 5499 98 5525 ¹
119 5496 521 5562 Augustodunensi
547 5498 788 5585 episcopo
820 5515 833 5552 :
860 5499 1110 5572 advqucm
1142 5509 1221 5556 est
1243 5501 1393 5569 epist.
1415 5503 1472 5569 Ξ,

1591 3115 1695 3158 tam
1731 3102 1944 3166 debeas,
1970 3116 2125 3169 quam
2148 3101 2354 3169 jubere.
2403 3101 2478 3154 De
2515 3116 2618 3169 quo
2648 3111 2820 3156 tamen
2868 3103 3140 3172 Simplicio

1586 3194 1776 3248 scitote
1802 3192 2003 3245 narrari
2031 3190 2253 3257 plurima
2278 3189 2435 3253 bona,
2459 3200 2615 3259 atque
2641 3207 2700 3245 ea
2721 3193 2934 3260 quidem
2962 3209 2992 3248 a
3021 3195 3137 3261 pitt-

1588 3284 1735 3337 rimis
1760 3281 1929 3335 bonis.
1960 3281 2088 3347 Quae
2116 3280 2414 3333 testimonia
2462 3278 2591 3332 mihi
2632 3280 2798 3347 prima
2828 3282 2997 3335 fronte
3025 3284 3136 3336 col-

1588 3373 1750 3443 loquii
1770 3387 1873 3426 non
1900 3372 2026 3425 satis
2051 3379 2222 3440 grata,
2251 3369 2373 3437 quia
2400 3368 2528 3423 satis
2550 3370 2799 3437 gratiosa,
2824 3368 3138 3437 judicaban-

1588 3474 1691 3518 tur.
1732 3468 1800 3517 At
1829 3471 2101 3530 postquam
2149 3459 2369 3515 aemulos
2410 3462 2524 3527 ejus
2571 3459 2700 3513 nihil
2756 3460 2862 3514 vidi
2906 3461 3133 3528 amplius

1588 3569 1745 3624 quam
1792 3553 1971 3617 silere,
2010 3560 2169 3620 atque
2210 3564 2302 3603 eos
2346 3550 2571 3603 maxime
2609 3550 2697 3616 qui
2748 3548 2904 3603 ﬁdem
2953 3550 3133 3604 lavent

1587 3646 1929 3706 Arianorum;
1953 3639 2412 3709 neque'quippiam
2439 3638 2726 3701 nominato,
2757 3637 2882 3692 licet
2908 3636 3128 3691 necdum

1588 3744 1781 3790 nostrai
1812 3734 2172 3802 professionis,
2204 3732 2440 3785 illicitum
2469 3731 2663 3798 opponi
2695 3747 2707 3782 :
2754 3732 2986 3784 animum
3032 3732 3127 3785 ad-

1586 3825 1717 3876 verti
1744 3821 2133 3875 cxactissimum
2162 3820 2329 3871 virum
2355 3833 2511 3885 posse
2536 3819 2764 3881 censeri,
2810 3820 2874 3871 de
2902 3834 3006 3885 quo
3049 3820 3129 3873 ci.

1586 3911 1662 3961 vis
1689 3909 1855 3960 malus
1884 3906 2044 3975 loqui,
2071 3905 2239 3957 bonus
2280 3912 2452 3956 tacere
2493 3918 2598 3955 non
2639 3913 2831 3968 posset.
2882 3904 2984 3957 Sed
3032 3920 3128 3958 cur

1585 4011 1682 4064 ego
1704 3996 1801 4052 ista
1830 3994 1943 4047 haec
1973 3993 2180 4058 ineptus
2220 3990 2411 4057 adjeci.
2461 4000 2707 4057 tanquam
2736 3990 2916 4043 darem
2949 3993 3126 4046 consi-

1582 4087 1711 4141 lium
1773 4083 1861 4153 qui
1908 4081 2165 4150 poposci?
2219 4078 2353 4145 Quin
2398 4078 2571 4146 potius
2618 4074 2791 4131 omnia
2836 4095 2899 4131 ex
2945 4089 3125 4135 vestro

1586 4184 1732 4235 nutu,
1765 4172 2001 4234 arbitrio,
2027 4168 2318 4236 litterisque
2339 4167 2703 4234 disponentur,
2735 4162 3121 4235 sacerdotibus,

1584 4262 1920 4331 popularibus
1946 4257 2438 4312 manifestabuntur.
2465 4256 2644 4324 Neque
2670 4258 2809 4309 enim
2840 4258 2908 4310 ita
2936 4258 3125 4326 desipi-

1581 4367 1695 4405 mus
1724 4351 1774 4402 in
1807 4358 2000 4409 totum,
2048 4358 2105 4400 ut
2132 4345 2449 4401 evocandum
2487 4356 2538 4417 te
2582 4347 2827 4415 primum,
2875 4348 2916 4400 si
2948 4348 3126 4402 venire

1578 4438 1830 4509 possibile
1858 4445 1974 4499 est;
2001 4435 2191 4489 deinde
2218 4436 2262 4488 si
2287 4434 2410 4502 quid
2450 4449 2620 4499 secus,
2665 4445 2807 4489 certe
2849 4438 3125 4492 consulen-

1585 4552 1675 4603 lib.
1705 4564 1775 4611 tv,
1803 4556 1854 4601 et
1875 4546 1940 4598 dc
1965 4560 2068 4612 quo
2092 4545 2308 4611 epistola
2336 4546 2515 4599 ultima
2548 4546 2637 4597 lib.
2672 4562 2742 4599 ιι.
2765 4546 2964 4599 Colitur
2990 4547 3124 4601 inter

1587 4626 1796 4671 sanctos
1826 4630 1877 4667 ιιι
1909 4629 2071 4665 nonas
2100 4614 2337 4679 Augusti.
2370 4615 2692 4676 Subscripsit
2730 4616 2965 4680 epistolze
2987 4616 3123 4669 Fau-

1583 4686 1651 4740 sti
1680 4694 1733 4737 et
1760 4683 1960 4751 synodo
1984 4682 2294 4751 Arelatensi.
2330 4684 2461 4735 Ante
2489 4683 2841 4748 episcopatum
2870 4699 2992 4736 vero
3034 4684 3123 4737 ba-

1585 4749 1870 4807 silicam‘S.
1900 4749 2263 4817 Symphoriani
2290 4754 2339 4804 in
2364 4752 2490 4803 urbe
2527 4765 2619 4803 sua
2649 4752 2900 4812 condidit,
2931 4761 2983 4801 ut
3026 4766 3120 4804 au-

1585 4832 1695 4875 ctor
1725 4829 1805 4872 est
1827 4818 2104 4883 Gregorius
2126 4818 2323 4871 Turon.
2361 4819 2452 4871 lib.
2498 4832 2551 4880 ιι,
2584 4834 2700 4882 cap.
2746 4821 2829 4872 15.
2864 4820 3029 4885 Hujus
3069 4829 3121 4873 et

1588 4891 1714 4955 Lupi
1740 4886 2031 4955 Tric;is~ini
2046 4886 2296 4939 habemus
2318 4888 2609 4955 epistolam,
2639 4886 2787 4952 cujus
2824 4899 2943 4939 ante
2975 4903 3119 4938 men-

1592 4954 1827 5010 tio’lacta
1854 4963 1956 5011 est.
2006 4954 2071 5006 de
2098 4955 2317 5021 bigamis
2351 4954 2556 5008 elericis
2599 4966 2653 5007 et
2692 4956 2754 5007 iis
2799 4957 2883 5018 qui
2931 4969 3120 5006 uxores

1582 5029 1871 5084 duxerunt;
1925 5024 2139 5075 alteram
2181 5024 2543 5077 desideramus
2577 5038 2731 5086 quam
2783 5022 2942 5074 ltlatio
2988 5030 3120 5075 te~te

1579 5096 1642 5147 ad
1667 5094 2002 5159 Agrippinum
2031 5094 2274 5143 comitem
2303 5092 2601 5159 scripserat,
2632 5092 2696 5142 de
2730 5090 2974 5155 prodigiis
3000 5104 3118 5156 quae

1590 5165 1641 5215 in
1672 5163 1835 5213 Gallia
1867 5161 1962 5213 sub
1994 5160 2167 5211 Attilae
2194 5161 2472 5213 adventum
2502 5161 2604 5212 visa
2637 5167 2775 5210 sunt.
2968 5184 2973 5189 ε

1648 5229 1675 5266 ἀ
1702 5230 1918 5282 Arverni
1954 5228 2154 5281 Aiduos
2183 5230 2508 5290 contingunt.
2551 5228 2726 5296 Itaque
2752 5226 3117 5296 interutrinso

1584 5313 1682 5364 que
1728 5299 1901 5365 populi
1947 5298 2202 5349 dimceses
2227 5306 2279 5348 et
2320 5296 2575 5349 territoria
2597 5293 2731 5365 nihil
2763 5292 3115 5365 interjectutn,

1578 5360 1644 5446 At
1684 5360 2009 5444 in'terbrbes
2040 5370 2179 5434 ipsas
2216 5366 2369 5434 longa
2406 5365 2613 5418 dierum
2651 5360 2848 5428 aliquot
2885 5362 3121 5427 interpo-

1776 5449 1895 5485 λιιι).
2350 5456 2353 5457 ⁷

1832 5452 1840 5482 l
1883 5472 1895 5485 .
2350 5456 2353 5457 ⁷

1583 5444 1681 5539 sm:
1711 5442 1909 5573 chatlltio
1935 5504 1986 5558 in
2012 5504 2285 5571 concione,
2314 5509 2430 5573 post
2456 5498 2728 5571 epistolam
2760 5506 3087 5571 sequentem.
