3812 6226
1073 261 1545 332 EPISTOLARUM
1583 263 1705 318 un.
1751 264 1848 318 vn.

2965 259 3064 316 573

112 378 273 432 scelera
299 387 583 445 paucorum
607 389 620 425 :
650 387 764 428 cum
790 382 960 427 tamen
988 387 1018 426 e
1049 372 1257 428 diverso
1282 373 1442 426 bono-
1469 377 1521 434 Α
1545 374 1826 426 multorum
1858 381 2039 424 notare
2068 384 2350 439 personas:
2394 371 2487 423 hoc
2512 370 2680 423 solum
2710 378 2904 432 astruo,
2932 373 3069 436 quod

112 467 251 518 aritas
275 463 460 531 ﬂagitia
490 463 771 515 multorum
801 470 1024 530 nequeat
1058 475 1310 514 excusare
1339 461 1441 512 vir-

112 571 137 606 :s
170 552 567 606 communicatis.
647 550 696 604 Si
759 550 1052 617 quempiam
1106 548 1443 601 nominavero

112 643 310 702 chorum,
331 640 566 705 quamvis
600 638 742 690 illum
770 637 963 701 Paulis,
997 635 1255 696 Antoniis,
1297 634 1443 686 ‘llila-

112 744 183 792 us,
208 727 434 780 Macariis
460 725 852 788 cenl'erendum,
901 731 1114 778 sectam
1150 723 1441 775 anachore-

112 816 391 882 razrogativa
419 815 717 873 comitetur,
746 826 898 864 aures
927 811 1064 862 illico
1088 824 1231 862 meas
1262 809 1444 861 incon-

112 903 267 954 tmultu
293 886 732 965 circumstrepitas
758 898 1056 966 ignobilium
1104 897 1439 964 pumilionum

114 1006 163 1043 ur
184 991 448 1042 everberat
474 988 895 1056 conquerentium
948 1005 962 1040 :
1010 986 1104 1040 llic
1151 988 1237 1054 qui
1279 985 1444 1039 nomi-

112 1118 116 1136 ,
151 1079 406 1144 inquiunt,
457 1091 560 1130 non
598 1075 850 1144 episcOpi,
897 1075 987 1129 sed
1036 1075 1206 1143 potius
1244 1074 1444 1128 abbatis

112 1175 154 1219 et
176 1165 432 1228 ofﬁcium;
479 1172 532 1218 et
571 1164 891 1217 intercedere
919 1164 1081 1228 magis
1111 1177 1203 1231 pro
1249 1163 1446 1215 anima.

112 1255 181 1307 ιιιᾶ
207 1255 495 1318 cmicstem,
528 1266 681 1322 quam
712 1267 807 1321 pro
832 1253 1138 1320 corporibus
1166 1251 1300 1319 apud
1344 1259 1446 1303 ter-

112 1344 346 1411 ijudicem
390 1352 584 1411 potest.
613 1342 716 1397 Sed
760 1342 873 1408 quis
915 1357 1016 1393 non
1057 1339 1440 1401 exacerbescat,

112 1432 260 1485 videat
303 1431 564 1485 sordidari
611 1432 854 1486 virtutum
900 1428 1250 1482 sinceritatem
1295 1427 1444 1494 192

112 1521 276 1575 latione
292 1522 576 1574 vitiorum?
597 1520 651 1573 Si
673 1519 914 1587 eligimus
942 1517 1212 1580 humilem,
1234 1527 1447 1568 vocatur

112 1624 190 1664 us:
210 1611 252 1662 si
276 1609 593 1677 proferimus
616 1616 869 1668 erectum,
892 1604 1161 1671 superbire
1186 1613 1444 1658 censetur.

1542 477 1660 514 eum
1703 462 1909 514 nullum
1939 461 2196 526 proferam
2243 461 2576 526 nuncupatim
2602 499 2618 523 ,
2668 460 2754 511 ille
2794 460 3071 512 conﬁtetut'

1543 552 1803 614 repulsam
1849 548 1933 614 qui
1977 549 2244 613 prolitetur
2281 547 2552 602 oll‘ensam.
2583 544 2720 601 Sane
2765 546 2813 598 id
2852 547 3068 599 liberius

1544 635 1661 688 dico
1703 636 1768 688 de
1803 635 2125 688 multitudine
2161 635 2604 688 circumstantium
2645 634 2838 686 multos
2863 635 3067 702 episco-

1545 726 1687 793 pales
1715 740 1860 789 esse,
1903 726 1991 779 sed
2031 735 2169 779 totos
2197 727 2466 792 episcopos
2505 738 2620 777 esse
2661 739 2763 777 non
2804 737 2986 789 posse;
3017 722 3068 775 et

1544 826 1665 866 cum
1711 813 1900 879 singuli
1950 814 2270 866 diversorum
2326 813 2694 866 charismatum
2751 811 3069 880 proprietate

1544 903 1831 969 potiantur,
1861 902 2100 955 sufﬁcere
2137 916 2317 954 omnes
2359 902 2490 963 sibi,
2517 900 2755 954 omnibus
2784 901 3067 952 neminem.

1543 988 1600 1042 Si
1629 989 1901 1041 militarem
1924 988 2102 1042 dixero
2130 989 2262 1042 forte
2287 1003 2592 1055 personam,
2621 989 2855 1055 protinus
2877 988 2928 1039 in
2957 987 3068 1039 hmo

1541 1078 1696 1130 verba
1729 1077 2059 1144 consurgitur
2093 1092 2108 1128 :
2151 1076 2398 1144 Sidonius
2439 1077 2503 1129 ad
2532 1076 2829 1129 clericatum
2859 1075 2975 1143 quia
3005 1075 3070 1127 de

1542 1166 1776 1219 saeculari
1806 1165 2127 1232 professione
2150 1167 2426 1219 translatus
2446 1177 2542 1231 est,
2560 1167 2677 1220 ideo
2691 1165 2785 1218 sibi
2807 1179 3071 1218 assumere

1545 1254 1998 1322 metropolitanum
2028 1255 2094 1308 de
2123 1255 2367 1321 religiosa
2395 1255 2795 1324 congregatione
2830 1255 3073 1307 dissimu-

1546 1344 1617 1395 lat
1643 1357 1658 1396 :
1702 1343 1956 1396 natalibus
1988 1353 2188 1410 turget,
2219 1345 2524 1410 dignitatum
2553 1345 2822 1412 fastigatur
2862 1343 3074 1410 insignio

1544 1432 1662 1496 bus,
1685 1433 1969 1484 contemnit
2003 1445 2253 1498 pauperes
2281 1430 2494 1484 Christi.
2523 1416 2844 1500 Quapropter
2871 1433 3073 1497 imprae-

1545 1521 1827 1572 sentiarum
1854 1521 2073 1584 solvam,
2116 1533 2267 1586 quam
2297 1533 2398 1571 non
2425 1528 2527 1571 tam
2560 1521 2808 1572 honorum
2833 1519 3072 1572 clturitati

1544 1620 1698 1672 quam
1746 1607 2114 1659 maledicorum
2165 1605 2452 1672 suspicioni
2503 1605 2669 1660 debeo
2716 1607 2887 1660 ﬁdem.
2939 1608 3073 1659 Vivit

112 1699 510 1762 insinstitutum,
539 1708 748 1765 propter
775 1696 1085 1764 imperitiam
1111 1695 1340 1748 creditur
1379 1697 1444 1747 ir.
1474 1699 1522 1758 Β
1547 1693 1773 1760 Spiritus
1793 1702 2003 1747 sanctus
2024 1733 2039 1756 ,
2070 1694 2397 1761 omnipOtcns
2424 1694 2558 1746 Deus
2588 1704 2781 1756 n'tSlcr,
2811 1693 2899 1761 qui
2934 1694 3072 1747 l’ctri

112 1789 193 1848 lus;
221 1787 262 1838 si
289 1780 624 1853 aliquatenus
661 1785 888 1846 doctum,
922 1792 1135 1851 propter
1178 1780 1445 1835 scientiam

112 1884 174 1924 tur
219 1873 450 1926 inflatus.
500 1872 556 1924 Si
598 1886 837 1925 severum
862 1910 876 1935 ,
919 1878 1164 1937 latrinam
1221 1869 1448 1922 crudelis

112 1979 193 2028 ur;
217 1965 258 2016 si
288 1962 668 2030 indulgentem,
700 1959 945 2014 facilitate
965 1961 1224 2027 culpatur.
1247 1959 1300 2013 Si
1324 1958 1450 2012 sim-

112 2069 140 2114 I,
165 2053 446 2118 despicitur
473 2061 531 2105 ut
558 2052 782 2114 brutus;
821 2050 864 2104 si
910 2064 1102 2113 acrem,
1155 2050 1348 2101 vitatur
1391 2056 1452 2110 ut

112 2157 165 2196 ts.
206 2141 257 2196 Si
293 2141 605 2209 diligentem
636 2179 649 2203 ,
689 2138 1080 2208 superstitiosus
1121 2136 1448 2198 decernitur;

112 2229 258 2282 .issum
284 2229 558 2297 negligens
583 2227 860 2294 iudicatur.
910 2226 966 2278 Si
1010 2225 1277 2286 solertem,
1302 2225 1451 2291 cupi-

119 2320 155 2372 si
193 2303 460 2388 quietum
499 2319 867 2386 pronuntiatur
907 2316 1137 2384 ignavus.
1183 2313 1236 2365 Si
1279 2314 1454 2365 abste-

141 2409 508 2474 producimus,
554 2419 742 2457 avarus
787 2403 1064 2470 accipitur;
1112 2402 1157 2455 si
1210 2416 1328 2454 eum
1369 2400 1455 2467 qui

112 2495 223 2548 endo
251 2501 451 2561 pascat,
484 2492 757 2546 edacitatis
787 2491 1053 2557 impetitur
1087 2505 1102 2541 :
1148 2489 1192 2541 si
1219 2503 1336 2542 eum
1368 2489 1455 2556 qui

112 2581 424 2648 idojejunet,
458 2579 708 2632 vanitatis
732 2578 986 2645 arguitur.
1020 2578 1338 2632 Libertatem
1364 2591 1457 2643 pro

112 2671 250 2724 bitate
286 2669 674 2731 condemnant;
704 2667 1065 2726 verecundiam
1106 2681 1202 2735 pro
1247 2666 1459 2720 rustici-

112 2759 378 2822 astidiunt;
425 2757 628 2824 rigidos
666 2757 732 2809 ab
773 2757 1074 2809 austeritate
1117 2768 1222 2808 non
1267 2754 1461 2808 habent

112 2865 117 2911 ;
141 2848 302 2902 blandi
331 2846 473 2916 apud
498 2861 593 2900 eos
613 2845 975 2899 communione
1004 2845 1278 2899 vilescunt.
1318 2844 1394 2897 Ac
1414 2844 1458 2896 si

112 2953 180 2991 eos
207 2937 454 2990 utrolibet
481 2948 680 3002 genere
708 2935 912 2986 vivatur
932 2972 946 2995 ,
992 2947 1200 3000 semper
1247 2933 1330 2985 hic
1384 2941 1461 2986 ta-

1549 1796 1673 1835 voce
1700 1781 1964 1835 damnavit
1990 1781 2040 1835 in
2070 1781 2283 1836 Simone
2308 1796 2481 1850 mago,
2517 1796 2613 1836 cur
2641 1784 2937 1850 cpinaretur
2957 1797 3074 1850 gra-

1550 1871 1670 1923 tiam
1707 1870 2100 1945 benedictionis
2133 1871 2299 1939 pretio
2348 1886 2463 1926 sese
2506 1886 2661 1940 posse
2693 1873 2948 1935 mercari;
2991 1857 3074 1925 me

1548 1959 1599 2011 in
1641 1974 1705 2012 eo
1731 1974 1882 2027 quem
1914 1960 2060 2013 vobis
2103 1970 2448 2028 Opportunum
2475 1963 2685 2023 censui,
2718 1976 2814 2015 nec
2845 1961 3076 2029 pecunia:

1550 2049 1722 2102 favere
1749 2062 1843 2102 nec
1859 2051 2066 2116 gratia);
2089 2049 2178 2103 sed
2205 2059 2340 2103 statu
2368 2051 2495 2104 satis
2518 2064 2776 2119 superque
2803 2049 3072 2111 trutinato,
3124 2104 3132 2110 ,

1553 2150 1804 2201 personat,
1838 2138 2105 2203 temporis,
2138 2139 2436 2203 provinciae,
2460 2139 2902 2207 civitatis,'virum
2932 2139 3077 2205 cujus

1552 2222 1602 2274 in
1653 2220 1803 2290 194
1849 2209 2286 2290 consequentibus
2334 2227 2520 2290 raptim
2575 2228 2675 2279 vita
2726 2226 3075 2294 replicabitur,

1553 2311 2083 2374 competentissimum
2127 2313 2431 2365 credidisse.
2465 2320 2487 2347 α
2513 2309 2817 2392 Benedictus
2859 2314 3075 2380 Simpli—

1555 2399 1686 2460 cius,
1717 2399 1963 2452 hactenus
1989 2401 2180 2463 vestri,
2209 2400 2415 2467 jamque
2444 2402 2508 2454 ab
2548 2401 2668 2454 hinc
2706 2404 2864 2456 nOStri
2901 2402 3078 2469 (modo

1560 2503 1652 2554 per
1679 2503 1769 2540 vos
1807 2489 1942 2542 Deus
1972 2492 2187 2556 annuat)
2229 2490 2494 2543 habendus
2536 2491 2733 2548 ordinis
2766 2505 2974 2555 comes,
3008 2491 3076 2544 ita

1561 2575 1762 2642 utrique
1792 2577 1920 2642 parti
1946 2575 2028 2629 vel
2056 2585 2194 2640 actu,
2224 2576 2306 2628 vel
2345 2575 2663 2642 professione
2698 2577 2994 2645 rependet,
3026 2585 3081 2630 ut

1560 2674 1613 2719 et
1637 2666 1929 2733 respublica
1953 2667 2003 2718 in
2025 2681 2088 2718 eo
2108 2667 2242 2733 quod
2266 2667 2567 2734 admiretur,
2592 2677 2641 2721 et
2666 2667 2895 2720 Ecclesia
2922 2667 3083 2734 possit

1557 2752 1791 2809 invenite
1818 2755 1954 2822 quod
1976 2754 2173 2824 diligat.
2203 2755 2256 2808 Si
2287 2756 2540 2808 natalibus
2566 2755 2819 2808 servanda
2845 2769 3083 2808 reveren-

1563 2841 1632 2894 tia
1657 2851 1754 2905 est,
1783 2844 1900 2910 quia
1927 2854 1979 2896 et
2009 2845 2103 2895 hos
2129 2858 2232 2897 non
2264 2843 2580 2897 omittendus
2598 2844 2911 2910 evangelista
2937 2859 3085 2898 mon-

1563 2933 1747 2985 stravit
1800 2933 1940 3000 (nam
1987 2932 2150 2985 Lucas
2179 2934 2519 2986 laudationem
2543 2932 2757 2986 Joannis
2789 2946 3080 3001 aggressus,

116 3025 344 3078 bonarum
396 3022 630 3092 partium
674 3035 846 3074 mores
891 3020 1237 3092 pungentibus
1273 3020 1530 3087 linguisC
1563 3022 2045 3089 praestantissimum
2090 3021 2439 3089 computavit,
2475 3023 2621 3091 «quod
2666 3025 2974 3078 sacerdotali
3020 3026 3085 3078 de

112 3115 296 3168 licorum
335 3113 506 3167 veluti
535 3111 832 3180 bicipitibus
862 3112 1029 3162 hamis
1057 3109 1458 3162 inuncabuntur.

112 3203 201 3258 haec
225 3202 686 3273 monasterialibus
725 3199 1010 3266 dist-iplinis
1037 3212 1174 3266 aegre
1204 3199 1459 3263 subditur,

112 3296 353 3361 ipularium
383 3291 756 3355 cervicositas,
785 3290 866 3343 vel
894 3289 1105 3344 licentia
1128 3289 1455 3344 clericorum.

112 3384 253 3436 ricum
282 3383 499 3445 dixero,
536 3387 811 3447 sequentes
847 3380 1176 3442 aemulantur,
1209 3380 1461 3446 derogant

112 3470 304 3525 identes.
331 3471 466 3524 Nam
520 3471 593 3521 ita
637 3483 707 3522 ex
755 3468 817 3521 iis
857 3468 1026 3536 pauci,
1057 3468 1194 3536 quod
1241 3469 1464 3535 reliquo-

112 3577 197 3616 lace
220 3564 285 3616 sit
310 3563 542 3624 dictum,
572 3560 734 3613 solam
766 3559 1041 3612 clericatus
1070 3559 1462 3612 diuturnitatem

112 3650 249 3703 teritis
293 3656 579 3703 autumant
619 3647 971 3700 calculandam
1000 3663 1013 3709 ;
1045 3654 1100 3697 ut
1127 3661 1221 3698 nos
1251 3647 1300 3698 in
1329 3647 1464 3698 anti-

112 3741 453 3804 tonsecrando,
489 3753 595 3790 non
625 3737 897 3790 utilitatem
936 3736 1099 3788 velint
1127 3735 1339 3802 eligere,
1373 3737 1460 3789 sed

112 3843 182 3883 tt:
227 3838 473 3898 tanquam
522 3827 614 3879 diu
657 3827 824 3893 potius
861 3838 1014 3890 quam
1071 3825 1204 3877 bene
1247 3827 1460 3885 vivere,

112 3926 125 3966 t
142 3919 287 3986 accipi
310 3917 375 3969 ad
398 3904 670 3968 summu’m
687 3911 1028 3963 sacerdotium
1047 3910 1458 3977 adipiscendum,

112 4003 273 4056 nnium
293 4002 591 4069 gratiarum
616 3997 883 4064 privilegio
906 3998 1052 4065 193
1075 3996 1460 4063 decoramento,

113 4100 354 4144 namento.
378 4089 447 4142 Et
472 4089 547 4140 ita
563 4087 816 4153 quispiam
837 4087 884 4138 in
905 4088 1460 4156 ministrandosegnes,

112 4177 326 4247 oquendo
362 4178 599 4238 celeres,
624 4176 678 4227 in
709 4176 1009 4228 tractatibus
1036 4176 1220 4242 otiosi,
1247 4177 1298 4229 in
1329 4178 1464 4231 sedi-

112 4266 433 4335 usoccupati,
467 4265 522 4318 in
565 4261 782 4318 caritate
810 4264 1020 4328 inﬁrmi,
1057 4264 1108 4316 in
1135 4265 1354 4319 factione
1381 4280 1464 4319 νο⁴

112 4395 116 4414 .
155 4359 202 4409 in
245 4356 647 4410 aemulationum
682 4354 1076 4407 conservatione
1124 4355 1374 4418 stabiles,
1410 4356 1462 4409 in

112 4443 293 4498 illarum
331 4442 643 4498 assertione
691 4451 928 4496 nutantes
953 4485 967 4510 ,
1011 4443 1244 4496 nituntur
1280 4459 1464 4512 regere

112 4531 227 4596 siam,
255 4546 386 4600 quos
416 4532 535 4600 jam
566 4529 673 4597 regi
701 4545 914 4584 necesse
940 4541 1022 4584 est
1060 4546 1151 4599 per
1177 4545 1461 4587 senectam.

112 4633 164 4673 ec
199 4619 390 4675 diutius
432 4618 615 4688 placet
643 4625 856 4693 propter
892 4633 1175 4686 paucorum
1216 4623 1460 4694 ambitus,

112 4761 160 4801 an
181 4759 252 4808 est
279 4765 581 4826 cognomen
613 4749 710 4801 hoc
737 4751 847 4826 loco
874 4752 1195 4826 benedictus,
1235 4766 1324 4810 sed
1356 4763 1465 4826 epi-

112 4831 137 4867 n
191 4833 287 4888 quo
330 4817 671 4888 Christiangs
719 4821 856 4870 viros
904 4822 1132 4888 plerique
1184 4817 1460 4881 crnabant.

112 4897 175 4936 tua
195 4887 407 4952 epistola
441 4887 476 4939 9
507 4884 576 4938 ad
605 4884 851 4939 Severum
877 4884 1062 4940 {Alius
1087 4890 1279 4946 libellus
1310 4911 1369 4946 ea:
1387 4897 1463 4949 his

112 4952 217 5004 land
235 4953 575 5023 benedictum,
597 4954 650 5003 id
672 4953 1100 5023 ealAChrislianum
1129 4960 1307 5023 virum,
1338 4967 1464 5014 anti-

112 5031 234 5072 neum
259 5019 633 5073 Endelechium
665 5021 918 5085 scripsisse
948 5026 1135 5078 videor.
1165 5019 1461 5083 Endélechii

112 5087 292 5140 nomina
317 5098 493 5150 erant,
513 5091 741 5138 Sanctus
767 5090 989 5142 Severus
1014 5093 1377 5154 Endelechius.
1409 5110 1463 5151 ut

112 5155 434 5209 observatum.
469 5153 568 5208 Sic
611 5155 908 5209 benedictus
941 5158 1206 5214 Pascasius
1248 5153 1462 5217 Paulino

145 5221 192 5274 in
225 5222 553 5288 epistola'ad
592 5220 888 5288 victricium
915 5263 928 5283 ,
974 5227 1273 5281 benedictus
1313 5232 1465 5284 Eleu-

112 5302 140 5358 ιΔ
154 5287 461 5358 Tertulliano
491 5290 564 5342 de
592 5287 1093 5358 gPrtescriptionibus
1117 5337 1130 5356 ,
1164 5298 1462 5351 benedictus

112 5351 374 5426 Cyprianus
413 5360 464 5411 in
514 5355 744 5426 epistola
780 5351 902 5411 cléri
934 5351 1147 5414 Romani
1176 5366 1236 5415 ad
1267 5366 1460 5419 clerum

112 5423 390 5491 tgiiuicnsem
407 5466 421 5486 .
457 5423 779 5478 benedictus
801 5425 1042 5478 Paulinus
1066 5429 1252 5483 Fausto
1274 5432 1434 5484 Reien
1449 5462 1463 5474 -

112 5493 352 5548 enedictus
409 5491 703 5558 Tetradius
764 5499 813 5546 et
870 5495 1165 5550 benedictus
1225 5501 1462 5565 Agricola

1559 3113 1722 3177 stirpe
1753 3110 2025 3176 veniebat,
2075 3118 2127 3163 et
2169 3112 2486 3182 nobilitatem
2524 3115 2642 3164 vita:
2688 3115 3082 3179 praedicaturus,

1559 3197 1703 3267 prius
1744 3207 1912 3252 tamen
1959 3198 2143 3252 extulit
2192 3197 2397 3252 familiae
2442 3200 2794 3268 dignitatem);
2849 3211 3086 3266 parcnles

1560 3290 1754 3358 ipsius,
1787 3299 1876 3343 aut
1903 3288 2193 3354 cathedris,
2233 3297 2319 3341 aut
2347 3289 2685 3341 tribunalibus
2711 3289 3083 3356 praesederunt.

1561 3379 1778 3432 lllustris
1821 3379 1871 3432 in
1903 3387 2123 3446 utraque
2149 3378 2546 3431 conversatione
2577 3378 2831 3444 prosapia,
2864 3386 2951 3429 aut
2978 3376 3087 3442 epi-

1561 3471 1736 3538 scopis
1759 3469 1951 3533 floruit,
1975 3477 2063 3522 aut
2084 3468 2338 3535 praefectis
2367 3485 2379 3520 :
2405 3470 2472 3520 ita
2504 3484 2706 3536 semper
2735 3468 2948 3533 hujusce
2975 3483 3086 3520 nta—

1559 3560 1782 3628 joribus,
1802 3568 1889 3611 aut
1917 3559 2321 3622 humanuttt,aut
2348 3559 2579 3612 divinum
2608 3561 2800 3612 dictare
2824 3557 2906 3625 jus
2936 3572 3089 3609 ausus

1563 3649 1684 3713 fuit;
1717 3651 1759 3702 si
1804 3664 1930 3703 vero
1974 3663 2247 3716 personam
2289 3665 2431 3713 suam
2480 3659 2702 3702 tractatu
2735 3650 3090 3702 consiliosiore

1565 3752 1864 3805 pensemus,
1914 3742 2200 3792 invenimus
2227 3740 2367 3791 illam
2398 3747 2574 3793 tenere
2615 3741 2729 3792 istic
2753 3740 2779 3778 δ
2811 3742 2897 3792 inti
2918 3758 2942 3793 r
2967 3757 3087 3806 spe-

1530 3857 1534 3859 -
1562 3825 1779 3876 ctabiles
1804 3826 2058 3892 principes
2082 3829 2266 3877 locum.
2293 3825 2392 3877 Sed
2414 3828 2588 3878 dicitis
2609 3829 2746 3879 viros
2777 3829 3082 3881 Eucherium

1565 3923 1618 3965 et
1648 3899 2003 3966 'Pantticltium
2051 3916 2276 3967 illustres
2324 3916 2501 3968 haberi
2545 3918 2838 3984 superiores
2882 3935 2895 3970 :
2951 3919 3086 3982 quod

1563 4000 1809 4054 hactenus
1836 4017 1925 4054 eos
1946 4011 2056 4054 esto
2077 4011 2315 4070 putatos:
2348 4003 2437 4055 sed
2470 4007 2773 4071 praesentem
2796 4007 2901 4072 jam
2935 4009 3087 4058 modo

1563 4089 1624 4141 ad
1657 4103 1864 4142 causam
1895 4090 1968 4141 illi
2000 4105 2059 4142 ex
2090 4104 2288 4143 canone
2319 4105 2419 4142 non
2447 4092 2796 4158 requiruntur,
2820 4073 2905 4160 qui
2937 4095 3088 4146 ambo

1562 4175 1626 4230 ad
1673 4187 1692 4215 ε
1736 4176 1988 4231 secundas
2019 4177 2222 4245 nuptias
2253 4179 2585 4231 transierunt.
2619 4181 2672 4234 Si
2720 4195 2881 4234 annos
2927 4183 3087 4248 ipsius

1564 4276 1920 4333 computemus
1953 4283 1967 4330 ;
1996 4265 2149 4319 habet
2175 4266 2457 4320 efﬁcaciam
2485 4268 2548 4320 de
2577 4268 2866 4333 iuventute,
2898 4269 2960 4322 de
3002 4285 3086 4322 se-

1493 4333 1541 4390 Ῐ)
1565 4365 1772 4408 nectute
1813 4357 2102 4408 consilium.
2128 4357 2182 4410 Si
2220 4356 2417 4408 litteras
2460 4357 2536 4408 vel
2567 4357 2823 4424 ingenium
2850 4357 3088 4412 confera—

1564 4457 1700 4506 mus,
1721 4452 2085 4511 certatnatura
2108 4444 2374 4496 doctrinm.
2401 4443 2456 4497 Si
2473 4443 2762 4498 humanitas
2780 4448 3088 4513 requirenda

1564 4544 1672 4598 est,
1718 4533 1851 4596 civi,
1899 4533 2127 4595 clerico,
2172 4517 2478 4600 peregrino,
2512 4534 2722 4586 minimo
2762 4539 3091 4604 maximoque

1565 4627 1722 4678 etiam
1767 4634 1919 4687 supra
1966 4620 2325 4674 sufﬁcientiam
2375 4622 2606 4686 oil'ertur,
2640 4633 2690 4676 et
2724 4639 2871 4677 suum
2905 4628 3090 4692 saepius

1566 4759 1816 4880 Egegorio
1844 4757 2037 4808 Turon.
2062 4756 2429 4827 Confessorutn
2461 4757 2547 4823 86,
2580 4769 2630 4811 et
2663 4759 2751 4810 lib.
2787 4777 2837 4812 tu
2871 4761 3086 4830 llistor._,

1636 4895 1662 4931 ι)
1705 4893 1968 4957 Principes
2012 4893 2310 4958 municipii,
2359 4891 2685 4960 principales.
2735 4896 3086 4953 Glossarium:

1565 4963 1824 5025 Princeps,
1855 4961 2244 5026 πρωτοπολὶτης.
2270 4961 2380 5014 Jam
2407 4976 2559 5026 supra
2583 4963 2902 5026 Simplicium
2923 4968 3085 5016 virum

1561 5029 1894 5094 spectabilem
1925 5029 2080 5093 dixit,
2127 5031 2277 5096 epist.
2309 5033 2358 5081 8.
2413 5031 2484 5080 Ad
2522 5029 2827 5082 Eucherium
2869 5046 2988 5083 vero
3036 5043 3086 5084 et

1565 5097 1912 5163 Pannychium
1944 5097 2152 5159 scripsit
2182 5098 2267 5148 lib.
2303 5113 2355 5148 ιιι
2380 5107 2429 5149 et
2453 5098 2536 5148 lib.
2576 5115 2620 5150 v.

1639 5175 1658 5200 ο
1684 5163 1877 5230 Biganii
1906 5164 2300 5228 enim~cpisc0pi
2326 5179 2439 5217 esse
2470 5180 2560 5232 per
2590 5180 2813 5218 canones
2844 5181 2941 5217 non
2970 5180 3085 5232 pos-

1568 5243 1722 5294 sunt;
1759 5246 1818 5282 ac
1846 5232 2113 5300 neclerici
2144 5234 2349 5297 quidem
2384 5234 2535 5286 ullius
2564 5235 2774 5300 gradus,
2801 5249 2860 5283 ex
2889 5249 3085 5288 canone

1568 5304 1734 5366 primo
1764 5299 1945 5363 synodi
1974 5298 2275 5359 Valentinae,
2307 5309 2357 5352 et
2389 5303 2502 5352 aliis
2535 5298 2752 5366 passim:
2795 5315 3081 5366 quanquam

1566 5371 1763 5438 variant
1787 5369 1833 5419 in
1862 5366 2115 5438 inferioris
2143 5369 2332 5434 gradus
2361 5370 2642 5437 ordinibus,
2675 5380 2826 5438 prout
2852 5370 3081 5423 diversus

1567 5437 1648 5490 loc
1668 5451 1795 5487 ‘t‘llm
1827 5449 1938 5486 mos
1961 5434 2069 5486 fuit.
