3812 6226
697 268 800 325 579

1922 259 2159 317 SlDONli
2193 258 2637 339 AponLtNAnts
3768 267 3803 320 ει

698 393 886 448 panem
921 377 1008 434 ille
1034 379 1204 448 potius
1247 377 1334 448 qui
1373 391 1478 432 non
1504 384 1618 432 erat
1659 376 1960 432 redditurus
2000 373 2234 443 agnovit.
2263 375 2316 436 Α
2341 386 2476 439 rum,
2503 383 2592 428 aut
2635 373 2876 427 altarium
2919 373 3194 428 cathedras
3217 388 3337 430 cum
3382 377 3461 429 sui
3497 375 3702 430 ordinis
3727 377 3803 430 lam

697 471 753 524 Si
799 471 1078 523 necessitas
1113 468 1263 538 195
1305 468 1619 536 arripiendae
1661 465 1937 537 legationis
1975 463 2238 526 incubuit,

701 571 805 610 non
843 556 927 610 ille
960 557 1123 610 semel
1163 570 1258 624 pro
1309 555 1408 610 hac
1453 557 1663 612 civitate
1698 555 1845 610 stetit
1877 561 1998 606 ante
2035 550 2242 618 pellitos

698 658 866 713 reges,
906 643 990 698 vel
1017 653 1140 698 ante
1170 643 1432 712 principes
1472 653 1800 711 purpuratos.
1840 641 1896 696 Si
1942 637 2239 707 ambigitur,

696 747 800 801 qno
843 732 1094 800 magistro
1140 732 1450 785 rudimentis
1505 731 1625 785 ﬁdei
1664 731 1822 784 fuerit
1877 728 2144 791 imbutus,
2183 733 2242 780 ut

697 819 1098 888 proverbialiter
1144 819 1348 886 loquar,
1397 819 1540 874 domi
1580 819 1762 885 habuit
1808 817 1950 872 unde
1993 815 2238 869 disceret.

695 906 967 962 Postremo
999 906 1099 962 iste
1127 913 1210 960 est
1236 906 1346 967 ille,
1374 906 1649 970 carissimi,
1680 905 1764 958 cui
1807 904 1859 956 in
1890 901 2121 956 tenebris
2156 914 2242 955 er-

696 995 1043 1063 gastularibus
1086 994 1404 1060 constituto,
1445 993 1801 1061 multipliciter
1838 992 2078 1046 obserata
2123 991 2242 1044 bar-

696 1085 864 1141 barici
898 1085 1128 1140 carceris
1173 1083 1422 1156 divinitus
1453 1083 1678 1136 claustra
1713 1088 2010 1148 patuerunt.
2047 1079 2238 1144 istum,

697 1188 753 1231 ut
777 1178 1094 1240 audivimus,
1125 1183 1152 1210 ει
1180 1182 1286 1228 tam
1329 1187 1512 1227 socero
1539 1187 1695 1240 quam
1741 1181 1888 1240 patre
1915 1170 2238 1238 postpositis,

697 1265 764 1320 ad
801 1265 1153 1320 sacerdotium
1191 1262 1312 1316 duci
1363 1269 1608 1330 Oportere
1655 1259 2087 1314 vociferabimini.
2127 1259 2240 1325 Quo

699 1355 909 1422 quidem
960 1362 1196 1420 tempore
1238 1350 1515 1418 plurimum
1564 1348 1731 1403 laudis
1785 1349 1996 1402 domum
2039 1347 2238 1410 retulit,

701 1446 909 1516 quando
953 1443 1200 1498 honorari
1248 1452 1517 1512 parentum
1561 1442 1751 1496 maluit
1786 1440 2036 1507 dignitate
2081 1454 2239 1509 quam

702 1534 930 1603 propria.
962 1533 1100 1587 Pene
1136 1531 1445 1586 transieram
1488 1530 1626 1597 quod
1665 1529 1932 1599 praeteriri
1954 1543 2058 1582 non
2084 1524 2242 1596 opor-

702 1630 887 1677 tuerat.
935 1622 1046 1676 Sub
1077 1620 1252 1690 Moyse
1292 1619 1587 1689 quondam,
1629 1621 1766 1673 sicut
1809 1617 2240 1686 psalmographus

2342 452 2642 518 tenuerunt.
2677 461 2815 515 Sane
2839 463 2957 530 quia
2987 478 3208 531 persona
3245 472 3497 517 matrona:
3524 469 3803 519 verecunda

2340 558 2395 605 et
2437 551 2750 604 succinctam
2801 552 2882 604 sui
2928 552 3089 620 exigit
3143 553 3459 607 mentionem
3487 592 3502 616 ,
3576 564 3803 607 constauu

2339 639 2682 705 astruxerim,
2727 641 3044 706 respondere
3085 641 3225 694 illam
3278 641 3521 696 feminam
3573 645 3803 697 sacerdoti

2339 728 2609 795 utriusque
2647 727 2879 789 familiae,
2905 731 2987 782 vel
3033 729 3118 782 ubi
3159 728 3378 784 educata
3428 731 3624 795 crevit,
3671 732 3803 784 veie'

2339 814 2504 870 electa
2527 815 2784 884 migravit.
2814 815 2972 868 Filios
2997 816 3152 870 ambo
3181 817 3314 870 bene
3338 825 3390 871 et
3419 818 3702 884 prudenter
3727 821 3803 870 inst

2341 910 2525 965 tuunt;
2568 902 2758 970 quibus
2785 906 3119 970 cemparatus
3157 912 3303 971 pater
3325 904 3447 958 inde
3470 902 3674 958 felicior
3699 905 3803 972 inci]:

2337 1009 2474 1059 esse,
2516 997 2664 1066 197
2691 995 2812 1064 quia
2841 995 3088 1050 vincitur.
3117 995 3182 1051 Et
3207 996 3329 1064 quia
3355 996 3672 1050 sententiam
3708 1012 3803 1063 pan

2337 1085 2462 1139 tatis
2508 1097 2641 1138 mete
2671 1085 2722 1137 in
2758 1083 2856 1138 hac
2890 1084 3149 1139 electione
3187 1085 3464 1138 valituram
3511 1097 3633 1137 esse
3665 1088 3803 1150 jurast

2339 1173 2620 1243 (siquidem
2649 1188 2752 1228 non
2793 1183 2874 1228 est
2909 1173 3131 1228 validius
3150 1174 3327 1228 dicere
3347 1183 3693 1238 sacramenta,
3719 1188 3803 1241 qua:

2339 1264 2617 1334 scribere),-
2643 1265 2696 1318 ln
2723 1266 2934 1318 nomine
2954 1263 3145 1328 Patris,
3172 1271 3226 1317 et
3251 1263 3390 1326 Filii,
3422 1273 3478 1318 et
3505 1263 3727 1332 Spiritus
3743 1276 3803 1316 sar

2339 1353 2432 1414 eti,
2461 1352 2763 1421 Simplicius
2787 1361 2890 1416 est,
2916 1367 3072 1421 quem
3099 1351 3379 1420 provincia
3401 1356 3602 1405 nostra:
3625 1359 3803 1416 metrop

2338 1440 2556 1496 litanum
2575 1481 2591 1505 ,
2623 1441 2851 1496 civitatis
2881 1431 3072 1495 vestra
3101 1452 3363 1493 summum
3406 1437 3733 1494 sacerdotem
3752 1439 3803 1490 de

2338 1527 2534 1584 debere
2563 1529 2864 1597 pronuntio.
2891 1528 2998 1583 Vos
3020 1537 3192 1582 autem
3222 1527 3288 1582 de
3324 1527 3441 1581 viro
3483 1526 3555 1581 de
3577 1541 3679 1596 quo
3704 1525 3803 1594 loqui

2339 1633 2478 1683 mur,
2494 1619 2536 1672 si
2553 1635 2740 1674 novam
2759 1619 3072 1674 sententiam
3089 1632 3258 1673 meam
3273 1616 3582 1688 sequimini,
3599 1617 3803 1674 scandi:

701 1703 794 1776 ait,
826 1709 875 1762 in
911 1709 1094 1763 diebus
1123 1708 1372 1777 antiquis,
1409 1715 1465 1760 ut
1490 1706 1806 1764 tabernaculi
1833 1706 2045 1759 fmderis
2073 1704 2239 1758 forma
2267 1697 2316 1760 Β
2341 1716 2566 1764 vestram
2589 1718 2821 1766 veterem
2845 1717 3151 1765 consonate.

699 1789 1057 1866 consurgeret,
1086 1805 1225 1849 totus
1250 1795 1408 1849 Israel
1428 1796 1480 1848 in
1502 1809 1680 1848 eremo
1700 1803 1820 1849 ante
1841 1792 2121 1847 Beseleelis
2143 1805 2236 1860 pes

698 1885 813 1951 des,
841 1884 1065 1939 oblatitii
1102 1883 1398 1952 symbolum
1423 1881 1754 1936 coacervavit
1787 1879 2055 1949 impendii.
2086 1878 2240 1932 SaI0¢

698 1989 823 2029 mon
852 1975 1118 2041 deinceps,
1145 1983 1203 2027 ut
1225 1971 1472 2040 templum
1499 1969 1783 2024 mdiiicaret
1806 1969 1858 2022 in
1876 1969 2124 2038 Solymis,
2147 1983 2238 2022 soo-

700 2064 834 2118 lidas
853 2061 1031 2131 populi
1050 2065 1190 2116 vires
1221 2063 1269 2114 in
1291 2075 1450 2128 opere
1473 2060 1741 2113 concussit
1765 2073 1779 2112 :
1802 2058 2040 2127 quamvis
2069 2057 2238 2110 Palm-

699 2153 957 2207 stinorum
992 2151 1222 2220 captivas
1266 2163 1394 2218 epes
1417 2189 1433 2213 ,
1481 2158 1534 2202 et
1569 2147 2026 2214 circumjectorum
2056 2160 2237 2214 regum

701 2243 999 2297 tributarias
1023 2239 1335 2300 functiones,
1360 2239 1601 2292 australis
1633 2240 1825 2305 reginae
1849 2236 2074 2291 Sabaitis
2113 2251 2240 2304 gaza

699 2330 1063 2384 cumulaverit.
1093 2329 1188 2382 ilic
1216 2329 1364 2382 vobis
1392 2327 1666 2382 ecclesiam
1692 2327 1918 2395 juvenis,
1948 2325 2118 2391 miles,
2164 2335 2240 2378 te-

699 2423 816 2475 nuis
837 2464 853 2488 ,
900 2421 1068 2484 solus,
1091 2419 1268 2496 adhuc
1298 2419 1436 2471 illius
1478 2416 1726 2479 familias,
1758 2425 1812 2468 et
1844 2416 1950 2482 jam
1975 2423 2125 2482 pater
2152 2429 2244 2468 cx-

678 2510 910 2563 ‘struxit.
938 2508 1044 2561 Nec
1088 2508 1231 2560 illum
1279 2520 1306 2557 a
1349 2505 1613 2572 preposita
1652 2501 1930 2556 devotione
1973 2501 2242 2569 suspendit

699 2598 785 2651 vel
822 2597 1074 2650 tenacitas
1120 2609 1342 2657 senum,
1382 2594 1465 2647 vel
1515 2592 1732 2644 intuitus
1775 2591 2153 2659 parvulorum;
2191 2599 2244 2646 et

704 2695 878 2742 tamen
923 2687 1019 2740 fuit
1061 2684 1088 2722 δ
1129 2699 1334 2742 morum
1379 2683 1577 2737 factura
1619 2697 1736 2751 quae
1774 2689 1991 2736 taceret.
2023 2681 2116 2733 Vir
2164 2691 2246 2735 est

701 2771 946 2850 namque,
978 2778 1032 2833 ui
1063 2779 1234 2844 fallor,
1261 2779 1421 2832 totius
1453 2776 1814 2847 popularitatis
1852 2775 2054 2830 alienus
2080 2791 2095 2829 :
2120 2789 2245 2844 gra-

702 2872 826 2925 tiam
853 2885 956 2924 non
993 2878 1166 2938 captat
1193 2869 1459 2933 omnium,
1490 2867 1582 2922 sed
1622 2856 1918 2931 bonorum;
1972 2881 2074 2919 non
2107 2866 2245 2920 indi-

703 2967 870 3012 screta
901 2957 1250 3012 familiaritate
1277 2959 1536 3011 vilescens
1555 2997 1574 3022 ,
1605 2955 1698 3010 sed
1725 2955 2024 3010 examinata
2051 2954 2243 3009 sodali.

2900 1795 3224 1854 EPISTOLA
3260 1795 3328 1857 Χ.

2545 1889 2789 1945 Sidonius
2824 1904 2973 1960 papa
3004 1898 3026 1926 ε
3055 1888 3289 1954 Auspicio
3311 1904 3402 1945 suo
3427 1887 3663 1942 salutem

2406 1979 2461 2034 Si
2497 1978 2631 2034 ratio
2677 1987 2970 2046 temporum
3011 1976 3388 2045 regionumque
3431 1983 3726 2044 pateretur,
3757 1985 3803 2028 nt

2338 2080 2433 2136 per
2469 2067 2579 2121 sola
2615 2066 2788 2125 cilicia
2821 2065 3098 2120 verborum
3133 2064 3391 2119 amicitias
3421 2064 3587 2117 semel
3614 2063 3803 2115 initasel

2339 2155 2514 2209 colere
2550 2168 2811 2208 curarem.
2845 2153 2948 2207 Sed
2982 2152 3229 2218 quoniam
3267 2151 3515 2204 fraternae
3549 2149 3726 2218 quietis
3747 2155 3803 2202 vol

2338 2243 2466 2296 satis
2506 2242 2764 2307 obstrepit
2806 2240 3220 2295 coniiiCtantiutn
3269 2239 3501 2308 procella
3557 2253 3803 2306 regnorum

2341 2332 2512 2384 saltim
2539 2330 2677 2384 inter
2702 2330 2959 2384 discretos
2986 2338 3363 2398 separatosque
3391 2327 3635 2383 litterarii
3660 2339 3803 2390 comat

2342 2419 2470 2473 tudo
2496 2418 2759 2474 sermonis
2784 2419 2903 2487 jure
2928 2417 3260 2481 retinebitur,
3285 2432 3402 2485 qua:
3425 2418 3540 2484 jam
3570 2416 3752 2485 pridem
3775 2427 3803 2468 α

2341 2507 2510 2560 ritatis
2533 2506 2749 2561 obtentu
2769 2506 2957 2561 merito
2982 2505 3191 2560 inducta
3210 2504 3479 2559 veteribus
3508 2503 3686 2557 annuit
3702 2515 3803 2558 esca

2342 2597 2462 2664 plis.
2503 2597 2755 2663 Superest
2793 2606 2846 2649 ut
2877 2595 3115 2649 sollicito
3163 2593 3463 2648 veneratori
3513 2592 3710 2661 culpam
3745 2606 3784 2642 ra

2343 2597 2462 2664 plis.
2503 2597 2755 2663 Superest
2793 2606 2846 2649 ut
2877 2595 3115 2649 sollicito
3163 2595 3463 2648 veneratori
3513 2595 3710 2661 culpam
3735 2595 3803 2738 :1

2343 2683 2667 2750 occursionis
2703 2683 2971 2751 indulgeas
3003 2700 3018 2736 :
3058 2698 3175 2752 qua:
3202 2682 3483 2751 quominus
3513 2680 3714 2736 assidue

2344 2784 2554 2840 spectus
2571 2772 2644 2826 tui
2665 2779 2998 2826 sacrosancta
3018 2751 3463 2838 contemplatione
3485 2771 3722 2837 potiatur,
3735 2769 3803 2852 nui

2345 2862 2630 2931 periculurn
2657 2860 2724 2915 de
2759 2860 2947 2944 vicinis
2976 2859 3141 2923 timet,-
3170 2872 3309 2912 nuac
3332 2855 3591 2910 invidiam
3699 2855 3803 2944 patri

2349 2952 2450 3007 nis.
2472 2951 2574 3006 Sed
2618 2949 2686 3004 de
2718 2949 2800 3004 his
2834 2933 2934 3004 ista'
2967 2949 3078 3003 hac
3122 2948 3277 3003 etiam
3307 2947 3471 3001 multa
3503 2933 3646 3000 sunt.
3673 2944 3803 3084 lntej

2349 3039 2552 3084 Petrum
2574 3082 2585 3084 μ
2618 3038 2945 3084 tribunitium
2987 3035 3154 3084 virum
3175 3071 3191 3084 ε
3221 3034 3536 3084 portitorem
3578 3031 3727 3084 nostri

703 3056 809 3102 tate
835 3048 1122 3114 pretiosus;
1165 3056 1220 3101 et
1252 3049 1402 3117 196
1424 3048 1560 3100 bono
1581 3047 1750 3100 viratu
1774 3046 1977 3100 aemulis
2001 3046 2110 3099 suis
2131 3059 2239 3100 ma-
2269 3026 2315 3089 C
2344 3039 2552 3094 Petrum
2573 3082 2588 3106 ,
2618 3038 2945 3092 tribunitium
2987 3035 3154 3091 virum
3175 3071 3192 3105 ,
3221 3034 3536 3104 portitorem
3578 3031 3727 3088 nostri

704 3140 785 3207 gis
811 3139 1059 3206 prodesse
1083 3139 1298 3205 cupiens
1324 3153 1478 3206 quam
1507 3138 1713 3203 placere
1737 3154 1751 3201 ;
1783 3138 1981 3191 severis
2010 3135 2242 3204 patribus

703 3225 1104 3295 comparandus,
1128 3229 1214 3295 qui
1235 3226 1485 3293 iuvenum
1510 3214 1732 3280 filiorum
1758 3240 1862 3279 non
1881 3233 1987 3280 tam
2013 3227 2244 3294 cogitant

707 3325 826 3369 vota
857 3330 1008 3384 quam
1034 3316 1329 3369 commoda.
1363 3316 1416 3368 In
1444 3314 1681 3369 adversis
1705 3325 1975 3377 constans,
2001 3318 2051 3367 in
2073 3315 2244 3368 dubiis

707 3405 933 3466 iidus,in
975 3405 1240 3470 prosperis
1286 3403 1573 3466 modestus,
1605 3404 1657 3455 in
1701 3402 1878 3455 habitu
1905 3401 2148 3469 simplex,
2191 3402 2243 3454 in

703 3506 947 3546 sermone
973 3492 1158 3553 comis,
1189 3493 1241 3543 in
1267 3491 1610 3542 contubernio
1639 3491 1876 3556 mqualis,
1923 3491 1976 3541 in
2025 3489 2246 3542 consilio

710 3577 1034 3646 prteceliens.
1084 3577 1354 3630 Amicitias
1412 3578 1652 3642 probatas
1679 3578 1836 3629 enixe
1877 3577 2091 3643 expetit,
2123 3591 2248 3630 eon-

707 3676 907 3721 stanter
934 3666 1158 3730 retinet,
1199 3667 1503 3732 perenniter
1553 3672 1744 3718 servat.
1785 3663 2085 3718 inimicitias
2114 3664 2249 3718 indi-

708 3763 820 3810 ctas
850 3754 1068 3808 honeste
1087 3761 1314 3816 exercet,
1349 3753 1495 3807 tarde
1524 3752 1708 3814 credit,
1735 3753 1975 3807 celeriter
1999 3753 2244 3821 deponit:

662 3897 665 3900 _
708 3842 935 3898 maxime
964 3843 1301 3907 ambiendus,
1340 3843 1458 3910 quia
1508 3840 1722 3895 minime
1767 3842 2110 3907 ambitiosus,
2143 3859 2247 3898 non

708 3934 884 3988 studet
910 3935 1176 4000 suscipere
1199 3932 1570 3995 sacerdotium,
1591 3931 1683 3985 sed
1713 3934 1923 3985 mereri.
1943 3932 2092 3986 Dicet
2114 3933 2245 3986 mihi

707 4021 894 4090 aliquis
932 4037 948 4077 :
990 4019 1137 4073 Unde
1175 4020 1266 4073 tibi
1308 4021 1374 4073 de
1413 4019 1504 4074 illo
1536 4031 1639 4073 tam
1677 4023 1778 4074 cito
1805 4030 1944 4074 tanta
1981 4033 2248 4090 comperta

712 4112 867 4163 sunt?
890 4109 980 4162 Cui
1008 4109 1319 4174 respondeo,
1345 4109 1498 4162 Prius
1527 4110 1784 4177 Bituriges
1815 4126 2064 4163 noveram
2094 4127 2248 4175 quam

711 4198 987 4265 Biturigas.
1004 4197 1189 4249 Multos
1211 4198 1262 4249 in
1279 4198 1484 4260 itinere,
1500 4197 1688 4249 multos
1707 4199 1756 4250 in
1772 4199 2096 4264 commilitio,
2117 4198 2249 4250 mul-

2342 3131 2513 3191 monis
2541 3131 2770 3192 insinuo,
2801 3129 2892 3198 qui
2915 3128 2965 3182 id
2991 3129 3160 3197 ipsum
3189 3126 3372 3181 sedulo
3399 3126 3672 3194 exposcit;
3695 3121 3801 3190 quiql

2342 3221 2470 3290 quid
2501 3220 2694 3288 negotii
2716 3218 2850 3273 ferat
2876 3208 3236 3286 prmsent'aneo
3265 3213 3688 3282 compendiosius
3711 3217 3801 3275 pote

2345 3311 2587 3363 intimare
2615 3314 2907 3362 memoratu
2938 3323 2951 3357 :
3004 3306 3090 3358 cui
3120 3316 3330 3370 precor,
3365 3301 3509 3368 quod
3547 3299 3600 3352 in
3635 3296 3801 3350 vobis!

2344 3401 2478 3466 opis,
2501 3395 2686 3450 intuitu
2705 3411 2762 3461 pa
2771 3395 2904 3461 gina:
2921 3392 3074 3461 193
3092 3391 3367 3458 praesentis
3381 3387 3629 3452 accedat;
3649 3389 3801 3437 nunc!

2347 3496 2587 3555 respectu
2641 3484 2977 3538 nihilominus
3023 3470 3319 3549 mquitatis,
3364 3485 3556 3530 contra
3604 3486 3740 3545 quam
3769 3481 3801 3524 II

2347 3578 2512 3644 magis
2568 3572 2900 3628 familiarium
2953 3583 3140 3624 causas
3192 3565 3571 3622 commendare
3617 3569 3801 3621 eorum

2348 3670 2549 3724 Memor
2571 3665 2739 3720 nostri
2769 3677 2889 3718 esse
2914 3662 3151 3729 dignare,
3174 3659 3385 3713 ddmine
3405 3670 3564 3726 papa.

2893 3748 3220 3806 EPISTOLA
3254 3747 3343 3800 XI.

2555 3845 2796 3901 Sidonius
2822 3843 3026 3896 domino
3064 3854 3210 3910 papae
3241 3836 3418 3891 Gre-co
3449 3835 3678 3891 solum.

2555 3885 2794 3901 ,ιι-,νηηη
2822 3885 3023 3896 ..-......-
3064 3885 3205 3910 ,ηρ
3246 3885 3409 3891 νῆ--
3451 3885 3611 3891 ,ηπ
3800 3885 3801 3910 ι

2419 3935 2630 3990 invideo
2660 3933 2896 3987 felicitati
2925 3926 3370 3985 consuetudinarii
3407 3921 3699 3994 portitoris,
3719 3933 3743 3972 a

2419 4027 2568 4095 ntigit
2593 4025 2784 4094 saepius
2813 4037 2906 4076 vos
2933 4021 3123 4075 videri.
3153 4017 3259 4074 Sed
3286 4016 3409 4086 quid
3435 4015 3511 4070 tie
3555 4009 3768 4069 Amulio

2419 4131 2506 4179 ar,
2549 4129 2666 4168 cum
2707 4114 2847 4180 ipsas
2870 4123 3077 4178 quoque
3110 4107 3314 4161 litteras
3339 4119 3491 4159 meas
3521 4103 3739 4164 amula,

2419 4203 2697 4256 crosanctis
2729 4199 3106 4253 reserabuntur
3131 4196 3332 4262 digitis,
3363 4193 3706 4260 inspicientur

2349 4027 2568 4095 contigit
2593 4025 2784 4094 saepius
2813 4037 2906 4076 vos
2933 4021 3123 4075 videri.
3153 4017 3259 4074 Sed
3286 4016 3409 4086 quid
3435 4015 3511 4070 de
3555 4009 3768 4069 Amantio

2349 4131 2506 4183 quar,
2549 4129 2666 4168 cum
2707 4114 2847 4180 ipsas
2870 4123 3077 4178 quoque
3110 4107 3314 4161 litteras
3339 4119 3491 4159 meas
3521 4103 3739 4164 amula,

2350 4203 2697 4256 sacrosanctis
2729 4199 3106 4253 reserabuntur
3131 4196 3332 4262 digitis,
3363 4193 3706 4260 inspicientur

714 4295 795 4340 tos
833 4288 884 4339 in
934 4293 1229 4345 contractu,
1257 4284 1450 4335 multos
1479 4286 1531 4335 in
1557 4292 1803 4346 tractatu,
1833 4287 2023 4338 multos
2047 4288 2098 4338 in
2130 4301 2244 4352 sua,
2277 4336 2332 4359 ΛΑ
2353 4293 2712 4359 ιῖδυεῗειθεο
2733 4290 2999 4342 isticinter
3020 4285 3297 4341 semiustas
3311 4283 3454 4336 muri
3483 4281 3799 4357 (miliatria!

714 4375 903 4432 multos
944 4374 997 4426 in
1028 4382 1203 4424 nostra
1247 4373 1664 4439 peregrinatione
1713 4373 2091 4439 cognoscimus.
2131 4374 2250 4427 Plu-
2275 4353 2328 4417 Β
2355 4353 2796 4450 Mummiam
2826 4387 3028 4431 ιθιοιιοιιθ
3055 4374 3281 4441 contigui
3305 4411 3324 4444 ,δ
3354 4370 3626 4438 desiderio
3647 4353 3799 4422 deret

716 4465 846 4518 rima
871 4461 1069 4514 notitia:
1097 4461 1282 4513 dantur
1308 4469 1359 4513 et
1380 4475 1441 4512 ex
1470 4461 1715 4528 opinione
1739 4463 2046 4529 compendia
2073 4475 2087 4515 :
2128 4463 2249 4531 quia

713 4566 821 4606 non
847 4559 950 4602 tam
981 4562 1166 4616 parvos
1194 4549 1444 4606 terminos
1475 4551 1645 4618 posuit
1673 4549 1823 4603 iamte
1857 4560 2058 4613 natura,
2093 4569 2248 4621 quam

714 4642 916 4710 patrias.
945 4639 1193 4704 Quocirca
1221 4639 1266 4692 si
1298 4639 1500 4693 urbium
1536 4633 1703 4692 ’status
1733 4655 1834 4693 non
1854 4647 1958 4693 tam
1982 4657 2248 4696 murorum

717 4730 934 4796 ambitu,
959 4745 1109 4797 quam
1134 4730 1318 4782 civium
1341 4729 1573 4782 claritate
1599 4732 1853 4783 taxandus
1869 4740 1950 4784 est
1973 4749 1986 4796 ;
2013 4747 2114 4785 non
2141 4747 2252 4786 mo-~

715 4819 786 4873 do
808 4819 1029 4887 primum
1065 4819 1152 4887 qui
1181 4819 1386 4880 essetis,
1410 4818 1500 4872 sed
1531 4820 1617 4871 ubi
1648 4823 1834 4875 essetis
1861 4827 2069 4889 agnovi.
2104 4823 2252 4878 Uxor

718 4908 792 4965 il'i
822 4910 887 4964 de
918 4907 1264 4961 Palladiorum
1291 4908 1454 4973 Stirpe
1490 4906 1775 4972 descendit,
1804 4911 1886 4976 qui
1924 4921 2012 4964 aut
2052 4911 2250 4967 littera-

777 5061 945 5134 ani-nc
981 5068 1119 5124 patet
1143 5059 1439 5134 Palladium
1472 5066 1526 5134 et
1555 5060 1655 5126 77
1686 5060 1982 5134 Eulodium,
2021 5069 2106 5133 qui
2141 5084 2257 5134 pro-

721 5130 844 5181 ximi
865 5130 1064 5203 fuerant
1078 5127 1844 5203 episcopiilituricences_,_hunc
1863 5127 2082 5203 patrem,
2100 5127 2244 5191 illum

723 5212 961 5267 socerum
994 5195 1274 5267 Simplicii_
1299 5197 1475 5267 fuisse.
1516 5196 1727 5267 Palladii
1758 5195 1880 5267 ergo
1921 5203 2020 5255 ﬁlia
2049 5195 2080 5266 ,’
2117 5222 2250 5259 uxor

723 5266 993 5343 Simplicii.
1028 5266 1193 5317 lnlra:
1230 5263 1370 5315 Uxor
1396 5264 1473 5315 illi
1507 5265 1567 5316 de
1596 5263 1942 5321 Palladiorum
1976 5263 2128 5343 stirpe
2161 5276 2249 5328 de.

723 5335 935 5385 scendit.

794 5403 820 5438 ι)
848 5403 920 5452 lta
951 5402 1103 5454 fuerit
1132 5402 1361 5453 moribus
1384 5402 1717 5468 compositus,
1747 5414 1802 5457 ut
1830 5410 2100 5462 ecclesiam
2129 5427 2158 5464 ι
2189 5427 2247 5464 se

716 5471 986 5540 'conditam
1010 5511 1024 5530 ,
1065 5470 1264 5540 Iaudem
1295 5473 1491 5532 vitans,
1522 5470 1724 5540 silentio
1763 5489 2041 5540 premeret,
2075 5480 2248 5533 υιίιιιι-

728 5537 908 5589 eadem
939 5553 1062 5590 voce
1087 5539 1321 5591 ituricius
1342 5543 1490 5604 epist.
1519 5538 1606 5591 M:
1637 5537 1828 5607 Equum
1856 5546 2048 5611 qualem
2070 5549 2247 5613 jam-

2353 4486 2472 4526 meo
2499 4482 2825 4536 nequaquam
2850 4463 3150 4518 satisfacere
3180 4461 3486 4531 permiuor.
3510 4461 3675 4529 Atque
3692 4451 3799 4508 ntila

2353 4561 2464 4614 ham
2512 4565 2653 4612 esset
2697 4558 2947 4609 Arvernae
2987 4555 3150 4608 forma
3200 4551 3283 4606 vel
3319 4564 3488 4612 causa
3537 4547 3799 4618 regionis.l

2351 4649 2523 4703 minus
2569 4645 2895 4705 excusabiles
2944 4654 3336 4695 excusaremur.
3368 4636 3480 4692 Sed
3518 4635 3656 4707 quod
3677 4627 3799 4698 esid

2350 4741 2478 4800 rius,
2508 4751 2602 4805 per
2629 4734 2896 4802 iniustitia:
2925 4740 3117 4784 nostra
3156 4730 3344 4784 merita
3373 4727 3670 4790 conﬁcitur,
3695 4731 3742 4776 st
3769 4727 3799 4798 ei

2349 4803 2549 4881 cusatio
2592 4825 2741 4878 nobis
2781 4824 2919 4889 justa
2945 4836 3049 4873 non
3097 4819 3250 4873 desit.
3282 4817 3554 4883 Quocirca
3589 4803 3799 4889 κιναιίᾴ

2351 4918 2594 4988 palata,
2609 4916 2744 4970 sicut
2764 4928 2879 4967 mos
2908 4912 3074 4981 poscit
3098 4909 3278 4974 cilicii,
3297 4895 3799 4988 magnopere‘drM

2357 5087 2442 5125 ras
2457 5070 2714 5132 destinavi,
2726 5065 3102 5119 mansuetudine
3115 5064 3392 5128 placidam,

2351 5143 2548 5205 ﬁrmum
2569 5127 2761 5196 robore,
2787 5137 2948 5202 forma
2968 5127 3302 5203 prauitatem,
3321 5135 3534 5202 [acina

2351 5210 2530 5260 animis
2559 5217 2897 5273 temperatum.

2425 5288 2445 5314 ε
2476 5267 2706 5328 Tullensi
2738 5273 3022 5324 Leucorum
3055 5270 3326 5336 episcopo.
3361 5269 3576 5337 Scripta
3613 5279 3708 5338 quo
3741 5267 3799 5338 lg

2350 5325 2501 5410 pore—
2522 5325 2677 5397 Gothi
2718 5356 2832 5392 cum
2863 5325 3110 5410 Romanis
3139 5325 3331 5391 bellum
3361 5325 3656 5410 gerebant,
3681 5325 3799 5410 δῇ

2352 5401 2640 5481 guttditmes
2663 5409 2906 5481 Arvernis
2923 5449 2937 5474 ,
2970 5419 3023 5462 ut
3051 5407 3245 5462 dictum
3266 5401 3391 5472 est;
3405 5405 3608 5461 auxilio
3629 5401 3799 5481 enim

2353 5480 2533 5537 versus
2559 5480 2780 5536 Gothos.
2833 5506 2838 5510 -
