3812 6226
630 205 731 284 583

1860 186 2092 283 smoun
2126 223 2564 283 APOLLINARIS
3696 223 3772 279 nu

626 342 958 398 Tricassibus
990 339 1165 394 venit:
1197 350 1300 407 quo
1329 335 1428 391 loci
1457 334 1587 390 mihi
1627 333 1814 402 raptim
1846 347 1905 386 ac
1940 332 2170 385 breviter
2198 333 2246 391 Α
2273 329 2532 381 duntaxat
2591 329 2942 382 institutorum
3011 336 3185 382 tantus
3238 329 3503 398 colligitur
3560 329 3791 410 affectus,l

629 437 913 500 inspectus,
948 440 1182 486 sanetum
1213 428 1512 497 episcopum
1555 426 1789 493 Lupum,
1823 422 1975 476 facile
2013 422 2162 487 prin-

628 528 792 590 cipem
824 521 1123 590 pontificum
1152 519 1538 573 Gallicanorum
1558 555 1574 579 ,
1605 530 1713 568 sua:
1745 523 1848 574 tam
1881 510 2164 580 professio-

630 612 710 662 nis
754 610 1056 677 magistrum
1103 613 1257 675 quam
1305 604 1570 673 dignitatis
1614 611 1912 660 auctorem,
1960 612 2161 652 morum

628 698 775 752 nobis
805 696 1089 750 imitatione
1115 695 1360 749 restituit.
1388 694 1527 747 Deus
1557 691 1722 744 bene!
1757 703 1872 757 qua:
1903 687 2016 740 viro
2041 700 2164 739 cen-

624 802 746 841 sura
786 801 904 840 cum
939 794 1236 848 venustate,
1283 786 1326 839 si
1363 784 1484 853 quid
1523 784 1677 852 201
1707 780 1967 835 deliberet
2005 778 2158 842 forte,

624 877 706 930 vel
750 875 999 930 suadeat?
1037 874 1283 928 Abundat
1327 873 1488 925 animi
1527 873 1638 924 sale
1683 872 1801 922 cum
1841 868 2158 930 consulitur,

626 964 779 1018 melle
806 979 924 1018 cum
956 963 1199 1016 consulit.
1225 961 1436 1020 Summa
1469 957 1669 1012 homini
1706 971 1830 1011 cura
1856 956 1922 1009 de
1951 956 2158 1019 litteris,

626 1052 718 1104 sed
743 1052 966 1105 maxime
999 1049 1275 1117 religiosis,
1303 1049 1356 1100 in
1385 1048 1573 1116 quibus
1599 1061 1717 1100 eum
1747 1048 1911 1115 magis
1941 1053 2162 1114 occupat

627 1141 852 1196 medulla
904 1153 1190 1202 sensuum,
1241 1151 1398 1202 quam
1440 1150 1625 1203 spuma
1675 1135 1977 1188 verborum.
2031 1135 2158 1187 'l‘ota

625 1231 703 1284 illi
731 1230 992 1284 actionum
1014 1240 1222 1280 suarum
1249 1224 1489 1289 intentio,
1520 1221 1782 1287 celeritas,
1813 1235 1978 1286 mora,
2008 1219 2158 1274 Chri-

626 1328 739 1372 stus
776 1326 885 1380 est;
924 1317 1166 1385 quodque
1195 1314 1385 1367 mirere
1415 1311 1499 1366 vel
1540 1312 1739 1377 laudes,
1772 1311 1898 1364 nihil
1937 1312 2158 1364 etiusum

627 1405 782 1473 facit,
821 1418 938 1458 cum
981 1403 1109 1457 nihil
1145 1402 1296 1455 faciat
1334 1414 1438 1455 non
1473 1401 1726 1469 quietum.
1756 1399 1975 1468 Jejuniis
2014 1397 2160 1452 dele-

626 1500 826 1556 ctatur,
870 1491 1109 1546 edulibus
1155 1490 1476 1558 acquiescit;
1505 1488 1609 1543 illis
1652 1487 1888 1541 adhaeret
1943 1495 2188 1557 propter,

627 1582 1058 1637 consuetudinem
1083 1583 1272 1644 crucis,
1299 1580 1413 1634 istis
1441 1578 1669 1633 flectitur
1698 1585 1910 1646 prepter
1935 1573 2159 1644 gratiam

625 1673 875 1725 caritatis.
940 1671 1156 1726 Summo
1216 1677 1495 1736 utrumque
1560 1666 1917 1719 moderamine
1965 1680 1978 1715 :

626 1759 943 1829 comprimit,
969 1758 1174 1826 quoties
1203 1755 1461 1825 prandere
1486 1755 1686 1819 statuit,
1716 1752 1921 1820 gulam;
1951 1751 2158 1818 quoties

630 1847 924 1911 abstinere,
973 1845 1293 1913 iactantiam.
1335 1840 1515 1894 Officia
1559 1837 1869 1912 multiplicat
1918 1837 2158 1904 propria,

625 1936 754 1989 vitat
794 1935 1002 1987 aliena:
1032 1945 1256 1999 cumque
1294 1929 1391 1996 ipsi
1424 1927 1656 1981 vicissim
1703 1925 1882 1980 deceat
1919 1925 2154 1993 occurri,

626 2023 822 2092 gratius
850 2022 1035 2087 habet,
1061 2020 1104 2073 si
1133 2017 1232 2072 sibi
1271 2025 1483 2070 mutuus
1512 2015 1680 2070 honor
1712 2013 1962 2069 debeatur
1986 2028 2154 2082 mage,

627 2107 784 2180 quam
822 2109 1157 2180 rependatur.
1201 2107 1254 2160 ιιι
1301 2108 1573 2172 convivio,
1619 2106 1836 2173 itinere,
1875 2119 2154 2171 consessu,

627 2198 957 2254 inferioribus
1003 2198 1179 2261 cedit;
1228 2183 1331 2265 quo
1381 2195 1438 2249 fit
1479 2205 1533 2249 ut
1577 2209 1634 2248 se
1672 2193 1750 2248 illi
1795 2193 2159 2262 voluptuosius

627 2289 778 2342 turba
834 2296 1113 2357 postponat
1162 2287 1509 2354 superiorum.
1564 2283 1872 2338 Sermonem
1931 2284 2159 2338 maximo

627 2383 1037 2445 temperamento
1081 2389 1200 2429 cum
1240 2375 1570 2442 colloquente
1613 2373 1916 2440 dispensat;
1961 2371 2014 2425 in
2056 2387 2159 2440 quo

627 2481 730 2520 non
777 2465 967 2532 patitur
1003 2464 1192 2529 ullam,
1231 2470 1319 2535 aut
1353 2462 1716 2514 verecundiam
1764 2470 2033 2527 externus,
2073 2468 2162 2515 aut

625 2553 897 2606 familiaris
927 2551 1198 2625 injuriam,
1227 2559 1314 2602 aut
1352 2546 1597 2603 credulus
1641 2546 1886 2602 invidiam
1906 2585 1922 2612 ,
1945 2557 2043 2625 aut
2070 2563 2160 2602 cu-

628 2641 800 2694 riosus
843 2638 1148 2707 repulsam,
1193 2645 1295 2702 aut,
1329 2637 1646 2704 suspiciosus
1694 2624 1981 2705 nequitiam
2015 2653 2027 2688 :
2073 2642 2160 2690 aut

630 2729 830 2797 peritus
876 2728 1219 2792 calumniam,
1261 2734 1351 2779 aut
1386 2723 1652 2795 imperitus
1695 2725 1979 2779 infamiam.
2025 2726 2165 2781 Sim-

630 2820 912 2888 plicitatem
942 2817 1195 2879 columbae
1237 2818 1289 2870 in
1316 2816 1543 2871 ecclesia
1573 2825 1777 2882 servat,
1808 2817 1859 2870 in
1899 2815 2013 2870 foro
2048 2829 2165 2871 ser-
2198 2865 2206 2874 .

631 2911 801 2978 pentis
830 2910 1100 2972 astutiam;
1131 2909 1278 2962 bonis
1309 2907 1566 2976 prudens,
1605 2907 1754 2961 malis
1783 2918 1999 2974 cautus,
2035 2922 2164 2961 nen-

631 3001 728 3052 tris
763 3001 982 3052 callidus
1013 2998 1293 3066 iudicatur.
1328 2997 1463 3064 Quid
1499 2997 1683 3065 plura?
1712 2996 1897 3050 Totum
1931 3004 1982 3049 te
2010 2996 2161 3050 nobis
2188 2989 2235 3052 C
2263 3005 2586 3070 simulacris,
2625 3015 2680 3060 et
2724 3020 2842 3061 cera
2882 3006 3127 3076 picturis;
3162 3021 3230 3059 an
3275 3006 3642 3061 velocitatem?
3674 3016 3764 3070 qua

630 3087 716 3142 ille
747 3087 854 3155 jam
896 3086 1154 3139 reddidit:
1195 3095 1355 3138 totam
1392 3097 1529 3138 tuam
1577 3086 2002 3154 temperantiam,
2038 3084 2164 3138 reli-

630 3176 834 3244 gionem
852 3214 866 3239 ,
896 3174 1186 3228 libertatem
1204 3213 1219 3238 ,
1248 3173 1614 3228 verecundiam
1635 3213 1653 3238 ,
1682 3181 1735 3227 et
1760 3173 1898 3226 illam
1926 3172 2161 3226 delicata:

632 3269 820 3322 mentis
859 3266 1244 3335 pudicissimam
1275 3264 1675 3318 teneritudinem
1711 3264 1935 3332 jocunda
1978 3263 2163 3323 simili-

631 3357 813 3410 tudine
838 3356 1131 3421 exscripsit.
1158 3355 1483 3422 Quapropter
1509 3362 1756 3421 quantum
1785 3355 1942 3421 202
1978 3353 2161 3404 voluc-

630 3443 703 3496 ris
730 3443 975 3506 deinceps
1003 3441 1101 3491 frui
1131 3451 1356 3501 secreto,
1387 3440 1656 3519 indulgere
1689 3440 1950 3518 secessui,
1990 3438 2164 3491 licebit

632 3531 935 3597 indulgeas:
965 3528 1381 3595 quandoquidem
1421 3541 1517 3579 nos
1555 3513 1605 3578 in
1643 3525 1802 3580 fratre
1841 3513 1958 3580 meo
1989 3527 2162 3580 llime—

631 3620 729 3683 rio,
753 3631 904 3671 avum
935 3617 1162 3680 nomine,
1189 3623 1387 3682 patrem
1413 3613 1559 3682 facie,
1589 3623 1864 3682 utrumque
1889 3613 2163 3683 prudentia

631 3701 734 3774 iam
765 3716 1019 3761 tenemus.
1047 3705 1191 3760 Vale.

1149 3792 1470 3847 EPISTOLA
1510 3792 1644 3846 XIV.

940 3883 1181 3937 Sidonius
1220 3881 1479 3950 Philagrio
1507 3900 1596 3935 suo
1622 3884 1850 3937 salutem.

701 3971 941 4026 Praxime
992 3974 1126 4024 inter
1165 3982 1449 4025 summates
1476 3973 1616 4026 viros
1656 3973 1786 4040 (erat
1826 3983 1879 4028 et
1918 3973 2162 4041 frequens

631 4061 783 4129 ordo)
815 4062 972 4113 vestri
1014 4061 1209 4114 mentio
1240 4061 1355 4113 fuit.
1385 4062 1578 4115 Omnes
1607 4061 1673 4116 de
1709 4072 1761 4116 te
1795 4063 1916 4116 boni
1947 4063 1998 4114 in
2027 4077 2163 4116 com-

634 4165 789 4202 mune
836 4159 1110 4203 senseruut
1154 4151 1327 4202 omnia
1373 4150 1545 4213 bona,
1593 4165 1709 4203 cum
1756 4162 1930 4204 tamen
1976 4151 2163 4218 singuli

634 4238 823 4304 quique
866 4237 1005 4288 varia
1036 4237 1283 4287 virtutum
1324 4251 1511 4302 genera
1555 4237 1828 4289 dixiSsent.
1868 4238 2008 4290 Sane
2043 4253 2160 4291 cum

635 4324 733 4374 sibi
763 4322 1018 4389 quispiam
1055 4321 1118 4372 de
1149 4324 1422 4386 prmsentia
1452 4329 1559 4385 tua,
1591 4323 1737 4388 quasi
1768 4332 1819 4375 te
1848 4325 2009 4392 magis
2040 4341 2162 4379 nos-
2189 4307 2238 4363 D

637 4418 782 4470 sent,
816 4419 1002 4475 praeter
1032 4423 1233 4476 arquum
1266 4409 1633 4476 gloriarentur,
1671 4410 1932 4464 incandui.
1963 4412 2164 4478 Quippe

638 4510 756 4550 cum
786 4496 886 4549 dici
925 4512 1026 4549 non
1068 4498 1426 4565 aequanimiter
1466 4497 1826 4563 admitterem,
1857 4488 2026 4552 viruni
2054 4515 2166 4553 om-

639 4587 780 4638 nium
820 4585 1103 4639 litterarum
1135 4587 1478 4642 vicinantibus
1510 4590 1742 4652 rusticis,
1771 4603 1922 4658 quam
1963 4589 2167 4642 institu-

642 4676 707 4728 tis
740 4674 851 4727 fieri
899 4677 1265 4730 remotimibus
1305 4678 1596 4742 notiorem,
1642 4680 1897 4746 processit
1937 4679 1987 4731 in
2031 4681 2163 4732 ulte-

641 4765 776 4816 riora
823 4766 1090 4817 contentio
1127 4782 1140 4819 :
1185 4774 1237 4818 et
1285 4779 1400 4818 cum
1448 4766 1603 4835 aliqui
1647 4782 1802 4836 super
1849 4771 1946 4824 hoc
1989 4783 2167 4822 errore

641 4853 976 4921 pervicaciter
1013 4858 1536 4909 contrOVersarentur
1581 4858 1877 4926 (idiotarum
1913 4859 2164 4927 siquidem

640 4952 753 5005 est,
789 4945 921 4997 sicut
968 4945 1116 4999 facile
1157 4945 1431 5009 convinci,
1471 4947 1538 4997 ita
1584 4947 1793 5002 difficile
1831 4949 2163 5017 compesci),

639 5041 937 5085 constanter
964 5035 1190 5099 asserui,
1228 5036 1271 5086 si
1301 5034 1661 5100 eloquentibus
1691 5038 1871 5090 amicis
1901 5054 2162 5106 nunquam

639 5121 832 5189 agnitio
859 5123 1255 5188 contemplativa
1289 5124 1582 5190 proicniat,
1613 5139 1728 5179 esse
1771 5143 2012 5194 asperum
2033 5168 2045 5189 .
2085 5138 2166 5180 ut-

639 5224 841 5278 cunque
887 5212 1152 5265 tolerabile
1198 5223 1410 5264 tamen:
1452 5213 1566 5280 quia
1603 5220 1912 5280 praevaleant
1960 5196 2161 5286 ingenia

639 5310 760 5359 sua,
791 5312 964 5351 coram
991 5301 1173 5365 quibus
1208 5301 1462 5366 imperitia
1497 5303 1658 5354 civica
1695 5307 2070 5372 peregrinatur,
2099 5308 2162 5359 ad

643 5392 955 5436 remotarum
993 5386 1246 5438 desideria
1287 5387 1685 5452 provinciarum.
1717 5394 1853 5460 ston
1876 5393 2163 5463 adminicu-

643 5474 780 5522 lante
817 5477 1079 5541 porrigere
1111 5491 1122 5524 :
1166 5490 1255 5542 per
1294 5491 1444 5545 quem
1492 5490 1846 5545 saepenumero
1886 5483 2157 5539 absentum

2249 2817 2317 2876 in
2355 2823 2578 2878 leonina:
2603 2826 2823 2879 cervicis
2860 2825 2991 2879 toris
3015 2834 3229 2893 regnat;
3269 2840 3334 2878 an
3363 2816 3607 2880 decorem
3635 2825 3764 2876 liaea-
3790 2816 3791 2893 ξ

2263 425 2490 484 quantus
2516 431 2614 470 nec
2645 427 3006 484 praesentanea
3029 415 3306 471 sedulitate
3330 417 3623 472 conficitur.
3647 415 3791 487 igitur}

2261 502 2306 555 si
2349 503 2418 556 ita
2449 512 2559 567 est,
2597 503 2850 557 desistant
2878 504 3187 558 calumniari
3223 507 3517 560 communis
3557 501 3791 570 absentia?

2265 591 2665 658 necessitatem,
2714 594 2868 661 203
2918 595 3157 646 vultuum
3206 609 3358 663 mage
3399 610 3556 664 quam
3603 613 3791 650 moruml

2262 679 2652 744 praedicatores.
2689 680 2940 747 Equidem
2965 683 3009 735 si
3039 684 3262 735 humana
3293 681 3585 737 subsmntia
3611 689 3791 738 rectius‘

2261 767 2402 820 mole
2431 782 2584 834 quam
2626 772 2801 822 mente
2844 756 3105 824 censenda
3144 782 3259 838 est,
3303 772 3585 840 plurimum
3623 773 3791 842 ignoro‘

2262 854 2389 922 quid
2436 856 2722 908 secundum
2771 858 3319 928 corpulentiam,.per
3358 862 3527 928 spatia
3571 849 3791 929 quamvisj

2265 956 2528 1014 porrecta,
2581 948 2814 1016 finalem,
2845 951 2896 1003 in
2945 951 3158 1005 homine
3202 955 3486 1017 miremur,
3527 969 3629 1021 quo
3671 954 3770 1007 nihil

2263 1051 2412 1102 atque
2441 1038 2690 1092 miserum
2714 1039 3124 1107 destitutumque
3151 1041 3398 1096 nascendi
3427 1043 3654 1096 conditio
3678 1058 3791 1110 pro»

2257 1128 2447 1182 duxit:
2487 1129 2678 1198 quippe
2714 1143 2831 1183 cum
2880 1131 3108 1197 praebeat
3156 1139 3402 1199 tanquam
3446 1132 3516 1184 ab
3559 1131 3766 1200 adverso,

2257 1217 2376 1270 bovi
2414 1218 2570 1285 pilus,
2603 1233 2731 1286 apro
2755 1227 2886 1283 seta,
2917 1218 3115 1272 volucri
3153 1220 3328 1286 pluma
3371 1223 3654 1275 vestitum:
3681 1225 3770 1290 qui-

2256 1306 2357 1360 bus
2404 1307 2649 1376 insuper,
2701 1315 2756 1360 ut
2808 1307 2909 1360 vim
2958 1307 3041 1361 vel
3087 1307 3346 1372 inferant,
3386 1311 3471 1363 vel
3517 1309 3791 1378 repellant,1

2255 1411 2455 1462 cornu,
2493 1397 2645 1462 deus,
2689 1397 2897 1466 unguis,
2925 1411 3070 1450 arma
3116 1399 3341 1465 genuina
3379 1408 3541 1452 sunt:
3571 1401 3791 1474 meman

2265 1499 2390 1540 vero
2425 1495 2599 1540 nostra
2640 1488 2692 1541 in
2738 1487 2878 1541 hunc
2920 1487 3167 1540 mundum
3207 1489 3318 1542 sola
3362 1502 3581 1542 censeas
3605 1477 3791 1556 ejecta,3

2256 1588 2360 1626 non
2382 1573 2518 1628 edita
2543 1592 2558 1628 :
2585 1563 2810 1645 'cumque
2837 1576 3112 1644 gignendis
3131 1576 3346 1630 artubus
3371 1576 3667 1630 animalium
3691 1575 3791 1630 cad

2034 1664 2156 1731 quia
2191 1663 2236 1721 Β
2263 1671 2492 1717 terorum
2536 1665 2818 1718 multifario
2854 1675 3038 1743 natura
3084 1667 3348 1734 prresidio,
3379 1667 3531 1736 quasi
3568 1655 3791 1734 qundam1

2257 1751 2376 1804 sinu
2414 1758 2624 1819 patente
2666 1761 2834 1806 mater
2868 1763 3146 1810 occurrat:
3184 1754 3413 1808 humana
3453 1763 3647 1809 tantum
3667 1771 3791 1826 ,cory

2257 1853 2386 1907 pora
2423 1839 2637 1905 effudit,
2661 1854 2884 1908 quorum
2916 1841 3257 1896 imbecillitati
3283 1843 3663 1910 quodammodo
3693 1859 3764 1894 ηο-
3790 1903 3791 1906 η

2257 1938 2575 1985 verearetur.
2603 1929 2733 1984 Nam
2773 1930 2932 1996 illud,
2972 1930 3129 1984 sicuti
3172 1946 3270 1999 ego
3315 1945 3534 1998 censeo,
3562 1933 3641 1999 qui
3680 1933 3791 2006 anig

2258 2033 2400 2072 mum
2422 2028 2566 2074 tuum
2591 2020 2841 2074 membris
2861 2020 2996 2074 duco
3021 2021 3300 2087 potiorem,
3323 2036 3427 2074 non
3452 2021 3607 2075 habet
3629 2037 3766 2088 teque
3790 2019 3791 2028 ‘

2256 2107 2486 2174 litatem,
2515 2111 2654 2177 quod
2696 2121 2887 2164 statum
2935 2119 3169 2163 nostrum
3213 2124 3370 2178 supra
3425 2111 3647 2178 pecudes
3680 2110 3791 2162 veri.

2257 2197 2474 2266 falsique
2523 2198 2764 2264 nescias,
2812 2200 3142 2254 ratiocinatio
3189 2200 3378 2264 animae
3434 2191 3791 2253 intellectualu‘

2265 2288 2480 2342 evexit:
2514 2289 2662 2355 cujus
2699 2289 2744 2342 si
2792 2290 3043 2359 tantisper
3089 2297 3458 2344 summoveant
3501 2291 3791 2361 dignitatem

2258 2376 2374 2444 isti,
2415 2377 2504 2445 qui
2541 2378 2738 2432 amicos
2783 2377 3153 2434 ludificabundi
3189 2394 3296 2434 non
3325 2389 3430 2432 tam
3458 2379 3759 2447 iudicialiter,
3790 2405 3791 2412 ι

2257 2477 2412 2531 quam
2450 2466 2734 2520 oculariter
2757 2461 3060 2531 intuentur;
3083 2466 3292 2541 dicant,
3321 2466 3483 2520 velim
3502 2505 3519 2530 ο
3547 2467 3598 2520 ill
3633 2467 3764 2519 ιιοωῖ·

2259 2556 2342 2608 nis
2368 2555 2535 2609 forma
2564 2556 2688 2625 quid
2730 2547 2856 2611 satis
2896 2542 3168 2627 pmstans,
3212 2558 3334 2626 quid
3373 2557 3652 2626 spectabile

2260 2651 2391 2698 teut.
2416 2643 2892 2702 Proceritatemne?
2914 2648 3059 2715 quasi
3088 2663 3189 2701 non
3213 2649 3324 2701 haec
3349 2660 3493 2714 sape
3515 2660 3763 2714 coagmen-
3790 2647 3791 2700 Ξ

2262 2734 2363 2787 tius
2384 2734 2618 2788 trabibus
2638 2743 2841 2801 aptetur
2855 2741 2959 2800 {an
2987 2735 3375 2801 fortitudinem?
3409 2751 3531 2804 qua:
3551 2737 3763 2790 valentior
3790 2734 3791 2792 ἶ

2265 2915 2597 2966 mentorum?
2633 2927 2787 2983 quem
2829 2913 3018 2968 crebro
3052 2913 3238 2968 melius
3281 2913 3483 2982 infigit,
3525 2923 3580 2968 et
3615 2910 3791 2982 argillal

2263 3095 2643 3163 competentius
2697 3096 2916 3150 canibus
2966 3095 3279 3159 ascribitur;
3319 3106 3386 3148 an
3434 3091 3764 3164 vigilantiam?

2260 3185 2346 3239 cui
2375 3193 2540 3238 certat
2572 3195 2622 3239 et
2665 3193 2883 3249 noctua;
2913 3185 3070 3253 20‘.
3093 3200 3158 3236 an
3189 3191 3410 3237 vocem?
3436 3184 3521 3236 cui
3557 3199 3652 3236 non
3677 3196 3762 3234 cez-
3790 3201 3791 3253 ἦ

2261 3271 2390 3324 serit
2417 3272 2595 3324 asinus
2638 3272 2904 3334 claritate;
2943 3286 3008 3323 an
3055 3270 3402 3324 industriam?
3438 3273 3523 3324 cui
3571 3285 3656 3338 pro
3693 3284 3762 3321 suo

2261 3359 2472 3414 modulo
2498 3356 2788 3425 comparari
2819 3372 2914 3411 nec
2953 3357 3170 3411 formica
3198 3358 3470 3412 formidat.
3509 3357 3611 3413 Sed
3643 3359 3763 3410 forsi-
3789 3356 3791 3430 l

2261 3453 2346 3498 tan
2387 3446 2669 3513 praeferunt
2707 3447 2811 3499 vim
2858 3445 3104 3500 videndi:
3136 3459 3380 3515 tanquam
3434 3464 3540 3503 non
3571 3449 3634 3503 sit
3663 3445 3791 3515 cmi-l

2261 3535 2466 3586 nentior
2494 3534 2634 3586 visus
2661 3533 2972 3601 aquilarum.
3013 3536 3300 3589 Praeferunt
3336 3538 3588 3590 audiendi
3615 3537 3758 3590 ειΊὶςι·
3790 3547 3791 3601 l

2260 3619 2432 3672 ciam:
2477 3629 2719 3689 tanquam
2767 3637 2857 3675 sus
2900 3616 3137 3691 hispidus
3185 3639 3286 3678 non
3335 3625 3556 3678 antistet
3598 3626 3757 3677 auditu.

2258 3710 2550 3781 Prmferunt
2577 3713 2827 3767 odorandi
2852 3714 3188 3768 subtilitatem
3210 3729 3225 3768 :
3249 3720 3507 3782 tauquam
3538 3731 3633 3767 non
3660 3729 3762 3781 pra-

2259 3801 2411 3856 cedat
2437 3802 2861 3858 vultur~olfactu.
2899 3801 3187 3856 Praeferunt
3226 3803 3475 3871 guSIandi
3523 3803 3760 3855 discretio-

2259 3906 2380 3946 nem
2407 3907 2421 3944 :
2456 3901 2699 3961 tanquam
2729 3908 2832 3946 non
2872 3891 3153 3961 plurimum
3183 3891 3303 3945 hinc
3341 3907 3444 3947 nos
3475 3893 3701 3945 cedamus
3722 3899 3762 3941 et

2258 3980 2430 4034 simio.
2458 3980 2590 4046 Quid
2619 3981 2685 4034 de
2729 3986 2869 4034 tactu
2921 3981 3123 4050 loquar,
3154 3982 3335 4050 quinto
3366 3996 3530 4037 sensu
3566 3979 3760 4048 carperis

2260 4071 2464 4133 nostri,
2517 4087 2670 4139 quem
2728 4073 2826 4125 sibi
2890 4059 3245 4128 indifferenter
3296 4082 3404 4126 tam
3463 4069 3761 4142 philosophus

2262 4173 2414 4223 quam
2435 4161 2748 4213 vermiculus
2772 4163 3056 4228 usurpant?
3079 4163 3248 4216 Taceo
3273 4163 3360 4216 hic
3390 4164 3462 4218 de
3485 4163 3761 4232 appetitibus

2261 4245 2605 4308 illecebrosis,
2632 4262 2760 4314 quos
2789 4248 2838 4300 in
2869 4250 3006 4301 coitu
3040 4252 3197 4302 motui
3229 4252 3464 4305 belluino
3498 4253 3660 4306 carnis
3689 4251 3760 4301 bu-

2263 4346 2429 4385 manu:
2471 4334 2704 4401 voluptas
2746 4335 2985 4389 inclinata
3028 4340 3404 4392 communicat.
3457 4340 3594 4394 Ecce
3637 4351 3760 4406 quam

2264 4421 2524 4474 miseriam
2573 4421 2853 4488 praeferunt
2895 4427 3277 4494 excoluntque,
3319 4429 3413 4494 qui
3464 4427 3760 4494 ηιίῐιῑ,ηυοιί

2265 4508 2341 4562 eis
2364 4509 2475 4562 solo
2502 4511 2572 4563 sis
2601 4512 2782 4564 obtutu
2813 4517 3011 4582 notior,
3042 4517 3228 4584 turgidi
3267 4517 3545 4571 insultant.
3573 4517 3659 4572 Ast
3687 4529 3761 4584 ego

2264 4595 2406 4648 illum
2446 4613 2648 4665 semper
2677 4600 2987 4668 Philagrium
3017 4605 3186 4669 video,
3215 4605 3364 4672 cuius
3395 4607 3440 4659 si
3483 4608 3685 4662 taeent's
3707 4608 3762 4655 ti-

2265 4683 2439 4737 derem
2472 4685 2648 4738 faciem
2668 4726 2682 4750 ,
2713 4685 3026 4757 Philagrium
3065 4707 3167 4744 non
3196 4692 3460 4755 viderem.
3488 4693 3631 4749 Unde
3665 4693 3760 4746 illud

2265 4774 2438 4827 simile
2464 4775 2726 4842 vulgatum
2756 4786 2860 4842 est,
2904 4781 3038 4846 quod
3077 4780 3148 4833 ait
3188 4780 3400 4849 quidam
3444 4784 3496 4837 in
3535 4798 3677 4838 causa
3700 4781 3758 4833 di-

2267 4864 2437 4931 spari,
2468 4865 2720 4919 sententia
2768 4869 2875 4934 pa‘ri
2909 4887 2920 4920 :
2955 4867 3144 4921 Filium
3185 4870 3262 4923 M.
3285 4870 3542 4928 Cicereius
3585 4875 3760 4946 populat

2268 4954 2521 5005 Romanus
2548 4970 2644 5005 non
2667 4957 2963 5024 agnoscebat
2993 4958 3285 5026 loquentem.
3313 4961 3646 5017 Conclamata
3671 4967 3760 5013 ςωιι

2266 5057 2488 5109 namque
2518 5044 2710 5110 judicio
2743 5045 3014 5099 universali
3049 5048 3278 5104 scientia:
3311 5051 3568 5120 dignitas.
3593 5051 3758 5104 virtus.

2265 5133 2601 5198 praerogativa
2629 5134 2776 5198 cujus
2816 5135 2877 5186 ad
2917 5137 3192 5190 maximum
3237 5140 3451 5202 culmen
3499 5139 3759 5194 meriturum

2264 5220 2508 5288 gradibus
2537 5221 2850 5276 ascenditur.
2882 5223 3111 5278 Primum
3147 5227 3304 5279 etiam
3336 5228 3566 5284 bestiale
3588 5235 3758 5294 conm-

2265 5307 2308 5359 si
2330 5307 2434 5374 jam
2466 5307 2598 5360 forte
2626 5307 2900 5373 formatum
2923 5321 3030 5373 est,
3060 5313 3310 5379 dignitate
3338 5315 3658 5372 transcendit
3678 5321 3758 5364 uta-

2265 5399 2443 5449 teriam
2488 5385 2781 5453 informem.
2822 5401 3014 5453 Deinde
3059 5402 3279 5456 formato
3319 5406 3648 5473 prmponitur
3674 5409 3756 5450 cof-

2263 5482 2361 5550 pus
2425 5487 2724 5543 animatum.
2775 5488 2948 5544 Tertio
3009 5489 3257 5555 praecedit
3306 5492 3540 5547 animant
3589 5483 3760 5552 [παιδί’

3790 2949 3791 3022 l

3790 3031 3791 3108 l

3790 3143 3791 3186 l

3790 3219 3791 3264 l

3789 3355 3791 3422 Α

3790 3573 3791 3652 l

3790 3665 3791 3752 l
