3812 6226
26 116 686 270 ειν-’γ

1043 462 1513 525 EPISTOLARUII
1551 468 1674 523 LIB.
1715 465 1847 522 Vill.

1562 468 1674 523 LIB.
1715 465 1847 522 vui.
2946 462 3044 522 δερ

27 583 160 639 bilem,
189 580 324 646 fore;
356 581 434 646 si,
467 579 715 650 quoniam
744 587 797 632 te
841 592 1085 632 sensuum
1127 588 1413 632 structura-
1442 587 1486 658 Α
1517 580 1579 633 iis
1603 580 1836 633 moribus
1861 577 2124 629 hominum
2153 589 2272 630 esse
2299 589 2596 630 censuram.
2631 575 2758 630 Nam
2787 586 2841 631 nt
2874 578 3040 633 timidi

26 686 102 739 que
149 671 328 726 levitas
379 676 591 738 poterat
641 667 938 731 oﬂendere,
988 669 1410 721 membranarum
1514 683 1600 721 me
1628 666 1980 728 temerarium,
2012 665 2632 719 itaeonstantesliberum
2655 666 2934 733 appellant.
2966 669 3044 721 ln-

26 777 40 808 ε
78 759 283 811 fascibus
336 757 516 810 minus
553 769 854 809 onerarere.
888 755 1210 809 Commendo
1257 755 1414 823 igitur

26 863 67 899 os
103 845 290 914 judicio
327 855 421 898 tuo
477 845 639 898 nostri
685 846 914 911 pectoris
959 853 1157 907 motus;
1204 844 1417 896 minime

26 951 111 995 rus,
139 935 266 1000 quod
299 938 370 986 ita
405 948 555 987 mens
595 942 766 1001 pateat
797 934 847 986 in
880 934 1032 994 libro,
1065 942 1088 969 ἰ
1122 934 1275 987 veluti
1305 933 1420 985 vul-

29 1038 53 1074 n
76 1023 289 1090 speculo.
323 1022 524 1074 Dictavi
551 1023 688 1074 enim
720 1023 976 1090 quaepiam
1001 1023 1281 1084 hortando,
1311 1024 1422 1075 lau-

26 1115 65 1164 lo
102 1114 334 1178 plurima,
372 1112 547 1179 aliqua
594 1113 882 1179 suadendo,
931 1113 1199 1168 maerendo
1235 1128 1420 1180 pauca,

26 1202 198 1269 udoque
221 1201 496 1254 nonnulla.
528 1201 591 1253 Et
615 1200 660 1254 si
688 1216 770 1254 me
796 1201 1003 1269 uspiam
1044 1203 1337 1256 lectitavisti
1369 1204 1420 1255 in

26 1303 89 1340 105
134 1289 562 1353 concitatiorem,
612 1291 766 1360 211
818 1293 987 1355 scias,
1038 1292 1179 1353 volo,
1228 1290 1422 1345 Christi

27 1391 95 1428 era
121 1377 427 1445 opitulante,
463 1393 548 1432 me
584 1394 845 1447 nunquam
875 1380 1220 1433 toleraturum
1263 1380 1421 1432 animi

26 1467 195 1528 itutem,
220 1467 704 1533 compertissimum
732 1475 915 1522 tenens
945 1469 1240 1536 bipartitam
1263 1482 1420 1534 super

36 1592 176 1666 Ailine
194 1601 272 1648 est
305 1595 438 1666 illud
469 1595 769 1666 Democriti,
794 1598 856 1666 dat
1007 1603 1109 1654 τοῖς
1137 1594 1416 1666 εἶσόπτροξς

26 1683 39 1718 ἴ
63 1661 219 1732 ὅψεως,
249 1666 298 1717 ἄν
326 1663 381 1717 δὲ
407 1672 526 1723 ταῖς
553 1663 760 1733 ὁμιλίαις
786 1663 810 1717 ὁ
842 1661 930 1721 τῆς
958 1663 1131 1732 ψυχῆς
1155 1661 1422 1736 χαραὶτήρ

1517 766 1595 811 ter
1622 771 1740 825 quae
1773 756 1884 823 ipse
1907 755 2151 818 decerno,
2195 754 2321 808 satis
2365 754 2501 808 illius
2539 754 2718 822 jacere
2751 770 3048 822 personam.

1515 846 1664 913 cujus
1693 858 1911 898 necesse
1932 851 2016 896 est
2058 843 2221 896 latere
2256 843 2588 898 sententiam.
2622 842 2698 896 Ad
2728 846 3047 910 propositum

1518 934 1696 989 redeo.
1732 935 1929 988 Interea
1954 942 2006 986 tu
2035 935 2078 986 si
2109 933 2230 1001 quid
2256 948 2286 986 a
2322 933 2557 986 lectionis
2592 947 2755 987 sacra:
2782 936 3050 986 centinna-

1522 1024 1665 1078 tione
1693 1024 1938 1091 respiras,
1972 1021 2054 1074 bis
2082 1021 2256 1076 licebit
2283 1022 2466 1074 naeniis
2495 1036 2732 1076 avocere.
2765 1023 2870 1076 Nec
2890 1022 3055 1092 lfaciet

1527 1114 1764 1175 materia,
1796 1121 1851 1164 ut
1889 1112 2164 1176 immensa,
2206 1110 2502 1165 fastidium:
2535 1112 2655 1179 quia
2680 1126 2795 1166 cum
2834 1111 3054 1181 singula:

1523 1215 1694 1256 causa:
1719 1199 1935 1267 singulis
1956 1198 2122 1253 ferme
2148 1201 2384 1267 epistolis
2405 1200 2670 1265 liniantur,
2700 1201 2804 1254 cito
2833 1202 3056 1270 cognitis

1519 1291 1572 1344 in
1593 1304 1707 1357 quae
1723 1287 1929 1341 oculum
1956 1287 2259 1353 intenderis,
2282 1297 2402 1344 ante
2430 1289 2603 1358 legere
2635 1288 2865 1345 cessabis
2898 1304 3052 1358 quam

1525 1375 1767 1432 lecturire
1785 1376 2028 1434 desistas.
2050 1374 2196 1431 Vale.

1523 1592 1775 1662 βλέπεται.
1821 1582 2092 1660 Speculum
2128 1593 2292 1662 cordis
2327 1592 2578 1644 hominum
2617 1594 2758 1646 verba
2798 1601 2942 1657 sunt,
2982 1593 3056 1648 ait

1528 1659 1870 1714 Cassiodorus
1897 1663 2117 1713 Senator
2140 1659 2228 1712 lib.
2260 1677 2308 1712 vt
2337 1662 2516 1714 \‘ariar
2539 1663 2589 1715 9.

820 1879 1293 1984 LIBER
1377 1879 1786 1985 ΟΟΤΑ
1805 1880 2130 1985 VUS.

247 2038 406 2105 212
446 2035 764 2089 EPISTULA
788 2034 1033 2090 PRiMA.

176 2146 424 2201 Sidonius
459 2155 484 2182 ει
513 2145 749 2200 Petronio
775 2164 866 2201 suo
894 2151 1124 2202 salutem.

26 2234 53 2284 'u
74 2234 258 2300 quidem
285 2235 514 2304 pulchre
540 2252 554 2288 :
586 2250 699 2290 mos
737 2235 822 2291 hic
850 2244 1003 2300 tuus;
1031 2246 1084 2291 et
1127 2253 1422 2307 persevera,

26 2324 202 2378 nauium
227 2323 488 2377 bonorum
502 2324 590 2392 qui
605 2324 805 2390 uspiam
829 2319 1042 2393 degunt,
1065 2326 1216 2379 laude
1233 2326 1425 2394 dignis-

28 2429 62 2474 ε,
85 2415 198 2480 quod
218 2417 515 2468 amicorum
544 2413 744 2482 gloriae,
773 2414 938 2468 sicubi
967 2416 1132 2478 locus,
1163 2415 1426 2470 lenocina-

42 2507 138 2560 tlinc
162 2519 237 2562 est
258 2508 402 2578 quod
435 2508 599 2562 etiam
628 2509 817 2562 scrinia
845 2510 1076 2564 Arverna
1106 2511 1237 2577 petis
1269 2524 1426 2564 even-

26 2597 53 2646 ri
71 2614 79 2645 :
97 2599 166 2650 cui
193 2599 438 2650 sufﬁcere
476 2596 891 2663 suspicabamur,
920 2598 963 2650 si
1005 2599 1126 2665 quid
1154 2599 1424 2663 superiore

26 2693 103 2748 ptu
139 2688 556 2752 protulissemus.
595 2686 772 2753 Itaque
822 2701 1021 2738 morem
1059 2701 1301 2754 geremus
1345 2687 1425 2739 in-

26 2780 104 2842 ttis,
145 2781 392 2834 actionem
441 2791 619 2834 tamen
655 2782 776 2850 styli
814 2790 1030 2834 eatenus
1076 2781 1422 2848 prorogaturi,

26 2867 64 2932 ,3
82 2877 125 2919 ut
155 2870 489 2935 epistularum
537 2869 750 2934 seriem,
790 2869 1036 2923 nimirum
1077 2884 1106 2922 a
1139 2868 1424 2936 primordio

26 2957 161 3010 Liminis
190 2957 576 3022 inchoatarum,
608 2961 658 3011 in
681 2958 881 3012 extimo
927 2957 1028 3012 fine
1068 2957 1210 3024 parvi
1255 2957 1424 3010 adhuc

26 3049 99 3096 neri
128 3060 309 3100 summa
341 3047 643 3115 protendat,
669 3061 800 3114 opus
842 3032 1080 3100 videlicet
1116 3045 1422 3113 explicitum

28 3133 118 3184 dam
136 3135 264 3203 quasi
285 3136 540 3204 marginis
564 3136 642 3187 sui
660 3135 819 3188 limbo
838 3145 1168 3187 coronatura.
1189 3132 1290 3186 Sed
1311 3134 1423 3198 plus

31 3222 174 3272 cadum
189 3233 260 3275 est
286 3239 352 3276 ne
373 3237 494 3275 sera
521 3222 845 3288 propterjam
865 3222 1122 3287 propalati
1144 3230 1421 3288 augmenta

32 3308 190 3367 ominis.
231 3309 279 3362 in
327 3311 540 3375 aliquos
579 3308 793 3360 forsitan
837 3307 1124 3360 incidamus
1161 3292 1421 3375 vitupero-

1448 2054 1492 2111 Β
1520 2054 1657 2091 nium
1680 2053 1743 2092 ex
1775 2038 1919 2093 hisce
1945 2039 2278 2093 metuendum
2299 2051 2398 2106 cst,
2427 2050 2515 2094 aut
2537 2057 2626 2110 per
2648 2045 2815 2098 omnia
2845 2048 3056 2102 omnino

1525 2125 2000 2178 conticescendum.
2030 2127 2171 2179 Vale.

2077 2216 2392 2271 EPISTULA
2440 2219 2498 2273 ll.

1846 2304 2082 2359 Sidonius
2103 2305 2132 2343 ι’
2160 2306 2352 2360 Joanni
2376 2325 2465 2360 suo
2494 2311 2726 2364 salutem.

1589 2414 1796 2469 Credidi
1823 2431 1926 2483 me,
1956 2417 2034 2468 vir
2064 2417 2400 2486 peritissime,
2441 2420 2585 2474 nefas
2614 2424 2665 2475 in
2708 2425 2878 2476 studia
2906 2439 3054 2478 com-

1523 2509 1747 2569 mittere,
1777 2507 1822 2560 si
1848 2507 2168 2584 dismlissem
2198 2512 2439 2577 proseQni
2481 2512 2718 2579 laudibus
2750 2515 2886 2580 quod
2917 2516 3048 2568 abn-

1521 2599 1617 2652 leri
1649 2608 1698 2651 tu
1740 2599 1938 2652 litteras
1966 2598 2239 2660 detulisti;
2272 2614 2488 2666 quarum
2527 2600 2905 2668 quodammodo
2944 2605 3052 2670 jam

1521 2688 1843 2755 sepultarum
1882 2689 2186 2752 suscitator,
2215 2688 2404 2753 fautor,
2442 2702 2691 2754 assertor,
2724 2693 3054 2746 ioncelebrao

1523 2779 1625 2841 ris;
1667 2787 1821 2845 teque
1863 2793 1956 2844 per
1979 2776 2173 2832 Gallias
2200 2793 2305 2832 uno
2350 2781 2594 2848 magistro
2620 2781 2778 2852 214
2815 2785 2910 2836 sub
2963 2784 3056 2839 hoc

1524 2876 1830 2935 tempestate
1858 2868 2110 2922 bellorum
2159 2868 2338 2924 Latina
2379 2880 2656 2924 tenuerunt
2697 2887 2786 2926 ora
2828 2885 3054 2940 pentina.

1521 2970 1639 3010 cum
1667 2958 1978 3024 pertulerint
2003 2973 2144 3010 arma
2177 2958 2530 3026 naufragium.
2574 2960 2770 3013 Debent
2799 2963 2949 3026 igitur
2979 2967 3055 3016 vel

1522 3046 1759 3114 aanevi,
1789 3046 1867 3098 vel
1909 3046 2100 3112 posteri
2143 3047 2328 3108 nostri,
2364 3048 2697 3100 universatim
2740 3049 3054 3105 ferventibus

1522 3133 1659 3185 votis
1687 3133 1906 3184 alterum
1940 3141 1988 3185 te
2026 3142 2080 3185 ut
2111 3133 2535 3196 Demosthenem,
2579 3136 2795 3191 aiterum
2834 3148 2891 3192 ut
2932 3141 3058 3194 Tul-

1521 3221 1666 3284 lium,
1697 3235 1834 3273 nunc
1861 3221 2065 3286 statuis,
2104 3223 2146 3272 si
2193 3221 2366 3287 liccat,
2397 3238 2728 3291 consecrare,
2761 3244 2896 3282 nunc
2931 3230 3058 3290 ima-

1520 3313 1761 3378 ginbus:
1791 3313 1878 3380 qui
1901 3323 1953 3366 te
1976 3314 2194 3367 docente
2223 3314 2425 3370 formati
2464 3318 2786 3388 institutique
2809 3322 2912 3388 jam
2939 3324 3055 3377 sinu

36 3410 242 3458 ,quorum
284 3393 709 3466 fugere‘lingnas
738 3409 854 3449 rete
891 3395 1069 3448 livoiis
1112 3395 1419 3448 naturalitus
1449 3384 1493 3444 C
1524 3403 1574 3453 in
1614 3400 1784 3452 medio
1805 3402 1879 3454 sic
1909 3403 2077 3469 gentis
2119 3403 2340 3466 invictis,
2372 3406 2507 3470 quod
2541 3384 2717 3459 tamen
2740 3384 2940 3471 alienae,
2975 3420 3056 3462 ta-

38 3486 220 3550 mimtas,
255 3503 346 3541 nec
382 3485 756 3541 Demosthenis
783 3485 1015 3553 quidem,
1054 3483 1424 3549 Ciceronisque

40 3577 161 3626 Leu-Le
183 3578 422 3640 artiﬁces,
445 3585 502 3630 et
524 3575 728 3644 eloquia
760 3575 897 3628 fabra
927 3580 1178 3641 potuere:
1202 3586 1420 3640 quorum

44 3665 135 3716 trior
157 3679 316 3720 orator
345 3667 659 3728 Demadem,
690 3665 900 3719 citerior
928 3663 1210 3717 Antonium
1243 3663 1426 3714 tolera-

46 3752 350 3821 :derogatores
375 3775 386 3808 :
420 3757 513 3824 qui
542 3755 682 3808 lividi
713 3769 830 3808 cum
860 3755 1052 3808 iuerint
1083 3753 1297 3809 malitia:
1317 3753 1427 3806 cla-

57 3839 244 3897 dictionis
261 3846 520 3906 obscurae,
550 3854 722 3896 tamen
744 3843 807 3895 ad
833 3843 1070 3895 notitiam
1091 3852 1421 3911 posterorum

72 3929 155 3982 θάλε
188 3935 417 3986 virtutum
467 3934 831 3985 decurrerunt.
878 3930 980 3984 Sed
1010 3930 1126 3997 quia
1176 3929 1418 3992 hortaris,

77 4019 136 4068 itis
157 4020 368 4073 laxemus
397 4023 514 4072 vela
549 4020 866 4072 turbinibus:
891 4027 945 4070 et
972 4019 1058 4083 qui
1081 4018 1233 4069 veluti
1257 4019 1417 4068 maria

115 4105 278 4164 isimus.
299 4107 395 4159 hoc
417 4105 572 4172 qua-i
601 4117 837 4168 stagnum
863 4106 1273 4170 pernavigemus.
1293 4102 1418 4154 Nam

123 4195 200 4245 beo
215 4195 582 4253 deliberatum,
601 4195 732 4243 sicut
757 4191 1100 4243 adhibendam
1126 4192 1176 4242 in
1190 4191 1422 4243 conscri-

117 4281 421 4348 diligentiam,
450 4283 523 4336 ita
553 4283 826 4334 tenendam
849 4282 900 4333 in
923 4281 1154 4334 editione
1181 4292 1425 4334 constan-

190 4385 396 4426 nmvero
413 4371 648 4424 medium
667 4386 697 4423 n
723 4370 792 4423 hil
814 4380 910 4423 est.
926 4370 1088 4438 Namq
1113 4386 1156 4424 xe
1173 4381 1258 4424 aut
1279 4371 1425 4424 mini-

54 4025 116 4284 ἱ

97 4495 130 4534 ’t

68 4459 138 4740 Le

125 4653 142 4686 S

78 4819 140 5132 ἱ

90 5220 139 5426 Ε

98 5426 172 6131 ἶ

97 4495 256 4567 {'V'iro
291 4503 508 4566 illustri,
557 4501 842 4554 Arelatensi
896 4510 1088 4567 togato,
1135 4511 1188 4552 ut
1223 4500 1416 4553 dictum

89 4570 234 4635 lepisu
256 4573 302 4637 ι,
335 4574 424 4627 lib.
463 4588 515 4625 v.
554 4571 674 4637 Ejus
699 4580 880 4639 rogatu
919 4570 1049 4623 liber
1079 4571 1163 4623 hic
1193 4578 1307 4636 post
1331 4585 1419 4622 su-

125 4653 142 4686 s
160 4640 305 4696 editus
329 4653 429 4696 est.
1042 4680 1050 4688 .

144 4714 240 4773 tori,
270 4723 316 4762 ut
343 4713 576 4768 videtur,
620 4707 956 4773 grammatico
996 4707 1045 4758 in
1089 4706 1258 4773 aliqua
1290 4707 1416 4759 urbe

115 4781 128 4828 t
157 4778 299 4841 qualis
324 4790 374 4832 et
406 4779 687 4839 Eusebius,
714 4777 804 4829 sed
843 4775 1181 4842 philosophiae
1221 4774 1415 4839 profes-

131 4859 224 4914 .tn,
248 4851 391 4914 epist.
421 4848 471 4909 l,
499 4857 558 4899 et
585 4845 907 4911 Lampridius
937 4845 1115 4896 rhetor
1150 4844 1411 4910 Burdega-

127 4911 262 4986 ibi“,
280 4911 432 4982 epist.
460 4915 550 4986 13.

157 4981 194 5048 ci
238 4979 364 5046 regis
399 4981 705 5036 consiliario
736 4997 747 5032 :
775 4981 840 5034 de
879 4996 982 5048 quo
1025 4981 1086 5033 ad
1131 4981 1282 5046 epist.
1323 4979 1412 5041 22,

134 5083 144 5102 .
175 5045 418 5103 Petieratis
459 5068 488 5102 a
528 5051 744 5102 Sidonio
781 5045 1003 5103 exscribi
1047 5050 1142 5101 sibi
1174 5049 1412 5100 volumen

131 5115 276 5185 valide
295 5119 392 5171 vita
427 5119 691 5184 Apoilonii
719 5118 933 5185 Tyanei.
969 5118 1119 5170 Mittit
1147 5116 1408 5176 Sidonius.

147 5194 170 5230 ο
203 5183 375 5238 indicat
413 5183 555 5239 unde
591 5183 908 5250 esscriptum
956 5189 1024 5240 sit
1054 5203 1064 5236 :
1095 5185 1342 5236 nimirum
1383 5201 1412 5236 e

134 5252 594 5326 quemﬂictorianus
615 5263 924 5326 recognorat
947 5271 957 5304 :
990 5267 1042 5306 et
1070 5254 1169 5326 hoc
1191 5254 1411 5314 amplius

153 5317 417 5389 ictorianum
444 5337 474 5374 e
505 5317 806 5389 Nicomachi
829 5323 1133 5389 antigrapho
1158 5332 1208 5373 et
1230 5333 1408 5370 einen-

185 5385 529 5442 Nicomachum
574 5404 603 5439 a
653 5385 1134 5455 Pbilostratiipsius
1165 5399 1408 5453 autogra-

151 5455 396 5520 scripsisse.
440 5455 791 5510 Nicomachus
833 5470 962 5522 ergo
993 5468 1046 5510 et
1090 5458 1409 5509 Victorianus

165 5532 274 5586 sunt,
300 5540 394 5578 non
414 5535 691 5580 auctorum
713 5524 798 5588 qui
823 5529 856 5574 Α
869 5527 1074 5588 pollonii
1098 5526 1260 5576 Vitam
1285 5524 1412 5573 scri-

1523 3487 1646 3542 lium
1678 3495 1997 3540 vetustorum
2027 3489 2169 3553 signa
2201 3489 2516 3542 retinebunt.
2552 3490 2678 3542 Nam
2705 3491 2811 3558 jam
2841 3495 3053 3547 remotis

1519 3577 1765 3643 gradibus
1793 3576 2123 3644 dignitatum,
2152 3591 2243 3644 per
2271 3581 2398 3646 quas
2422 3579 2622 3632 solebat
2656 3581 2836 3635 ultimo
2863 3597 2890 3632 a
2919 3598 3050 3648 quo-

1521 3681 1620 3732 que
1660 3680 1893 3719 summus
1930 3665 2148 3732 quisque
2193 3666 2437 3726 discerni.
2483 3667 2651 3719 solum
2696 3668 2795 3721 erit
2839 3671 3054 3738 posthac

1524 3755 1808 3809 nobilitatis
1848 3752 2095 3807 indicium
2136 3755 2334 3808 litteras
2381 3770 2555 3808 nosse.
2594 3756 2698 3809 Nos
2725 3772 2868 3822 vero,
2900 3770 3054 3812 czrte-

1524 3859 1634 3906 ros,
1681 3859 1837 3911 supra
1889 3844 2140 3896 doctrina:
2193 3854 2294 3896 tua:
2357 3844 2604 3897 beneﬁcia
2660 3847 3051 3914 constringunt:

1522 3933 1710 3999 quibus
1737 3933 1933 3999 aliquid
1963 3933 2194 3985 scribere
2220 3933 2460 3998 assuetis,
2486 3931 2727 3998 quodque
2751 3935 2951 3986 venturi
2982 3937 3053 3987 le-

1521 4033 1644 4085 gere
1673 4019 1871 4085 possint
1897 4019 2299 4081 elaborantibus,
2328 4021 2510 4070 saltem
2547 4020 2611 4072 de
2642 4032 2724 4072 tua
2755 4037 2791 4073 si
2815 4023 2930 4074 hola
2961 4040 3050 4076 seu

1523 4107 1837 4172 magisterio,
1853 4116 2152 4172 competens
2169 4107 2417 4158 lectorum
2433 4107 2578 4159 turba
2599 4111 2882 4173 proveniet.
2902 4113 3046 4167 Vala.

2065 4192 2383 4246 EPISTULA
2428 4193 2512 4246 lli.

1869 4281 2109 4335 Sidonius
2141 4291 2162 4318 ο
2189 4281 2341 4334 ιιοηὶ
2361 4298 2450 4333 suo
2473 4281 2701 4334 salutem.

1595 4369 1851 4437 Apollonii
1886 4370 2212 4438 Pythagorici
2275 4371 2455 4434 vitam,
2485 4385 2586 4423 non
2621 4383 2679 4422 ut
2707 4370 3048 4426 Nicomaclus

1522 4511 1698 4566 operae
1723 4499 2017 4551 testimonia
2049 4499 2098 4550 in
2129 4499 2353 4565 antiquis
2386 4507 2618 4550 veterum
2662 4508 2926 4550 auctorum
2957 4515 3044 4552 co-

1520 4568 1722 4621 dicibus
1773 4567 1920 4618 obvia
1960 4569 2233 4620 sunt:sed
2278 4568 2412 4632 quod
2457 4567 2519 4617 ad
2565 4567 2914 4633 conjecturam
2956 4585 3041 4621 uo-

1517 4647 1679 4690 stram
1725 4636 2046 4693 firmandam.
2079 4635 2381 4702 Sidoniique
2409 4637 2577 4686 locum
2618 4635 2789 4687 facere
2816 4637 3039 4699 videtur,

1519 4707 1736 4771 plurima
1757 4714 1962 4771 exstant
1988 4704 2048 4754 T.
2091 4703 2218 4754 Livii
2254 4705 2599 4768 exemplaria,
2644 4703 2694 4754 in
2736 4705 2920 4767 quibus
2960 4707 3048 4755 Νῆα

1514 4770 1818 4826 comaehum
1850 4781 1901 4822 et
1930 4770 2276 4822 Victorianum
2300 4771 2533 4822 eamdem
2565 4784 2775 4833 Operam
2806 4771 2866 4820 τ.
2892 4771 3039 4822 Livio

1515 4839 2163 4907 itnpendissemdnotatum
2211 4848 2309 4907 est,
2359 4836 3043 4907 his_verbis:Nironwchus

1442 4903 1486 4958 D
1514 4903 1683 4962 deiter
1724 4906 1780 4958 V.
1812 4904 1871 4957 C.
1900 4907 2153 4956 emendavi
2181 4906 2246 4956 ad
2273 4904 2548 4972 exemplum
2574 4907 2792 4965 parentis
2815 4907 2905 4956 mei
2935 4907 3045 4958 Cle-

1514 4977 1767 5035 mentiani,
1792 4976 1852 5024 ab
1878 4972 2006 5024 Urbe
2033 4974 2250 5034 Condita.
2285 4973 2599 5025 Victorianus
2633 4972 2689 5024 V.
2725 4973 2782 5025 C.
2805 4977 3044 5026 emenda-

1515 5048 1625 5097 bam
1651 5044 1851 5108 damnis
1877 5041 2188 5108 Symmacltis
2219 5057 2235 5091 :
2257 5051 2309 5094 et
2337 5043 2438 5093 alio
2468 5043 2602 5105 loco,
2636 5041 2908 5094 Emendavi
2949 5043 3047 5094 Ni-

1515 5107 2085 5179 comachusultflauianus
2119 5109 2180 5160 V.
2199 5109 2284 5179 MC.
2314 5112 2578 5179 praefectus
2599 5110 2703 5179 urbi
2741 5111 2874 5178 apud
2904 5109 3046 5161 Hen-

1514 5198 1647 5241 nam,
1679 5180 1737 5231 ab
1763 5176 1894 5229 Urbe
1937 5179 2158 5230 condita.
2197 5176 2510 5231 Victorianus
2545 5177 2606 5228 γ.
2629 5177 2686 5229 (Ξ.
2717 5176 3045 5230 emendabunt

1516 5249 1705 5300 damnis
1734 5246 2069 5313 Syntmachis.
2102 5247 2211 5298 Duo
2258 5250 2409 5313 igitur
2440 5247 2734 5298 Mcomachi
2765 5261 2879 5298 cum
2913 5245 3042 5298 fuis-

1513 5327 1645 5375 sent,
1673 5316 1788 5367 ideo
1813 5314 2032 5366 fortasse
2057 5315 2320 5376 Sidonius,
2357 5331 2419 5367 nc
2440 5314 2629 5378 ambigi
2656 5323 2850 5376 posset,
2873 5325 3044 5365 seu-oo

1514 5386 1582 5438 ris
1613 5394 1786 5435 notam
1810 5381 2016 5446 adjecit.
2053 5384 2375 5435 Victorianus
2400 5393 2570 5434 autem
2596 5396 2686 5446 pro
2713 5381 3040 5445 Synnuachis

1516 5454 1710 5504 Livium
1740 5450 2064 5511 emendaret,
2090 5460 2144 5501 ut
2168 5453 2407 5504 Sidonius
2440 5466 2531 5515 pro
2560 5451 2729 5500 Leone
2760 5448 3040 5499 Philostra-

1517 5530 1623 5572 tuin
1665 5521 1762 5570 hoc
1794 5519 1927 5580 loco,
1968 5529 2018 5570 et
2053 5534 2143 5583 pro
2181 5521 2388 5574 lturicio
2430 5516 2832 5584 Heptateuchum
2871 5515 2959 5567 lib.
2986 5532 3040 5578 v,

1514 5591 1662 5652 epist.
1703 5587 1787 5648 l5,
1833 5595 1884 5637 et
1919 5586 1978 5650 Ο.
2027 5582 2370 5654 Symmachus
2412 5582 2612 5654 Livium
2660 5582 2900 5654 eumdem
2947 5600 3039 5646 pro

1517 5651 1797 5707 Valeriano
1839 5654 1929 5705 lib.
1979 5651 2244 5720 txfepist.
2291 5655 2372 5707 15.
2420 5653 2625 5712 Munus,
2666 5651 2848 5720 inquit,
2889 5654 3038 5704 totius

1521 5723 1710 5776 Liviani
1757 5725 1916 5789 aperis
1958 5725 2090 5790 quod
2121 5725 2393 5790 spopondi,
2440 5724 2587 5774 etiam
2630 5734 2760 5771 nunc
2786 5719 3039 5784 diligentia
