3812 6226
677 325 766 382 δίη

1867 303 2102 362 amovit
2142 299 2585 391 trctttxtuts
3726 275 3799 366 ὅθι

675 440 847 490 senior
866 448 896 486 e
924 431 1239 493 Philostrati,
1269 425 1357 480 sed
1385 434 1438 478 ut
1458 421 1672 476 Tascius
1694 419 2018 473 για-πίθηαι
2042 432 2072 470 e
2092 415 2184 469 Ni-
2221 416 2262 473 Α
2289 413 2634 472 ambientem;
2680 406 2926 474 cupidum
2962 406 3217 470 scientiae,
3257 402 3619 458 continentem
3664 411 3799 493 pecli

675 523 904 579 comachi
949 519 1161 573 schedio
1211 513 1512 581 exscripsit,
1567 510 1685 578 quia
1729 508 1980 577 iusseras,
2030 505 2194 557 misi:

681 628 850 681 quam,
881 610 1000 660 ilum
1031 619 1211 673 parere
1250 601 1459 662 festino,
1485 598 1726 653 celeriter
1749 595 1905 662 eiecit
1932 595 1982 644 in
2014 591 2197 643 tumul-

683 679 895 754 marium
944 692 1226 760 exemplar,
1273 689 1477 742 turbida
1520 696 1570 739 et
1608 694 1632 720 ι
1674 696 1904 759 pra-cepa
1949 687 2004 732 et
2050 679 2199 743 opica

679 786 962 841 translatio.
1007 783 1179 849 Neque
1223 778 1348 830 mihi
1378 791 1487 828 rem
1526 773 1726 826 credito
1761 765 2057 822 diuturnius
2085 764 2197 817 eli-

680 878 910 927 boratam
943 871 1063 922 titio
1085 877 1276 921 vertas.
1299 864 1425 917 Nam
1450 863 1572 914 dum
1613 873 1697 913 me
1734 855 1897 910 tenuit
1941 850 2197 907 inclusum

680 961 870 1016 ιιιοιι1³
903 958 1146 1013 inmitiuin
1197 955 1519 1006 Livianorum
1560 947 1735 1014 (cujus
1781 939 2094 1014 incommodi
2142 937 2203 991 ll-

681 1067 818 1115 uem,
861 1065 895 1116 p
915 1059 972 1100 ist
1011 1061 1160 1112 opem
1193 1041 1401 1105 Christi,
1433 1039 1521 1091 ιιὴί
1554 1036 1708 1105 215
1734 1033 1947 1098 debeo),
1976 1042 2082 1081 non
2111 1041 2198 1077 va-

682 1141 820 1192 lebat
853 1138 990 1190 curis
1015 1134 1215 1186 animus
1253 1143 1410 1196 :rger,
1440 1126 1608 1178 saltim
1655 1121 1915 1175 saltuatim
1949 1116 2199 1170 tradenda

683 1241 1008 1297 percurrere,
1054 1233 1191 1274 nunc
1233 1233 1322 1287 per
1357 1225 1607 1270 nocturna
1652 1212 1894 1277 suspiria,
1935 1221 2070 1261 nunc
2110 1218 2203 1271 per

683 1293 868 1369 diurna
896 1311 1066 1365 ofﬁcia
1095 1309 1391 1362 distractus.
1434 1303 1512 1356 Ad
1554 1305 1650 1353 hoc
1683 1309 1736 1353 el
1762 1313 1880 1351 cum
1912 1312 1993 1348 me
2017 1293 2204 1347 defati-

685 1414 859 1472 gatum
893 1401 958 1452 ab
991 1396 1226 1451 excubiis
1271 1395 1334 1445 ad
1365 1390 1704 1443 diversorium
1741 1382 2202 1450 crepusculascens

684 1470 812 1543 hora
844 1493 1191 1547 revocaverat,
1220 1481 1300 1532 vis
1322 1480 1535 1532 dabatur
1555 1473 1834 1529 luminibus
1859 1470 2058 1524 inflexis
2079 1482 2202 1535 par-

685 1579 801 1630 vula
833 1577 996 1643 quies.
1029 1572 1156 1626 Nam
1186 1571 1357 1638 fragor
1397 1567 1536 1619 illico
1564 1579 1718 1632 quem
1759 1562 2035 1614 movebant
2073 1560 2202 1610 vici-

687 1674 868 1718 nantes
896 1661 1137 1729 inipluvio
1165 1658 1347 1711 cubicu
1369 1655 1385 1707 i
1409 1655 1510 1706 mei
1539 1654 1653 1703 dua:
1673 1651 1936 1718 qutopiam‘
1957 1645 2204 1700 Gethides

687 1769 836 1815 anus,
858 1753 1043 1818 quibus
1073 1747 1197 1800 nihil
1243 1756 1461 1810 unquam
1500 1739 1794 1805 litigiosius,
1826 1737 2080 1796 bibacius,
2110 1748 2206 1786 νο-
2234 1739 2281 1800 Β

689 1841 888 1894 tnaciiis
924 1837 1044 1909 erit.
1072 1836 1208 1890 Sane
1249 1846 1366 1884 cum
1400 1830 1620 1897 primum
1664 1827 1839 1880 reduci
1875 1824 2062 1892 aliquid
2113 1823 2204 1874 otii

691 1929 806 1991 fuit,
834 1927 1120 1992 impolitum
1166 1924 1304 1974 hunc
1338 1917 1808 1981 semicrudumque,
1835 1924 1908 1975 et,
1948 1922 2002 1964 ut
2039 1913 2204 1974 aiunt,

695 2026 718 2054 ο
748 2026 988 2083 tanquam
1013 2022 1268 2067 musteum
1299 2011 1504 2062 librum.
1539 1995 1652 2074 plus
1678 2003 1920 2056 desiderii
1952 2003 2020 2054 tui
2051 2017 2204 2068 quam

691 2103 844 2155 ofﬁcii
872 2102 969 2154 mei
1009 2114 1207 2152 memor
1231 2097 1415 2149 «οιιιιιιὶ.
1447 2094 1696 2160 Quocirca
1735 2104 1926 2158 sepOiie
1961 2092 2209 2153 tantisiier

691 2192 931 2260 Pythicas
955 2190 1128 2242 lauros
1156 2188 1656 2253 Hippocrenetnque,
1679 2193 1735 2234 et
1765 2180 1881 2239 illos
1919 2178 2208 2231 carminum

692 2280 874 2332 modos
898 2278 988 2330 tibi
1011 2276 1097 2328 uni
1121 2286 1314 2327 tantum
1344 2272 1662 2341 penitissime
1687 2268 2001 2329 familiares;
2026 2268 2110 2333 qui
2134 2276 2212 2318 ta-

693 2366 1013 2429 mendoctis,
1044 2375 1098 2417 ut
1124 2378 1180 2417 es
1201 2364 1329 2431 ipse,
1358 2361 1592 2430 personis
1624 2374 1724 2412 non
1755 2368 1856 2410 tam
1888 2357 2028 2410 fonte
2055 2371 2208 2423 quam

694 2459 864 2512 fronte
911 2455 1184 2508 sudantur.
1226 2451 1495 2520 Suspende
1534 2449 1805 2518 perorandi
1845 2447 1970 2500 illud
2007 2460 2214 2514 qunque

694 2546 1086 2600 celeberrimum
1127 2543 1336 2606 ﬁumen,
1367 2540 1502 2608 quod
1533 2555 1634 2592 non
1672 2540 1837 2593 solum
1877 2536 2210 2605 gentililiuin,

695 2634 785 2687 sed
823 2632 1160 2685 domesticum
1210 2630 1322 2692 tibi,
1367 2628 1609 2696 quodque
1640 2629 1689 2678 in
1721 2635 1864 2678 tuum
1899 2636 2076 2692 pectus
2124 2637 2216 2689 per

699 2711 966 2775 succiduas
1006 2729 1181 2772 aetates
1218 2720 1284 2770 ab
1324 2727 1478 2768 atavo
1518 2715 1777 2767 Frontone
1821 2712 2212 2764 transfunditur.

701 2811 905 2878 Sepone
927 2807 1256 2875 pauxillulum
1280 2805 1772 2859 conclamatissimas
1792 2801 2212 2865 declamationes,

701 2908 829 2961 quas
852 2892 879 2929 ει
902 2898 1007 2946 oris
1035 2893 1160 2958 regii
1191 2887 1300 2946 vice
1323 2892 1566 2944 conficis:
1596 2891 1778 2956 quibus
1807 2889 1915 2954 ipse
1943 2901 2028 2940 rex
2057 2886 2219 2956 incly-

705 2991 786 3034 tus
816 2983 967 3034 modo
1001 2981 1155 3033 corda
1182 2980 1431 3034 terriﬁcat
1462 2981 1688 3045 gentium
1721 2977 2214 3038 transmarinarum;

707 3069 862 3121 modo
895 3068 959 3119 de
990 3070 1252 3148 superiore
1290 3080 1406 3118 cum
1448 3065 1678 3117 barbaris
1706 3065 1768 3116 ad
1804 3064 2063 3116 Vachalim
2104 3073 2212 3115 trc-
2241 3062 2284 3122 C
2316 3067 2455 3118 nitur
2481 3062 2674 3116 domini
2715 3060 2832 3127 plus
2875 3074 2942 3112 ne
2979 3057 3047 3140 sit
3083 3057 3277 3108 cultum
3320 3069 3431 3120 rus,
3463 3068 3531 3105 an
3563 3053 3799 3148 ingeniuni

706 3154 960 3209 mentibus
984 3153 1152 3206 fmdus
1181 3153 1347 3204 victor
1382 3153 1621 3212 innodat;
1661 3149 1815 3202 modo
1849 3165 1892 3214 pe
1915 3165 1938 3202 r
1968 3159 2216 3215 promotae

706 3245 918 3298 limitem
965 3242 1138 3304 sortis,
1196 3248 1252 3292 ut
1290 3238 1506 3305 populos
1551 3239 1647 3289 sub
1691 3242 1870 3300 armis,
1925 3242 2000 3290 sic
2050 3238 2218 3289 frenat

706 3328 972 3387 arma'sub
989 3331 1205 3396 legibus.
1239 3328 1441 3380 Esuere
1466 3335 1721 3391 utcunque
1759 3326 2219 3378 continuatissimis

707 3423 867 3486 curis,
913 3429 965 3473 et
1013 3421 1174 3471 otium
1218 3425 1359 3469 tuum
1405 3414 1626 3465 molibus
1676 3412 1856 3463 aulicis
1897 3413 2218 3478 motibusque

708 3511 896 3564 furare.
939 3505 1216 3558 Historiam
1253 3503 1533 3570 flagitatam
1576 3509 1700 3552 tunc
1745 3513 2084 3566 recognosces
2125 3515 2219 3565 0p-

708 3611 926 3668 portune
951 3596 1108 3664 216
1139 3600 1614 3658 competenterque,
1659 3589 1701 3640 si
1740 3603 1856 3641 cum
1891 3587 2099 3654 Tyaneo
2123 3602 2218 3638 no.

708 3694 834 3747 stro,
860 3696 994 3734 nunc
1017 3684 1079 3732 ad
1116 3681 1395 3731 Caucasum
1428 3675 1729 3743 Indumque,
1760 3691 1892 3728 nunc
1922 3676 1987 3728 ad
2015 3676 2218 3729 Ethio-

709 3787 829 3840 pum
863 3769 1313 3838 gymnosophistas
1350 3767 1694 3832 ludorumque
1724 3767 2046 3828 bracmanas,
2084 3775 2220 3820 totus

709 3863 917 3914 lectioni
964 3872 1174 3920 vacans,
1212 3867 1264 3909 et
1302 3859 1410 3922 ipse
1453 3855 1830 3921 quodammodo
1867 3857 2211 3924 peregrineie.

707 3952 840 4018 Lege
861 3949 1048 4011 virum,
1071 3947 1186 4000 ﬁdei
1210 3945 1476 3998 catholicae
1496 3960 1619 4012 pace
1641 3944 1881 4013 praefata,
1904 3945 1954 3998 in
1985 3947 2222 4014 plurimis

708 4038 927 4090 similem
957 4037 1051 4099 tui,
1083 4035 1132 4086 id
1162 4043 1241 4086 est
1264 4047 1293 4085 a
1319 4032 1565 4085 divitibus
1593 4034 1865 4098 ambitum,
1889 4050 1987 4089 nec
2013 4036 2223 4090 divitias

709 4186 1063 4238 emendationis
1100 4194 1342 4237 moratur.
1386 4183 1497 4237 Non
1533 4185 1670 4236 enim
1719 4185 2089 4243 existimabant
2117 4191 2216 4242 viri

621 4304 624 4306 ν
710 4256 845 4305 docti
873 4267 930 4304 se
953 4252 1120 4304 ofﬁcio
1150 4252 1464 4318 perfunctos,
1490 4267 1606 4302 cum
1637 4268 1701 4302 ex
1734 4255 1998 4306 codicibus
2023 4258 2133 4308 suis
2163 4259 2223 4308 li-

713 4324 859 4372 brum
880 4320 1046 4369 amico
1071 4318 1462 4390 exscribendum
1494 4327 1753 4390 curarent,
1787 4320 1885 4370 nisi
1921 4335 2039 4373 eum
2064 4338 2223 4390 opeia

713 4401 804 4438 sua
830 4398 981 4450 quam
1014 4385 1483 4435 emendatissimum
1522 4384 1812 4436 redderent.

787 4461 812 4486 ι
843 4452 1146 4524 Esscriptio.
1186 4451 1271 4502 Sic
1295 4453 1383 4500 lib.
1411 4466 1483 4513 ts,
1521 4453 1670 4524 epist.
1699 4453 1782 4512 l6.
1814 4453 1878 4506 de
1913 4457 2221 4522 exemplari-

717 4519 814 4571 bus
840 4518 1168 4582 epistularum
1207 4533 1413 4569 suarum
1439 4535 1453 4570 :
1479 4519 1658 4584 raptim
1692 4525 1988 4584 coactimque
2014 4518 2226 4574 transla-

718 4596 801 4648 tor,
821 4581 1024 4655 festinus
1046 4587 1313 4650 exscripsi;
1343 4585 1433 4636 lib.
1465 4581 1711 4648 tx,'epist.
1743 4591 1825 4644 tl.
1848 4581 1990 4653 copia
2015 4593 2226 4655 transfeo
2253 4588 2301 4643 Ι)
2327 4581 2581 4642 musteum
2605 4581 2812 4639 caseum
2846 4586 3039 4637 Plinius
3066 4590 3220 4655 alter,
3245 4585 3338 4636 lib.
3360 4600 3398 4655 tl
3427 4581 3641 4648 Histiiri,
3659 4581 3796 4644 “ut

718 4652 883 4713 randi;
922 4661 975 4701 et
1007 4653 1242 4704 ituricins
1282 4656 1436 4716 epist.
1471 4655 1501 4705 8
1537 4656 1599 4704 ad
1629 4652 1911 4706 Sidonium
1943 4652 2172 4710 ιιοειιυιιι
2205 4676 2219 4709 :

719 4719 948 4772 (Σομιεειιι
983 4734 1206 4784 namque,
1236 4735 1377 4784 quem
1402 4722 1462 4771 de
1484 4725 1633 4786 fratre
1661 4738 1766 4772 meo
1795 4723 2000 4775 Leontio
2028 4740 2104 4776 me
2146 4743 2223 4778 rc-

718 4789 882 4856 cipeu
914 4788 1192 4858 jusseratis,
1237 4790 1543 4838 transtulisse
1579 4793 1869 4858 merl'ateor;
1903 4791 2001 4843 hoc
2038 4803 2136 4858 est,
2169 4807 2223 4846 ut

720 4854 971 4925 ip'se‘post
1005 4854 1251 4925 loquitur,
1295 4858 1607 4925 exemplassc.
1646 4856 1730 4907 Vel
1774 4860 1854 4910 hic
1877 4874 2030 4925 porro
2059 4854 2220 4923 locus,

719 4921 773 4978 et
812 4922 944 4974 alter
989 4923 1092 4988 82
1145 4931 1293 4986 eplrl.
1345 4921 1423 4981 12,
1475 4924 1561 4974 lib.
1604 4940 1668 4983 tv,
1710 4925 1773 4976 de
1803 4921 2061 4978 Menandri
2097 4921 2218 4992 EpiQ

723 5000 1125 5061 trepontequein
1154 4991 1374 5061 legebat,
1402 4992 1678 5061 aidoiiiiim
1700 4996 1881 5060 linguae
1910 4993 2102 5047 Graeca:
2131 4991 2220 5061 pe-

719 5056 871 5135 ritum
902 5059 1060 5135 fuisse
1099 5056 1336 5122 probant,
1377 5070 1566 5122 eosque
1595 5056 1906 5125 redarguunt
1933 5063 2017 5126 qui
2047 5056 2223 5115 contra

719 5133 966 5179 sentiunt.

785 5193 814 5232 δ
844 5194 1008 5252 Livia,
1036 5189 1300 5243 castellum
1335 5190 1385 5240 in
1417 5190 1599 5242 ﬁnibus
1627 5194 1899 5257 provinci‘e
1929 5196 2223 5249 Narbonen-

719 5266 809 5325 sis,
833 5262 965 5331 liaud
998 5259 1171 5331 procul
1193 5258 1623 5331 Carcassiorie,_ut
1649 5275 1708 5310 et
1747 5265 1989 5331 ᾼίιιιοιιιυ
2018 5266 2221 5331 colligi-

723 5340 803 5379 tur
847 5329 936 5379 lib.
980 5344 1014 5380 ll
1048 5327 1411 5396 Tgattslatiottis
1431 5328 1483 5375 ὃ.
1522 5326 1798 5396 Δνιιιεξιξηιὶἰ,
1837 5344 1946 5396 cap.
1978 5333 2031 5384 Δ.
2084 5326 2222 5384 idem

721 5398 875 5448 etiam
906 5398 1053 5447 docet
1082 5393 1273 5444 Tabula
1305 5393 1568 5464 itineraria
1608 5393 1916 5464 Peutingeri,
1958 5415 2070 5464 qua;
2093 5405 2219 5452 car-

723 5464 1024 5538 cassionein
1053 5464 1281 5538 int_er.ac
1311 5463 1605 5538 Narbonem.
1637 5463 1787 5527 locat,
1824 5467 1911 5515 scd
1959 5463 2217 5518 Livianam

726 5530 969 5589 nominat,
998 5527 1298 5581 duodecimo
1329 5546 1352 5579 a
1380 5527 1712 5584 Carcassione
1737 5533 1992 5585 milliaria.
2025 5535 2102 5588 Ad
2131 5550 2217 5588 ca-

2297 504 2430 563 niae;
2459 499 2594 552 inter
2628 463 2808 564 epulas
2845 494 3175 555 abstemium,
3203 463 3350 544 inter
3380 463 3694 557 purpuratos
3734 463 3799 540 lini

2301 597 2518 650 teatum,
2552 586 2692 638 inter
2729 583 2987 636 alabastra
3015 581 3309 634 censorium
3345 588 3712 636 :concretum,
3749 578 3799 646 liii

2298 674 2524 742 spidum,
2556 673 2832 735 hirsutum,
2872 669 2924 723 in
2956 669 3130 721 medio
3159 668 3423 720 nationum
3451 665 3799 732 delibutarum

2300 771 2454 831 atque
2491 762 2625 814 inter
2667 770 2900 824 satrapas
2936 772 3116 823 regum
3158 757 3461 813 tiaratorum
3505 752 3799 826 myrrham,

2302 851 2615 920 pmnicatos,
2645 846 3012 900 malobatra'os
3034 843 3317 896 venerabili
3346 843 3594 911 squalore
3633 842 3799 908 pretim

2300 956 2415 994 sum
2447 955 2463 993 :
2494 953 2715 1006 cumque
2741 935 2952 1005 proprio
2980 934 3109 986 nihil
3139 934 3251 986 esui
3287 931 3378 984 aut
3405 931 3616 984 indutui
3649 931 3710 983 de
3737 947 3799 996 ρετ

2300 1027 2433 1082 cude
2453 1025 2732 1089 conferret,
2773 1023 2945 1089 regnis
2971 1023 3040 1073 ob
3059 1021 3192 1085 hoc,
3219 1034 3336 1087 quae
3371 1017 3686 1086 pererravit,
3723 1021 3799 1086 noti

2303 1124 2407 1168 tam
2435 1112 2712 1180 suspicioni
2737 1123 2891 1179 quam
2918 1109 3078 1160 fuisse
3105 1107 3403 1172 suspectui;
3434 1115 3487 1158 et
3515 1103 3720 1156 fortuna
3743 1117 3799 1170 re;

2301 1219 2422 1273 gum
2459 1202 2558 1255 sibi
2595 1202 2647 1254 in
2689 1199 2934 1252 omnibus
2960 1195 3365 1257 obsecundante,
3393 1193 3483 1246 illa
3514 1200 3711 1245 tantum

2459 1245 2558 1255 ν.-.
2692 1245 2931 1252 -.-._-__-
2968 1245 3152 1248 ηηη
3202 1245 3209 1246 ,
3278 1245 3287 1246 ,

2303 1295 2483 1345 nellcia
2513 1297 2832 1357 poscentem,
2863 1299 2980 1353 quae
3009 1296 3157 1350 mage
3185 1282 3253 1333 sit
3280 1291 3461 1332 suetus
3498 1281 3676 1333 oblata
3702 1295 3799 1358 pii-ai

2300 1388 2441 1432 stare
2476 1391 2630 1443 quam
2671 1387 2900 1428 sumere.
2927 1370 3058 1436 Quid
3098 1368 3312 1422 multis?
3340 1366 3397 1420 Si
3425 1382 3550 1420 vera
3594 1359 3799 1428 metimui

2302 1467 2744 1533 aestimamusque,
2771 1463 2876 1516 fors
2905 1461 3014 1514 fuat
3045 1475 3111 1512 an
3143 1456 3436 1526 philosophi
3465 1456 3590 1508 vitae
3613 1456 3799 1522 scriptoi

2302 1555 2517 1625 arqualis
2560 1555 2814 1620 majorum
2860 1550 3180 1618 temporibus
3222 1544 3529 1609 accesserit,
3569 1553 3706 1597 certe
3735 1537 3799 1614 psi

2303 1648 2498 1702 seculo
2525 1660 2642 1700 meo
2664 1659 2756 1713 per
2785 1653 2837 1698 te
2864 1643 3026 1696 lector
3044 1639 3274 1708 pbvenit.
3309 1636 3456 1688 Vale.

2839 1729 3161 1784 EPISTULA
3200 1727 3284 1780 ιν.

2587 1821 2827 1876 Sidonius
2854 1829 2877 1856 ε’
2906 1817 3169 1871 Cousen'io
3196 1832 3286 1868 suo
3309 1813 3548 1866 salutem.

2376 1911 2682 1978 Unquamne
2734 1923 2831 1961 nos
2859 1908 2948 1961 Dei
2979 1917 3125 1969 nutu,
3166 1905 3377 1958 domine
3409 1903 3602 1968 major,
3631 1913 3721 1952 una
3747 1900 3799 1949 vii

2303 1997 2449 2052 debit
2484 1998 2570 2050 ille
2615 2011 2739 2064 ager
2782 2005 2898 2048 tuus
2940 1996 3271 2054 Octthanus,
3309 2005 3407 2044 nec
3448 2000 3571 2042 tuus
3616 1979 3799 2056 tanme

2307 2095 2553 2154 quintum
2582 2082 2895 2136 amicorum?
2920 2083 3016 2147 Qui
3043 2081 3263 2146 civitati,
3293 2079 3476 2140 ﬂuvio,
3504 2079 3637 2130 mari
3660 2077 3799 2148 [)th

2307 2188 2446 2238 mus,
2495 2173 2727 2239 hospites
2775 2170 2968 2237 epulis,
3017 2178 3069 2223 te
3112 2169 3275 2236 pascit
3317 2168 3474 2236 εισι
3524 2163 3799 2234 hospitibnsi

2309 2262 2506 2315 Prazter
2528 2237 2661 2323 haec,
2687 2259 2851 2313 oculis
2878 2258 3185 2311 intuentium
3215 2256 3316 2308 situ
3343 2237 3799 2323 decoruszpriuiari

2310 2352 2445 2416 loco,
2476 2349 2612 2418 quod
2639 2349 2956 2401 domicilium
2997 2346 3282 2414 parietibus
3305 2343 3586 2406 attollitur,
3626 2343 3684 2392 ad
3709 2343 3799 2418 eam,

2309 2441 2587 2493 cinentiam
2617 2427 2818 2490 scilicet
2840 2433 3296 2488 architectonicam
3319 2434 3463 2485 fabre
3485 2432 3663 2484 locatis
3689 2427 3799 2493 :tsiii

2312 2529 2559 2592 sacrario,
2601 2527 2883 2596 porticibus
2913 2540 2982 2587 ac
3009 2525 3228 2577 thermis
3270 2522 3701 2588 conspicabilibus
3725 2518 3799 2596 lati

2313 2633 2621 2672 coruscans:
2653 2617 2720 2671 ad
2768 2619 2868 2671 hoc
2910 2617 3071 2685 agris,
3125 2613 3398 2682 aquisque,
3444 2610 3639 2664 vinetis
3680 2610 3799 2685 atqui

2313 2705 2538 2769 olivetis,
2570 2706 2846 2768 vestibulo,
2876 2718 3081 2770 campo,
3123 2701 3258 2754 colle
3281 2698 3686 2752 amoenissimus.
3716 2695 3799 2770 lati

2315 2807 2467 2862 super
2504 2807 2716 2860 penum,
2745 2793 2825 2844 vel
2857 2790 3225 2858 supellectilem
3262 2788 3552 2855 copiosam,
3586 2785 3799 2862 thesauri

2315 2883 2764 2938 bibliothecalibus
2811 2878 2951 2948 large
2997 2878 3254 2931 refertus:
3285 2877 3368 2929 ubi
3418 2876 3536 2937 ipse
3577 2875 3690 2925 dum
3725 2875 3799 2948 nuli

2317 2975 2485 3026 minus
2512 2972 2648 3041 stylo
2671 2984 2826 3039 quam
2864 2968 3058 3022 vomeri
3093 2965 3366 3026 incumbis,
3401 2964 3618 3016 diflicile
3642 2964 3799 3041 uisceri

2315 3155 2475 3207 llictu
2504 3153 2656 3218 igitur
2688 3152 2956 3219 (quantum
2991 3138 3268 3212 recordor)
3308 3145 3442 3197 citos
3472 3144 3687 3204 iambos,
3726 3138 3799 3219 elei

2316 3259 2408 3311 gos
2435 3253 2632 3303 acutos,
2663 3254 2725 3293 ac
2770 3238 3075 3291 rotundatos
3119 3235 3611 3303 hendecasyllabos,
3649 3241 3695 3283 et
3729 3243 3799 3311 cci

2318 3340 2426 3384 tera
2453 3331 2680 3382 carmina
2727 3328 2952 3381 musicos
2982 3327 3136 3380 ﬂores
3161 3325 3502 3393 thymumque
3529 3322 3796 3376 redolentia,

2317 3431 2453 3472 nunc
2475 3417 2892 3469 Narbonensibus
2918 3414 3235 3477 cantitanda,
3261 3425 3397 3464 nunc
3437 3408 3784 3463 Biterrensibus

2319 3442 2453 3472 "Ill":
2475 3442 2892 3469 ιιἈι-υυιιτιιδιυυδ
2918 3442 3235 3477 ιῑδιιιιιδυυιι,
3261 3442 3397 3464 uuln.
3437 3442 3784 3463 UllcllmIJu-HN

2319 3505 2678 3571 ambigendum
2702 3503 2921 3554 celerius
2958 3517 3024 3553 an
3054 3501 3314 3566 pulchrius
3338 3496 3675 3558 elucubrasti,
3696 3442 3799 3571 armi

2316 3607 2574 3660 aquaevos
2612 3592 2834 3659 gratiam
2873 3600 3034 3650 tuam,
3063 3588 3248 3639 famam
3283 3589 3417 3654 apud
3450 3596 3680 3655 postem
3716 3588 3799 3660 ani-i

2319 3683 2589 3751 pliaturus.
2636 3678 2795 3732 Certe
2824 3677 3028 3744 quoﬁes
3055 3674 3180 3726 mihi
3221 3677 3294 3726 tui
3335 3688 3522 3726 νει-ειη
3560 3689 3588 3726 a
3624 3671 3799 3751 modiisi

2320 3771 2477 3824 tionis
2514 3766 2717 3830 incude,
2750 3775 2991 3830 tanquam
3033 3761 3203 3815 adhuc
3236 3759 3412 3822 calidi,
3455 3759 3784 3813 deferebantur

2322 3784 2477 3824 tionis
2514 3784 2717 3830 tucuue,
2750 3784 2991 3830 tanquam
3033 3784 3203 3815 auuuc
3236 3784 3412 3822 cuius,
3455 3784 3778 3813 υειοπυιωιιι

2322 3859 2400 3912 sic
2419 3855 2705 3925 videbatur,
2734 3853 2821 3919 qui
2847 3861 2900 3903 et
2930 3850 2973 3903 si
2997 3863 3097 3901 non
3123 3848 3254 3902 bene
3272 3847 3472 3912 scribo,
3496 3848 3630 3899 bene
3645 3784 3799 3925 iudicii

2323 3947 2424 4001 Sed
2457 3945 2591 4012 quod
2614 3940 2875 3994 fatendum
2911 3947 2990 3991 est
3023 3937 3208 3989 talibus
3239 3934 3427 3988 studiis
3462 3935 3686 3988 anterior
3707 3934 3799 4012 sui

2323 4039 2461 4105 justo
2493 4033 2732 4096 vacabat,
2775 4044 2868 4083 seu
2917 4025 3054 4096 quod
3095 4034 3175 4078 est
3209 4024 3402 4088 verius,
3460 4022 3799 4105 occupabataii

2320 4199 2481 4243 atrum
2511 4188 2607 4241 hoc
2634 4193 2750 4252 post
2779 4184 3134 4252 Arvernorum
3169 4179 3494 4252 deditionem
3537 4179 3799 4252 relegath

2323 4257 2504 4310 Gothis
2525 4248 2790 4314 Sidonius,
2814 4251 3000 4302 Leonis
3024 4251 3343 4313 potissimum
3375 4262 3544 4314 Opera
3572 4248 3799 4314 liberatqu

2320 4339 2380 4378 se
2405 4323 2690 4389 profitetur.
2850 4387 2858 4389 _
3169 4351 3194 4389 Δ.

2395 4379 2422 4426 ἔ
2449 4390 2726 4440 Ret-cutem
2761 4394 2816 4438 et
2849 4387 3130 4446 incoctum,
3169 4383 3332 4434 instar
3369 4384 3551 4436 musti.
3592 4379 3799 4448 Plinilivi

2327 4457 2487 4508 nioris
2511 4455 2769 4518 exemplo,
2793 4452 2879 4516 qui
2900 4463 3152 4502 musteum
3176 4464 3381 4518 quoque
3398 4453 3592 4503 librum
3615 4451 3762 4518 diser;
3779 4483 3796 4512 ,

2326 4525 2414 4576 ιιι).
2447 4537 2557 4582 vui,
2593 4516 2744 4586 epist.
2785 4519 2877 4579 21,
2918 4529 3253 4586 mustaceunt
3281 4516 3459 4586 Velius
3489 4516 3794 4586 Lougut._Sic

2325 4668 2518 4711 mustea
2551 4670 2692 4723 pyra,
2725 4665 2981 4723 musteum
3009 4654 3293 4711 succinum,
3324 4653 3444 4723 aliis
3469 4656 3615 4723 locis.

2393 4723 2419 4760 ἀ
2445 4719 2725 4777 μεθ’ἒιιῖιιι
2770 4722 2909 4773 velut
2953 4732 3177 4778 iiurestor
3218 4730 3330 4773 erat
3376 4720 3578 4776 Eurici.
3605 4719 3796 4785 Quam

2323 4803 2496 4845 autem
2541 4805 2601 4843 os
2643 4791 2906 4855 prncipis.
2946 4787 3138 4840 Gentes
3173 4787 3794 4855 'l‘ranSuiaiiuasihoclou

2321 4870 2443 4912 sunt
2470 4854 2697 4917 Vandali,
2728 4854 2819 4922 qut
2839 4859 2886 4907 in
2915 4858 3086 4909 Africa
3115 4858 3242 4908 mari
3271 4864 3474 4909 tantum
3501 4873 3530 4909 a
3558 4854 3792 4910 Gothum

2323 4928 2635 4992 Septimania
2661 4926 2831 4977 divisi.
2864 4927 3072 4976 llarbart
3111 4927 3175 4975 ad
3206 4924 3500 4993 Vachalim,
3531 4924 3700 4981 Brants
3719 4936 3794 4974 uo-

2319 4997 2415 5048 stri
2442 5011 2455 5045 :
2488 5005 2541 5045 ut
2568 4997 2794 5045 carmine
2816 4994 2897 5044 12.

2438 5062 2674 5110 Detonsus
2698 5058 2931 5106 Vachalim
2953 5061 3082 5107 hilrat
3103 5059 3362 5110 Sicaniber.

2354 5129 2618 5182 Promotus
2667 5128 2827 5178 sortis
2885 5129 3028 5180 limes
3084 5129 3147 5180 ad
3199 5129 3400 5192 imperii
3443 5127 3654 5183 Romani
3695 5126 3788 5176 σιω

2327 5198 2629 5249 refert-udus
2651 5205 2750 5255 est,
2782 5195 2832 5246 in
2855 5195 2981 5260 quos
3009 5209 3301 5260 pervaserat
3330 5199 3584 5262 Euricus;
3605 5203 3788 5260 1181191³

2325 5266 2516 5318 dictum
2542 5279 2605 5315 ex
2637 5264 2889 5315 Ennodio.

2397 5342 2420 5369 ε
2449 5331 2790 5395 Narbonensi,
2825 5331 2938 5382 viro
2971 5345 3157 5397 genere
3195 5341 3248 5384 et
3291 5331 3486 5385 litteris
3529 5327 3790 5397 clarissim

2323 5400 2586 5468 Consenlii
2606 5400 2823 5452 senioris
2853 5395 3060 5468 ﬁlim—ut
3087 5413 3223 5468 reor.
3251 5399 3378 5468 Nam
3408 5401 3518 5452 duo
3537 5395 3796 5468 ciosum

2326 5470 2403 5520 nis
2424 5467 2651 5528 fuerunt,
2683 5476 2738 5517 ut
2765 5474 2843 5519 εει
2873 5471 2924 5518 in
2959 5467 3110 5532 epist.
3147 5465 3212 5518 15
3234 5467 3300 5518 ad
3328 5464 3716 5532 Gelasium,lilt.
3739 5469 3788 5510 ts.

2328 5535 2398 5590 De
2423 5535 2605 5588 eodem
2638 5533 2780 5598 plura
2803 5536 2957 5588 etiam
2987 5536 3036 5585 in
3061 5532 3323 5587 Narbone.

3792 3275 3799 3426 i
