3812 6226
571 317 671 370 53Ἷ

1804 307 2052 371 ΞΙΒΟΝΙΙ
2081 303 2519 362 Αιιοιιιῐιτιιιιδ

3645 311 3739 369 600

570 427 655 488 qui
686 438 823 488 schc
852 423 946 474 sibi
975 421 1040 474 de
1067 421 1289 474 molibus
1318 421 1620 474 facultatum
1649 431 2105 488 congregatarum.
2141 423 2184 479 Α
2219 418 2402 475 mium.
2442 416 2746 484 possideris.
2793 417 2972 471 Redde
3011 427 3063 472 te
3092 421 3245 485 patri,
3276 417 3436 472 redde
3462 428 3512 473 te
3549 424 3736 486 patria,

573 512 741 576 deque
789 512 1046 577 congestis
1085 510 1189 574 iam
1235 510 1577 577 nigrescentis
1627 510 1828 576 argenti
1879 508 2112 561 struibus

574 595 996 648 blandiebantur?
1040 597 1122 649 ubi
1171 596 1328 648 etiam
1379 596 1580 647 illorum
1611 595 1974 662 praerogativa,
2023 596 2108 662 qui

573 696 746 736 contra
776 687 997 738 indolem
1025 685 1289 750 iuniorum
1324 684 1430 734 sola
1460 685 1616 751 225
1657 684 1936 736 occasione
1971 697 2108 750 prte-

572 793 599 827 e
634 776 800 827 dentis
821 775 989 826 astatis
1016 774 1464 827 intutnesccbant?
1488 774 1579 827 Uhi
1611 783 1731 827 sunt
1762 775 1856 836 illi,
1887 789 2108 841 quorum

572 864 794 915 affinitas
839 864 983 915 nullo
1011 863 1203 914 indicio
1249 877 1448 925 maiore
1491 863 1822 929 cognoscitur
1849 877 2003 928 quam
2039 862 2111 915 si-

574 951 835 1003 tnnlttttei
877 950 1073 1015 Nempe
1110 965 1226 1002 cum
1264 952 1485 1016 primum
1536 949 1686 1002 bonis
1727 950 1931 1003 actibus
1967 951 2110 1002 locus

572 1047 670 1100 est,
723 1047 774 1090 ct
813 1039 876 1090 ad
916 1038 1161 1089 trutinam
1190 1037 1365 1103 indicii
1396 1036 1698 1103 principalis
1743 1051 1973 1105 appensa
2001 1045 2114 1089 tan-

572 1131 688 1178 dem
731 1141 832 1178 non
880 1115 1390 1184 ttttuttnorttm'liltra,
1433 1125 1524 1177 sed
1556 1139 1792 1186 morum;
1819 1137 2114 1177 remansere

577 1216 645 1266 illi
685 1215 769 1280 qui
801 1213 1187 1280 superbissime
1216 1215 1563 1278 cpinabantur
1589 1213 1701 1264 solo
1729 1227 1788 1264 se
1812 1225 1973 1264 censu
1999 1226 2113 1264 esse

575 1303 866 1354 censendos
901 1318 912 1354 :
957 1302 1150 1368 quique
1191 1298 1269 1352 sic
1307 1299 1445 1351 vitiis
1483 1308 1538 1350 ut
1566 1297 1760 1352 d:vitiis
1785 1299 2111 1361 incubantes,

579 1391 754 1442 volunt
789 1390 1031 1441 van‘tatis
1060 1389 1223 1440 videri
1245 1388 1469 1440 alienant
1498 1388 1791 1440 surrexisse
1813 1401 2112 1455 personam,

577 1495 692 1532 cum
722 1480 887 1531 ntzlint
911 1478 1206 1544 cupiditatis
1251 1477 1416 1530 notari
1449 1491 1593 1528 suam
1622 1476 1851 1529 crevisse
1873 1477 1969 1528 sub
2001 1485 2116 1527 tan-

578 1569 721 1618 tiam.
755 1567 809 1619 in
839 1581 934 1633 qua
978 1577 1146 1618 tamen
1187 1564 1498 1617 detrahendi
1541 1566 1776 1631 palmstra
1820 1565 2108 1625 exercitati,

579 1667 820 1723 tamquam
868 1672 957 1722 per
1007 1656 1211 1716 oleum,
1257 1657 1332 1706 sic
1377 1668 1469 1720 per
1506 1653 1669 1705 infusa
1722 1652 2112 1705 aemulationum

580 1761 776 1798 vene-na
823 1753 1172 1796 tttacetatttttr.
1215 1743 1291 1795 Tu
1336 1757 1458 1796 vero
1490 1743 1626 1794 inter
1655 1743 1767 1794 hinc
1794 1750 2000 1803 macte,
2025 1743 2113 1806 qui
2153 1753 2193 1808 Β

578 1839 899 1904 ιιττιιῐεοιιινεε
931 1837 1093 1888 titulis
1122 1834 1401 1900 ampliatus
1422 1873 1438 1895 ,
1463 1833 1582 1884 lit-et
1609 1832 1861 1885 hactenus
1883 1845 1912 1884 e
1935 1843 2114 1896 prosa-

579 1929 659 1993 pia
702 1927 916 1977 illustris
942 1935 1322 1988 computarere,
1350 1920 1684 1984 peculiariter
1715 1918 1876 1970 nihilo
1902 1919 2116 1985 segnius

578 2015 876 2072 elaborasti.
902 2023 956 2064 ιιι
980 2027 1006 2061 a
1033 2021 1081 2062 te.
1097 2010 1373 2076 gloriosius
1393 2009 1581 2071 posteri
1603 2008 1673 2059 ιιιὶ
1695 2017 2112 2060 numerarentur.

580 2108 719 2161 Niltil
758 2109 891 2159 enim
921 2117 998 2158 est
1029 2107 1117 2157 illo
1151 2120 1242 2165 per
1271 2113 1472 2156 sentcnt
1495 2117 1576 2152 am
1609 2102 1729 2154 boni
1758 2103 2009 2169 cuiusque
2036 2116 2115 2168 ge-

581 2183 845 2259 ncrosius,
886 2197 1120 2266 quisquis
1155 2194 1380 2262 ingenii,
1409 2193 1643 2260 cerporis
1664 2233 1678 2256 ,
1710 2183 2114 2258 opum'innctam

582 2289 633 2338 in
660 2288 754 2338 ltoc
785 2295 1025 2337 constans
1055 2297 1268 2350 cperam
1299 2292 1506 2334 exercet
1537 2319 1552 2343 ,
1579 2289 1634 2332 ut
1681 2280 1968 2347 majoribus
2006 2281 2118 2332 suis

581 2385 940 2442 anteponatur.
975 2374 1118 2438 Quod
1150 2381 1427 2440 superest,
1461 2372 1625 2425 Deum
1659 2386 1816 2439 posco
1847 2381 1900 2423 ut
1930 2379 1982 2424 te
2025 2370 2115 2422 filii

580 2475 966 2534 consequantur
986 2505 1001 2530 ,
1029 2473 1118 2516 aut
1146 2465 1282 2532 quod
1317 2465 1429 2531 plus
1455 2463 1605 2516 decet
1631 2462 1764 2516 ve'le
1787 2502 1803 2526 ,
1850 2472 2118 2515 transcen-

581 2558 702 2608 dant
730 2573 741 2605 :
774 2563 826 2607 et
867 2555 1159 2620 quicunque
1197 2566 1299 2605 n0n
1330 2553 1550 2604 SUStinet
1582 2560 1632 2603 te
1657 2549 1876 2616 diligere
1901 2563 2117 2616 provec-

582 2656 714 2707 tum,
743 2645 938 2697 medull
963 2657 1044 2695 tus
1075 2651 1357 2696 a-stuantes
1385 2657 1410 2692 a
1448 2641 1736 2709 semetipso
1781 2641 1959 2694 livoris
2000 2654 2120 2706 pro-

585 2735 680 2800 prii
711 2748 915 2798 semper
945 2734 1114 2800 exigat
1152 2744 1332 2798 ptenas
1365 2746 1379 2781 ε
1418 2743 1642 2799 cumque
1668 2728 1834 2782 nullas
1862 2730 1914 2781 in
1944 2737 1995 2782 te
2022 2727 2118 2780 ba-

585 2823 753 2876 huerit
781 2837 1002 2888 nnqttatn
1036 2818 1407 2873 misericordiae
1437 2833 1618 2872 causas
1638 2858 1653 2882 ,
1679 2817 1866 2872 habeat
1891 2817 2114 2870 invidiae.

585 2909 850 2976 Siquidem
875 2910 1016 2977 iuste
1053 2918 1074 2943 ⁸
1099 2906 1353 2976 subittsto
1383 2907 1616 2975 principe
1635 2907 1802 2974 iacet,
1832 2906 1918 2975 qui
1948 2920 2041 2973 per
2061 2919 2120 2960 se

585 3001 848 3060 mittimus.
869 3009 919 3052 et
942 3008 1137 3050 tantum
1167 3013 1258 3066 per
1285 3013 1373 3052 sua
1404 2999 1680 3062 maximus,
1705 2995 1880 3050 animo
1901 2997 2119 3065 exiguus

561 3089 728 3153 .vivit,
759 3100 808 3140 et
837 3087 1145 3155 patrimonio
1175 3087 1445 3152 plurimus.
1480 3086 1622 3140 Vale.

1008 3178 1165 3245 225
1202 3174 1522 3228 EPISTOLA
1564 3175 1693 3229 vnt.

896 3264 1136 3318 Sidonius
1167 3263 1190 3299 δ
1222 3264 1434 3331 Syagrio
1463 3279 1554 3316 suo
1578 3264 1805 3317 salutem.

657 3355 767 3419 Dic,
812 3355 1088 3408 Gallicanae
1126 3354 1221 3405 ﬂes
1264 3353 1564 3417 iuventutis,
1598 3366 1868 3420 quousque
1909 3351 2116 3404 tandem

587 3444 830 3496 ruralium
861 3457 1078 3508 operum
1118 3443 1420 3508 negotiosus
1448 3441 1642 3492 urbana
1680 3439 1927 3492 fastidis?
1954 3455 2120 3506 quan-

589 3533 674 3584 diu
700 3532 898 3582 attritas
921 3541 1231 3582 tesserarum
1264 3529 1520 3594 quondam
1539 3527 1762 3595 iactibus
1782 3541 1964 3578 manus
1992 3540 2118 3580 αθη-

590 3629 669 3669 tra
703 3618 787 3683 ius
825 3618 1000 3682 fasque
1045 3617 1140 3668 sibi
1184 3631 1215 3665 v
1239 3615 1445 3668 ndicant
1484 3616 1824 3666 instrumenta
1861 3612 2120 3665 cerealia‘l

589 3710 866 3770 ρυθιιεμιε
908 3715 990 3756 tua
1025 3714 1073 3756 te
1118 3714 1137 3740 ε
1171 3704 1498 3756 Taionnacus
1537 3702 1769 3769 patricias
1813 3701 1991 3768 stirpis
2020 3701 2124 3754 las-

589 3796 724 3845 sabit
766 3791 1083 3858 agricolam?
1127 3805 1394 3858 quousque
1435 3789 1565 3857 prati
1605 3790 1861 3850 comantis
1900 3787 2121 3842 exuvias

592 3881 819 3933 ltilzerttis
860 3881 1148 3942 novalibus,
1191 3895 1291 3931 non
1334 3888 1385 3929 ιιι
1427 3893 1608 3945 eques,
1649 3877 1739 3931 sed
1781 3886 1837 3930 ut
1871 3878 2122 3931 bubulcus

589 3971 900 4038 abscondis?
929 3985 1192 4038 quousque
1232 3970 1430 4036 pondus
1468 3969 1651 4037 ligonis
1678 3969 1848 4022 obtusi
1879 3982 1976 4022 nec
2002 3983 2120 4036 per-

592 4065 743 4117 fossis
790 4061 997 4114 antibus
1044 4061 1225 4127 ponis?
1266 4059 1396 4123 Quid
1446 4059 1788 4112 Serranorum
1831 4060 2047 4112 aemulus
2073 4069 2124 4112 et

590 4153 945 4210 Camillorum,
992 4165 1106 4202 cum
1149 4164 1298 4215 regas
1341 4148 1526 4200 stivam
1553 4189 1566 4210 ,
1606 4147 1906 4200 dissimulas
1944 4155 2123 4214 Optare

597 4241 900 4301 palmatam?
931 4239 1091 4291 Parce
1119 4247 1315 4288 tantum
1356 4238 1405 4288 in
1446 4237 1726 4288 uoltitita'is
1762 4237 2005 4288 invidiam
2037 4252 2125 4288 ru-

596 4329 787 4380 sticari.
822 4330 1014 4394 Agrum
1050 4329 1091 4378 si
1122 4327 1449 4377 mediocrtter
1483 4325 1644 4384 colas,
1685 4324 1944 4390 possides;
1977 4325 2017 4375 si
2047 4325 2120 4376 ni-

599 4473 820 4526 Attdacis
867 4487 1070 4538 quoque
1113 4472 1314 4536 reliqua
1364 4468 1570 4520 nontina
1611 4469 1777 4533 prodit
1807 4508 1820 4529 ,
1865 4479 1917 4521 et
1945 4472 2120 4522 nescio
2149 4475 2196 4529 D

599 4542 721 4607 quid
750 4544 920 4602 operis
959 4542 1021 4589 ab
1065 4556 1126 4592 eo
1169 4541 1342 4591 ilomre
1376 4547 1494 4607 post
1519 4538 1836 4607 barbaricam
1870 4538 2124 4590 incursio-

602 4605 718 4661 netn
747 4609 847 4674 87
894 4607 1176 4673 perfectum
1225 4607 1417 4658 indicat
1449 4606 1528 4657 bis
1565 4605 1771 4657 verbis:

874 4737 1238 4789 CASTALIUS
1274 4737 1428 4788 INNO

877 4804 1160 4857 CEN'HUS
1201 4805 1423 4856 AUD\X
1465 4804 1525 4855 ν.
1564 4803 1620 4857 C.

878 4872 1294 4926 l’liAElt‘lﬁC'fUS
1332 4871 1369 4924 U
1382 4871 1526 4922 RBIS

879 4944 1031 4992 νιιλΕ
1068 4940 1282 4992 SACllA
1320 4939 1632 4991 JUDICANS

875 5010 1251 5062 BtltBAlllCA
1293 5005 1684 5059 INCURSIONE

880 5078 1183 5133 SLBLATA
1221 5073 1566 5127 BliS'l‘ITUlT

607 5234 750 5285 l'lanc
769 5247 825 5281 ex
845 5228 1134 5282 Joannisde
1158 5226 1324 5278 Marca
1355 5237 1485 5274 nova
1526 5222 1856 5274 collectaneis
1890 5222 2136 5288 deprom-

607 5301 802 5364 psitn'us
828 5318 837 5347 :
871 5300 953 5358 qui
992 5300 1164 5346 Itonia:
1193 5295 1312 5345 olim
1335 5294 1505 5364 (nunc
1530 5291 1668 5364 enim
1695 5305 1795 5340 non
1836 5290 2028 5355 exstat)
2066 5292 2129 5341 ad

607 5359 766 5418 autem
793 5367 845 5419 S.
877 5366 1047 5416 Mat-ie
1070 5378 1214 5413 novae
1238 5363 1452 5426 positam
1484 5359 1639 5410 fuisse
1661 5366 1855 5426 monet.

677 5445 700 5469 ι
735 5435 869 5486 Jnl'to
900 5435 1113 5493 Nepote,
1157 5440 1211 5480 ut
1239 5424 1430 5480 dictum
1462 5438 1540 5478 est
1578 5439 1736 5490 supra
1766 5424 1853 5477 lib.
1896 5440 1946 5486 v,
1976 5425 2130 5488 epist.

610 5503 674 5551 16
715 5517 727 5549 :
769 5500 874 5550 Hoc
913 5510 1072 5548 tamen
1115 5506 1277 5547 sancte
1318 5494 1487 5546 Julius
1534 5493 1724 5562 Nepos,
1751 5493 1902 5546 armis
1951 5495 2134 5559 pariter

609 5580 828 5615 summus
851 5568 1093 5628 Augustus
1117 5575 1159 5616 at
1189 5562 1421 5614 moribus.

2217 505 2378 558 redde
2418 516 2467 560 te
2503 506 2658 560 etiam
2701 505 2941 560 ﬁdelibus
2983 507 3183 570 amicis,
3225 508 3311 575 qui
3350 508 3466 575 iure
3491 523 3738 576 ponuntur

2214 593 2352 647 inter
2379 593 2618 648 affectus.
2649 596 2752 648 Aut
2778 597 2823 648 si
2852 605 2901 648 te
2929 604 3126 648 tantum
3161 595 3450 648 Cincinnati
3481 598 3737 652 dictatoris

2214 686 2316 736 vita
2340 685 2584 749 delectat,
2604 682 2632 722 (³
2655 686 2753 737 duc
2781 696 2901 738 ante
2925 685 3193 750 Itaciliam,
3224 701 3340 752 qua:
3366 686 3525 739 boves
3543 686 3734 754 iungat.

2214 774 2390 842 Neque
2434 775 2652 827 dixerim
2698 773 2921 842 sapienti
2968 774 3080 826 viro
3102 790 3212 825 rem
3260 775 3603 827 domesticam
3644 791 3736 827 non

2214 879 2332 916 esse
2373 864 2701 926 curandam,
2731 863 2821 915 sed
2872 877 2937 916 eo
2984 872 3419 930 temperamento,
3463 863 3598 932 quod
3644 879 3736 916 non

2213 953 2409 1018 solum,
2432 951 2556 1019 quid
2584 953 2798 1018 habere,
2820 953 2913 1008 sed
2936 953 3058 1023 quid
3078 954 3266 1009 debeat
3285 970 3408 1010 esse
3431 955 3734 1010 consideret.

2214 1041 2341 1095 Nam
2371 1044 2414 1095 si
2439 1044 2645 1097 caeteris
2673 1043 2924 1098 nobilium
2951 1045 3238 1099 studiorum
3283 1047 3485 1101 artibus
3511 1050 3668 1116 repud
3689 1061 3736 1096 .1-

2216 1131 2302 1195 tis,
2346 1131 2452 1183 sola
2487 1129 2548 1183 'te
2591 1132 2938 1200 prepagandat
2965 1133 3041 1186 rei
3087 1132 3359 1188 familiaris
3402 1134 3565 1187 urtica
3606 1136 3736 1187 solli-

2213 1221 2334 1270 citat
2361 1235 2372 1268 :
2409 1219 2530 1274 licet
2557 1228 2609 1272 tu
2637 1220 2920 1275 deductum
2953 1235 3139 1275 nomen
3162 1237 3190 1272 a
3214 1225 3428 1290 trabeis,
3449 1236 3606 1292 atque
3627 1226 3736 1279 ebo-

2216 1317 2355 1358 ratas
2375 1309 2605 1371 curules,
2635 1318 2689 1362 et
2718 1310 3028 1376 gestatorias
3056 1310 3368 1374 bracteatas,
3396 1323 3451 1365 et
3477 1311 3633 1368 fastos
3660 1327 3737 1365 re-

2213 1397 2356 1447 colas
2407 1397 2828 1463 purpurissatos,
2880 1397 2924 1449 is
2969 1397 3202 1465 profecto
3251 1399 3555 1464 inveniere,
3599 1415 3736 1467 quem

2213 1485 2400 1536 debeat
2436 1486 2511 1536 sic
2554 1485 2884 1551 industrium,
2922 1486 3060 1553 quod
3101 1488 3374 1550 latentem,
3400 1503 3503 1540 non
3533 1498 3630 1542 tam
3658 1495 3735 1543 tto-

2215 1587 2401 1624 norare
2427 1587 2632 1636 censor,
2661 1588 2815 1638 quam
2837 1588 3027 1627 census
3049 1589 3287 1628 onerare.
3318 1575 3466 1629 Vale.

2667 1662 2820 1731 227
2863 1661 3183 1716 EPISTOLA
3221 1662 3312 1716 IX.

2497 1746 2737 1800 Sidonius
2767 1760 2790 1784 ο
2820 1749 3108 1814 Lampridio
3134 1767 3224 1802 suo
3253 1752 3484 1803 salutem.

2281 1833 2411 1886 Cum
2435 1834 2655 1900 primum
2686 1835 3026 1902 llurdcga‘am
3054 1839 3192 1902 veni,
3218 1837 3420 1892 litteras
3443 1838 3562 1890 mibi
3591 1839 3734 1891 tabel-

2215 1923 2376 1975 larius
2406 1935 2526 1977 tuus
2553 1924 2745 1977 obtulit
2778 1918 3232 1993 plenas'ttectaris,
3262 1928 3472 1991 florum,
3506 1929 3733 1997 margari-

2217 2022 2384 2064 tarum
2423 2031 2432 2063 :
2474 2012 2658 2078 quibus
2697 2015 2958 2067 silentium
3003 2030 3174 2067 meum
3211 2018 3421 2082 culpas,
3465 2031 3513 2071 et
3554 2019 3735 2086 aliquos

2220 2115 2465 2153 versuum
2497 2116 2730 2154 meorum
2760 2104 3003 2156 versibus
3025 2105 3324 2172 poscis,qui
3355 2106 3450 2158 tibi
3477 2107 3638 2159 solent
3659 2122 3735 2174 per

2215 2190 2470 2250 musicum
2516 2190 2672 2257 palati
2704 2204 3014 2256 concavum,
3040 2192 3260 2258 variata
3291 2207 3420 2246 vore
3448 2195 3731 2258 tinnientes,

2215 2280 2361 2347 quasi
2395 2279 2536 2332 tibiis
2568 2279 3012 2334 multiforatilibus
3039 2280 3252 2335 effundi.
3288 2283 3392 2336 Sed
3425 2283 3522 2336 hoc
3547 2294 3599 2336 tu
3638 2299 3735 2335 mu-

2215 2366 2476 2419 nificentia
2507 2367 2644 2436 regis
2669 2369 2794 2421 satis
2822 2369 3064 2439 abutens,
3101 2369 3205 2438 iam
3244 2385 3460 2426 securus
3496 2384 3604 2439 post
3634 2388 3734 2425 mu-

2218 2468 2340 2506 nera
2369 2453 2495 2506 facis
2521 2469 2534 2505 :
2566 2457 2685 2520 quia
2709 2454 2923 2509 forsitan
2953 2457 3239 2525 satyricum
3272 2458 3398 2511 illud
3425 2461 3492 2513 de
3529 2461 3732 2529 satyrico

2218 2554 2320 2593 non
2354 2541 2644 2595 recordaris
2664 2558 2679 2604 ;
3009 2573 3044 2610 γ,

2515 2634 2656 2681 Satur
2679 2639 2771 2696 est,
2795 2647 2902 2682 cum
2923 2637 3035 2684 dtcit
3068 2636 3287 2686 Horatius
3312 2651 3452 2686 evoe.

2218 2722 2350 2788 Quid
2388 2724 2585 2778 multa?
2617 2725 2797 2778 Merito
2835 2741 2918 2780 me
2959 2736 3170 2782 cantare
3211 2744 3272 2781 ex
3302 2730 3410 2782 otio
3433 2729 3606 2796 iubes,
3629 2732 3731 2799 quia

2220 2821 2273 2866 te
2312 2814 2419 2880 iam
2467 2813 2660 2867 saltare
2707 2812 2950 2867 delectat.
2995 2815 3254 2882 Quidquid
3304 2817 3428 2869 illud
3471 2827 3569 2881 est,
3599 2833 3732 2885 pareo

2221 2910 2422 2962 tamen;
2452 2901 2606 2968 idque
2632 2916 2735 2954 non
2779 2901 2933 2954 modo
2963 2917 3064 2955 non
3102 2914 3335 2970 coactus,
3379 2919 3559 2958 verum
3595 2906 3730 2958 etiam

2219 2991 2523 3056 spontaliter
2544 2988 2698 3046 facio.
2712 2989 2933 3044 Tantum
2957 3000 3010 3043 ttt
3030 3002 3291 3060 utettnque
3308 2993 3579 3048 moderere
3601 2994 3732 3048 Cato-

2144 3075 2188 3138 C
2222 3083 2433 3134 nianum
2481 3081 2834 3148 superciliosae
2868 3082 3052 3135 frontis
3089 3082 3387 3137 arbitrium.
3433 3083 3577 3138 Nosti
3613 3084 3730 3138 enim

2219 3185 2380 3239 prope
2406 3171 2637 3225 laetitiam
2667 3183 2938 3238 poetarum
2965 3189 2978 3224 :
3007 3186 3230 3240 quorum
3274 3174 3353 3225 sic
3395 3172 3598 3243 ingenia
3623 3188 3730 3225 mm-

2217 3265 2442 3332 rnribus,
2480 3275 2538 3318 ut
2563 3263 2797 3332 p'sciculi
2840 3266 3038 3319 retibus
3063 3266 3422 3318 amiciuntur:
3455 3274 3511 3320 et
3551 3264 3594 3320 si
3626 3263 3728 3330 quid

2216 3368 2460 3421 asperum
2491 3363 2579 3405 aut
2609 3353 2776 3414 triste.
2807 3368 2909 3407 non
2940 3352 3113 3405 statim
3145 3367 3203 3406 se
3231 3354 3435 3419 poetica
3466 3352 3729 3407 teneritudo
3768 3393 3773 3398 .

2216 3457 2244 3494 a
2286 3442 2494 3495 vinculo
2529 3442 2726 3495 incursi
2776 3441 2984 3507 angoris
3030 3440 3288 3505 elaquett.
3340 3439 3570 3494 Necdum
3611 3442 3725 3492 enim

2220 3530 2498 3596 quidquam
2521 3529 2587 3581 de
2615 3527 2919 3580 haereditate
2946 3528 3192 3602 socruali,
3213 3528 3292 3580 vel
3326 3528 3376 3579 itt
3411 3543 3557 3581 usum
3587 3528 3726 3581 terti:

2221 3617 2319 3670 sub
2339 3617 2503 3683 pretio
2526 3617 2816 3669 medietatis
2829 3615 3044 3668 obtinui.
3079 3614 3289 3668 Interim
3307 3625 3360 3667 tu
3381 3617 3574 3671 vileris
3592 3630 3724 3685 quam

2226 3706 2316 3758 tibi
2347 3706 2415 3758 sit
2440 3705 2827 3772 epigrammatis
2855 3703 3067 3771 ﬂagitati
3089 3703 3276 3756 lemma
3302 3706 3606 3772 placiturum
3626 3722 3639 3757 :
3659 3718 3728 3757 tne

2227 3803 2397 3847 tamen
2446 3807 2770 3861 nequaquam
2809 3791 3106 3846 sollicitudo
3144 3793 3400 3860 permittit
3443 3793 3579 3846 aliud
3618 3804 3727 3846 nunc

2228 3883 2418 3937 habere
2449 3885 2497 3935 in
2524 3882 2747 3946 actione,
2773 3881 2914 3936 aliud
2942 3883 2992 3935 in
3025 3882 3277 3936 carmine.
3316 3883 3443 3936 ιιιοά
3473 3897 3595 3937 sane
3620 3896 3728 3949 prte-

2231 3983 2309 4026 ter
2350 3973 2603 4040 iustitiam
2651 3971 2860 4037 feceris,
2909 3971 2951 4024 si
3003 3972 3477 4040 impraesentiarum
3530 3971 3726 4026 vicissim

2228 4064 2417 4125 scripta
2449 4062 2592 4128 quasi
2621 4075 2913 4126 compares.
2955 4062 3113 4132 228
3139 4065 3249 4130 Ago
3277 4062 3612 4126 laboriosum.
3638 4059 3728 4127 agis

2231 4151 2340 4217 ipse
2359 4150 2583 4203 felicem.
2600 4149 2889 4217 Agoadbuc
2907 4152 3158 4218 exsulem,
3175 4152 3284 4219 agis
3307 4151 3418 4220 ipse
3432 4152 3542 4219 iam
3555 4153 3725 4205 civem:

2228 4248 2278 4290 et
2306 4239 2372 4290 ob
2401 4241 2497 4290 hoc
2525 4238 2794 4304 inmqualia
2825 4253 2975 4302 cano,
3000 4241 3118 4307 quia
3147 4225 3349 4295 similia
3383 4256 3559 4306 posco,
3584 4248 3632 4294 et
3655 4252 3725 4305 p2-

2231 4328 2306 4380 ria
2336 4343 2436 4380 non
2467 4329 2704 4395 impetro.
2731 4328 2880 4390 Quod
2902 4331 2945 4383 si
2971 4331 3212 4396 quopiam
3236 4344 3358 4383 casu
3389 4329 3726 4398 ineptiasistu

2295 4478 2318 4511 υ
2362 4473 2432 4525 Ad
2481 4489 2632 4535 quem
2673 4475 2824 4545 epist.
2874 4476 2926 4537 5,
2958 4476 3066 4545 Alii).
3108 4491 3160 4539 ν,
3191 4464 3327 4545 quod
3381 4475 3726 4545 fastorumsttb

2231 4543 2381 4594 linem
2403 4541 2826 4612 commemoratio
2847 4542 3118 4596 confirmat
3143 4561 3155 4594 :
3181 4541 3364 4598 alludit
3384 4549 3526 4599 enim
3547 4545 3604 4599 sd
3621 4544 3728 4612 Sya-

2229 4613 2397 4678 grium
2429 4610 2701 4678 consulem
2727 4609 2876 4678 huius
2907 4625 3174 4675 proavum.

2309 4689 2324 4748 ἒ
2371 4678 2494 4748 Vide
2520 4693 2583 4730 an
2622 4677 2804 4748 referr_i
2827 4677 2944 4748 _Ituc
2969 4678 3439 4748 possit'l‘ai-tnnus,
3473 4695 3619 4748 quam
3643 4678 3724 4730 Ta-

2231 4746 2349 4868 gula
2375 4746 2637 4800 ititteraria
2667 4748 2716 4798 in
2741 4745 2926 4799 )Eduis
2954 4748 3107 4814 locat,
3135 4746 3268 4798 haud
3293 4749 3472 4814 procul
3494 4745 3724 4819 ’Δικαιο-

2269 4830 2393 4867 υηο.

2269 4830 2393 4867 uno.

2301 4882 2326 4920 ἀ
2368 4885 2440 4936 Ita
2471 4881 2672 4936 restitui
2702 4882 2895 4950 veteris
2925 4881 3042 4934 libri
3073 4883 3282 4950 vestigia
3314 4897 3547 4947 secutus.
3575 4884 3622 4938 in
3643 4895 3722 4950 quo

2234 4953 2497 5018 legebatur
2516 4955 2699 5002 ducant
2721 4948 2982 5018 Erritiqm.
3011 4948 3362 5018 Itaciliacnitn
3393 4969 3581 5009 nomen
3601 4948 3721 5012 uxori

2236 5017 2604 5071 LfCincinnati
2633 5019 2767 5082 apud
2799 5017 2998 5069 Livium
3028 5017 3118 5070 lib.
3150 5034 3225 5071 ιιι.

2307 5096 2329 5122 ⁸
2369 5087 2582 5139 Rhetori
2625 5084 3014 5152 Burdegalensi,
3045 5087 3234 5140 eximio
3277 5099 3466 5153 poetae,
3497 5100 3552 5144 ut
3583 5095 3653 5142 est
3683 5085 3722 5135 in

2237 5132 2551 5219 epi.tst;;'i‘t'
2569 5132 3720 5233 ".a't'..‘,;.:i.;;;s't3,"tit;:j..:';.tgs.:.;ma.

2231 5222 2445 5291 Sidonio
2474 5223 2567 5273 fuit
2589 5239 2638 5273 tn
2663 5233 2855 5291 Illilttlls
2883 5228 3052 5287 :quol
3081 5237 3344 5289 prmcrpue
3363 5224 3723 5288 deélarlnttlﬂl

2231 5289 2296 5340 de
2325 5291 2460 5342 illius
2487 5299 2653 5342 morte
2681 5289 2743 5340 ad
2775 5289 2974 5354 L‘npunt
3002 5291 3201 5342 scribit.
3226 5294 3424 5344 Aberat
3450 5297 3492 5345 is
3513 5292 3608 5350 huc
3623 5299 3724 5341 W-

2234 5371 2358 5421 pore
2377 5358 2654 5422 lturdegala
2677 5373 2687 5405 :
2711 5372 2811 5422 quo
2826 5370 2942 5410 cum
2970 5357 3215 5411 Sidonius
3233 5360 3297 5412 ad
3313 5359 3559 5416 Euricum
3579 5365 3724 5423 που

2233 5423 2950 5496 exsiliilinem-flagitatorus
2996 5427 3256 5496 venisset,
3305 5442 3535 5496 sequens
3573 5433 3720 5496 PI!‘

2234 5493 2482 5559 condidit.
2509 5487 2954 5559 oppido'elegans,
2983 5501 3138 5559 atque
3165 5495 3227 5546 ad
3245 5487 3724 5552 'contuendailﬂlﬂ

2234 5557 2465 5614 Gothicae
2491 5557 2875 5618 amplitudinem
2904 5557 3254 5628 aptissimum.
