3812 6226
462 228 464 230 ·
543 205 641 257 6M
1459 217 1470 240 τ

547 311 639 366 llic
667 321 724 365 ut
749 296 1012 376 arreptum
1040 308 1271 361 suaserat
1293 320 1445 374 opus,
1472 315 1495 341 ι
1532 305 1760 362 ethicam
1790 306 2073 358 dictionem
2105 315 2156 375 Α

549 417 643 463 pro
674 412 928 466 personat,
962 399 1205 461 temporis
1226 405 1275 450 et
1302 394 1398 448 loci
1425 395 1672 463 qualitate
1699 395 1961 457 variabat;
2001 392 2083 446 id-

549 504 648 550 que
680 503 779 539 non
806 486 972 540 verbis
1001 485 1478 554 qualibuscumque,
1509 484 1598 537 sed
1628 484 1938 552 grandibus,
1969 482 2083 550 pul-

550 575 689 628 chris
715 615 729 637 ,
767 575 1097 627 elucubratis.
1149 574 1201 626 lu
1250 573 1464 626 materia
1491 573 1883 627 controversiali
1932 571 2081 624 fortis

550 674 603 715 et
633 665 914 715 lacertosus
949 679 960 711 :
1001 663 1052 712 in
1091 661 1316 728 satyrica
1356 660 1611 713 sollicitus
1644 671 1693 712 et
1740 659 1990 722 mordax;
2033 659 2082 709 in

555 753 746 817 tragica
786 767 950 805 saevus
989 761 1041 804 et
1080 749 1281 803 ﬂebilis.
1325 752 1375 802 In
1406 751 1610 804 comica
1639 750 1868 802 urbanus
1905 749 2085 802 multi-

513 865 515 868 -
555 840 861 906 fortiusque;
905 839 954 890 in
997 838 1296 892 fescennina
1346 853 1570 891 vernans
1619 838 1812 902 verbis,
1858 846 2086 890 aestuans

555 931 717 992 votis;
753 929 806 980 in
859 929 1091 981 bucolica
1134 925 1344 992 vigilax,
1374 943 1582 994 parcus,
1613 925 2084 988 carminabundus;

557 1020 607 1070 in
648 1019 888 1086 georgica
937 1019 1012 1071 sic
1058 1017 1313 1069 rusticans
1361 1017 1575 1068 multum
1602 1057 1618 1082 ,
1663 1019 1798 1085 quod
1846 1017 1972 1069 nihil
2002 1031 2091 1069 ru-

557 1108 736 1158 sticus.
771 1105 1026 1159 Practer-ea
1058 1103 1193 1172 quod
1224 1103 1285 1156 ad
1324 1104 1703 1171 epigrammata
1735 1114 1956 1171 spectat,
1988 1119 2091 1158 non

559 1195 727 1261 eopia,
772 1193 863 1245 sed
909 1192 1142 1245 acumine
1193 1192 1440 1258 placens;
1481 1207 1595 1258 quae
1639 1205 1733 1244 nec
1779 1191 1985 1244 brevius
2012 1189 2094 1244 di-

560 1283 767 1343 sticho,
818 1297 916 1332 nec
978 1280 1179 1347 longius
1226 1280 1528 1333 tetrasticho
1583 1280 1894 1334 finiebantur
1942 1296 1958 1333 :
2006 1295 2094 1334 ea-

561 1371 783 1434 demque
835 1383 953 1421 cum
1007 1383 1108 1420 non
1163 1381 1322 1435 pauca
1374 1371 1643 1436 piperata,
1703 1370 1884 1422 mellea
1934 1369 2091 1421 multa

563 1459 924 1524 con~piceres,
971 1459 1143 1510 omnia
1185 1468 1352 1510 tamen
1402 1459 1536 1511 salsa
1567 1460 1835 1512 cernebas.
1879 1459 1934 1511 ln
1965 1459 2092 1528 lyri-

564 1547 639 1600 cis
701 1559 870 1599 autem
922 1546 1159 1600 Flaccum
1227 1559 1480 1611 secutus,
1528 1563 1661 1601 nunc
1726 1549 1989 1601 ferebatur
2037 1549 2092 1600 in

1768 199 2002 256 SIDONII
2041 197 2363 254 APOLLINA
2375 198 2479 254 PilS

2184 305 2335 357 amici
2368 304 2631 358 nascentis
2650 318 2808 368 anno,
2831 319 3189 371 quemcunque
3207 305 3513 358 clementem
3536 307 3687 373 plane-

2185 395 2404 447 ticorum
2433 394 2661 446 siderum
2689 394 2896 461 globum
2940 395 2990 447 iu
3016 393 3322 448 diastemata
3351 393 3566 448 Zodiaco
3588 412 3688 462 pro-

2181 499 2306 551 sper
2352 494 2500 538 ortus
2543 498 2812 550 erexerat;
2855 486 2992 540 hunc
3021 487 3071 538 iu
3101 500 3288 539 occasu
3333 489 3554 539 (ruentis
3580 489 3688 554 igni-

2183 574 2280 628 bus
2310 576 2695 627 inrubescentes
2716 614 2730 638 ,
2768 589 2861 628 seu
2886 573 2913 612 δ
2952 590 3112 642 super
3149 575 3405 628 diametro
3433 575 3690 629 Mercurius

2188 664 2492 732 asyndetus,
2538 679 2629 716 seu
2675 679 2832 732 super
2858 673 3123 732 tetragono
3162 664 3419 719 Saturnus
3460 674 3690 729 retrogra-

2184 751 2301 814 dus,
2326 765 2416 805 seu
2451 766 2604 812 super
2629 760 2810 804 centro
2845 751 2977 804 Mars
3010 753 3396 817 apocatasticus
3409 755 3692 807 exacerbas-

2185 849 2321 892 sent.
2348 841 2450 894 Sed
2478 841 2540 892 de
2567 840 3072 908 hisqualia,quoque
3103 842 3258 894 modo
3278 843 3400 906 sint,
3427 857 3690 909 quanquam

2186 930 2291 982 sint
2328 931 2554 981 maxime
2587 940 2608 966 ο
2641 929 2790 995 falsa,
2839 930 3058 997 ideoque
3099 929 3354 996 fallentia,
3398 931 3440 984 si
3464 931 3575 997 quid
3603 930 3687 995 ple-

2189 1020 2307 1072 nius
2345 1020 2647 1085 planiusque
2686 1021 2938 1082 coltaeret,
2985 1019 3109 1071 licet
3153 1031 3206 1071 et
3236 1020 3347 1084 ipse
3377 1019 3685 1072 arithmetica

2189 1108 2418 1174 studeas,
2463 1118 2515 1159 et
2547 1123 2661 1172 quae
2684 1117 2770 1160 tua
2797 1108 3082 1176 diligentia,
3134 1105 3161 1144 δ
3184 1107 3482 1169 Vertacum,
3513 1106 3688 1159 Thrasi-

2191 1197 2389 1260 bulum,
2417 1195 2746 1249 Saturninum
2764 1195 3014 1249 sollicitus
3042 1196 3252 1248 evolvas
3273 1233 3287 1255 ,
3320 1207 3372 1247 ut
3397 1197 3478 1260 qui
3515 1211 3688 1260 semper

2196 1287 2265 1339 nil
2295 1285 2393 1339 nisi
2442 1301 2686 1339 arcanum
2737 1285 3036 1352 celsumque
3084 1283 3355 1336 meditere.
3416 1284 3603 1336 Interim
3636 1285 3685 1335 ad

2192 1354 2424 1443 praesens
2446 1375 2515 1428 nil
2539 1374 2957 1441 conjecturaliter
2977 1383 3200 1440 gestum,
3229 1371 3299 1423 uil
3331 1387 3420 1438 per
3443 1370 3689 1438 ambages:

2192 1464 2604 1532 quandoquidem
2642 1466 2778 1516 hunc
2806 1473 3039 1516 nostrum
3069 1462 3403 1514 temerarium
3438 1460 3691 1512 futurorum

2144 1618 2146 1621 ι
2195 1555 2589 1616 si-iscitatorem,
2623 1563 2675 1607 et
2705 1553 2789 1605 diu
2817 1553 3004 1604 frustra
3049 1550 3491 1618 tergiversantem,
3522 1559 3692 1614 tempus

567 1639 785 1690 iambico
813 1639 943 1690 citus
962 1679 976 1702 ,
1009 1655 1143 1692 nunc
1187 1640 1235 1690 in
1273 1638 1626 1692 climiambico
1656 1639 1855 1707 gravis,
1888 1653 2023 1691 nunc
2054 1641 2102 1690 in
2135 1635 2177 1691 Β
2203 1652 2255 1694 et
2280 1642 2499 1706 qualitas
2521 1642 2778 1708 praedicta
2800 1640 2977 1693 mortis
3008 1638 3258 1692 innexuit.
3285 1636 3410 1690 Nam
3428 1638 3556 1696 domi
3577 1651 3694 1700 pres-

567 1729 761 1781 alcaico
806 1729 1100 1794 fluxuosus,
1134 1743 1270 1781 nunc
1313 1729 1361 1780 in
1405 1729 1652 1796 sapphicii
1695 1727 1919 1779 innatus.
1968 1726 2100 1790 Quid

572 1818 751 1882 plura?
806 1817 1058 1880 Subtilis,
1104 1828 1290 1884 aptus,
1341 1819 1650 1877 instructus;
1707 1829 1912 1882 quaque
1955 1829 2101 1868 mens

571 1906 759 1972 styluni
813 1906 1008 1966 ferret,
1072 1904 1528 1969 eloquentissimus
1585 1917 1833 1971 prorsus,
1887 1911 1941 1954 ut
1983 1917 2101 1954 eum

570 1993 685 2058 jure
731 2003 978 2043 censeres
1017 2003 1134 2055 post
1163 1990 1475 2043 Horatianos
1502 1999 1554 2043 et
1586 1989 1889 2042 Pindaricos
1911 2003 2104 2058 cycnos

574 2079 756 2146 gloriae
783 2077 966 2144 pennis
993 2079 1333 2131 evolaturum.
1377 2078 1520 2130 Alea:
1544 2117 1560 2142 ,
1591 2076 1811 2144 sphaera:
1837 2117 1849 2137 ,
1881 2092 1982 2129 non
2021 2081 2105 2142 ju-

575 2176 661 2217 xta
707 2164 927 2218 deditus.
980 2164 1106 2217 Nam
1154 2180 1270 2218 eum
1319 2167 1531 2218 tesseris
1580 2166 1643 2218 ad
1691 2167 1918 2218 laborem
1950 2181 2107 2219 occu-

576 2267 805 2322 paretur,
851 2255 952 2323 pila
994 2263 1192 2307 tantum
1243 2255 1303 2307 ad
1352 2256 1704 2323 voluptatem;
1757 2255 2001 2322 fatigabat
2047 2255 2122 2307 li-'

579 2343 783 2408 lienter,
827 2343 1067 2412 quodque
1111 2345 1224 2410 plus
1262 2344 1444 2406 dulce,
1493 2343 1733 2396 libentius
1781 2342 2103 2411 fatigabatur.

578 2431 848 2484 Scribebat
891 2434 1134 2494 assidue,
1185 2446 1480 2497 quanquam
1525 2431 1844 2496 frequentius
1891 2433 2110 2495 scriptu-

581 2521 730 2572 riret.
791 2520 1016 2586 Legebat
1069 2520 1224 2570 etiam
1282 2518 1600 2572 incessanter
1655 2527 1932 2578 auctores,
1990 2532 2107 2570 cum

582 2611 870 2661 reverentia
915 2608 1178 2674 antiquos,
1219 2605 1330 2659 sine
1371 2605 1559 2659 invidia
1591 2615 1848 2660 recentes.
1879 2607 1942 2670 Et
1973 2606 2110 2674 quod

585 2700 720 2754 inter
763 2701 917 2771 237
966 2699 1608 2754 hominesdifficillimutn
1653 2712 1772 2764 est,
1815 2700 1942 2754 nulli
1973 2699 2112 2754 diffl-

584 2792 750 2844 culter
793 2790 979 2857 ingenii
1024 2789 1226 2843 laudem
1272 2775 1506 2861 cedebat.
1537 2792 1551 2822 ί
1588 2789 1715 2843 Illud
1748 2804 1873 2843 sane
1903 2803 2001 2842 non
2029 2803 2114 2841 so-

589 2881 692 2932 lum
719 2878 971 2952 culpabile
997 2880 1044 2932 in
1077 2880 1186 2932 viro
1217 2881 1343 2944 fuit,
1375 2882 1465 2934 sed
1498 2867 1936 2949 peremptorium;
1977 2878 2111 2944 quod

591 2966 981 3021 mathematicos
1008 2969 1178 3034 quund
1199 2986 1263 3022 im
1309 2972 1374 3024 de
1401 2973 1517 3024 vita:
1559 2986 1665 3024 sua:
1698 2972 1799 3025 fine
1826 2969 2106 3035 consuluit,
2138 2971 2183 3031 C

592 3057 791 3136 urbium
819 3057 955 3108 cives
985 3059 1368 3124 Africanarum;
1409 3061 1595 3128 quibus
1623 3068 1679 3112 ut
1705 3066 1785 3114 est
1814 3062 1987 3127 regio,
2034 3059 2108 3110 sic

590 3151 791 3199 animus
837 3146 1096 3199 ardentior
1136 3165 1148 3199 :
1200 3150 1284 3215 qui
1336 3151 1727 3204 constellatione
1772 3159 2107 3217 percunctan-

591 3238 657 3290 tis
689 3238 936 3304 inspecta,
969 3240 1161 3304 pariter
1189 3254 1398 3301 annum,
1425 3253 1658 3292 mensem
1691 3239 1932 3306 dictuque
1967 3237 2112 3289 dixe-

593 3336 740 3385 runt,
770 3342 894 3391 qum
924 3328 940 3394 (
967 3338 1017 3375 ut
1043 3329 1200 3378 verbo
1231 3327 1521 3379 matheseos
1551 3327 1705 3392 utar)
1735 3327 2114 3379 climactericos

593 3421 730 3463 esset
759 3413 1023 3463 habiturus
1049 3421 1256 3477 :ulpote
1277 3404 1462 3478 quibus
1492 3413 1719 3464 themate
1747 3412 1942 3473 oblato,
1966 3411 2115 3477 quasi

593 3500 932 3566 sanguinaria:
953 3501 1201 3566 geniturae
1220 3502 1426 3553 schema
1448 3502 1690 3569 patuisset
1709 3501 1854 3568 :quia
1876 3501 2119 3554 videlicet

596 3643 847 3711 nopregoii
898 3642 1174 3693 Ausoniani
1215 3659 1227 3693 :
1279 3642 1375 3695 nisi
1440 3640 1577 3711 quod
1642 3639 1813 3692 omnia
1863 3637 1944 3711 ibi
2001 3644 2122 3711 sunt

599 3707 916 3764 hexametro.
949 3711 1050 3765 Sed
1095 3713 1136 3763 si
1169 3711 1302 3763 idem
1331 3714 1418 3762 fiat
1446 3710 1496 3763 in
1526 3711 1706 3772 elegis,
1738 3709 1995 3774 specimen
2025 3707 2127 3758 erit

597 3783 770 3860 operis
821 3780 1183 3848 Lampridiani.
1234 3780 1394 3834 Vetus
1447 3781 1766 3848 epitaphium
1824 3776 2123 3846 Euryclietis

596 3865 783 3914 auriga:
806 3867 819 3901 :

2201 1745 2290 1782 sus
2344 1729 2793 1796 strangulatusque
2832 1743 3098 1781 servorum
3141 1726 3412 1787 manibus,
3468 1726 3695 1777 obstructo

2201 1819 2451 1882 anhelitu,
2478 1827 2686 1885 gutture
2713 1819 2984 1879 obstricto,
3017 1830 3079 1868 ne
3104 1815 3275 1868 dicam
3302 1815 3697 1888 Lentuli,_lugur-

2203 1910 2303 1963 th:e
2332 1918 2486 1974 atque
2514 1906 2688 1974 Sejani
2713 1947 2726 1969 ,
2756 1895 2898 1959 certe
2939 1903 3234 1956 Numantini
3278 1906 3437 1972 238
3479 1903 3696 1970 Scipionis

2202 2001 2348 2051 exitu
2395 1995 2567 2063 periit.
2603 1996 2721 2047 llrcc
2772 1995 2824 2045 in
2856 1993 2948 2044 hac
2992 1991 3134 2044 crede
3165 1991 3329 2042 tristia
3384 1992 3562 2048 minus,
3591 1989 3697 2053 quod

2205 2089 2349 2142 nefas
2386 2089 2554 2155 ipsum
2600 2099 2713 2136 cum
2755 2091 2967 2135 auctore
3010 2081 3125 2132 facti
3156 2079 3477 2146 parricidalis
3501 2079 3695 2130 diluculo

2205 2183 2468 2232 inventum
2496 2187 2594 2229 est.
2621 2176 2744 2227 Nam
2765 2173 2879 2240 quis
2903 2173 2967 2223 ab
2987 2173 3262 2223 hominum
3291 2179 3392 2220 tam
3424 2169 3586 2234 procul
3605 2183 3696 2219 sen-

2206 2286 2294 2335 su,
2327 2270 2443 2337 quis
2487 2270 2557 2318 ita
2596 2265 2804 2333 gemino
2834 2265 3016 2313 obtutu
3045 2259 3377 2318 eluminatus,
3427 2257 3509 2325 qui
3549 2254 3700 2308 exmi-

2205 2358 2330 2411 mati
2357 2355 2610 2409 cadavere
2636 2354 2888 2420 inspecto.
2919 2365 3020 2402 non
3060 2348 3231 2400 statim
3276 2349 3421 2410 signa
3447 2347 3559 2413 vita:
3585 2343 3701 2396 colli-

2206 2452 2349 2511 geret
2385 2442 2631 2497 extortae?
2678 2441 2881 2494 Etenim
2933 2437 3166 2504 protinus
3225 2444 3528 2503 argumento
3586 2434 3701 2486 fuere

2209 2533 2360 2587 livida
2395 2532 2551 2597 cutis,
2576 2531 2710 2583 oculi
2742 2529 3170 2595 protuberantes,
3213 2538 3268 2580 et
3297 2529 3348 2578 in
3377 2526 3554 2578 obruto
3589 2524 3699 2575 vultu

2209 2639 2310 2676 non
2344 2623 2540 2674 minora
2577 2623 2665 2673 irae
2697 2619 2928 2687 vestigia,
2976 2633 3127 2684 quam
3155 2616 3375 2670 doloris.
3420 2616 3609 2669 Iuventa
3645 2623 3702 2666 est

2217 2712 2424 2779 quidem
2453 2719 2586 2762 terra
2615 2709 2731 2761 tabo
2761 2707 3044 2760 madefacta
3071 2705 3310 2767 deciduo,
3341 2705 3456 2772 quia
3481 2712 3586 2771 post
3610 2700 3704 2755 laci-

2214 2815 2309 2852 uus
2341 2799 2437 2864 ipsi
2481 2799 2708 2849 latrones
2737 2797 2798 2847 ad
2832 2797 3178 2863 pavimentum
3209 2808 3460 2848 conversa
3503 2790 3696 2846 defuncti

2213 2905 2304 2943 era
2363 2894 2742 2952 pronaverant.
2798 2895 3040 2953 tanquam
3086 2883 3353 2952 sanguinis
3397 2898 3511 2936 eum
3555 2893 3703 2946 supcr-

2214 2987 2440 3030 a>stuans
2483 2977 2650 3028 [luxus
2675 2973 3013 3028 exinanisset.
3049 2972 3149 3026 Sed
3181 2973 3417 3040 protinus
3452 2980 3616 3040 capto.
3640 2969 3706 3034 qui

2214 3067 2377 3119 fuerat
2408 3066 2569 3132 ipsius
2590 3062 2825 3116 factionis
2855 3063 3038 3123 fontes,
3067 3063 3322 3125 incentor,
3355 3060 3701 3133 antesignanus.

2212 3153 2520 3220 creterisque
2548 3151 2885 3218 complicibus
2926 3149 3212 3215 oppressis,
3258 3160 3585 3207 seorsumque
3625 3145 3703 3197 dis-

2211 3242 2396 3304 cussis,
2427 3241 2659 3292 criminis
2691 3242 2957 3291 veritatem
2984 3237 3048 3289 de
3078 3235 3377 3302 pecto'ibus
3421 3231 3586 3285 invitis
3609 3239 3696 3280 ter-

2218 3336 2507 3377 ntentorum
2539 3334 2704 3376 terror
2725 3322 2961 3375 extraxit.
2988 3325 3155 3388 Atque
3175 3322 3373 3372 utinam
3405 3318 3536 3381 hunc
3561 3317 3703 3372 ﬁnem.

2219 3413 2339 3463 dum
2388 3412 2676 3463 inconsulte
2708 3409 2833 3461 fides
2862 3422 2992 3459 vana
3022 3407 3302 3470 consultat,
3333 3419 3434 3458 non
3480 3402 3703 3458 mendam

2222 3500 2481 3566 excipere.
2511 3496 2639 3550 Nam
2665 3497 2882 3564 quisque
2920 3493 3308 3560 prasumpserit
3355 3490 3625 3550 interdicta,
3648 3499 3703 3537 se

2224 3637 2515 3702 Oppositum
2546 3641 2718 3695 vocat,
2748 3630 2916 3702 quifit
2942 3630 2991 3679 in
3023 3628 3168 3702 signo
3195 3625 3330 3702 quod
3361 3632 3440 3676 est
3466 3622 3703 3702 septimum

2223 3693 2480 3773 a'primo;
2521 3693 3090 3776 rplywvev-triquet‘rttm
3119 3696 3405 3776 inquisito;
3443 3693 3706 3776 rrrpéymsv

2223 3763 2526 3841 quadratum
2552 3763 2560 3776 ’
2587 3763 2635 3822 iit
2686 3763 2907 3841 quarta;
3110 3766 3342 3841 ἐξά-χωνον
3366 3831 3378 3841 _
3409 3763 3622 3841 sextiletu
3664 3763 3706 3841 iu

2225 3831 2406 3902 t't-rtio,
2438 3854 2553 3898 quae
2596 3831 2731 3891 nulla
2763 3831 3335 3903 ejusmodi—radiaiimte
3361 3831 3637 3898 junguntur,
3658 3839 3702 3903 ea

2184 3941 2189 3946 -
2222 3892 2417 3964 Graecis
2430 3892 2653 3964 £61m”:
2669 3913 2748 3961 καὶ
2763 3892 3009 3960 ἀξύνδιτα
3022 3904 3278 3955 dicuntur.
3294 3892 3406 3955 Jain
3422 3892 3708 3960 οόηιη,οωξὶ

717 3978 935 4025 invidere
957 3981 1075 4026 meis
1098 3981 1231 4026 annis
1265 3978 1479 4028 crudelia
1509 3977 1618 4036 fata,

779 4040 889 4085 Fata
908 4040 1076 4098 quibus
1100 4051 1312 4101 ncqucas
1335 4041 1612 4101 Opposuisse
1643 4048 1824 4090 manus,

605 4179 820 4231 Posscnt
859 4181 1012 4229 etiam
1062 4180 1123 4229 ad
1170 4179 1510 4241 anadiplosim
1554 4180 1763 4242 referri,
1795 4193 1926 4244 quos
1966 4191 2122 4243 supra

604 4248 931 4298 ecl-oieurunt
962 4248 1072 4295 loco
1107 4248 1425 4309 protulimus.

678 4323 701 4347 ἰ
728 4316 855 4363 Male
883 4324 1029 4363 antea
1060 4321 1104 4362 et
1137 4312 1215 4360 hic
1245 4312 1566 4363 additionem.
1604 4309 1993 4362 Emendationis
2018 4311 2122 4375 jam

611 4378 1100 4430 commonefecimus
1144 4379 1194 4429 in
1239 4380 1372 4430 notis
1412 4378 1475 4429 ad
1534 4379 1841 4430 Eunodium.
1894 4378 2123 4429 Etliicam

607 4447 906 4516 dictionem,
933 4449 1087 4516 septas
1117 4447 1277 4516 λόγον,
1309 4446 1542 4500 rhetores
1572 4454 1755 4497 vocant
1782 4449 1864 4498 τὸν
1893 4445 2123 4516 ἑπόμενον
2153 4421 2198 4479 D

609 4517 793 4580 ἑκάστῳ
823 4514 943 4569 ἤθει.
988 4513 1227 4566 Sidonitts
1258 4529 1510 4578 persf'llil‘,
1539 4516 1681 4575 loco,
1734 4513 1951 4579 tempori
1996 4527 2122 4563 ceu-

611 4593 901 4642 truentem.
929 4583 1121 4634 Mutata
1152 4586 1314 4634 oratio
1345 4586 1529 4634 dicitur
1556 4598 1582 4633 a
1610 4583 1822 4644 Latinis,
1845 4580 1980 4646 quod
2012 4596 2120 4631 nio-

611 4665 694 4701 res
724 4650 990 4713 exprimat.
1023 4650 1135 4713 Quo
1163 4651 1209 4701 iu
1239 4666 1432 4715 genere
1455 4689 1469 4712 ,
1511 4651 1755 4702 Varronis
1781 4650 1975 4712 juiliciu
1998 4688 2011 4709 ,
2047 4648 2122 4698 in-

614 4729 689 4768 ter
737 4722 961 4769 renuens
1004 4721 1242 4771 excelluit
1291 4719 1580 4772 Terentius.
1611 4720 1696 4771 Sic
1745 4721 1880 4770 enim
1930 4717 1995 4769 de
2040 4717 2126 4767 illo

613 4787 790 4837 scribit
818 4786 950 4852 apud
989 4787 1204 4837 Nonium
1247 4802 1259 4836 :
1301 4785 1362 4836 In
1396 4789 1692 4853 argumentis
1722 4785 1946 4838 Cazcilins
1975 4785 2128 4850 pascit

614 4855 849 4918 palmam,
888 4857 935 4904 in
961 4856 1143 4906 ethesin
1174 4854 1447 4914 Terentius,
1478 4856 1528 4905 in
1552 4856 1848 4907 sermonibus
1881 4854 2127 4915 Plautus;

611 4936 661 4974 et
693 4926 824 4974 inter
854 4925 1069 4988 pictores
1101 4923 1351 4974 Aristides
1372 4962 1384 4980 .
1412 4923 1475 4972 de
1504 4939 1605 4984 quo
1632 4923 1822 4975 Plinius
1850 4924 1935 4974 lib.
1968 4937 2124 4980 xxxv,

612 5006 724 5055 cap.
759 4992 820 5042 10
841 5010 850 5041 :
875 4990 1123 5060 .Equa'is,
1152 4991 1328 5056 inquit,
1365 4990 1548 5060 Apellis
1585 4991 1819 5042 Aristides
1845 4991 2122 5042 Thebanus.

617 5060 666 5109 Is
711 5062 920 5109 omnium
957 5059 1150 5124 primus
1188 5059 1405 5107 animum
1434 5059 1618 5124 pinxit,
1653 5069 1696 5109 et
1726 5077 1894 5124 sensus
1923 5074 2123 5119 omnes,

614 5143 732 5189 quos
754 5139 919 5177 vocant
942 5119 1099 5178 σινωεὶ
1120 5127 1225 5177 ethe
1242 5141 1258 5175 :
1275 5128 1385 5175 item
1405 5119 1804 5193 perturbationes.
1821 5119 1940 5180 lli-ec
1956 5127 2123 5179 ctltica

620 5199 806 5256 pictura
854 5198 947 5247 tllCl
999 5203 1189 5259 posset.
1238 5194 1448 5245 Etlticas
1494 5210 1696 5261 quoque
1739 5197 2122 5250 controversias

617 5264 742 5313 dixit
771 5265 959 5314 Seneca
989 5273 1134 5326 pater
1160 5262 1245 5312 lib.
1277 5277 1330 5321 ll,
1361 5272 1599 5314 eimtruv.
1630 5264 1683 5314 ‘2.

685 5328 707 5362 ι’
733 5332 994 5398 Λγειτοτυηι
1027 5339 1263 5392 aspectus
1313 5329 1628 5398 mentiuntur
1673 5332 1915 5398 astrologi
1945 5345 2006 5382 ex
2041 5330 2121 5381 in-

619 5397 830 5444 tervallo
866 5410 955 5447 seu
992 5397 1308 5460 diastemate
1334 5396 1559 5460 ipsorum
1582 5399 1723 5451 inter
1756 5415 1830 5452 se.
1863 5396 2124 5469 Διάμετρον

2225 3981 2460 4031 cardines
2497 3987 2616 4028 sunt
2649 3985 2898 4047 qtt'ttunr:
2931 3974 3253 4047 ,ὡρησίιὸπρς2
3293 3979 3472 4047 ortus;

2218 4070 2367 4109 νημα,
2393 4047 2632 4099 meridies
2650 4033 2860 4106 issam,
2884 4033 3124 4102 occasus;
3153 4037 3402 4109 ὑπόγειον,
3425 4033 3569 4089 imum
3586 4033 3707 4087 eniti:

2226 4107 2539 4179 qttzeomttia
2571 4112 2870 4177 perstringit
2908 4109 3147 4161 Sidonius
3167 4147 3188 4180 _,
3236 4107 3327 4180 sed
3357 4116 3580 4159 eeiitrurn
3607 4117 3706 4180 prn-

2226 4175 2333 4245 puie
2379 4175 2609 4250 nominat
2637 4182 2690 4232 τὸ
2715 4175 3055 4250 μεσουρὰνισν,
3094 4178 3212 4242 quia
3257 4175 3304 4226 is
3347 4175 3706 4240 caputetprin-

2226 4266 2349 4307 cens
2377 4249 2666 4298 cardinum.

2298 4304 2318 4351 ε
2362 4316 2634 4381 Pr0pterea
2663 4312 2848 4363 divinis
2878 4319 2928 4363 et
2959 4309 3196 4381 humanis
3223 4307 3426 4376 legibus
3456 4304 3598 4381 vetita
3621 4318 3709 4381 ata-

2227 4382 2451 4450 theseos,
2465 4369 2836 4450 'utvanissimze
2858 4377 3229 4450 occupationis,
3253 4369 3521 4450 τῖςριιργίς.
3537 4369 3704 4450 τετιυίο

2229 4449 2399 4502 liztnus
2421 4449 2485 4500 de
2526 4446 2812 4499 idololatria
2840 4463 2850 4496 :
2881 4443 3026 4496 Nihil
3047 4445 3172 4506 scis,
3215 4443 3622 4499 mathematicasi
3644 4451 3710 4487 ar-

2221 4517 2404 4568 sciebas
2436 4527 2478 4565 te
2509 4516 2730 4580 futurum
2759 4512 3112 4564 Christianum.
3152 4511 3246 4566 Sin
3263 4513 3474 4573 sciebas,
3511 4509 3711 4580 Ιιοεςξοο

2223 4600 2316 4649 que
2341 4587 2464 4633 scire
2489 4577 2744 4646 debueras,
2789 4581 2916 4632 nihil
2941 4582 3024 4632 tibi
3061 4585 3275 4649 futurum
3304 4596 3417 4631 cum
3439 4581 3529 4632 ista
3558 4577 3710 4649 profa-

2225 4645 2380 4702 sione.
2428 4649 2546 4716 Ipsa
2577 4662 2618 4700 te
2663 4652 2722 4700 de
2747 4651 2963 4720 perieu’o
2982 4645 3070 4702 suo
3097 4649 3378 4720 instrueret,
3404 4662 3508 4714 qua
3531 4645 3708 4720 clior!!!

2224 4723 2547 4771 climacterica
2579 4718 2822 4780 prrrcavit.
2859 4717 2977 4769 Non
3016 4725 3086 4768 est
3110 4718 3195 4769 tibi
3218 4733 3356 4784 pars,
3387 4731 3537 4784 aequ
3556 4717 3707 4784 tanta

2225 4791 2318 4838 ista
2347 4789 2536 4838 ratione
2564 4802 2580 4836 :
2611 4802 2706 4837 non
2737 4797 2888 4850 potest
2917 4802 3065 4853 regna
3095 4783 3328 4838 calorum
3359 4783 3572 4852 sperare,
3595 4783 3709 4849 cui"

2230 4857 2412 4923 digitus
2445 4865 2525 4906 nut
2550 4856 2718 4923 radius
2740 4855 2952 4904 abutitur
2980 4853 3115 4905 ca‘lo.

2297 4915 2322 4959 δ
2361 4923 2616 4975 Juliunum
2650 4922 2916 4973 Vertacum
2945 4923 3075 4973 inter
3100 4922 3489 4975 mathematicos
3513 4915 3709 4974 nomina!

2231 4994 2280 5043 iu
2309 4993 2523 5057 epistola
2555 4990 2615 5041 ad
2644 4990 2924 5042 Polentium
2956 4991 3184 5042 carmine
3205 4989 3304 5053 ‘22;
3334 4984 3707 5058 item_qtte_l"allo-

2227 5055 2364 5110 nium
2407 5061 2757 5113 Saturninum.
2794 5059 2863 5110 De
2909 5058 3213 5113 Tltrasvbuli
3254 5067 3406 5112 tetate
3432 5055 3598 5110 docuit
3634 5061 3708 5103 uos

2232 5128 2551 5193 Lampridius
2591 5127 2638 5177 iu
2672 5126 2982 5178 Alexandro.
3027 5122 3383 5194 Thrasybulus,
3427 5122 3708 5194 inquit!!-

2224 5189 2512 5247 tltentnlicus
2540 5194 2615 5244 illi
2644 5194 2967 5247 nnticissimus
2999 5196 3089 5262 fuit
3130 5211 3151 5248 :
3188 5189 3275 5259 qui
3301 5210 3410 5245 cum
3437 5193 3483 5245 ei
3502 5189 3706 5262 dixin!“

2225 5267 2556 5314 necessitatem
2584 5279 2686 5314 esse
2712 5274 2761 5313 ut
2783 5263 2949 5329 gladio
2975 5252 3227 5315 b'arbarfco
3257 5262 3453 5329 periret,
3474 5252 3706 5329 primofl-

2227 5343 2353 5381 tatus
2384 5341 2473 5391 est,
2517 5330 2648 5397 quod
2672 5323 2994 5383 sibiinortem
3036 5323 3268 5385 bellicam"
3295 5340 3340 5384 et
3383 5323 3704 5398 ἱπιρεναοήσπ

2226 5401 2439 5450 rrederet
2466 5399 2716 5450 imminere
2729 5436 2742 5460 ,
2771 5410 2873 5450 etc.

686 5487 698 5515 ι
730 5485 804 5535 Ad
837 5486 969 5540 hunc
1003 5489 1168 5543 locum
1208 5485 1394 5539 videsis
1423 5484 1732 5543 Cotelcriunt
1761 5491 1824 5543 ad
1856 5488 2365 5555 Recognit.Clemeiit.
2392 5488 2478 5540 lib.
2513 5502 2566 5550 x,
2598 5499 2709 5554 cap.
2745 5486 2830 5551 ll,
2859 5495 2965 5538 not.
2996 5485 3048 5540 '5.

3604 200 3685 254 eos
3764 178 3765 210 ’
