3812 6226
496 329 589 385 (ill

483 540 630 590 iuetsi
660 539 861 593 ca-teris
889 539 990 592 eris
1016 538 1067 592 In
1099 540 1196 593 hoc
1221 554 1413 609 genere
1442 543 1702 612 pugnandi
1737 543 2014 619 dimicatu-

481 641 586 689 rus,
617 628 659 680 si
685 629 808 695 quid
839 643 953 682 meo
976 629 1170 696 judicio
1206 645 1390 686 censes
1417 633 1850 701 acquiesceadum
1899 635 2014 703 (ne-

479 729 578 780 que
603 716 736 768 enim
781 716 1025 783 injustam
1066 727 1147 771 est
1183 720 1401 774 credere
1425 720 1686 790 experto),
1713 731 2011 777 senatorem

480 810 733 870 nostrum,
779 804 1032 871 hospitem
1064 820 1256 870 meum,
1285 808 1546 862 contlictui
1589 808 1709 862 huic
1734 808 1891 862 facies
1917 825 2010 863 ex-

478 902 668 947 sortem
697 910 713 947 :
741 893 887 962 cujus
914 895 957 948 si
1004 896 1245 949 convivio
1277 905 1515 965 tectoque
1541 898 1811 962 succedas,
1850 896 2011 965 dapes

478 979 825 1046 Cleopatricas
850 991 906 1036 et
928 992 952 1017 ι
981 983 1092 1036 loca
1117 983 1271 1036 lautia
1308 994 1477 1051 putet.
1504 984 1630 1038 Nam
1659 985 1896 1051 quamvis
1921 999 2012 1038 su-

477 1083 570 1138 per
598 1072 694 1125 hoc
717 1073 887 1126 studio
911 1082 1013 1126 tam
1042 1075 1152 1140 ipse
1179 1089 1332 1139 quam
1369 1075 1532 1140 patria
1560 1075 1860 1143 confligant,
1886 1074 2008 1128 olim

475 1157 576 1212 lata
599 1163 853 1215 sententia
879 1172 979 1227 est,
1025 1162 1163 1230 quod
1208 1162 1296 1216 ille
1319 1173 1547 1216 transeat
1583 1173 1802 1219 czeteros
1829 1165 1968 1219 cives
1991 1203 2007 1228 ,

475 1249 593 1303 licet
615 1261 666 1304 et
695 1251 782 1305 illa
811 1260 1028 1305 crateras
1055 1253 1314 1306 civitates.
1344 1251 1492 1305 Vale.

995 1363 1317 1417 EPISTOLA
1355 1363 1489 1419 XIII.

597 1473 839 1527 Sidonius
869 1475 1068 1528 domino
1095 1491 1239 1543 papa
1261 1475 1289 1515 δ
1326 1477 1613 1533 Nomm-hi0
1651 1479 1878 1535 salutem.

543 1585 699 1640 Multa
729 1586 779 1636 in
812 1594 860 1637 te
880 1600 1067 1654 genera
1101 1589 1367 1655 virtutum,
1397 1605 1527 1659 papa
1553 1593 1870 1660 beatissime,
1893 1610 2006 1649 mu-

476 1690 602 1730 nere
646 1690 871 1738 sttnerno
912 1691 1153 1745 congesta
1183 1679 1486 1746 gaudemus.
1541 1680 1805 1749 Si'luidcm
1848 1698 2030 1751 agere-

1697 343 1940 404 SIDONII
1975 344 2419 408 APOLLINARIS

483 455 821 511 locustarum.
867 451 1021 505 cedat
1077 450 1254 505 vilium
1292 453 1442 507 turba
1465 462 1796 511 cancrorum.
1840 457 1921 510 τυ
1950 468 2026 512 ta-
2056 461 2108 518 Δ

3563 363 3678 418 ﬁli

2647 465 2968 523 EPISTOLA
3006 469 3138 524 XIV.

2256 569 2497 624 Sidonius
2536 573 2740 627 domino
2769 593 2916 644 papae
2950 588 2972 615 ο
3006 577 3264 650 Principio
3292 581 3529 635 salutem.

2183 700 2387 754 Jamdiu
2439 702 2616 767 nobis,
2673 719 2803 772 papa
2848 708 3188 771 venerabilis,
3230 718 3282 764 et
3329 712 3374 764 si
3437 710 3672 765 necdum

2116 799 2292 844 vester
2315 790 2492 844 vultus
2531 803 2801 860 aspectus,
2831 804 3002 867 tamen
3050 806 3197 852 actus
3248 800 3522 867 inspectus
3559 810 3667 852 est.

2115 877 2350 946 Namque
2385 887 2687 932 sanctorum
2726 881 2912 935 diffusa
2957 883 3071 938 laus
3116 886 3421 940 meritorum
3469 887 3669 954 stringi

2114 966 2296 1034 spatiis
2323 982 2424 1020 non
2470 976 2554 1021 est
2602 978 2849 1023 contenta
2900 962 3161 1027 finalibus.
3208 974 3341 1029 Hinc
3390 983 3473 1029 est
3523 976 3668 1042 quod

2111 1054 2229 1122 quia
2253 1054 2402 1108 bene
2431 1054 2766 1108 conscientia:
2793 1051 2976 1111 modus
3000 1073 3102 1113 non
3127 1062 3356 1129 ponitur,
3381 1076 3480 1115 nec
3509 1061 3668 1114 bona:

2110 1132 2344 1207 opinioni
2393 1146 2646 1196 terminus
2675 1143 2957 1198 invenitur.
2999 1146 3124 1210 Quae
3152 1150 3333 1218 loquor
3372 1150 3505 1206 falsa
3536 1165 3669 1205 cen-

2109 1240 2250 1297 sete,
2300 1234 2401 1306 nisi
2457 1233 2766 1301 professioni
2815 1250 2946 1299 mea:
2996 1249 3298 1305 competens
3348 1242 3668 1310 astipulator-

2106 1321 2407 1385 accesserit,
2439 1322 2563 1375 satis
2605 1321 2656 1374 in
2706 1322 2794 1376 illo
2820 1324 3076 1389 quondam
3103 1329 3343 1382 emnobio
3383 1330 3655 1384 Lirinensi

2106 1412 2390 1480 spectabile
2417 1421 2587 1481 caput,
2613 1411 2872 1490 Luporum
2893 1415 3167 1488 concellita
3184 1417 3661 1486 Maximorumque.

2106 1510 2161 1554 et
2189 1501 2521 1569 parcimoniat
2547 1503 2765 1556 saltibus
2790 1504 3038 1572 censeqtii
3068 1504 3319 1558 affectans
3359 1507 3572 1576 Mempb
3597 1511 3664 1563 ti-

2105 1603 2196 1642 cos
2222 1598 2276 1642 et
2318 1589 2622 1644 Palaestinos
2652 1591 3112 1647 archimandritas.
3167 1592 3212 1645 Is
3242 1594 3522 1662 episcopus
3557 1599 3664 1649 An-

2108 1676 2284 1730 tiolius
2315 1696 2330 1733 :
2356 1680 2506 1745 cujus
2534 1683 2730 1744 relatu,
2758 1681 2848 1748 qui
2881 1693 3024 1748 pater
3045 1683 3211 1746 vobis,
3235 1683 3427 1750 quique
3447 1682 3665 1750 quales-

474 1762 704 1817 narraris
728 1764 840 1818 sine
868 1766 1106 1832 superbia
1139 1768 1385 1831 nobilem,
1425 1769 1538 1820 sine
1588 1770 1778 1824 invidia
1819 1781 1991 1838 poten-

2106 1778 2208 1832 que
2240 1777 2332 1816 vos
2357 1763 2566 1830 fratres,
2597 1781 2696 1834 qua
2727 1782 2930 1821 morum
2966 1769 3304 1836 pratrogativa
3349 1772 3662 1837 pontificatu

472 1863 601 1920 tem,
627 1855 740 1907 sine
759 1854 1127 1920 superstitione
1156 1856 1469 1922 religiosum,
1496 1855 1608 1910 sine
1640 1859 1887 1925 jactantia
1910 1861 2001 1912 lit-

470 1950 723 2004 teratum,
753 1942 866 1995 sine
896 1941 1082 2010 ineptia
1121 1958 1359 2012 gravem,
1391 1945 1507 1997 sine
1535 1946 1706 1998 studio
1746 1946 1968 2000 facetum
1989 1974 2016 2012 ,-

469 2031 584 2084 sine
610 2031 888 2099 asperitate
930 2041 1277 2096 constantem,
1321 2032 1475 2103 242
1512 2034 1626 2089 sine
1666 2036 2007 2104 popularitate

467 2136 817 2175 communem.
846 2121 1100 2177 Praeterea
1125 2123 1204 2176 his
1232 2123 1329 2178 hoc
1352 2125 1834 2190 praestantissimum
1858 2127 2007 2181 bonis

470 2210 607 2263 fama
634 2219 1022 2280 superaggerat,
1054 2211 1190 2281 quod
1205 2204 1265 2267 te
1293 2215 1477 2268 asserit
1524 2215 1679 2267 hasce
1705 2226 1776 2268 tot
1807 2219 2002 2280 gratias

466 2301 868 2369 fastigatissimae
915 2303 1145 2357 caritatis
1193 2317 1312 2358 arce
1366 2306 1751 2360 transcendere.
1812 2306 2000 2370 Fama,

465 2391 692 2457 inquam,
726 2404 840 2458 qua:
866 2389 930 2444 de
959 2391 1195 2446 laudibus
1216 2392 1316 2445 tuis
1342 2408 1462 2446 cum
1493 2404 1641 2448 canat
1685 2395 1865 2455 multa,
1891 2397 2004 2462 plus

463 2480 664 2534 reticet.
725 2481 853 2533 Nam
897 2482 1101 2550 longius
1144 2484 1441 2535 coiastitutis
1487 2485 1745 2537 actionum
1800 2491 2000 2535 tuarum

463 2574 780 2638 pr0positum
815 2583 979 2638 potest
1007 2575 1291 2642 assignare,
1318 2589 1420 2627 non
1444 2590 1738 2628 numerum.
1764 2558 1993 2640 Quarum

463 2660 718 2713 relatione
752 2675 1060 2724 succensus,
1116 2664 1252 2716 ultro
1282 2665 1477 2730 primus
1507 2675 1561 2716 ut
1602 2666 1752 2734 longe
1791 2666 2002 2720 inferio-

463 2761 574 2812 rem
596 2746 764 2810 decet,
805 2747 868 2800 ad
895 2749 1142 2802 solvenda
1171 2751 1340 2806 officia
1376 2766 1664 2818 procurro;
1702 2767 1797 2809 nec
1816 2770 2003 2810 vereor

461 2834 776 2900 garrulitatis
808 2837 1084 2905 aliquando
1111 2841 1287 2906 argui,
1319 2841 1404 2909 qui
1451 2842 1594 2908 potui
1631 2840 2000 2897 taciturnitatis

461 2925 728 2993 hucusque
771 2929 991 2994 culpari.
1035 2928 1357 2985 Commendo
1413 2933 1714 2988 Promotum
1760 2936 1994 3003 gerulum

462 3013 784 3076 litterarum,
816 3016 960 3069 nobis
994 3019 1206 3087 quidem
1244 3021 1351 3087 jam
1397 3032 1517 3076 ante
1563 3023 1855 3093 cognitum,
1905 3010 1994 3080 sed

2108 1852 2335 1906 maxime
2361 1854 2516 1907 ambo
2541 1855 2844 1924 fungamini,
2889 1861 3140 1913 sollicitus
3175 1875 3497 1929 cognoscere
3549 1872 3666 1916 stu-

2105 1941 2215 2004 dtti,
2266 1949 2320 1994 et
2369 1942 2602 2008 gaudens
2642 1947 2951 2012 cognovisse
2998 1964 3082 2003 me
3127 1949 3363 2004 memini.
3395 1951 3492 2005 Cui
3525 1956 3664 2018 patri

2103 2029 2368 2096 quondam
2394 2030 2640 2086 videlicet
2687 2047 2779 2086 vos
2830 2035 3062 2099 habenti,
3111 2039 3193 2089 vix
3235 2038 3426 2092 domus
3473 2042 3663 2096 Aaron

2106 2117 2365 2184 pontificis
2403 2119 2604 2188 antiqui
2645 2121 2832 2174 merito
2873 2135 3263 2190 compararetur
3291 2143 3304 2177 :
3337 2142 3490 2195 quem
3537 2131 3664 2185 licet

2105 2208 2327 2274 primum
2359 2208 2409 2261 in
2440 2209 2613 2262 medio
2660 2209 2826 2278 plebis
2871 2212 3176 2276 eremitidis,
3221 2218 3662 2274 sanctificationis

2103 2301 2219 2354 oleo
2259 2302 2456 2370 legiferi
2488 2302 2660 2357 fratris
2687 2305 2873 2358 dextra
2918 2306 3222 2371 pet-fuderit,
3273 2311 3407 2365 filios
3433 2312 3556 2380 ejus
3609 2315 3661 2366 in

2101 2393 2289 2446 similis
2317 2393 2476 2450 officii
2504 2397 2680 2448 munia
2700 2411 2889 2450 vocans
2909 2407 3110 2461 ;tamen
3139 2401 3298 2468 ipsius
3323 2417 3481 2469 super
3519 2406 3663 2458 liba-

2103 2500 2214 2537 mar
2239 2495 2292 2538 ct
2319 2485 2566 2541 Eleazaro
2592 2487 2906 2553 felicitatem,
2941 2490 3116 2544 Nadab
3145 2502 3196 2545 et
3239 2495 3388 2547 Abitb
3415 2495 3660 2550 fulmini-

2102 2574 2199 2627 bus
2225 2573 2380 2644 2M
2415 2574 2574 2629 afﬂati
2617 2577 2981 2632 decoloravere
3029 2595 3043 2632 :
3092 2595 3311 2648 quorum
3358 2588 3659 2653 quamlibet

2101 2662 2529 2730 interemptorum
2604 2670 2878 2721 credamus
2955 2671 3301 2727 absolvendas
3372 2676 3586 2731 animas
3639 2723 3654 2746 ,

2100 2754 2306 2820 punitas
2360 2765 2533 2808 tamen
2601 2757 2792 2810 scimus
2842 2773 2956 2812 esse
3009 2774 3281 2827 personas.
3348 2763 3454 2816 Vos
3515 2781 3654 2821 vero

2100 2844 2286 2895 tacturi
2324 2844 2560 2912 paginam
2605 2845 2823 2910 altaris,
2873 2847 3038 2911 nihil,
3092 2860 3147 2902 ut
3196 2851 3349 2904 audio
3395 2895 3412 2918 ,
3442 2853 3654 2909 ofl‘ertis

2099 2932 2234 2998 ignis
2285 2932 2438 2985 alieni
2489 2951 2502 2986 :
2561 2934 2650 2986 sed
2703 2936 3074 2991 comitantibus
3130 2940 3356 2992 vietimis
3402 2943 3649 2996 caritatis

2098 3026 2457 3094 castitatisque
2493 3067 2505 3088 ,
2552 3023 3018 3092 fragrantissimum
3072 3029 3342 3084 incensum
3396 3032 3652 3086 turilm'is

464 3106 698 3150 nostrum
728 3093 890 3168 nuper
925 3103 1162 3160 effectura
1207 3113 1397 3164 vestris
1438 3112 1759 3168 orationibus
1803 3116 1998 3170 contri-
2024 3123 2067 3184 (ζ
2098 3115 2270 3167 cordis
2298 3093 2533 3168 adoletis.
2564 3113 2641 3167 Ad
2665 3116 2762 3169 hoc
2791 3117 2994 3183 quoties
3033 3117 3216 3186 jugtnn
3265 3119 3393 3187 legis
3419 3123 3651 3177 cervici-

463 3188 637 3274 bulent
669 3206 683 3241 :
718 3190 804 3257 qui
828 3206 942 3244 cum
978 3195 1044 3247 sit
1086 3207 1236 3263 gente
1265 3199 1494 3265 Iudaeus,
1526 3202 1625 3256 fide
1655 3216 1822 3258 tamen
1853 3221 1988 3274 prte-

463 3271 619 3347 elegit
642 3284 837 3334 censeri
873 3281 1095 3338 Israelita
1127 3303 1276 3354 quam
1308 3291 1586 3358 sanguine;
1615 3302 1670 3345 et
1707 3295 1989 3361 municipa-

463 3381 572 3425 tum
599 3375 824 3427 coelestis
853 3375 987 3430 illius
1020 3378 1240 3432 civitatis
1267 3381 1532 3448 affectans,
1565 3385 1989 3450 occidentemque

462 3464 682 3516 litteram
738 3465 922 3531 spiritu
967 3468 1255 3522 vivificante
1301 3469 1587 3536 fastidiens,
1639 3476 1842 3538 pariter
1871 3475 1988 3527 hinc

458 3554 607 3632 iustis
639 3557 841 3619 prmmia
873 3558 1131 3622 proposita
1159 3559 1532 3626 contemplans,
1559 3560 1698 3621 hinc.
1730 3563 1828 3615 nisi
1861 3563 1990 3615 fat-e-

458 3651 539 3696 ret
560 3643 622 3693 ad
648 3642 908 3695 Christum
951 3643 1016 3694 de
1041 3644 1438 3698 circumcisione
1464 3647 1823 3716 transfugium,
1853 3665 1986 3715 prm-

458 3729 638 3783 videns
678 3743 794 3782 sese
832 3744 922 3797 per
950 3739 1142 3785 aeterna
1183 3735 1372 3785 saecula
1404 3735 1683 3803 aequiterna
1736 3739 1986 3804 supplicia

458 3833 774 3887 passurum:
818 3822 1032 3888 patriam
1079 3821 1178 3876 sibi
1225 3824 1407 3877 maluit
1458 3825 1772 3881 Hierusalem
1822 3833 1988 3896 potius

455 3922 605 3974 quam
651 3908 1054 3978 Hierosolymam
1088 3912 1395 3979 computari.
1431 3913 1621 3981 Quibus
1658 3918 1864 3986 agnitis,
1890 3920 1985 3972 ad-

452 3999 996 4053 ventantemtAbrahm
1044 4016 1182 4055 nunc
1239 4003 1398 4058 filium
1429 4006 1685 4061 veriorem
1736 4009 1984 4064 maternis

451 4085 588 4139 ulnis
625 4087 870 4155 spiritalis
902 4089 1028 4141 Sara
1055 4091 1319 4155 suscipiat.
1352 4093 1585 4162 Namque
1627 4095 1690 4149 ad
1731 4096 1865 4164 Agar
1893 4113 1986 4150 an-

449 4178 622 4231 cillam
652 4180 910 4243 pertinere
939 4185 1060 4230 tunc
1097 4177 1271 4244 desiit,
1314 4197 1431 4233 cum
1461 4183 1610 4249 legali
1641 4185 1985 4240 observantia:

450 4267 749 4316 servitutem
773 4267 953 4331 gratiae
980 4267 1218 4318 libertate
1253 4272 1485 4322 mutavit.
1519 4272 1592 4324 De
1616 4282 1833 4337 caetero,
1869 4290 1986 4340 quae

453 4351 553 4414 ipsi
582 4351 730 4402 fuerit
757 4351 855 4402 isto
879 4365 1031 4402 causa
1063 4353 1321 4414 veniendi,
1355 4366 1706 4418 praesentaneo
1733 4363 1983 4416 conduci-

2089 3201 2186 3255 hus
2212 3202 2618 3271 superbientinm
2647 3218 2738 3271 per
2764 3205 2966 3259 vincula
3015 3207 3400 3273 praedicationis
3443 3212 3651 3265 astrin-

2087 3292 2226 3357 gitis,
2253 3301 2375 3344 tunc
2398 3292 2501 3346 Deo
2528 3302 2706 3348 tauros
2734 3296 3078 3359 spiritualiter
3128 3296 3428 3368 immolatis.
3494 3301 3646 3364 Quo-

2091 3377 2184 3428 ties
2207 3391 2348 3429 cons.
2368 3379 2540 3431 ientite
2576 3380 2884 3432 luxuriantis
2931 3379 3108 3433 fedore
3139 3383 3386 3448 pollutos,
3415 3384 3479 3436 ad
3512 3399 3647 3438 sua-

2089 3453 2394 3517 teolentiam
2457 3467 2714 3532 pudicitiae
2780 3468 3005 3529 stimulis
3063 3473 3397 3526 correctionis
3445 3474 3647 3538 umet-

2089 3555 2221 3619 litis,
2268 3555 2527 3608 hircorum
2578 3571 2666 3608 vos
2711 3559 2962 3612 obtu'isse
3005 3560 3332 3614 virulentiam
3388 3561 3643 3623 Christus

2087 3643 2184 3694 sibi
2213 3651 2496 3707 computat.
2527 3643 2739 3708 Quoties
2767 3646 3099 3700 hortantibus
3135 3649 3278 3702 vobis
3319 3650 3368 3703 in
3391 3667 3458 3721 qu
3480 3670 3641 3710 icun-

2086 3745 2187 3799 que
2208 3744 2518 3799 compnncto
2544 3735 2720 3796 culpas
2759 3750 2882 3789 suas
2922 3737 3090 3791 anima
3133 3741 3402 3804 poenaliter
3448 3757 3639 3798 recor-

2087 3821 2204 3872 data
2228 3821 2485 3889 suspirat;
2516 3825 2632 3890 quis
2669 3838 2762 3877 vos
2791 3825 3014 3893 ambigat
3045 3827 3183 3893 paria
3214 3837 3509 3898 turturum,
3541 3846 3642 3891 aut

2086 3912 2233 3964 bino;
2256 3915 2424 3978 pullos
2449 3915 2829 3984 columbarum,
2870 3919 2958 3985 qui
2986 3919 3247 3987 duplicem
3275 3920 3637 3978 substantiam

2083 4005 2350 4074 utriusque
2397 3998 2638 4058 hominis
2661 4009 2818 4060 nostri
2859 4016 2962 4061 tam
2996 4025 3214 4063 numero
3239 4026 3392 4079 quam
3421 4016 3636 4082 gemitu

2082 4097 2364 4163 assignant,
2414 4099 2635 4166 mystico
2664 4098 2838 4152 litasse
2867 4101 3157 4154 sacrificio?
3201 4103 3412 4168 Quoties
3443 4116 3636 4159 vestro

2084 4188 2281 4239 monitu
2331 4187 2544 4240 obesum
2590 4189 2883 4256 quicunque
2930 4203 3158 4257 corpus,
3206 4201 3638 4264 manantemque

2086 4276 2271 4343 turgidi
2313 4280 2511 4330 ventris
2558 4281 2807 4346 arvinam,
2857 4281 3043 4334 crebro
3086 4283 3404 4349 jejuniorum
3455 4287 3635 4340 deco-

2087 4364 2321 4428 quendus
2358 4367 2475 4430 igne
2505 4368 2775 4425 torruerit;
2821 4368 2949 4418 nulli
2979 4368 3192 4420 dubium
3232 4381 3313 4422 est
3353 4385 3445 4423 vos
3488 4383 3635 4430 tunc

457 4437 649 4488 bilibus
678 4438 810 4488 idem
841 4437 1028 4504 poterit
1054 4438 1314 4501 explicare
1339 4450 1642 4494 memoratu.
1679 4444 1836 4498 Nobis
1859 4463 1983 4501 vero
2012 4444 2061 4500 D
2086 4450 2308 4502 similam
2338 4451 2519 4503 frisam
2545 4454 2592 4503 in
2620 4456 2838 4519 quadam
2859 4456 3188 4508 continentiae
3208 4459 3465 4526 sartagine
3483 4475 3636 4518 con-

453 4531 662 4590 propter
691 4538 802 4590 quae
834 4538 984 4589 supra
1016 4525 1201 4593 scripsi
1231 4527 1525 4581 carissimus
1562 4530 1813 4585 habetur:
1843 4537 1980 4603 quod

453 4610 606 4680 243
655 4624 716 4662 eo
752 4611 1021 4678 significo,
1075 4616 1192 4681 quia
1243 4615 1286 4666 is
1329 4615 1688 4673 efﬁcacissime
1727 4638 1983 4690 quemque

453 4699 804 4762 commendat,
831 4701 913 4767 qui
947 4717 1114 4755 meras
1133 4703 1484 4770 cansasjnstte
1507 4712 1979 4764 eotumendationis

451 4790 729 4857 aperuerit.
759 4790 953 4843 Memor
979 4791 1140 4845 nostri
1177 4807 1292 4846 esse
1319 4795 1549 4862 dignare,
1591 4799 1798 4854 domine
1827 4820 1976 4870 papa.

510 4947 534 4973 ει
581 4934 878 5018 gicpotius
932 4950 961 4988 a
991 4937 1226 5018 'Sidonio
1276 4941 1523 5018 scriptum
1552 4959 1763 5009 censeo,
1815 4967 1968 5018 quam

450 5005 557 5057 loca
586 5003 749 5076 Latia.
784 5014 949 5076 atque
991 5008 1057 5059 ita
1087 5022 1302 5073 prorsus
1346 5003 1526 5066 habuit
1567 5003 1969 5076 vetustissimum

449 5075 1383 5150 etprobat;ssiut:euotaeexemplar:
1437 5079 1485 5134 in
1532 5097 1629 5150 quo
1679 5094 1848 5140 Iatticn
1893 5075 1970 5143 re;

450 5146 649 5221 centior
671 5158 852 5221 nemus
878 5144 1028 5197 lautia
1061 5144 1110 5197 in
1157 5146 1300 5196 Latia
1331 5144 1567 5202 mutarat.
1618 5154 1746 5207 Loca
1779 5157 1930 5210 lautia
1951 5199 1966 5221 ,

452 5228 570 5294 qtae
591 5212 772 5294 legatis
793 5212 1172 5294 decernisolita
1205 5229 1219 5264 :
1254 5225 1441 5268 tectum
1474 5222 1673 5294 _.~cilicet
1695 5212 1968 5294 epnlmqne

454 5278 715 5364 lautiores.
755 5281 871 5364 lude
889 5282 952 5335 ad
969 5284 1071 5360 alia
1096 5298 1299 5364 quoque
1323 5289 1697 5364 transferebant
1719 5278 1804 5364 {ut
1828 5300 1860 5353 Α
1876 5278 1967 5364 im;

455 5348 578 5427 lctus
599 5350 684 5399 lib.
713 5365 794 5411 ιιι,
825 5348 1097 5427 I_I_ospitium
1114 5348 1235 5427 iui/ti
1257 5353 1430 5427 et}er
1454 5357 1605 5427 lautia
1621 5348 1959 5427 prarbtturtim.

452 5417 908 5494 §ynllllﬂCilllSulIiL
946 5435 1013 5482 tv,
1059 5422 1208 5487 epist.
1260 5419 1344 5482 56,
1379 5423 1533 5476 Musis
1569 5417 1832 5494 in'palutio
1862 5436 1970 5486 loca

453 5484 606 5532 lautia
636 5495 686 5532 tu
707 5486 901 5542 dedisti.

528 5546 552 5583 ι’
585 5549 906 5627 ῌιιιιςειιίυῆ,
949 5559 1231 5627 Νωνέχιος.
1269 5562 1585 5612 ΘῐηιῖηιΙθιὶιιξ
1633 5566 1870 5620 St'rtbilur
1918 5573 1967 5623 in

455 5618 671 5668 concilio
701 5621 960 5688 Venetico.
1005 5618 1451 5693 cui'subseripdt,
1501 5632 1609 5688 Fuit
1636 5618 1764 5689 alter
1786 5618 1966 5706 postea

2083 4545 2392 4590 secraturos.
2421 4538 2631 4603 Quoties
2657 4541 2876 4604 aliquem
2905 4545 3092 4596 mentis
3135 4546 3340 4610 perfida:
3366 4545 3630 4614 figmenta

2085 4638 2380 4691 ponentem,
2424 4642 2600 4680 sanam
2631 4632 2943 4694 respondere
2971 4634 3282 4700 doctrinam,
3315 4637 3466 4690 fidem
3491 4653 3631 4695 cre-

2082 4716 2222 4780 dere,
2259 4719 2389 4768 viam
2421 4728 2615 4781 tenere,
2646 4723 2797 4770 vitam
2844 4737 3056 4788 sperare
3086 4726 3340 4788 suadetis;
3370 4729 3487 4796 quis
3519 4745 3632 4786 vos

2084 4806 2280 4860 dubitet
2307 4807 2356 4858 in
2404 4806 2555 4873 hujus
2597 4809 2956 4864 emendatione
2982 4815 3236 4878 conversi,
3284 4817 3370 4882 qui
3401 4816 3512 4885 jam
3547 4822 3631 4880 si:

2078 4954 2876 5034 ejitsdem_oominis_Ciitttramni
2904 4964 3037 5034 regis
3056 4971 3371 5034 temporibus
3394 4971 3626 5033 Nonne-

2077 5025 2224 5108 Ῡ¹¹Ᾰ¹¹⁸
2247 5027 2519 5088 θυίεοοριιε
2543 5025 2919 5108 Namnetcnsis.
2952 5025 3387 5108 felicisiepiscopi
3413 5025 3624 5100 c6553.

2076 5091 2247 5143 hrinns
2276 5101 2326 5143 et
2367 5106 2665 5157 successor,
2710 5095 2775 5147 de
2804 5112 2906 5165 quo
2946 5091 3225 5171 Gregorius

2072 5176 2118 5213 VI
2150 5170 2201 5213 ει
2225 5174 2328 5212 VIII.

2137 5236 2158 5264 ο
2212 5229 2542 5309 Suessionum
2593 5233 2855 5312 episcopo,
2910 5236 3052 5293 fra'ri
3103 5244 3318 5320 lle__migii
3363 5251 3616 5320 episeopl

2069 5297 2337 5377 Rern-ensis
2373 5317 2383 5350 :
2413 5315 2564 5377 quem
2594 5297 2784 5377 etiam,
2809 5297 3108 5377 patremque
3137 5297 3421 5368 ᾸεῖιιιιῖίιιιιῖιΓ

2075 5368 2281 5420 nomine
2309 5369 2496 5444 laudat.
2526 5368 2605 5444 De
2656 5373 2836 5424 iisdem
2868 5368 3108 5431 omnibus
3151 5368 3486 5437 Flodoardns

2074 5451 2254 5521 bear».
2278 5438 2385 5517 .IU.
2420 5439 2672 5521 ditt-iulius
2699 5452 2899 5521 autem,
2933 5460 3082 5521 qurrn
3126 5451 3246 5502 olim
3290 5454 3413 5504 cum
3447 5438 3613 5521 ιιίιῖδ

2071 5506 2362 5558 Tricassino
2388 5507 2699 5576 etrlllaximo
2737 5506 2962 5573 Reiensi'
2994 5516 3314 5571 Lirinensem
3355 5506 3609 5576 crematis;

2071 5576 2306 5651 habuisse
2335 5575 2616 5643 significat,
2661 5581 2928 5646 cujusnam
2955 5588 3092 5638 sedis
3123 5587 3274 5640 fuerit
3314 5575 3607 5657 episcopus

2068 5654 2334 5697 incertum.
