3812 6226
87 387 176 438 ΓΠ

1344 373 1817 452 EPISTOLAIIUM
1853 379 1983 436 LIB.
2021 378 2112 435 IX.

3223 376 3324 429 GH

78 507 224 547 suum
252 493 444 560 spicas
476 493 740 549 doctrina:
763 490 985 546 salubris
1009 504 1181 546 messe
1208 491 1520 561 parturiant;
1545 492 1648 546 non
1679 494 1730 554 Α
1755 491 1893 547 forte
1917 488 2195 559 responsio
2224 486 2743 558 quantulumcunque
2774 486 2839 540 ad
2872 488 3189 556 interrogata
3223 499 3325 542 tre~

76 583 278 637 scilicet
301 585 405 637 tibi
440 585 690 653 partibus
716 582 849 637 meis
869 581 1014 635 arida
1040 581 1329 650 jejunantis
1357 581 1545 651 linguas
1565 584 1660 636 sti-

77 673 194 739 pula
219 672 726 754 crepitabitrlloc
771 671 917 725 more
959 679 1014 724 tu
1063 679 1118 726 et
1163 670 1382 725 olorinis
1418 669 1659 724 cantibus

73 779 290 819 anseres
339 779 544 829 ravos,
588 755 644 818 et
682 761 1000 816 modiﬁcatis
1047 762 1383 816 lusciniarum
1427 760 1657 829 querelis

69 853 449 921 improborum
502 867 772 921 passerum
821 851 1205 918 fringultientes
1250 865 1495 905 susurros
1537 849 1656 918 jure

69 944 392 999 sociaveris.
419 942 565 1012 Quid
586 936 961 1011 quodqueque
987 945 1300 1010 arroganter
1329 940 1474 994 ﬂeret
1505 939 1656 993 inde-

69 1043 387 1100 centerque,
444 1035 494 1086 si
537 1032 732 1102 negotii
774 1030 1026 1101 praecepti
1073 1031 1282 1099 pondus
1321 1029 1652 1098 aggrederer,

67 1137 233 1177 novus
254 1122 530 1187 clericus,
556 1134 801 1190 peccator
828 1121 1099 1188 antiquus,
1122 1121 1340 1175 scientia
1365 1121 1486 1185 levi,
1507 1120 1652 1189 gravi

63 1211 412 1266 conscientia
433 1212 463 1265 τ
489 1211 738 1266 videlicet
759 1222 818 1264 ιιι
844 1212 889 1264 si
918 1210 1170 1279 scriptum
1200 1224 1510 1278 quocunque
1556 1208 1655 1260 mi-

62 1304 276 1366 sissem,
311 1315 560 1369 persona
591 1316 704 1355 mea
751 1315 848 1354 nec
896 1309 1020 1354 tunc
1059 1300 1268 1354 abesset
1323 1300 1482 1370 252
1526 1297 1652 1351 risui

61 1392 438 1460 iudicantum,
470 1407 590 1445 eum
639 1391 891 1446 defuisset
929 1391 1156 1446 obtutui.
1200 1389 1276 1443 Ne
1313 1405 1514 1458 quaeso,
1557 1387 1653 1442 do-

62 1486 203 1541 mine
228 1501 410 1555 papa,
446 1486 610 1540 nimis
653 1485 832 1552 exigas
855 1464 1234 1538 verecundiam
1263 1496 1452 1546 meam,
1484 1480 1650 1549 quali-

62 1586 368 1644 tercunqne
401 1575 727 1636 latitantem,
757 1572 916 1639 empti
961 1572 1136 1640 operis
1176 1569 1395 1636 hujusce
1441 1569 1653 1623 temeri-

62 1677 166 1722 tate
193 1665 566 1721 devenustari
599 1680 612 1717 :
644 1664 762 1732 quia
788 1671 966 1717 tantus
991 1670 1073 1715 est
1099 1661 1234 1715 livor
1254 1660 1649 1727 derogatorum,

61 1770 114 1812 ιιι
140 1759 378 1812 materia
414 1772 580 1826 quam
610 1755 796 1820 mittis,
828 1753 1061 1807 velocius
1106 1751 1361 1806 sortiatur
1407 1749 1649 1804 inchoata

1757 580 2035 650 pidaverit,
2056 593 2172 648 quae
2193 594 2298 632 non
2328 578 2661 631 inveniantur
2685 587 2900 644 scripta,
2929 581 3171 633 mandata
3201 593 3322 635 cre-
3351 625 3354 630 .

1755 670 1952 724 duntur
1982 686 1995 722 :
2027 684 2090 724 ac
2115 683 2209 738 per
2233 667 2332 722 hoc
2359 668 2591 722 sustinet
2617 667 2858 736 iniuriam
2893 667 3204 738 plerumque
3233 671 3320 738 qui

1757 760 2006 823 mittitur;
2037 760 2124 828 qui
2169 758 2356 824 mittit,
2389 757 2638 812 invidiam
2672 774 2685 811 :
2719 758 2942 825 plusque
2969 757 3020 811 in
3050 759 3148 812 hoc
3181 767 3318 812 tem-

1757 863 1922 918 pore,
1963 864 2068 918 quo
2091 849 2430 902 aemulantum
2477 848 2697 900 invicem
2727 860 2845 900 sese
2871 848 3071 911 pridem
3117 848 3318 904 fwdera

1754 945 1949 994 statuta
1971 951 2254 1007 regnorum
2281 939 2455 990 denuo
2476 950 2570 1003 per
2605 937 2932 989 conditiones
2968 936 3316 992 discordiosas

1753 1028 2000 1097 ancipitia
2032 1028 2342 1083 redduntur.
2394 1025 2591 1080 Praeter
2620 1026 2720 1079 bne
2742 1065 2758 1090 ,
2791 1027 2901 1093 ipsa
2948 1042 3096 1080 mens
3139 1039 3315 1084 nostra

1753 1117 2056 1172 domesticis
2084 1116 2207 1170 hinc
2234 1115 2354 1169 inde
2383 1113 2672 1180 dispendiis
2691 1114 2865 1167 saucia
2885 1114 3045 1180 jacet.
3071 1115 3199 1169 Nam
3223 1133 3315 1184 per

1752 1208 1912 1262 officii
1941 1207 2219 1276 imaginem
2245 1205 2326 1261 vel
2377 1203 2543 1274 (quod
2574 1211 2657 1258 est
2682 1202 2895 1271 verius)
2923 1205 3312 1268 necessitatem,

1752 1298 1868 1351 solo
1898 1297 2064 1364 patrio
2085 1306 2322 1355 exat-tus,
2350 1294 2451 1347 hoc
2478 1292 2739 1360 relegatus
2762 1331 2777 1356 ,
2807 1292 2965 1346 variis
2991 1308 3311 1362 quaquaver-

1752 1402 1868 1442 sum
1891 1387 2206 1456 fragoribus.
2228 1386 2349 1455 quia
2371 1384 2541 1454 patior
2562 1384 2647 1439 hic
2671 1383 2999 1439 incommoda
3029 1384 3312 1452 peregrini,

1750 1475 1857 1530 illic
1896 1475 2087 1529 damna
2123 1472 2424 1541 proscripti.
2472 1473 2730 1536 Quocirca
2758 1473 2966 1526 solvere
2997 1473 3151 1550 tundo
3178 1472 3312 1526 line.

1752 1578 1840 1619 ras
1867 1563 2021 1632 paulo
2050 1562 2318 1632 politiores
2357 1570 2449 1615 aut
2486 1561 2854 1629 intempestive
2885 1570 3034 1629 petor
3057 1601 3072 1625 ,
3103 1574 3196 1614 aut
3221 1561 3314 1615 im-

1753 1653 2012 1724 pudenter
2033 1641 2310 1723 aggredior
2339 1669 2352 1705 :
2377 1667 2508 1722 quas
2537 1653 2617 1707 vel
2642 1652 2763 1720 joco
2793 1651 2996 1721 lepidas
3015 1691 3029 1716 ,
3061 1652 3144 1704 vel
3174 1653 3314 1722 stylo

1750 1749 1920 1804 cultas
1946 1747 2239 1810 alternare,
2277 1744 2504 1800 felicium
2535 1751 2636 1799 est.
2695 1743 2860 1797 Porro
2889 1733 3067 1796 autem
3099 1742 3312 1810 quidam

62 1849 348 1916 probrum,
378 1859 549 1914 quam
577 1843 855 1897 terminata
890 1841 1217 1912 suffragium.
1249 1842 1448 1896 Memor
1475 1837 1641 1894 nostri
1673 1839 1716 1898 Β
1746 1848 1769 1877 ε
1789 1835 2145 1892 barbarismus
2171 1844 2253 1890 est
2283 1827 2510 1895 morum.
2541 1830 3001 1900 sermojneundus
3033 1839 3085 1883 et
3109 1831 3312 1884 animus

63 1952 179 1992 esse
203 1937 479 2005 dignare,
501 1933 713 1987 domine
739 1947 896 2001 papa.

649 2040 972 2097 EPISTULA
1005 2040 1091 2095 IlI.

239 2155 514 2210 Sidonius
542 2153 744 2208 ιιοῆιὶηο
779 2169 922 2224 papa:
960 2162 985 2190 ⁸
1019 2151 1210 2206 Fausto
1239 2152 1467 2206 salutem.

128 2290 331 2345 Servat
360 2286 809 2342 consuetudinem
851 2299 1002 2338 suam
1044 2292 1148 2338 tam
1191 2281 1428 2337 facundia
1472 2289 1645 2335 vestra

64 2394 216 2450 quam
257 2381 481 2448 pietas;
534 2385 689 2447 atque
717 2375 786 2431 ob
809 2375 912 2430 hoc
935 2374 1204 2444 granditer
1228 2413 1244 2438 ,
1285 2371 1424 2442 quod
1451 2370 1648 2425 diserte

67 2471 340 2536 scribitis,
373 2461 649 2537 eloquium
690 2465 1003 2534 suscipimus
1026 2503 1042 2529 ,
1077 2463 1215 2532 quod
1257 2463 1482 2516 libenter
1519 2461 1648 2517 affe-

66 2573 226 2617 ctum.
257 2561 542 2615 Craterum
563 2557 628 2610 ad
660 2569 908 2624 praesens.
935 2557 1096 2622 petita
1125 2553 1272 2607 venit
1305 2552 1450 2620 prius
1478 2554 1648 2622 impe.

69 2661 347 2719 trataque,
383 2645 750 2702 cautissimum
780 2658 902 2698 reor
926 2656 988 2696 ac
1021 2641 1423 2695 saluberrimum
1443 2683 1456 2704 ,
1494 2642 1523 2681 δ
1556 2660 1650 2713 per

71 2745 159 2794 bas
176 2741 428 2792 maxime
449 2735 687 2788 civitates
702 2746 818 2801 quae
838 2734 1060 2784 multum
1080 2732 1181 2784 situ
1206 2746 1446 2800 segreges
1468 2744 1645 2802 agunt,

67 2829 188 2882 dum
227 2837 369 2881 sunt
411 2825 647 2894 gentium
699 2808 928 2876 motibus
974 2822 1160 2875 itinera
1196 2833 1475 2890 suspecta,
1510 2825 1649 2894 stylo

71 2916 430 2986 frequentiori
479 2912 818 2976 renuntiare;
876 2903 1138 2975 dilataque
1181 2912 1439 2980 tantisper
1483 2916 1647 2967 mutui

69 3007 360 3060 sedulitate
385 3005 682 3065 sermonis,
724 3015 902 3054 curam
933 3003 1104 3069 potius
1130 3015 1401 3055 assumere
1415 3003 1649 3056 contice-

71 3096 272 3148 scendi.
301 3092 469 3158 Quod
503 3093 641 3146 inter
659 3091 937 3145 obstrictas
958 3089 1150 3142 alIectu
1178 3091 1442 3144 mediante
1465 3107 1642 3158 perso-

1749 1925 1992 1980 afﬂictus.
2024 1924 2160 1990 Quin
2192 1923 2369 1993 potius
2398 1924 2623 1975 animam
2655 1921 2794 1974 male
2822 1920 2920 1974 sibi
2950 1921 3236 1982 consciam,
3262 1928 3313 1974 et

1750 2034 1842 2088 per
1871 2018 2032 2072 horas
2067 2017 2130 2071 ad
2184 2018 2457 2071 recordata
2506 2014 2727 2082 pmnalis
2757 2013 2876 2066 vita:
2906 2013 3078 2066 debita
3106 2022 3312 2066 contre-

1752 2113 2062 2166 miscentem
2088 2151 2106 2177 ,
2139 2108 2576 2178 frequentissimis
2606 2107 2706 2161 tuis
2736 2106 2839 2160 illis
2863 2116 2920 2160 et
2941 2105 3312 2159 valentissimis

1748 2202 2045 2254 orationum
2077 2215 2358 2254 munerare
2385 2197 2669 2268 sulfragiis,
2697 2211 2910 2265 precum
2944 2198 3141 2263 peritus
3168 2196 3315 2250 insu-

1750 2289 2008 2350 lanarum,
2030 2301 2162 2355 quas
2185 2287 2251 2341 de
2278 2287 2519 2355 palaestra
2544 2286 2971 2355 congregationis
2993 2285 3309 2347 eremitidis,

1749 2391 1799 2435 et
1830 2379 1898 2433 de
1927 2387 2115 2433 senatu
2157 2376 2509 2432 Lirinensium
2564 2375 2943 2430 cellulanorum
2969 2415 2982 2436 ,
3029 2375 3080 2428 in
3127 2375 3310 2428 urbem

1750 2484 1960 2538 quoque
1988 2469 2139 2538 cujus
2166 2467 2421 2521 Ecclesia:
2449 2480 2596 2520 sacra
2624 2463 3001 2534 superinspicis
3026 2505 3040 2530 ,
3080 2472 3310 2518 transtu-

1750 2558 1856 2614 listi
1880 2599 1894 2621 ,
1928 2557 2000 2612 nil
2025 2559 2092 2612 ab
2118 2558 2307 2611 abbate
2333 2563 2562 2611 mutatus
2593 2569 2685 2626 per
2710 2554 3043 2615 sacerdotem
3073 2572 3086 2608 :
3119 2553 3310 2624 quippe

1749 2668 1867 2706 cum
1895 2649 1920 2688 δ
1954 2665 2108 2704 nova!
2127 2649 2395 2718 dignitatis
2423 2649 2662 2712 obtentu,
2689 2647 2764 2715 rig
2801 2661 2911 2699 rem
2939 2645 3132 2699 veteris
3156 2645 3308 2698 disci-

1748 2741 1907 2809 plinae
1931 2754 2034 2793 non
2063 2737 2400 2792 relaxaveris.
2447 2738 2536 2806 llis
2563 2737 2723 2804 igitur
2743 2746 2839 2800 ,ιιι
2866 2733 3165 2809 supraditi,
3195 2748 3308 2801 pre-

1749 2829 1952 2884 catibus
1972 2824 2353 2883 efﬁcacissimis
2380 2823 2537 2893 255
2561 2823 2738 2877 obtine
2769 2828 2824 2875 ῡι
2852 2824 3022 2890 portio
3048 2831 3221 2875 nostra
3243 2822 3307 2873 sit

1751 2917 2032 2979 Dominus;
2062 2923 2220 2984 atque
2252 2924 2309 2966 ut
2335 2910 2548 2980 astripti
2571 2911 2757 2964 turmis
2777 2911 3146 2964 contribulium
3179 2910 3305 2963 levi-

1752 3020 1920 3062 tarum
1947 3047 1962 3072 ,
1995 3000 2098 3059 non
2130 3016 2493 3057 remaneamus
2521 3001 2714 3054 terreni
2743 3041 2757 3064 ,
2788 2999 2976 3070 quibus
3023 3006 3158 3053 terra
3203 3015 3307 3053 non

1752 3104 1990 3152 remanet
2022 3110 2036 3146 :
2068 3092 2493 3159 inchoemusque,
2524 3099 2582 3143 ut
2607 3105 2637 3144 a
2667 3089 2844 3142 saeculi
2873 3088 3053 3152 lucris,
3081 3089 3155 3142 sic
3178 3103 3305 3156 quo-

73 3202 162 3238 nas
188 3183 561 3254 aSperrimum
592 3195 885 3249 quanquam
931 3190 1087 3248 atque
1113 3182 1510 3235 acerbissimum
1538 3191 1638 3249 est,
1667 3183 1711 3243 C
1743 3196 1899 3253 quea
1931 3183 2098 3251 culpis
2130 3180 2473 3250 peregrinari.
2524 3178 2700 3233 Tertia
2729 3187 2809 3234 est
2837 3192 2997 3233 causa
3027 3179 3108 3232 vel
3142 3179 3305 3232 maxi-

75 3292 171 3329 nou
201 3289 394 3330 tamen
427 3273 602 3331 causis
642 3271 866 3326 efﬁcitur
893 3271 1369 3339 qualibuscunque,
1402 3272 1493 3324 sed
1523 3275 1638 3337 plu-

75 3365 237 3431 rimis,
267 3363 444 3419 certis
470 3371 525 3417 et
543 3359 879 3425 necessariis,
915 3374 1133 3427 qna-que
1164 3360 1392 3413 diversis
1434 3362 1639 3428 prolici-

73 3463 294 3510 scnntur
333 3468 405 3508 ex
434 3450 744 3520 originibus.
787 3449 1019 3516 Quarum
1049 3449 1144 3500 ἰ›ιιι
1172 3449 1374 3502 ealcttlo
1402 3451 1639 3517 primore

75 3543 468 3605 numerabitur,
513 3539 652 3609 quod
699 3538 966 3592 custodias
1007 3553 1256 3606 aggerum
1304 3539 1636 3606 publicorum

76 3644 416 3700 nequaquam
447 3628 745 3704 tabellarius
791 3625 974 3680 transit
1018 3625 1351 3693 irrequisitus
1383 3645 1396 3679 :
1425 3629 1511 3696 qui
1540 3630 1638 3683 etsi

76 3719 292 3788 periculi
320 3717 483 3781 nihil,
503 3727 562 3770 ut
585 3721 704 3784 pete
731 3716 951 3770 crimine
966 3730 1176 3780 vacans,
1210 3717 1490 3780 plurimum
1512 3733 1640 3773 sane

78 3811 278 3878 perpeti
301 3810 469 3880 253
496 3809 626 3862 solet
659 3807 1014 3872 ditliCnltatis;
1041 3808 1163 3859 dum
1193 3820 1451 3860 secretum
1481 3824 1639 3864 omne

75 3900 382 3966 gerulorum
433 3897 648 3965 pervigil
691 3896 992 3962 explorator
1039 3895 1269 3964 indagat.
1323 3897 1554 3959 Quorum
1593 3901 1637 3952 si

137 4053 247 4122 κ
297 4059 325 4087 ι
363 4049 574 4101 Reiensi
613 4048 664 4100 in
710 4046 970 4111 provincia
998 4047 1039 4099 ll
1066 4047 1415 4122 episcopocx
1447 4049 1636 4104 abbate

79 4115 343 4174 Lir'tn'ettsi
383 4135 394 4167 :
429 4131 532 4183 quo
563 4131 779 4168 munt-re
807 4125 1028 4182 utroque
1060 4127 1173 4181 post
1202 4115 1482 4169 Maximum
1512 4121 1630 4171 l'un-

76 4199 182 4241 ctus
209 4199 297 4240 est
328 4206 342 4239 :
381 4188 500 4236 ideo
543 4184 748 4235 Maximi
792 4185 869 4235 bis
910 4199 1183 4236 successor
1213 4185 1404 4237 dit-itur
1435 4187 1486 4239 in
1515 4201 1634 4240 ear-

77 4271 213 4310 nnne
244 4253 741 4309 Eucharisticosub
781 4253 954 4305 linem.
1005 4255 1151 4306 Hune
1187 4255 1356 4307 adhuc
1391 4256 1633 4309 abbatem

77 4326 250 4393 quanti
285 4325 478 4378 fecerit
505 4323 727 4375 Hilarius
751 4323 1087 4393 58relaten~is.
1111 4323 1341 4377 declarat
1368 4324 1482 4392 ejus
1505 4325 1636 4380 Vita:

79 4389 258 4448 auctor
311 4395 399 4446 his
447 4393 619 4445 verbis
670 4409 682 4443 :
738 4389 802 4443 In
850 4393 1017 4444 eodem
1071 4395 1177 4446 loco
1233 4404 1349 4444 tunc
1398 4389 1636 4456 temporis

80 4463 137 4517 S.
167 4463 456 4523 Faustum,
487 4464 822 4530 presbyterum
855 4463 1040 4528 pariter
1071 4471 1118 4514 et
1151 4462 1374 4514 abbatem
1402 4464 1472 4515 ita
1499 4465 1635 4532 [ntu-

77 4549 244 4584 rormn
271 4533 520 4600 prwscius
546 4531 840 4600 Imperavit,
876 4542 928 4582 ut
951 4533 1078 4583 inter
1105 4547 1154 4582 se
1177 4543 1218 4583 et
1243 4544 1439 4584 sanctos
1466 4531 1635 4592 sacer-,-

80 4604 211 4655 dotes
237 4601 570 4655 Theodorum
593 4608 637 4652 et
665 4599 944 4652 Maximum
977 4602 1192 4652 medium
1220 4603 1532 4668 compelleret
1557 4619 1635 4653 re-

78 4673 253 4724 sidere.
309 4669 418 4724 Sed
447 4670 511 4722 de
541 4669 676 4721 Faus
701 4683 734 4721 ο
774 4669 1006 4735 pluribus
1040 4671 1186 4721 alias.
1234 4669 1383 4723 Nunc
1409 4671 1534 4723 satis
1566 4671 1630 4723 sit

79 4752 331 4806 monere,
383 4749 577 4805 praeter
626 4739 763 4790 Imuc
808 4738 1111 4800 seniorem,
1160 4743 1381 4791 alterum
1427 4754 1632 4806 qunque

81 4804 328 4859 Faustum
355 4804 407 4858 in
435 4807 618 4859 eadem
644 4807 877 4859 Iteiensis
899 4808 1133 4858 ecclesia:
1156 4809 1402 4860 cathedra
1429 4804 1496 4861 80
1525 4804 1632 4859 cir-

80 4873 204 4926 citer
236 4883 359 4944 post
386 4889 550 4926 annos
578 4875 800 4927 sedisse.
844 4875 992 4940 Quod
1024 4891 1087 4928 ne
1119 4878 1325 4942 penitus
1369 4878 1634 4944 ignorare-

82 4941 555 5014 mus,‘doctte_runt
581 4957 679 5014 nos
716 4943 927 5009 itttegt‘u‘
955 4941 1364 5010 subscriptiones
1392 4941 1575 5014 synodi
1602 4962 1630 4997 v

83 5009 519 5080 Aurelianensis:
551 5011 638 5063 ubi
690 5014 822 5064 inter
865 5025 1085 5064 (δείδιθι-υς
1123 5017 1206 5079 qui
1250 5029 1342 5079 pro
1372 5009 1631 5080 episCOpis

84 5079 391 5132 absentibus
406 5077 793 5146 subscripsere,
824 5077 1151 5132 Claudianus
1171 5077 1358 5144 lngitur
1381 5077 1631 5133 diaconus

59 5140 308 5200 idin-ctus
337 5161 369 5198 a
401 5145 589 5198 Fausto
617 5140 863 5214 episcOpo
890 5150 1133 5201 Ecclesia:
1163 5140 1401 5200 Reiensis
1435 5166 1448 5198 :
1480 5150 1523 5200 is
1555 5153 1632 5200 ni-

89 5217 267 5268 mirum
295 5215 388 5284 qui
411 5214 640 5279 ejusdem
671 5229 846 5281 postea
875 5218 1014 5269 sedis
1037 5217 1126 5268 fuit
1147 5219 1382 5275 antistes,
1411 5218 1627 5270 Parisia-

86 5285 328 5352 eeusiqne
357 5284 582 5335 concilio
611 5284 661 5335 in
689 5300 792 5350 quo
819 5297 988 5338 actum
1016 5295 1096 5337 est
1125 5289 1190 5338 de
1213 5300 1368 5339 causa
1397 5287 1622 5338 l’romon

87 5355 305 5420 episcopi
359 5352 614 5405 Duttcnsis
637 5390 652 5413 ,
699 5354 934 5405 interluit
960 5392 974 5416 ,
1014 5365 1068 5405 ιιι
1093 5356 1296 5407 concilit
1328 5355 1479 5421 hujus
1509 5371 1624 5422 qua:

87 5427 208 5476 nacti
229 5433 420 5474 sumus
441 5429 552 5471 acta
584 5429 856 5472 testantur.

147 5491 172 5530 δ
209 5490 488 5545 Asscntior
512 5487 783 5554 Savaroni,
807 5491 1051 5555 scriptam
1085 5492 1244 5542 videri
1277 5494 1406 5543 hanc
1430 5492 1624 5558 episto-

88 5561 179 5614 lam
205 5559 533 5625 Burdcgalze,
557 5573 671 5608 eum
703 5561 751 5610 in
774 5573 832 5611 ea
863 5561 990 5612 urbe
1016 5562 1148 5622 apud
1182 5562 1447 5622 Enricum,
1474 5575 1522 5610 ut
1547 5573 1626 5614 ρδι

89 5632 133 5701 in
156 5632 307 5701 epist.
345 5630 404 5693 9,
437 5627 525 5677 lib.
557 5641 672 5690 vnt,
698 5630 1348 5701 exsol‘agcretSidonius,
1383 5640 1498 5701 post
1529 5633 1622 5683 tle-

85 5698 206 5755 Δηοά
229 5705 530 5755 Arvorum,
555 5708 677 5760 pace
701 5711 815 5748 cmn
849 5698 1096 5753 Ruinanis
1119 5701 1303 5751 iterum
1332 5700 1552 5753 turbata.

356 5783 622 5841 PATIOL.
667 5784 874 5844 LVIII.

1741 3291 1846 3341 ma,
1871 3275 2062 3329 exinde
2085 3273 2321 3326 scribere
2347 3271 2439 3324 tibi
2459 3263 2556 3325 cur
2577 3271 2969 3339 supersederim
3001 3287 3013 3322 :
3046 3270 3181 3338 quod
3212 3271 3303 3322 im.

1741 3378 1894 3417 mane
1931 3361 2162 3429 suspicio
2200 3358 2427 3412 dictandi
2466 3357 2603 3410 istud
2651 3360 2700 3410 in
2742 3357 2891 3410 vobis
2924 3358 3302 3424 tropologicum

1739 3468 1904 3524 genus
1947 3465 2009 3507 ac
2063 3451 2378 3520 figuratum,
2419 3448 2718 3517 limatisque
2771 3447 3089 3516 plurifariam
3127 3449 3301 3503 verbis

1741 3541 2254 3607 eminentissimum,
2303 3537 2442 3606 quod
2499 3546 2672 3592 vestra
2700 3577 2715 3602 ,
2763 3552 2919 3606 quam
2963 3538 3300 3606 sumpsimus,

1744 3634 1966 3704 epistola
2014 3632 2266 3687 ostendit.
2323 3630 2468 3683 Licet
2509 3631 2668 3684 cnim‘
2699 3629 3098 3698 prardicationvs
3152 3639 3301 3690 tuas,

1745 3740 1881 3778 nunc
1906 3721 2209 3790 repentinas
2233 3759 2249 3782 ,
2288 3732 2429 3771 nunc
2455 3731 2576 3770 cum
2606 3718 2740 3771 ratio
2770 3717 3095 3785 poposcisset
3121 3719 3270 3771 elucu
3290 3749 3302 3757 -

1745 3815 1939 3877 bratas,
1971 3825 2160 3864 rancus
2191 3810 2367 3877 plosor
2393 3807 2680 3868 audierim;
2717 3817 2838 3859 tunc
2871 3808 3155 3874 pr:rcipue.
3181 3823 3300 3862 cum

1745 3901 1797 3953 in
1825 3910 1848 3936 ε
1880 3898 2244 3966 Lugdunensis
2272 3895 2508 3948 ecclesia:
2537 3894 2792 3948 dedicata:
2837 3895 2983 3947 festis
3015 3895 3301 3949 hebdoma-

1813 4061 1834 4089 ε
1876 4051 1990 4104 Pari
2039 4051 2292 4118 elegantia
2346 4050 2630 4120 soloecismi
2679 4063 2861 4120 vocem
2909 4049 2974 4102 ad
3013 4051 3113 4103 alia
3159 4067 3298 4120 smpti

1741 4122 2064 4173 transferunt
2086 4117 2267 4184 optimi
2295 4133 2555 4174 auctores.
2586 4117 2769 4172 Cicero
2794 4118 2882 4171 lib.
2917 4135 2947 4171 ll
2975 4121 3036 4171 ad
3068 4117 3296 4176 Atticum

1741 4191 1799 4243 ll
1837 4206 1848 4241 :
1887 4188 2051 4241 Ludos
2081 4189 2217 4241 Antii
2246 4200 2470 4250 spectare
2509 4204 2608 4240 non
2648 4187 2807 4250 placet
2840 4203 2857 4239 :
2886 4197 2957 4239 est
2998 4192 3129 4242 enim
3173 4193 3300 4246 ὑπο-

1739 4260 1984 4320 σόλοικον,
2021 4275 2132 4310 cum
2161 4258 2301 4311 velim
2331 4261 2486 4309 vitare
2517 4272 2711 4309 omnem
2739 4251 3030 4309 deliciarum
3059 4263 3301 4323 suspicio-

1740 4345 1871 4382 nem.
1929 4329 2272 4397 Hieronymus
2316 4328 2368 4380 in
2416 4326 2707 4380 llelvidium
2752 4341 2765 4377 :
2807 4327 2957 4394 Apud
2987 4329 3296 4382 Chrislianos

1740 4399 2043 4450 solmcismus
2068 4409 2138 4451 est
2161 4414 2366 4464 magnus
2385 4407 2429 4450 ct
2449 4397 2642 4457 vitium,
2669 4406 2810 4463 turpe
2832 4400 2949 4460 quid
2970 4400 3044 4449 vel
3068 4414 3293 4458 narrare,

1744 4470 1816 4547 tvel
1842 4468 2024 4535 facere.
2059 4468 2223 4549 Sieaet
2257 4468 2512 4549 aniattus
2535 4470 2652 4549 περὶ
2683 4467 2946 4546 ἓιρχήρτως
2975 4505 2987 4525 ,
3017 4465 3293 4549 Ilerculem

1745 4538 1794 4588 in
1824 4533 1977 4590 scena
2004 4535 2264 4604 μονῳδεῖν,
2288 4537 2536 4604 σολοικίαν
2565 4533 2637 4604 ait
2663 4533 2846 4604 νῖριξῐξὶτ
2869 4547 2986 4584 cum
3017 4533 3296 4604 in_A_ndro-

1742 4605 1924 4656 maclnc
1967 4600 2019 4655 et
2065 4600 2272 4654 Hecuba
2313 4602 2435 4653 ferri
2485 4602 2665 4666 possit.
2720 4600 2932 4652 Polemo
2976 4600 3198 4666 sophist.
3229 4603 3296 4656 de

1743 4674 2026 4732 histrione,
2057 4672 2142 4737 qui
2172 4670 2209 4723 ὦ
2242 4675 2324 4731 ζεῦ
2356 4670 2535 4721 dicens
2555 4710 2568 4733 ,
2603 4669 2663 4719 ad
2691 4677 2903 4739 lt‘l‘ratl),
2936 4677 2988 4739 ρι
3013 4671 3051 4728 ὦ
3083 4676 3148 4739 γᾶ
3175 4686 3294 4725 cum

1739 4744 1954 4800 (IICCI'CI,
1980 4734 2187 4789 manum
2210 4739 2271 4788 ad
2295 4739 2484 4789 cmlum
2511 4736 2869 4804 protenderet,
2897 4734 3293 4804 Οὗτος,’ἰη‹·ιιιὶι,

1735 4818 1793 4881 τῇ
1825 4812 1964 4878 χειρί
1991 4808 2258 4859 έσολοίχισε
2282 4845 2297 4869 ,
2337 4806 2472 4873 quod
2517 4815 2693 4860 narrat
2731 4808 2780 4859 in
2822 4807 2935 4874 ejus
2977 4807 3088 4860 Vita
3123 4809 3294 4864 ΡΙιὶιο-

1734 4891 1945 4927 stratus.
2907 4886 2911 4890 “

1805 4948 1827 4979 υ
1882 4944 2014 4996 Sztttt
2056 4944 2243 5006 quibus
2287 4958 2348 4996 ex
2397 4942 2495 4996 hoc
2537 4945 2651 4996 loco
2680 4943 2797 4996 elici
2841 4959 2994 5011 posse
3033 4946 3292 5010 videatur,

1738 5014 1982 5064 Faustum
2014 5013 2076 5063 ad
2106 5015 2463 5079 episcopatum
2505 5029 2605 5064 non
2645 5016 2808 5067 multo
2841 5029 2957 5064 :IIIIC
2988 5023 3289 5078 Prorectnm

1736 5083 1894 5134 fuisse
1923 5097 2077 5149 quam
2127 5083 2238 5132 hinc
2281 5082 2535 5135 scriberet
2569 5083 2835 5136 SidOttius.
2881 5083 3067 5132 Verum
3104 5097 3290 5133 novant

1733 5151 2036 5217 dignitatem
2066 5151 2311 5216 appellat,
2345 5166 2446 5203 non
2479 5161 2600 5204 tunc
2628 5152 2880 5219 temporis
2909 5151 3170 5212 adeptam,
3199 5156 3289 5200 sel

1733 5234 1848 5284 quze
1869 5219 2094 5284 antiqua:
2107 5220 2317 5272 abbatis
2338 5221 2574 5288 dignitati
2597 5227 2941 5272 successerat.
2979 5218 3287 5288 Veternnum

1733 5288 1869 5339 enim
1899 5331 1911 5352 ,
1963 5287 2060 5340 hoc
2109 5299 2191 5342 est
2226 5284 2482 5342 annorum
2511 5304 2667 5353 supra
2703 5290 2762 5339 1").
2795 5288 3092 5352 episcopum
3127 5284 3287 5338 fuisse

1734 5359 1974 5409 Faustum
1994 5398 2005 5418 ,
2034 5371 2152 5409 cum
2197 5359 2307 5410 Inec
2347 5359 2555 5421 scripsit
2583 5358 2830 5411 Sidonius
2855 5394 2868 5414 ,
2905 5354 3092 5404 docent
3123 5353 3283 5407 llilari

1732 5441 1878 5496 parte
1906 5426 2140 5491 epistola:
2162 5467 2176 5487 ,
2219 5443 2335 5494 quas
2367 5427 2543 5478 Fausti
2578 5427 2678 5496 jam
2709 5424 2936 5496 episcopi
2967 5435 3083 5472 cum
3116 5429 3286 5475 Auxa-

1731 5499 1815 5546 uio
1844 5494 2132 5547 Romanam
2173 5496 2483 5563 legationem
2523 5494 2662 5548 anno
2699 5494 2802 5545 46:2
2840 5500 3107 5556 peractam
3142 5506 3286 5545 com~

1730 5573 2042 5616 Ittetttoranl.

1797 5641 1821 5668 ε
1861 5635 1904 5684 Α
1934 5632 2167 5685 Ρδιὶθιιιθ
2193 5641 2506 5686 constructa:
2535 5642 2585 5686 et
2625 5629 2875 5682 dedicatae
2906 5627 2992 5678 lib.
3024 5642 3056 5677 ll
3077 5667 3091 5690 ,
3123 5630 3279 5693 epist.
3327 5647 3330 5651 λ

1730 5700 1813 5754 10.
1855 5701 2132 5757 Sacrorum
2173 5701 2344 5754 Fausti
2376 5703 2684 5755 concinnum
2717 5697 2954 5752 meminit
2984 5697 3167 5749 iterum
3197 5697 3282 5752 Si-

2714 5787 2788 5845 20
