3812 6226
36 347 107 399 625
1140 336 1486 400 EPISTULA!

1598 342 1613 395 Ι
1656 342 1778 395 Lili.
1821 341 1907 396 IX.

3032 342 3135 395 o26

34 452 236 517 limbo“!
257 466 329 504 me
359 465 483 506 vera
515 449 714 505 sentire
743 450 873 504 satis
905 451 1190 520 approbas,
1228 465 1349 503 cum
1392 463 1488 500 nec
1519 450 1563 506 Α
1591 449 1798 499 concuti
1863 448 2046 500 ntacbi:
2072 451 2313 502 amentis.
2370 449 2499 502 Nam
2564 460 2850 506 sectatores
2908 470 3088 506 eorum
3117 495 3131 515 ,

34 546 199 597 «lictoris
227 543 359 596 aliter
403 542 609 611 judico.
667 536 903 610 Denique
969 542 1204 594 absentis
1268 542 1436 594 oratio
1467 581 1479 597 .

32 642 211 699 quantum
232 632 504 697 opinamur,
536 630 651 699 plus
680 631 862 698 nequit
889 644 1153 692 crescere,
1198 631 1298 683 nisi
1331 629 1483 682 forsi-

34 736 89 773 Lm
108 720 259 790 aliquid
282 721 357 775 bis
381 720 540 774 addat
561 734 739 775 coram
784 723 1046 789 loquentis
1082 722 1315 775 auctoris
1346 736 1445 775 vox
1468 762 1481 783 ,

32 831 177 877 manus,
202 822 371 877 motus.
399 813 587 880 pudor,
610 815 708 866 arti
720 812 824 867 fex.
854 810 946 866 His
973 812 1129 879 igitur
1155 812 1317 866 animi
1343 812 1483 865 litte-

32 920 234 973 rarumque
258 904 452 957 d-ttihus
477 904 749 971 praeditus,
776 903 1049 957 mulierem
1078 903 1371 971 pulchram,
1392 905 1483 954 sed

32 998 123 1051 illam
166 997 540 1049 Deuteronomio
566 996 884 1063 astipulante
917 997 1227 1058 nubentem,
1270 997 1485 1049 domine

32 1086 217 1151 numiui
239 1086 448 1153 jugasti:
473 1100 628 1153 quam
658 1098 710 1140 tu
737 1083 911 1140 adhuc
927 1086 1136 1154 juvenis
1158 1087 1295 1141 inter
1322 1087 1487 1139 hosti-

34 1191 71 1228 es
90 1176 367 1242 con~picatus
388 1187 648 1243 catervas,
666 1187 825 1244 atque
852 1177 955 1228 iliic
984 1176 1036 1229 itt
1062 1177 1174 1230 acie
1205 1177 1486 1230 contrariae

32 1269 133 1327 partis
149 1265 407 1318 adamatam
427 1305 446 1331 ,
476 1265 608 1320 nihil
655 1282 751 1335 per
776 1267 1046 1320 obstantes
1070 1266 1327 1335 repulsus
1353 1280 1488 1333 pra--

37 1358 175 1409 iatores
195 1354 420 1409 desiderii
448 1355 667 1410 brachio
688 1358 933 1410 vincente
961 1356 1201 1424 rapuisti.
1239 1355 1484 1409 Philoso-

32 1447 141 1498 thiam
161 1447 357 1510 scilicet,
382 1462 503 1516 qua:
521 1447 787 1500 violenter
812 1460 843 1500 θ
870 1458 1091 1499 numero
1111 1445 1484 1512 sacrilegarum

32 1536 152 1587 mium
176 1546 417 1601 exempta,
439 1550 562 1589 raso
582 1535 772 1603 Capillo
792 1534 1074 1598 superflua:
1097 1533 1387 1601 religionis,
1426 1547 1486 1584 ac

32 1624 234 1691 upercilio
272 1624 503 1678 scientia!
547 1622 842 1682 surcularis.
890 1624 1278 1690 amputatisque
1304 1636 1484 1689 pervc—

34 1700 209 1765 uuarum
233 1714 442 1766 vestiunt
476 1713 638 1780 rugis,
679 1712 729 1765 id
760 1721 862 1777 est,
888 1712 1051 1764 tristis
1078 1712 1366 1765 dialectica!
1395 1712 1485 1764 ιιι·-

1586 538 1888 589 Christiano
1915 536 2144 605 dogm~ti
2171 551 2231 591 ac
2257 538 2436 592 sensui
2465 538 2508 591 si
2538 540 2973 607 repugnaverint,
3006 557 3128 593 mox

1587 636 1641 679 te
1669 627 1923 694 magistro
1954 628 2129 695 ligati,
2177 628 2471 680 vernaculis
2518 628 2861 695 implicaturis
2906 630 2956 681 in
3000 632 3131 682 retia

1585 728 1678 768 sua
1707 717 2001 783 praecipites
2049 716 2491 784 implagabuntur,
2525 717 2845 787 syllogismis
2871 727 2971 772 tua:
3013 734 3135 787 pru-

1588 807 1864 875 positionis
1889 808 2093 861 uncatis
2117 808 2399 862 volubilem
2429 810 2867 878 tergiversantum
2900 810 3129 880 linguam

1588 897 2011 961 int-latitantibus,
2036 896 2157 951 dum
2186 899 2355 965 Spiris.
2378 900 2692 967 eategoricis
2732 901 2960 955 lubricas
2987 914 3135 971 qua:-

1587 987 1785 1041 stiOnes
1812 997 1866 1041 ttt
1899 988 2073 1056 potius
2103 987 2347 1052 innodas,
2377 990 2577 1043 acrium
2610 973 2756 1043 more
2787 989 3135 1054 medicorum,

1588 1080 1674 1147 qui
1703 1078 1997 1133 remedium
2026 1090 2211 1133 contra
2240 1080 2400 1149 266
2426 1095 2649 1145 venena,
2677 1095 2797 1133 cum
2831 1083 2966 1134 ratio
2987 1096 3136 1134 com-

1591 1169 1757 1234 pellit,
1784 1179 1839 1222 et
1859 1167 1926 1223 de
1946 1178 2193 1236 serpente
2219 1170 2526 1237 coniiciunt.
2552 1170 2657 1223 Sed
2691 1170 2791 1223 hoc
2814 1170 3136 1235 temporibus

1590 1260 1724 1327 istis,
1750 1260 1847 1321 sub
1862 1269 1967 1312 tute
1989 1268 2190 1313 tantum
2212 1260 2291 1314 vel
2317 1260 2762 1328 contemplatione
2778 1261 3134 1323 conscientiae,

1590 1348 1672 1401 vel
1700 1348 1893 1401 virtute
1916 1347 2193 1402 doctrina.
2244 1347 2372 1401 Nam
2417 1351 2537 1417 quis
2564 1351 2750 1418 mquali
2791 1350 3007 1419 vestigia
3052 1362 3135 1402 tua

1591 1437 1901 1503 insequatur
1927 1451 2111 1504 gressu
2136 1453 2151 1500 ;
2179 1438 2262 1490 cui
2290 1437 2472 1491 datum
2502 1447 2585 1492 cst
2610 1440 2729 1501 soli,
2768 1441 2911 1506 Ιοιμιί
2952 1439 3137 1493 melius

1591 1541 1747 1593 quam
1762 1527 2031 1591 didiceris,
2050 1529 2226 1583 vivere
2238 1527 2425 1581 melius
2434 1543 2591 1597 quam
2608 1530 2839 1599 loquaris
2850 1531 2872 1582 ‘l
2884 1530 3137 1595 Quocirca

1590 1620 1780 1672 merito
1807 1629 1859 1673 te
1882 1618 2243 1673 beatissimum
2271 1618 2393 1673 boni
2422 1635 2628 1683 omnes,
2657 1620 2812 1688 idque
2840 1636 2997 1687 supra
3022 1636 3135 1672 om-

1592 1719 1687 1763 nes
1714 1717 1800 1764 tua
1828 1720 2139 1777 tempestate
2173 1710 2619 1765 concelebrabunt
2648 1729 2661 1762 :
2690 1714 2842 1778 cujus
2871 1712 2938 1764 ita
2981 1712 3137 1764 dictis

32 1806 143 1868 ibus,
170 1802 281 1855 falsa
317 1812 520 1854 morum
568 1809 626 1855 et
667 1801 847 1854 illicita
896 1801 1224 1865 telantibus,
1256 1802 1478 1870 mystice
1512 1789 1555 1852 Β
1584 1799 1686 1852 vita
1726 1798 1983 1869 factisque
2012 1800 2289 1865 dupliciter
2318 1799 2583 1865 inclaruit,
2626 1810 2679 1853 ut
2712 1801 3135 1868 quandoquidem

32 1892 195 1957 impii‘lﬂ
211 1891 309 1957 jam
329 1890 581 1944 defrecata
606 1898 779 1945 tecum
799 1891 1035 1947 membra
1049 1890 1346 1957 conjunxit.
1366 1889 1489 1943 lla-c

32 1980 57 2033 rb
76 1980 197 2033 annis
216 1991 377 2035 vestra
406 1981 519 2049 jam
545 1980 739 2034 dudum
786 1980 1103 2050 pedissequa
1130 1980 1448 2048 primoribus
1472 1996 1486 2041 ;

32 2085 94 2123 iac
110 2080 184 2124 tuo
207 2072 342 2123 lati-ri
364 2085 548 2125 comes
578 2071 978 2138 inseparabilis,
1008 2070 1123 2124 sive
1150 2071 1203 2123 in
1231 2070 1488 2138 paltrstri-t

32 2160 264 2213 uerrereris
283 2160 519 2222 urbanis,
547 2159 668 2213 sive
690 2159 739 2211 iit
763 2159 1023 2213 abstrusis
1048 2173 1378 2213 macerarere
1401 2173 1489 2211 sn-

32 2248 275 2303 itotlinibus:
312 2251 423 2302 haec
445 2248 675 2302 atbettaei
699 2247 855 2317 295
876 2260 1121 2311 consors,
1165 2247 1278 2301 haec
1307 2263 1487 2300 mona-

32 2337 148 2401 terii,
175 2346 328 2391 tecum
384 2336 682 2390 mundanas
731 2336 978 2399 abdicat,
1012 2346 1183 2391 tecum
1229 2351 1489 2403 supernas

32 2424 536 2490 rrrlicatdisciplinas.
569 2425 702 2479 Huic
729 2426 1028 2493 copulatum
1069 2436 1121 2481 te
1148 2427 1485 2482 matrimonio

32 2520 68 2564 ut
96 2513 422 2578 lacessiverit,
472 2514 668 2568 sentiet
715 2510 968 2567 Ecclesia:
1006 2514 1201 2569 Christi
1254 2517 1485 2571 Platonis

32 2604 270 2657 mdemiam
312 2602 571 2669 militare,
624 2610 784 2670 teque
827 2604 1059 2659 nobilius
1100 2607 1481 2676 philosophari.

32 2693 195 2759 timum,
219 2694 533 2749 inell'abilem
571 2692 661 2747 Dei
702 2692 875 2748 Patris
900 2707 1141 2751 asserere
1162 2710 1282 2751 eum
1312 2700 1479 2751 sancti

32 2782 187 2843 t,iritus.
211 2787 501 2838 aeternitate
538 2783 872 2853 sapientiam.
905 2784 1038 2839 Tum
1069 2797 1324 2855 praeterea
1375 2804 1479 2842 non

32 2873 209 2925 rtariem
236 2889 469 2940 pascere,
500 2882 673 2943 neque
701 2872 861 2943 pallio
885 2883 976 2930 aut
1005 2875 1176 2944 clava,
1207 2879 1346 2935 velut
1388 2896 1480 2936 so-

32 2961 179 3016 tiaicis
199 2964 498 3034 insignibus,
520 2963 755 3033 gloriari,
781 2975 873 3019 aut
899 2966 1147 3023 all'ectare
1166 2971 1233 3024 de
1257 2973 1477 3026 vestium

32 3051 250 3108 iuretiotte
295 3047 638 3121 Superbiam,
688 3055 860 3109 nitore
909 3068 1155 3123 pompam
1182 3098 1197 3121 ,
1235 3062 1478 3126 squalore

1593 1902 1711 1941 tuos
1739 1895 1766 1925 ι
1792 1901 1962 1941 annos
1981 1888 2090 1956 jam
2118 1889 2334 1942 dextera
2366 1892 2740 1953 numeraverit,
2770 1891 2964 1943 szcculo
2994 1905 3127 1956 pra:-

1589 1978 1790 2031 dicatus
1815 1985 1935 2044 tuo,
1966 1978 2546 2032 desiderandusalieuo
2564 2018 2579 2042 ,
2606 1987 2829 2047 utraque
2858 1979 3136 2033 laudabilis

1587 2069 1793 2121 actione
1820 2066 2067 2130 decedas,
2088 2078 2141 2122 te
2170 2070 2448 2122 relicturos
2467 2070 2725 2134 externis,
2750 2080 2833 2123 tua
2860 2070 3129 2136 prositnis.

1589 2159 1788 2212 Memor
1815 2159 1977 2212 nostri
2006 2173 2127 2213 esse
2151 2160 2384 2226 dignare.
2414 2161 2625 2215 domine
2668 2177 2767 2230 pap
2785 2180 2819 2215 ο.

2149 2248 2471 2301 EPISTULA
2517 2250 2581 2301 Χ.

1715 2335 1959 2391 Sidonius
1981 2336 2185 2389 domino
2216 2353 2362 2404 pupa:
2396 2335 2424 2374 δ
2454 2337 2745 2403 Aprunculo
2772 2341 3003 2391 saltuum.

1658 2426 1902 2483 Reddidit
1920 2426 2013 2481 tibi
2028 2426 2281 2495 epistulas
2295 2441 2457 2490 meas.
2481 2443 2639 2495 quem
2658 2428 2789 2482 mihi
2814 2438 2928 2482 tuas
2947 2428 3136 2483 oil'ert‘o

1588 2535 1681 2588 par
1709 2519 1878 2572 fuerat
1919 2535 1933 2573 :
1977 2534 2097 2572 nam
2128 2518 2292 2573 frater
2321 2529 2497 2572 noster
2525 2518 2831 2583 Caelestius,
2873 2536 3037 2589 nuper
3071 2525 3135 2575 atl

1586 2621 1636 2662 te
1672 2622 1918 2663 reversus
1972 2618 1995 2647 ο
2035 2608 2103 2662 de
2147 2608 2469 2672 Biterrensi,
2498 2609 2762 2678 quoddam
2812 2611 2940 2665 tttiiti
2981 2626 3137 2680 super

1584 2707 1723 2751 statu
1743 2698 1980 2766 injuriosi
2007 2699 2173 2753 nostri
2194 2700 2454 2753 vinculum
2477 2700 2731 2754 cessionis
2753 2702 2953 2755 elicuit.
2982 2703 3129 2769 Quod

1582 2786 1791 2853 quidem
1830 2786 2056 2855 scripsi,
2102 2801 2207 2839 non
2237 2786 2411 2854 minus
2456 2796 2541 2840 tua
2588 2790 2900 2842 verecundia
2943 2791 3138 2844 fractus

1582 2892 1738 2946 quam
1785 2878 2073 2931 vitluntate.
2118 2876 2353 2943 Namque
2400 2892 2497 2931 nos
2549 2879 2687 2933 ultro
2736 2892 2914 2934 vestro
2953 2885 3133 2948 pudori

1586 2967 1740 3034 quasi
1763 2968 2074 3036 quibusdam
2108 2968 2329 3036 ped'bus
2357 2967 2595 3037 obsequii
2633 2970 2809 3023 decuit
2836 2981 3134 3029 occurrere.

1588 3055 1844 3119 Quocirca
1878 3070 1963 3109 tne
1992 3070 2201 3124 quoque
2230 3039 2441 3110 volente
2485 3056 2692 3124 posside
2723 3059 3014 3126 indultum,
3047 3078 3087 3116 st
3107 3065 3137 3116 d

32 3140 233 3193 contini
260 3158 273 3193 :
304 3156 478 3209 neque
524 3148 580 3195 te
624 3142 756 3194 satis
794 3144 891 3195 hoc
916 3144 1177 3209 annulari,
1204 3150 1342 3213 quod
1391 3163 1481 3215 per
1511 3130 1557 3191 C
1591 3143 1906 3206 liberaliter;
1947 3159 2046 3197 nec
2089 3145 2250 3207 enim,
2281 3154 2336 3197 ut
2366 3138 2632 3211 suspicor,
2664 3147 2778 3214 plus
2815 3150 3010 3217 aliquid
3041 3151 3139 3205 hic

32 3232 208 3293 rosaria
251 3230 532 3300 pingantur
588 3229 956 3299 AreOpagitica
997 3233 1080 3287 vel
1132 3234 1483 3304 Prytaneum,

32 3334 115 3374 um
132 3322 316 3380 renice
334 3318 659 3393 Zeusippus,
682 3324 876 3379 Aratus
904 3327 1096 3393 panda,
1118 3327 1294 3384 Zenon
1318 3330 1487 3383 fronte

32 3424 227 3483 uincta,
258 3413 517 3489 Epicurus
557 3427 681 3474 cute
722 3417 981 3485 distenta,
1020 3419 1282 3491 Diogenes
1325 3426 1483 3481 barba

32 3519 200 3574 rotante,
220 3509 463 3566 Socrates
484 3521 642 3565 coma
661 3510 904 3579 cadente,
925 3507 1239 3568 Aristoteles
1269 3516 1487 3569 brachio

32 3605 181 3663 uerto,
207 3600 530 3657 Xenocrates
560 3615 717 3656 crure
738 3602 992 3669 collecto,
1020 3602 1316 3660 Heraclitus
1361 3608 1483 3661 ﬂetu

32 3684 123 3740 tulit
144 3688 339 3757 clausis,
379 3691 716 3746 Democritus
747 3692 856 3745 risu
888 3692 1048 3747 labris
1077 3696 1294 3763 apertis,
1317 3695 1484 3767 Chry-

32 3787 130 3841 πνρας
150 3780 309 3850 digitis
329 3794 558 3851 propter
579 3796 914 3837 numerorum
947 3783 1138 3838 indicia
1161 3788 1479 3853 constrictis,

32 3860 185 3921 intlides
206 3878 421 3939 propter
460 3883 834 3922 mensurarum
864 3871 1032 3936 spatia
1063 3871 1271 3936 laxatis,
1293 3873 1485 3927 C’ean-

32 3962 283 4023 tetpmpter
310 3967 605 4023 utrumque
640 3956 888 4008 corrosis.
931 3958 1066 4022 Quin
1106 3960 1280 4026 potius
1328 3976 1483 4029 expe-

32 4036 117 4092 ictnr
146 4044 352 4113 quisque
376 4044 706 4107 conﬂixerit,
733 4042 963 4108 Stoicos,
994 4044 1241 4116 Cynicos,
1275 4048 1490 4119 Peripa-

32 4129 151 4197 uicos,
169 4132 566 4200 baresiarcbas,
585 4131 814 4203 propriis
834 4136 1016 4201 armis,
1037 4139 1261 4206 propriis
1278 4157 1487 4214 quoque

52 4272 69 4302 ⁸
94 4267 327 4328 iuvenalis
351 4272 519 4328 satira
553 4287 615 4337 ι,
640 4270 706 4325 de
732 4271 948 4326 Nestore
974 4292 985 4325 :

86 4360 216 4423 Atque
232 4377 341 4414 suos
360 4364 461 4425 jam
485 4363 663 4412 dextra
695 4370 935 4424 computat
959 4376 1126 4415 annos.

32 4438 152 4515 ficum:
192 4461 249 4499 es
291 4443 689 4515 consuetudine
716 4458 981 4515 veterum,
1037 4448 1123 4515 qui
1168 4450 1314 4504 vario
1354 4456 1490 4509 llexu

32 4508 213 4585 ititorum
242 4530 492 4585 numeros
536 4514 841 4585 indicabant
864 4532 899 4585 ἐ
936 4508 1068 4581 quos
1096 4508 1494 4585 supptttatorios

32 4577 214 4654 igitorttm
252 4583 544 4654 gesticulos
594 4582 813 4648 appellat
860 4577 1238 4654 Tertullianus.
1300 4590 1484 4646 Totam

32 4650 444 4741 [Et-tt‘ilnter‘IBedaa
495 4666 673 4741 opera
705 4652 1069 4741 complectitur
1106 4654 1347 4741 libellus,
1398 4663 1483 4737 qui
1515 4685 1561 4741 ο

32 4717 237 4790 tscribitur
260 4723 324 4775 de
369 4721 588 4789 loquela
624 4719 926 4790 digitorum.
958 4719 1130 4773 Laevce
1153 4738 1280 4790 ergo
1314 4717 1485 4790 digitis

32 4794 122 4849 ηυο
142 4789 198 4838 ad
218 4800 422 4845 centum
447 4790 801 4842 numerabant
824 4806 835 4838 :
870 4789 921 4838 in
942 4789 1232 4850 centesimo
1258 4795 1320 4843 ad
1359 4789 1483 4847 dex-

32 4862 96 4927 ειμι
116 4858 396 4912 tran~ibant.
423 4857 785 4925 Hieronymus
817 4858 869 4909 in
896 4854 1225 4910 Jovinianum
1258 4862 1277 4911 l
1312 4878 1325 4913 :
1357 4862 1485 4914 Cert-

32 4932 149 4999 fﬂtttu
186 4941 414 4999 nantem;
458 4944 492 4979 α
536 4928 739 4999 σξιιὶιννα
770 4927 1070 4999 transfertur
1110 4928 1176 4979 ad
1203 4929 1481 4984 dexteram.

36 4996 189 5042 austum
214 4992 362 5060 igitur
402 4995 753 5063 grandaevum
783 4996 949 5048 innuit
978 4993 1138 5048 fuisse
1171 5014 1183 5047 :
1218 5012 1318 5049 non
1344 5002 1483 5065 quod

32 5068 156 5136 εἶρξε
179 5066 518 5136 centesimum
550 5079 749 5116 attnunt
789 5066 1041 5136 attigisset
1074 5081 1086 5115 :
1115 5075 1194 5136 est
1218 5067 1356 5117 enim
1396 5070 1487 5136 ity-

32 5123 180 5201 rrbnle,
212 5130 297 5201 sed
336 5133 510 5185 multo
542 5123 914 5185 verecundiorv
937 5148 1090 5199 quam
1140 5135 1279 5186 illam
1306 5123 1488 5189 Nicar-

241 5199 291 5253 in
316 5202 642 5282 Cotyttarim
668 5216 824 5255 anum
845 5241 860 5266 ,
901 5186 1055 5282 quam
1078 5204 1151 5255 ait
1172 5186 1488 5282 annosstios

35 5277 141 5336 enim
165 5282 307 5322 manu
332 5269 556 5336 sinistra
605 5283 883 5323 numerare
905 5272 1128 5336 cmpisse
1159 5287 1173 5325 :
1204 5273 1342 5335 quod
1379 5284 1485 5325 tum

32 5330 134 5455 ﬁt.
173 5350 280 5391 cum
306 5338 370 5391 ad
400 5335 597 5392 decem
643 5338 802 5393 millia
834 5330 1199 5409 pervenerant.
1226 5330 1320 5396 "Sic
1350 5343 1488 5395 cnim

76 5420 84 5454 I
121 5420 131 5454 ἶ

76 5420 131 5454 Il!

78 5515 114 5567 Ἢ
138 5518 236 5587 φάος
262 5519 535 5593 Mitridates:
572 5517 757 5593 ἐλάφῳ.)Δ
781 5520 953 5593 adiuv,
977 5521 1148 5593 rip-pi
1176 5522 1281 5591 Μιιῂ

158 5596 299 5661 Γῆρας
320 5586 651 5663 ἆριϐμεῖσοαι
680 5586 908 5659 δεύτερον
931 5586 1195 5658 ἁρξαζαὲνη.

93 5696 181 5752 Qua
202 5700 319 5750 solm
340 5699 459 5749 vidit
485 5696 658 5759 tlurcs
688 5706 827 5756 quam
853 5708 1037 5757 corvus,
1067 5704 1115 5745 et
1137 5710 1283 5744 annos

1590 3248 1783 3299 genere
1829 3234 1999 3287 so'atii
2032 3234 2113 3286 vel
2146 3234 2259 3301 ipse
2284 3235 2537 3301 qu1csisti.
2585 3236 2750 3299 Quem
2791 3240 2980 3293 litteris
3026 3242 3138 3293 istis

1592 3338 1696 3376 non
1743 3323 2208 3376 commendatoriis
2260 3326 2435 3379 minus
2481 3340 2636 3393 quam
2669 3328 2977 3395 refusoriis,
3031 3330 3135 3395 jam

1593 3415 1825 3484 placatus
1863 3414 2070 3469 insinuo
2116 3433 2130 3469 :
2179 3418 2257 3468 sic
2299 3425 2472 3471 tamen
2514 3426 2572 3470 ut
2620 3418 2709 3471 tibi
2740 3418 2990 3484 assistat,
3043 3422 3136 3475 tibi

1594 3514 1807 3575 pareat,
1836 3513 1888 3560 te
1915 3516 2193 3575 sequatur;
2239 3513 2396 3575 atque
2425 3504 2579 3577 267
2611 3518 2668 3561 ut
2713 3510 2755 3562 si
2797 3515 3140 3577 permanserit

1592 3609 1762 3653 tecum
1788 3638 1805 3664 ,
1849 3600 2019 3652 neutri
2053 3609 2287 3653 nostrum
2324 3599 2587 3663 judicetur
2628 3598 2884 3663 famulus;
2926 3602 2968 3654 si
3006 3601 3138 3656 forte

1590 3689 1908 3751 distsesserit,
1936 3703 2200 3756 qtttera'ur
2224 3690 2428 3756 utrique
2450 3688 2716 3756 fugitivus.
2746 3690 2943 3743 Mentor
2970 3693 3133 3745 nostri

1591 3794 1708 3832 esse
1735 3779 1970 3847 dignare,
2007 3778 2165 3830 dou-it
2188 3793 2219 3829 c
2250 3792 2401 3842 papa.

2135 3884 2454 3939 EPISTULA
2497 3885 2580 3938 XI.

1800 3971 2040 4027 Sidonius
2070 3975 2271 4026 domino
2301 3991 2444 4044 pnpre
2471 3972 2496 4011 ἀ
2530 3974 2673 4042 Lupo
2697 3976 2927 4029 salutem.

1664 4065 1883 4131 Propter
1930 4065 2163 4118 libellum
2203 4080 2356 4131 quem
2389 4080 2491 4116 nun
2541 4065 2603 4118 ad
2652 4081 2746 4119 vos
2778 4070 2941 4133 mags
2980 4082 3135 4136 quam

1591 4171 1682 4225 per
1713 4170 1806 4209 vos
1836 4154 2052 4209 missum
2081 4154 2330 4221 putastis,
2360 4155 2635 4221 epistolam
2665 4167 2891 4209 veSIram
2926 4172 3029 4211 non
3072 4160 3136 4211 atl

1780 4292 1882 4340 iam
1909 4292 2038 4341 laevae
2061 4302 2244 4339 rursum
2267 4296 2506 4349 computat
2527 4288 2750 4338 articulis.

1669 4416 1693 4452 ι»
1727 4415 2109 4467 Andemantuni
2158 4412 2449 4479 Lingonum
2491 4412 2765 4478 episcopo,
2808 4414 2888 4464 cui
2919 4422 3137 4477 postea,

1596 4498 1713 4537 eum
1753 4486 2018 4537 Arvernos
2057 4483 2233 4535 relicta
2280 4480 2704 4544 Burgundionum
2747 4480 2871 4529 odio
2921 4480 3137 4544 pristina

1596 4554 1719 4605 sed--
1771 4555 2045 4619 migrasset
2071 4589 2085 4612 ,
2124 4548 2424 4601 ettltedram
2464 4561 2611 4599 suam
2636 4546 2882 4599 Sidonius
2908 4549 3138 4600 moriens

1595 4622 1825 4673 reliquit.
2115 4670 2121 4673 .

1661 4637 1965 4740 lclqlltleiletiam
1995 4686 2044 4737 id
2085 4670 2275 4736 nomen
2323 4683 2573 4745 scriptum
2613 4683 2706 4737 lib.
2749 4698 2855 4746 vui,
2897 4686 3052 4751 epist.
3083 4688 3133 4739 ιι.

1588 4756 1784 4827 Grmcis
1812 4760 2061 4827 Bairrpatt,
2090 4754 2228 4827 quod
2268 4754 2481 4827 propius
2506 4754 2729 4827 arcedit_
2750 4754 2815 4805 ad
2863 4757 3132 4827 antiquam

1588 4822 1980 4891 inscr2ptionem
2008 4823 2437 4885 Narbonensem,
2472 4824 2521 4874 in
2568 4838 2666 4890 qua
2698 4822 2986 4890 Septintani
3028 4824 3137 4877 Ba:-

1590 4902 1851 4946 terreuscs
1880 4892 1977 4946 hoc
2000 4891 2155 4945 modo
2172 4892 2280 4961 99
2308 4895 2575 4961 leguntur:

2097 5043 2163 5097 Μ.
2208 5044 2358 5097 Juuo
2389 5044 2631 5097 PHILIPPO

2139 5127 2452 5167 NOBILISSIMO
2488 5127 2595 5165 CASS

2084 5198 2301 5236 PRINCIPI
2342 5196 2654 5235 ιυνεΝτυτιδ

2185 5266 2296 5305 SEP.
2332 5266 2568 5303 BETERB.

1665 5408 1691 5443 ά
1722 5408 1981 5473 Episcopo
2009 5405 2306 5458 Tricassino
2326 5405 2389 5457 ad
2416 5418 2571 5471 quem
2592 5417 2708 5473 cum
2731 5399 3137 5473 praecedentium

1601 5469 1849 5531 librorum
1876 5469 2117 5528 volumen
2162 5474 2391 5527 misisset
2429 5469 2487 5525 ea
2528 5475 2640 5538 lege
2678 5469 2946 5533 Szdonins,
2982 5482 3034 5523 ttt
3076 5475 3139 5525 ad

1599 5548 1756 5599 alium
1790 5555 1968 5609 postea
1994 5545 2270 5611 quemdam
2312 5543 2609 5609 episc0punt
2637 5539 2980 5611 pet-ferretur,
3013 5559 3138 5605 que—

1602 5608 1817 5682 stusque
1857 5614 1955 5665 hoc
1987 5608 2204 5666 nomine
2232 5608 2403 5678 Luphs
2434 5616 2598 5673 esset,
2632 5608 2751 5663 iacti
2795 5609 2999 5678 culpam
3048 5614 3138 5663 bac

1601 5685 1817 5751 epistola
1843 5686 2168 5751 deprecatur.
2702 5698 2703 5701 η
