3818 6226
88 255 162 306 £39

1236 240 1708 301 EPISTOLARUM
1743 240 1868 296 ΜΒ.
1909 238 1996 294 tx.

3117 234 3235 286 (ἦθ’

89 371 253 419 obscuro
289 361 506 427 jacentis
549 360 702 413 fama!
745 372 952 412 recessu
1009 355 1410 420 delitescentes;
1459 353 1560 406 bos
1588 356 1634 411 Α
1664 350 2021 419 compluribus
2053 347 2495 411 anteponendum.
2527 345 2804 398 Crederem
2841 344 2930 396 tibi
2960 383 2973 405 ,
3007 343 3048 395 si
3080 359 3180 395 non
3200 383 3216 402 ,

87 453 231 519 eloquii
263 453 325 505 tui
370 451 587 505 c‘aritas
608 490 624 513 ,
669 449 868 503 artifice
905 446 1236 501 confabulatu
1269 443 1392 497 dum
1423 456 1575 495 com-

88 545 220 610 pellat,
239 551 282 595 et
307 539 555 609 publicat.
585 537 686 591 Sed
718 547 962 604 quot‘Sum
994 538 1088 589 ista
1107 574 1120 598 ,
1147 532 1271 601 quid
1309 544 1574 584 morarum

85 635 168 684 cst?
203 632 457 685 redeamus
501 627 565 681 ad
606 641 852 687 causam,
897 640 1053 689 super
1081 626 1232 690 cujus
1276 619 1574 673 abundante

87 723 316 780 blateratu,
356 719 476 782 quia
511 730 704 783 pareo,
739 729 928 780 precor
959 723 1019 765 ut
1064 722 1236 765 errata
1273 707 1572 761 confessum

87 823 210 860 ictuc
237 805 498 858 cletnentis
541 801 743 855 indultu
794 803 1025 868 placatus
1074 799 1346 866 impertias
1397 812 1410 848 :
1453 795 1574 850 licet

84 913 170 962 que
193 897 344 948 letitia
377 907 465 947 tua
488 901 688 954 sancta,
715 905 934 959 qumque
960 890 1286 950 communio,
1314 884 1579 953 copiosius

84 987 296 1047 ltlarere,
329 985 370 1034 si
410 996 542 1036 mea:
586 981 751 1048 culpae
783 979 1018 1032 defensio
1057 977 1235 1042 petius
1265 975 1358 1028 tibi
1387 972 1578 1039 scripta

83 1076 237 1126 feratur
260 1089 412 1141 quam
441 1073 749 1126 satisfactio.
774 1071 973 1125 Memor
1004 1067 1172 1122 nostri
1192 1080 1312 1123 esse
1342 1065 1577 1132 dignare,

81 1162 256 1216 domine
290 1176 444 1232 papa.

481 1251 634 1319 271
672 1247 991 1302 EPISTULA
1031 1247 1141 1301 XII.

366 1339 611 1393 Sidonius
642 1349 666 1374 ι
699 1339 874 1390 Oresio
899 1354 989 1390 suo
1009 1339 1242 1390 salutem.

132 1429 264 1484 Venit
293 1430 344 1482 in
373 1440 583 1482 nostras
609 1445 634 1478 a
667 1439 718 1480 te
747 1425 975 1494 profecta
1003 1426 1185 1492 pagina
1216 1437 1418 1486 manus,
1462 1435 1579 1487 qua:

80 1521 209 1572 trahit
232 1521 442 1573 multam
471 1517 862 1571 similitudinem
886 1515 950 1568 de
977 1516 1087 1568 sale
1110 1514 1338 1579 llispano
1367 1512 1416 1564 in
1438 1510 1579 1580 iugis

79 1624 192 1662 cm
236 1607 736 1663 Tarraconensibus.
785 1604 914 1657 Nam
963 1602 1254 1657 recensenti
1303 1602 1471 1655 lucida
1527 1608 1581 1653 et

79 1704 188 1755 salsa
216 1709 317 1768 est,
365 1715 466 1753 nec
492 1708 662 1752 tamen
695 1707 908 1765 propter
937 1697 1038 1750 hoc
1067 1697 1235 1764 ipsum
1264 1696 1451 1748 mellea
1482 1694 1583 1746 tni-
1616 1691 1660 1749 Β

80 1805 191 1841 nus:
221 1803 390 1842 sermo
420 1787 588 1840 dulcis
616 1796 666 1838 et
692 1785 1135 1853 propositionibus
1159 1800 1309 1847 acer;
1340 1785 1417 1837 sic
1446 1783 1584 1838 enim

82 1879 273 1931 oblectat
311 1877 557 1944 eloquio,
603 1875 736 1939 quod
767 1876 939 1927 turbat
977 1874 1198 1942 imperio
1225 1890 1239 1926 ε
1265 1875 1458 1940 quippe
1498 1871 1585 1938 qui

81 1982 231 2030 parum
259 1968 482 2022 metiens
508 1965 632 2033 quid
677 1964 874 2018 ordinis
896 1980 1044 2033 agam
1065 2005 1080 2030 ,
1107 1965 1338 2017 carmina
1368 1978 1398 2014 a
1437 1963 1587 2015 nobis

83 2072 194 2110 nunc
221 2065 373 2110 novat
400 2065 566 2122 petat.
594 2054 824 2108 Primum
851 2054 917 2106 ab
938 2053 1160 2108 exordio
1186 2052 1441 2118 rtrligiosm
1466 2065 1585 2118 pro-

81 2145 323 2210 fessionis,
379 2146 504 2199 ltuic
544 2143 900 2213 principaliter
939 2143 1190 2197 exercitio
1234 2139 1526 2193 renuntiavi
1567 2155 1582 2192 :

79 2236 172 2296 quia
200 2235 449 2287 nimirum
477 2234 710 2287 facilitati
754 2241 928 2300 posset
960 2230 1344 2284 accommodari
1367 2270 1380 2292 ,
1410 2229 1454 2280 si
1503 2243 1601 2296 uie,

77 2328 351 2385 occupasset
373 2321 564 2372 levitas
590 2333 836 2372 Vorsuum
853 2357 867 2380 ,
893 2333 1046 2384 quem
1069 2317 1330 2384 respicere
1357 2322 1589 2383 coeperat

76 2411 270 2475 gravitas
317 2409 606 2461 actionum.
650 2408 778 2459 Tum
827 2416 1078 2476 praeterea
1123 2414 1329 2459 constat
1375 2420 1583 2457 omnem

78 2512 280 2564 operam,
305 2498 346 2550 si
371 2497 524 2564 longa
538 2497 730 2549 interea
740 2496 924 2563 pediue
944 2495 1196 2563 quiescat,
1214 2509 1351 2562 aegre
1369 2494 1582 2546 resumi.

78 2591 293 2653 Quisnam
325 2589 468 2643 enim
507 2587 710 2655 ignoret
734 2586 934 2640 cunctis
958 2595 1043 2637 aut
1073 2584 1358 2638 artificibus
1386 2593 1474 2635 aut
1503 2598 1586 2636 ar-

79 2680 188 2732 tibus
227 2682 510 2732 maxitunm
541 2677 700 2730 decus
745 2692 842 2729 usu
880 2677 1091 2729 venire?
1147 2690 1371 2743 cumque
1415 2675 1584 2727 studia

77 2779 296 2823 consueta
324 2784 432 2822 non
464 2768 878 2835 frequentantur,
913 2766 1121 2820 brachia
1161 2766 1212 2819 iu
1242 2765 1548 2833 corporibus
1570 2804 1584 2827 ,

77 2857 249 2924 ingenia
277 2859 575 2927 pigrescere
598 2857 648 2910 in
672 2858 905 2913 artibus?
933 2857 1078 2911 Unde
1099 2866 1180 2909 est
1201 2864 1252 2908 et
1279 2854 1422 2917 illud,
1449 2855 1583 2922 quod

75 2963 171 3002 sero
192 2964 465 3017 correptus
492 2961 581 3001 aut
603 2964 739 3011 raro,
772 2953 888 3015 p'us
916 2962 1066 3000 arcus
1093 2946 1288 3010 manui,
1314 2944 1440 3011 jugo
1468 2945 1583 3006 bos,

75 3053 214 3105 equus
252 3013 406 3092 freno
445 3038 682 3090 rebellat.
714 3013 928 3101 Insuper
956 3035 1170 3088 desidia:
1205 3045 1400 3087 nostra:
1440 3049 1587 3085 verc-
1614 3013 1659 3075 (ἶ

74 3126 238 3179 cundia
278 3140 462 3179 comes
493 3125 556 3177 ad
605 3126 703 3176 Itoe
743 3124 1054 3175 sententiam
1095 3123 1344 3186 inclinat,
1381 3131 1438 3174 ut
1475 3134 1588 3183 me,

76 3222 318 3284 postquam
337 3215 391 3267 itt
417 3212 628 3267 silentio
648 3211 852 3266 decurri
871 3221 979 3265 tres
1001 3211 1346 3280 olympiadas,
1368 3220 1469 3262 tant
1494 3226 1590 3276 pu-

76 3305 173 3357 deat
193 3321 383 3359 norum
411 3319 600 3374 poema
627 3307 907 3367 coniicere,
938 3319 1092 3372 quam
1120 3305 1308 3372 pigeat.
1340 3303 1447 3357 Hoc
1469 3305 1593 3356 item

80 3394 221 3458 nefas,
245 3397 404 3449 etiam
429 3395 511 3448 dif
513 3394 661 3448 iieilia
685 3393 823 3448 factu
846 3394 936 3446 tibi
956 3395 1153 3461 negari.
1184 3396 1332 3460 cujus
1352 3393 1594 3446 affectum

79 3489 200 3538 tanto
222 3488 396 3538 minus
425 3485 596 3554 decipi
618 3485 798 3551 decet,
838 3494 1033 3554 quanto
1062 3485 1385 3538 constantius
1415 3485 1486 3537 nil
1515 3499 1597 3537 re-

79 3573 252 3636 pulsam
294 3584 531 3630 veretur.
587 3576 904 3630 Tom-bimus
947 3591 1072 3644 ergo
1121 3577 1278 3645 272
1330 3576 1595 3642 quippiam

79 3662 280 3716 medium
316 3679 332 3717 :
362 3673 419 3718 et
457 3665 593 3717 sicut
619 3664 988 3732 epigrammata
1019 3666 1247 3717 recentia
1274 3665 1428 3716 modo
1456 3664 1597 3716 nulla

77 3750 288 3818 dictabo,
322 3754 400 3807 ita
430 3754 653 3818 litteras,
682 3754 724 3805 si
755 3770 866 3819 qum
891 3755 1135 3820 iacebunt
1177 3770 1326 3806 versu
1363 3754 1595 3816 relertm,

78 3840 250 3896 scilicet
283 3853 411 3894 ante
457 3841 728 3909 praesentis
757 3842 914 3894 Ofﬁcii
954 3844 1352 3903 necessitatem,
1397 3841 1597 3891 mittam

80 3927 156 3980 tibi
181 3944 194 3983 :
222 3941 412 3997 petens
445 3941 511 3981 ne
533 3938 587 3979 tu
617 3931 688 3980 sis
714 3938 929 3980 eatenus
954 3929 1167 3994 justitizn
1195 3928 1595 3994 prznvarieator,

78 4023 122 4063 ut
137 4029 214 4066 me
231 4014 471 4082 opineris
501 4027 763 4081 nunquam
800 4015 866 4064 ab
893 4014 1185 4080 huiusmodi
1216 4015 1601 4082 conscriptione

79 4109 493 4169 temperaturum.
522 4101 701 4169 Neque
743 4103 879 4156 enim
925 4102 1172 4170 sotl't'agio
1204 4112 1291 4156 tuo
1318 4104 1488 4157 minus
1509 4121 1600 4158 au-

77 4205 208 4256 gear,
242 4193 286 4244 si
324 4191 467 4246 forte
495 4191 724 4259 digneris
762 4191 867 4259 jam
899 4195 1187 4247 modestum
1229 4196 1398 4261 potius
1445 4212 1599 4265 quam

79 4279 278 4337 facetum
309 4285 451 4336 exist
477 4297 642 4334 mare.
668 4282 814 4334 Vale.

589 4379 911 4434 EPISTULA
954 4379 1086 4433 Xlll.

355 4472 602 4527 Sidonius
630 4470 656 4509 ὕ
685 4471 928 4525 Tonantio
955 4488 1042 4524 suo
1063 4473 1294 4525 salutent.

136 4563 217 4616 Est
266 4564 489 4630 quidem
515 4602 530 4626 ,
559 4561 751 4626 fateor,
783 4563 1028 4614 versibus
1072 4563 1204 4615 meis
1232 4564 1484 4615 sententia
1519 4572 1600 4615 tua

80 4657 164 4702 tant
209 4651 508 4719 plausibilis
546 4651 670 4703 olim
696 4690 711 4712 ,
754 4661 854 4703 tatu
885 4649 1218 4718 favorabilis,
1252 4660 1306 4703 ut
1331 4662 1598 4717 poetarum

79 4751 146 4789 tne
170 4741 467 4808 quibusque
494 4741 789 4794 lectissimis
809 4742 1217 4809 comparandum
1250 4751 1424 4810 putes,
1458 4752 1600 4800 certe

134 4880 156 4906 ·
179 4871 382 4924 Homini
419 4863 684 4939 Hispano,
716 4884 774 4928 ttt
800 4877 961 4928 altera
993 4876 1079 4929 lib.
1115 4863 1200 4930 vttt
1225 4870 1308 4930 'ad
1351 4873 1603 4930 Fortuna-

83 4937 182 5019 μω.
203 4937 741 5019 liancyeroscripsit
768 4959 884 4996 cum
916 4946 966 4996 in
985 4947 1229 5019 episcotii
1257 4961 1469 5019 munere
1497 4956 1602 4999 tres

82 5005 166 5070 iam
184 5008 536 5077 olympiadas,
563 5005 660 5060 bne
681 5025 761 5063 εει
779 5027 945 5064 annos
966 5005 1238 5067 duodecim
1263 5015 1599 5067 decurrisset.

81 5077 211 5144 Anno
236 5075 361 5144 ergo
388 5075 590 5144 Christi
611 5115 624 5136 ,
655 5079 791 5142 iuxta
831 5081 1031 5133 Baronii
1061 5085 1311 5135 calculum
1340 5083 1461 5133 484.

137 5141 162 5180 ³³
185 5141 424 5217 Tottantii
459 5143 842 5217 Ferreolililio,
865 5162 1017 5212 epist.
1044 5152 1072 5201 9
1104 5153 1195 5203 lib.
1229 5167 1284 5213 tt,
1307 5153 1392 5217 qui
1420 5151 1603 5203 doctus

81 5209 342 5287 ’ξοπιες-ηῑὶῃς
364 5213 681 5287 appellatur
700 5214 748 5265 in
777 5209 1163 5287 Propemptico,
1193 5209 1280 5274 ubi
1303 5209 1354 5273 et
1383 5231 1599 5272 matrem

79 5281 172 5349 eius
188 5281 536 5349 Papianillam
555 5280 757 5349 plaudat.

136 5359 158 5388 ε
175 5348 392 5425 Apuleio
408 5348 918 5425 _:‘qui_Qua3stionc.
943 5357 1259 5425 _convivalos
1296 5357 1600 5424 scripserat,

82 5425 196 5492 teste
221 5415 498 5474 Maerobio
531 5415 621 5468 lib.
669 5432 760 5492 vit,
794 5421 972 5492 cap._5
999 5423 1370 5492 :Quwsliom’s,
1406 5415 1596 5492 inquit,

80 5489 327 5560 consules
355 5500 624 5560 proponas
647 5487 718 5536 vel
745 5488 849 5551 ipse
878 5488 1140 5542 dissolvas.
1173 5493 1316 5554 Quod
1338 5487 1495 5560 genus
1531 5512 1605 5545 re-

79 5563 180 5614 lsm
204 5561 271 5612 ita
309 5557 569 5612 fabricant
622 5569 714 5606 non
759 5566 1014 5622 putarunt,
1049 5570 1100 5611 ut
1147 5572 1190 5611 et
1233 5557 1514 5614 Aristoteles
1547 5565 1606 5616 de

1680 449 1736 492 ttt
1780 440 1998 491 multum
2039 436 2180 503 sapis
2206 478 2219 501 ,
2253 434 2318 486 ita
2365 447 2568 499 qumpte
2606 433 2820 502 multum
2867 446 2950 483 me
2993 445 3217 481 amatos.

1679 529 1814 583 lliuc
1843 537 1954 592 est,
1997 525 2134 594 quod
2166 523 2230 577 de
2258 521 2498 575 laudibus
2525 521 2653 574 meis
2676 522 2865 571 caritas
2897 530 2979 588 tua
3011 521 3215 571 mentiri

1681 625 1880 682 potest,
1931 629 2029 667 nec
2081 621 2252 680 potest
2299 612 2498 663 fallere.
2557 609 2878 661 Prteterhoc
2907 607 3109 674 poscis,
3166 615 3231 680 ut

1681 681 1958 759 lioratiana
2004 703 2192 756 incude
2233 702 2484 754 formatos
2531 685 3030 766 Asclepimieos'ti‘bi
3062 681 3220 764 quos-

1680 795 1837 862 piam,
1884 791 2072 856 quibus
2120 790 2257 843 inter
2301 789 2582 841 bibendum
2626 785 3026 855 pronuntiandis
3064 774 3217 844 exer-

1679 898 1851 944 ccare,
1879 879 2248 934 transmittam.
2272 878 2436 931 Pareo
2462 877 2728 944 iniunctis,
2760 876 2875 928 Iic'e‘:
2907 877 2949 928 si
2973 878 3218 944 unquam,

1681 978 1837 1030 modo
1872 974 2099 1028 maxime
2139 970 2376 1037 prosario
2422 952 2666 1035 loquendi
2715 982 2906 1035 genere
2952 950 3222 1019 districtus

1680 1073 2089 1132 occupatusque.
2124 1061 2357 1130 De-niqae
2409 1057 2652 1126 probabis
2680 1058 2817 1119 circa
2856 1070 2950 1108 nos
2994 1043 3239 1130 plurima-

1680 1170 1742 1207 ex
1793 1159 1937 1219 iarte
1984 1161 2268 1205 metrorum
2300 1149 2466 1201 studia
2518 1147 2879 1214 refrigescere.
2923 1144 3034 1197 Non
3080 1145 3268 1219 enim)"

1681 1251 1978 1310 promptum
2007 1248 2084 1294 est
2108 1283 2122 1307 ,
2157 1227 2313 1290 unum
2345 1238 2691 1304 ettmdemque
2716 1233 2878 1304 probe
2925 1223 3093 1287 facere
3119 1233 3217 1285 ali-

1681 1331 1826 1396 quid,
1861 1343 1912 1382 et
1941 1343 2079 1382 raro.
2849 1379 2855 1391 ,

1862 1418 1963 1463 .iam
1980 1416 2156 1463 dudum
2177 1422 2364 1462 teretes
2393 1395 2830 1472 hendecasyllabos,

1861 1478 2036 1525 Attrito
2057 1475 2246 1524 calamis
2271 1475 2440 1533 pollice
2464 1474 2677 1529 lusimus,

1867 1549 1997 1612 Quos
2017 1551 2208 1592 cantare
2232 1544 2491 1612 magis‘pro
2510 1541 2838 1612 choriambicis

1867 1606 2076 1655 Excusso
2099 1613 2288 1664 poteras
2312 1601 2527 1649 {nobilius
2544 1603 2690 1664 pede.

1867 1665 1963 1715 Sed
1983 1673 2031 1713 tu
2060 1663 2146 1726 per
2173 1663 2353 1726 Calabri
2380 1663 2578 1726 tramitis
2608 1670 2834 1726 aggerem

1869 1727 1952 1774 Vis
1975 1732 2028 1774 ut
2053 1722 2210 1773 nostra
2233 1725 2406 1772 deliine
2431 1722 2823 1777 cursitetorbita;

1868 1790 1969 1842 Qua
1995 1785 2188 1833 Flaccus
2206 1785 2370 1844 lyricos
2395 1782 2693 1844 Pindaricum
2712 1779 2768 1844 ad
2794 1778 2942 1825 uictos

1867 1847 2038 1895 Frenis
2055 1849 2190 1894 flexit
2214 1842 2365 1904 equos
2381 1843 2628 1902 plectripo?
2641 1842 2847 1904 cutibus,

1865 1907 1985 1954 Dum
2011 1915 2163 1953 tut-iro
2181 1901 2388 1964 quatitur
2405 1901 2581 1964 rt-ltorda
2609 1901 2848 1964 (inuenio,

1868 1969 1968 2016 Nec
1987 1979 2078 2014 non
2106 1963 2312 2022 Alcaico,
2341 1963 2415 2010 vel
2453 1963 2776 2018 Pherecratio,

1868 2028 2040 2074 .lnnrto
2066 2026 2310 2076 Lesbiaco,
2335 2028 2436 2070 sive
2460 2024 2761 2082 anapzrstieo,
2783 2033 2785 2035 ‘

1867 2088 2082 2133 Veruans
2107 2099 2191 2143 per
2216 2085 2332 2130 varii
2357 2083 2572 2130 carminis
2592 2082 2803 2140 eclogas,

1867 2147 2128 2193 Verborum
2151 2158 2175 2190 ν
2198 2143 2284 2188 oli.
2305 2143 2690 2188 multicoloribus.

1869 2205 1996 2254 istud
2021 2204 2099 2260 (da
2126 2202 2326 2261 tenam)
2355 2201 2747 2261 fingerovatibus

1869 2258 2044 2323 Priscis
2065 2263 2254 2310 difficile
2280 2258 2370 2318 est,
2395 2258 2583 2306 tilliia'ile
2607 2266 2656 2307 et
2680 2261 2813 2313 milii,

1868 2326 1929 2373 Ut
1949 2325 2134 2372 «ια-εγω
2156 2335 2328 2370 sonans
2348 2335 2400 2365 os
2425 2322 2782 2380 epigranntalti,

1867 2386 1940 2433 Nil
1958 2386 2150 2433 crebras
2174 2385 2348 2428 titubet
2375 2379 2568 2439 propter
2595 2379 2832 2439 epistolas,

1869 2449 1995 2502 Quas
2019 2451 2155 2492 cantu
2182 2455 2235 2488 ac
2258 2441 2455 2502 modius
2474 2441 2823 2487 luxuriantibus

1869 2501 2107 2553 Lascivirc
2133 2510 2209 2550 vel
2227 2509 2260 2549 ti.
2283 2501 2483 2549 ntusctila
2507 2502 2666 2547 dictio.
2746 2513 2749 2517 ‘

1866 2565 1994 2614 Istud
2019 2567 2088 2614 vix
2113 2563 2226 2616 Leo,
2252 2575 2338 2608 rex
2357 2561 2543 2610 (fastidii
2565 2560 2717 2616 chori,

1867 2626 1955 2673 Vix
1983 2627 2106 2672 hunc
2129 2639 2206 2682 qui
2233 2636 2286 2669 se
2306 2627 2450 2680 ptitur
2481 2621 2543 2667 La
2563 2621 2956 2682 upridiusqueat,

1868 2680 2156 2733 Declatnatts
2170 2686 2343 2737 gotttitti
2371 2683 2582 2740 pondere
2599 2681 2686 2726 sub
2703 2680 2829 2738 styli,

1865 2747 2028 2794 (Ioraut
2068 2743 2312 2801 discipuls
2335 2740 2782 2799 llurdegaleusibUs.

1867 2805 1966 2852 Hoc
1988 2816 2083 2860 me,
2111 2797 2253 2861 teque
2278 2801 2436 2855 decet,
2461 2797 2619 2861 parce,
2645 2810 2829 2861 precor,
2850 2797 2984 2857 jocis,

1865 2868 2034 2919 Uuwso
2060 2858 2307 2920 pollicitam
2331 2858 2564 2905 δειναὶ-λιιι
2591 2859 2822 2904 extitlluut

1867 2923 2077 2972 Oratoris
2104 2932 2222 2980 Opus
2255 2931 2362 2964 cura
2387 2920 2662 2980 molestiam
2687 2930 2699 2980 ς

1869 2985 1972 3038 Quo
1993 2982 2053 3028 oil
2078 2976 2306 3035 deterius,
2331 2981 2368 3024 si
2394 2978 2534 3024 fuerit
2557 2976 2699 3038 simul

1872 3037 1924 3090 In
1945 3044 2105 3102 primis
2127 3041 2325 3099 rigidus,
2357 3038 2508 3086 mollis
2531 3039 2577 3084 in
2602 3037 2796 3085 ultimis.

1759 3143 1999 3207 Quinimo
2019 3144 2223 3210 quoties
2245 3143 2396 3207 epulo
2423 3156 2619 3194 mensa:
2644 3141 2885 3194 lautioris
2918 3143 3228 3202 hilarabere,

1693 3232 1974 3301 religiosis,
2006 3232 2140 3296 quod
2173 3231 2334 3297 magis
2366 3231 2616 3296 approbo,
2648 3229 3035 3301 narrationibus
3060 3244 3181 3281 vaca
3218 3249 3230 3281 :

1692 3318 1773 3373 bis
1804 3320 2128 3388 proferendis
2160 3318 2510 3370 confabulatio
2542 3317 2806 3384 frequens,
2838 3317 2915 3392 bis
2949 3317 3234 3372 redicendis

1695 3419 1952 3472 sollicitus
1981 3417 2186 3469 auditus
2217 3415 2486 3468 inserviat.
2512 3414 2660 3466 Certe
2705 3414 2745 3465 si
2773 3412 2929 3482 27!;
2955 3413 3206 3467 saluberri

1698 3506 1796 3557 mis
1836 3503 2210 3564 avocamentis,
2254 3511 2310 3554 ut
2332 3501 2415 3569 qui
2447 3500 2615 3553 adhuc
2645 3499 2868 3567 juvenis,
2905 3501 3129 3567 tepidius
3157 3503 3232 3552 in-

1699 3596 1942 3660 ﬂecteris,
1983 3611 2008 3648 a
2051 3606 2072 3634 ο
2107 3595 2373 3647 Platonico
2413 3589 2734 3652 Madaurensi
2777 3593 2960 3645 saltem
2992 3591 3238 3646 formidat

1699 3696 1938 3738 mutuare
1977 3685 2323 3739 convivalium
2355 3684 2699 3749 qumstionum
2725 3697 2738 3732 :
2766 3698 2971 3749 quoque
3009 3685 3240 3736 reddaris

1700 3775 2018 3834 instructior,
2044 3773 2135 3823 bas
2163 3774 2306 3823 Solve
2335 3769 2644 3836 propositas,
2671 3770 2759 3818 bas
2783 3784 3014 3836 prepone
3037 3773 3239 3822 solven-

1699 3862 1814 3921 das,
1851 3861 2016 3923 iisque
2066 3868 2115 3910 te
2144 3859 2349 3918 studiis,
2400 3865 2452 3910 et
2496 3856 2617 3906 dum
2653 3856 2852 3919 otiaris,
2894 3872 3105 3910 exerce.
3138 3858 3238 3910 Sed

1700 3949 1817 4011 quia
1864 3945 2060 3998 mentio
2087 3944 2444 3997 conviviorum
2494 3946 2653 3995 semel
2702 3943 2911 4005 incidit;
2962 3953 3118 4011 tuque
3165 3947 3238 3998 sic

1701 4050 1912 4088 carmen
1969 4035 2119 4086 nobis
2157 4035 2236 4086 vel
2281 4034 2343 4084 ad
2402 4033 2552 4084 aliam
2608 4047 2814 4084 Causam
2862 4047 3242 4104 personamque

1703 4123 2052 4192 compositum
2084 4123 2267 4175 sedulo
2295 4121 2559 4184 exposcis,
2595 4131 2646 4171 ut
2680 4136 2760 4175 me
2782 4122 2894 4191 ejus
2915 4125 3102 4178 edendi
3131 4126 3244 4179 diu.

1705 4214 1807 4266 tius
1839 4212 2032 4266 habere
2062 4227 2162 4264 non
2192 4211 2360 4281 possis
2393 4211 2775 4273 licesitatorem;
2804 4213 3014 4279 suscipe
3050 4215 3238 4278 libens,

1706 4303 1843 4370 quod
1876 4302 2198 4370 temporibus
2228 4301 2443 4369 Augusti
2476 4301 2769 4366 Maioriani,
2799 4316 2916 4354 cum
2952 4313 3131 4369 rogatu
3156 4319 3240 4356 cu-

1701 4392 1906 4460 jusdam
1946 4391 2138 4445 sodalis
2166 4391 2230 4443 ad
2276 4405 2477 4443 coenam
2515 4390 2939 4453 conveniremus,
2965 4392 3013 4442 in
3045 4391 3069 4426 ἀ
3104 4393 3239 4444 Petri

1706 4481 1896 4534 librum
1920 4480 2150 4547 magistri
2181 4479 2516 4547 epistolarum
2547 4478 2716 4539 subito
2758 4478 3011 4541 prolatum
3043 4479 3241 4530 subitos

1704 4571 1886 4633 effudi,
1917 4574 2048 4623 meis
2087 4584 2291 4635 quoque
2329 4566 2805 4626 contubernalibus,
2842 4566 2962 4617 dum
2995 4583 3082 4619 rex
3114 4584 3241 4631 con:

1700 4658 1822 4711 γίνῙί
1889 4659 2026 4711 circa
2073 4656 2417 4727 ordinandum
2477 4668 2646 4706 moras
2705 4656 2865 4705 nectit
2921 4670 3242 4724 oxygarum,

1701 4747 1721 4769 ‘
1748 4747 2019 4810 Domnulo,
2037 4746 2320 4801 Severiano
2349 4753 2506 4811 atque
2523 4745 2818 4812 Lampridio
2843 4746 2985 4812 paria
3015 4763 3243 4817 pangen-

1705 4881 1826 4948 t'pst's
1848 4881 2017 4950 aliqua
2047 4880 2392 4945 conscripserit
2422 4888 2466 4931 et
2494 4878 2816 4942 Plutarchus,
2847 4890 2894 4932 et
2926 4891 3080 4934 vester
3108 4886 3243 4950 Apu-

1704 4951 1847 5020 leius.
1883 4949 2211 5020 Frontonem
2241 4950 2384 5020 addit
2410 4951 2636 5020 Joannes
2685 4950 3118 5017 Saresberiensis,
3155 4949 3242 5020 Qui

1705 5017 1945 5085 Macrobii
1974 5019 2126 5068 verba
2155 5018 2338 5079 repulit
2369 5019 2672 5085 i’olycratict
2707 5034 2814 5080 vut,
2847 5020 2930 5070 lt).

1758 5083 1783 5120 ά
1803 5086 2067 5151 Majoriani
2094 5089 2307 5151 Augusti
2333 5083 2474 5150 εψιεί
2498 5089 2646 5154 100
2685 5090 2851 5152 legato
2877 5097 2929 5139 et
2953 5086 3238 5150 interprete

1704 5155 2014 5217 Maiorianus
2055 5156 2350 5221 prmsiduttn
2394 5157 2610 5205 militum
2650 5156 2901 5221 Lugdunu
2945 5156 3242 5217 impositum

1705 5229 1831 5275 urbe
1850 5224 2067 5288 depulit,
2084 5233 2135 5273 ιιι
2153 5235 2232 5275 est
2253 5225 2299 5274 itt
2325 5226 2637 5290 pattegyrico
2657 5224 2921 5285 Maioriani
2946 5226 3042 5272 sub
3067 5226 3240 5275 tinctu.

1707 5292 1902 5411 Eitleng
1935 5304 2186 5359 prcolerea
2235 5294 2601 5360 panegyricmu
2665 5296 2830 5357 ipsum
2885 5290 3074 5342 obtulit
3130 5307 3248 5345 car-

1707 5376 1844 5411 tntne
1909 5400 1918 5409 .

1707 5376 1844 5412 llHllC
1872 5376 1918 5411 Ο.

1779 5437 1800 5463 ο
1829 5427 1897 5480 De
1929 5427 2184 5479 Domnulo
2210 5427 2404 5480 dictum
2435 5429 2525 5480 lib.
2566 5443 2636 5488 tv,
2666 5427 2879 5490 epistola
2914 5426 3111 5480 ultima.
3155 5429 3249 5482 Se-

1707 5497 1974 5547 verianum
2019 5498 2204 5549 iterutn
2238 5498 2414 5549 laudat
2445 5497 2662 5563 epistola
2712 5495 2793 5558 13$,
2829 5506 2878 5545 et
2916 5498 3154 5549 carmine
3192 5501 3250 5549 iii

1708 5566 1793 5617 ubi
1817 5573 2148 5623 praestantem
2192 5568 2334 5629 tuba,
2378 5567 2474 5616 ltoc
2510 5574 2591 5616 est
2629 5565 3050 5631 grandiloquum,
3077 5581 3244 5619 vocat.
