  <div class='ocr_page' id='page_1' title='image "/cluster/home/n/w/nwhite01/storage/ocr_20150623/58/uva.x000827100/324.png"; bbox 0 0 3818 6226; ppageno 0'>
   <div class='ocr_carea' id='block_1_1' title="bbox 63 249 1560 366">
    <p class='ocr_par' dir='ltr' id='par_1_1' title="bbox 63 282 1558 366">
     <span class='ocr_line' id='line_1_1' title="bbox 63 282 1558 366; baseline -0.02 -2"><span class='ocrx_word' id='word_1_1' title='bbox 63 314 134 366; x_wconf 60' lang='grc' dir='ltr'><strong>ωδ</strong></span> <span class='ocrx_word' id='word_1_2' title='bbox 1189 282 1558 340; x_wconf 68' lang='lat' dir='ltr'><strong>EPISTULA“</strong></span> 
     </span>
    </p>
   </div>
   <div class='ocr_carea' id='block_1_2' title="bbox 1653 249 1957 366">
    <p class='ocr_par' dir='ltr' id='par_1_2' title="bbox 1653 273 1957 333">
     <span class='ocr_line' id='line_1_2' title="bbox 1653 273 1957 333; baseline -0.01 -1"><span class='ocrx_word' id='word_1_3' title='bbox 1653 296 1656 332; x_wconf 53' lang='grc' dir='ltr'><strong>ι</strong></span> <span class='ocrx_word' id='word_1_4' title='bbox 1697 277 1824 333; x_wconf 76' lang='lat' dir='ltr'><strong>LIB.</strong></span> <span class='ocrx_word' id='word_1_5' title='bbox 1868 273 1957 329; x_wconf 74' lang='lat' dir='ltr'><strong>IX.</strong></span> 
     </span>
    </p>
   </div>
   <div class='ocr_carea' id='block_1_3' title="bbox 1556 374 3178 455">
    <p class='ocr_par' dir='ltr' id='par_1_3' title="bbox 1556 374 3178 455">
     <span class='ocr_line' id='line_1_3' title="bbox 1556 374 3178 455; baseline -0.012 -10"><span class='ocrx_word' id='word_1_6' title='bbox 1556 400 1603 455; x_wconf 82' lang='grc' dir='ltr'><strong>Λ</strong></span> <span class='ocrx_word' id='word_1_7' title='bbox 1636 403 1839 444; x_wconf 87' lang='lat' dir='ltr'><strong>rentur.</strong></span> <span class='ocrx_word' id='word_1_8' title='bbox 1868 385 2020 453; x_wconf 83' lang='lat' dir='ltr'><strong>Quod</strong></span> <span class='ocrx_word' id='word_1_9' title='bbox 2045 381 2404 452; x_wconf 79' lang='lat' dir='ltr'><strong>proculdubio</strong></span> <span class='ocrx_word' id='word_1_10' title='bbox 2431 375 2848 446; x_wconf 66' lang='lat' dir='ltr'><strong>consequebare,</strong></span> <span class='ocrx_word' id='word_1_11' title='bbox 2873 374 2918 428; x_wconf 83' lang='lat' dir='ltr'><strong>si</strong></span> <span class='ocrx_word' id='word_1_12' title='bbox 2941 375 3085 441; x_wconf 82' lang='lat' dir='ltr'><strong>pacis</strong></span> <span class='ocrx_word' id='word_1_13' title='bbox 3105 375 3178 426; x_wconf 79' lang='lat' dir='ltr'><strong>lo-</strong></span> 
     </span>
    </p>
   </div>
   <div class='ocr_carea' id='block_1_4' title="bbox 236 407 805 467">
    <p class='ocr_par' dir='ltr' id='par_1_4' title="bbox 236 407 805 467">
     <span class='ocr_line' id='line_1_4' title="bbox 236 407 805 467; baseline -0.019 -3"><span class='ocrx_word' id='word_1_14' title='bbox 236 411 561 467; x_wconf 85' lang='lat' dir='ltr'><strong>Comitantibus</strong></span> <span class='ocrx_word' id='word_1_15' title='bbox 585 407 805 457; x_wconf 76' lang='lat' dir='ltr'><strong>Camenis</strong></span> 
     </span>
    </p>
   </div>
   <div class='ocr_carea' id='block_1_5' title="bbox 241 469 864 534">
    <p class='ocr_par' dir='ltr' id='par_1_5' title="bbox 241 469 864 534">
     <span class='ocr_line' id='line_1_5' title="bbox 241 469 864 534; baseline -0.022 -10"><span class='ocrx_word' id='word_1_16' title='bbox 241 476 498 534; x_wconf 69' lang='lat' dir='ltr'><strong>Abigamus,</strong></span> <span class='ocrx_word' id='word_1_17' title='bbox 524 476 580 534; x_wconf 83' lang='lat' dir='ltr'><strong>e_t</strong></span> <span class='ocrx_word' id='word_1_18' title='bbox 603 469 864 534; x_wconf 71' lang='lat' dir='ltr'><strong>Minervam</strong></span> 
     </span>
    </p>
   </div>
   <div class='ocr_carea' id='block_1_6' title="bbox 241 525 879 592">
    <p class='ocr_par' dir='ltr' id='par_1_6' title="bbox 241 525 879 592">
     <span class='ocr_line' id='line_1_6' title="bbox 241 525 879 592; baseline -0.017 -9"><span class='ocrx_word' id='word_1_19' title='bbox 241 525 372 592; x_wconf 55' lang='lat' dir='ltr'><strong>unasi</strong></span> <span class='ocrx_word' id='word_1_20' title='bbox 395 525 650 592; x_wconf 54' lang='lat' dir='ltr'><strong>pra&#39;sulem</strong></span> <span class='ocrx_word' id='word_1_21' title='bbox 670 525 879 592; x_wconf 65' lang='lat' dir='ltr'><strong>canendi</strong></span> 
     </span>
    </p>
   </div>
   <div class='ocr_carea' id='block_1_7' title="bbox 242 584 782 644">
    <p class='ocr_par' dir='ltr' id='par_1_7' title="bbox 242 584 782 644">
     <span class='ocr_line' id='line_1_7' title="bbox 242 584 782 644; baseline -0.02 -2"><span class='ocrx_word' id='word_1_22' title='bbox 242 584 490 644; x_wconf 56' lang='lat' dir='ltr'><strong>licitiovete</strong></span> <span class='ocrx_word' id='word_1_23' title='bbox 530 590 634 637; x_wconf 87' lang='lat' dir='ltr'><strong>ticta</strong></span> <span class='ocrx_word' id='word_1_24' title='bbox 665 584 782 642; x_wconf 83' lang='lat' dir='ltr'><strong>fatu,</strong></span> 
     </span>
    </p>
   </div>
   <div class='ocr_carea' id='block_1_8' title="bbox 240 653 849 712">
    <p class='ocr_par' dir='ltr' id='par_1_8' title="bbox 240 653 849 712">
     <span class='ocr_line' id='line_1_8' title="bbox 240 653 849 712; baseline -0.02 -9"><span class='ocrx_word' id='word_1_25' title='bbox 240 657 360 703; x_wconf 77' lang='lat' dir='ltr'><strong>Deus</strong></span> <span class='ocrx_word' id='word_1_26' title='bbox 380 656 465 702; x_wconf 78' lang='lat' dir='ltr'><strong>ista</strong></span> <span class='ocrx_word' id='word_1_27' title='bbox 489 653 685 712; x_wconf 63' lang='lat' dir='ltr'><strong>praestat</strong></span> <span class='ocrx_word' id='word_1_28' title='bbox 713 658 849 693; x_wconf 86' lang='lat' dir='ltr'><strong>unus.</strong></span> 
     </span>
    </p>
   </div>
   <div class='ocr_carea' id='block_1_9' title="bbox 239 712 902 773">
    <p class='ocr_par' dir='ltr' id='par_1_9' title="bbox 239 712 902 773">
     <span class='ocr_line' id='line_1_9' title="bbox 239 712 902 773; baseline -0.018 -10"><span class='ocrx_word' id='word_1_29' title='bbox 239 714 418 773; x_wconf 88' lang='lat' dir='ltr'><strong>Stupuit</strong></span> <span class='ocrx_word' id='word_1_30' title='bbox 439 712 591 773; x_wconf 77' lang='lat' dir='ltr'><strong>virum</strong></span> <span class='ocrx_word' id='word_1_31' title='bbox 625 713 902 766; x_wconf 73' lang='lat' dir='ltr'><strong>loquentem</strong></span> 
     </span>
    </p>
   </div>
   <div class='ocr_carea' id='block_1_10' title="bbox 236 771 779 828">
    <p class='ocr_par' dir='ltr' id='par_1_10' title="bbox 236 771 779 828">
     <span class='ocr_line' id='line_1_10' title="bbox 236 771 779 828; baseline -0.018 -6"><span class='ocrx_word' id='word_1_32' title='bbox 236 771 524 822; x_wconf 70' lang='lat' dir='ltr'><strong>&#39;Dizidetnatis</strong></span> <span class='ocrx_word' id='word_1_33' title='bbox 548 775 779 828; x_wconf 85' lang='lat' dir='ltr'><strong>potestas,</strong></span> 
     </span>
    </p>
   </div>
   <div class='ocr_carea' id='block_1_11' title="bbox 241 828 993 894">
    <p class='ocr_par' dir='ltr' id='par_1_11' title="bbox 241 828 993 894">
     <span class='ocr_line' id='line_1_11' title="bbox 241 828 993 894; baseline -0.016 -12"><span class='ocrx_word' id='word_1_34' title='bbox 241 835 377 894; x_wconf 72' lang='lat' dir='ltr'><strong>Toga,</strong></span> <span class='ocrx_word' id='word_1_35' title='bbox 417 828 732 894; x_wconf 84' lang='lat' dir='ltr'><strong>miles,__ordo_</strong></span> <span class='ocrx_word' id='word_1_36' title='bbox 743 828 993 894; x_wconf 81' lang='lat' dir='ltr'><strong>equester,</strong></span> 
     </span>
    </p>
   </div>
   <div class='ocr_carea' id='block_1_12' title="bbox 243 887 871 953">
    <p class='ocr_par' dir='ltr' id='par_1_12' title="bbox 243 887 871 953">
     <span class='ocr_line' id='line_1_12' title="bbox 243 887 871 953; baseline -0.016 -13"><span class='ocrx_word' id='word_1_37' title='bbox 243 887 534 953; x_wconf 65' lang='lat' dir='ltr'><strong>Populusqoe</strong></span> <span class='ocrx_word' id='word_1_38' title='bbox 570 887 833 953; x_wconf 51' lang='lat' dir='ltr'><strong>Romularis</strong></span> <span class='ocrx_word' id='word_1_39' title='bbox 857 895 871 930; x_wconf 89' lang='lat'><strong>:</strong></span> 
     </span>
    </p>
   </div>
   <div class='ocr_carea' id='block_1_13' title="bbox 243 945 889 1008">
    <p class='ocr_par' dir='ltr' id='par_1_13' title="bbox 243 945 889 1008">
     <span class='ocr_line' id='line_1_13' title="bbox 243 945 889 1008; baseline -0.014 -7"><span class='ocrx_word' id='word_1_40' title='bbox 243 954 293 1001; x_wconf 80' lang='lat' dir='ltr'><strong>Et</strong></span> <span class='ocrx_word' id='word_1_41' title='bbox 306 945 469 1001; x_wconf 66' lang='lat' dir='ltr'><strong>adhuc</strong></span> <span class='ocrx_word' id='word_1_42' title='bbox 485 949 658 1008; x_wconf 76' lang='lat' dir='ltr'><strong>acpbos</strong></span> <span class='ocrx_word' id='word_1_43' title='bbox 678 945 889 1005; x_wconf 80' lang='lat' dir='ltr'><strong>volutant</strong></span> 
     </span>
    </p>
   </div>
   <div class='ocr_carea' id='block_1_14' title="bbox 242 1008 960 1072">
    <p class='ocr_par' dir='ltr' id='par_1_14' title="bbox 242 1008 960 1072">
     <span class='ocr_line' id='line_1_14' title="bbox 242 1008 960 1072; baseline -0.018 -10"><span class='ocrx_word' id='word_1_44' title='bbox 242 1014 372 1072; x_wconf 77' lang='lat' dir='ltr'><strong>Fors,</strong></span> <span class='ocrx_word' id='word_1_45' title='bbox 398 1008 593 1072; x_wconf 72' lang='lat' dir='ltr'><strong>templa,</strong></span> <span class='ocrx_word' id='word_1_46' title='bbox 632 1018 765 1066; x_wconf 89' lang='lat' dir='ltr'><strong>rura,</strong></span> <span class='ocrx_word' id='word_1_47' title='bbox 788 1011 960 1072; x_wconf 70' lang='lat' dir='ltr'><strong>castra.</strong></span> 
     </span>
    </p>
   </div>
   <div class='ocr_carea' id='block_1_15' title="bbox 241 1065 1004 1131">
    <p class='ocr_par' dir='ltr' id='par_1_15' title="bbox 241 1065 1004 1131">
     <span class='ocr_line' id='line_1_15' title="bbox 241 1065 1004 1131; baseline -0.014 -11"><span class='ocrx_word' id='word_1_48' title='bbox 241 1065 386 1131; x_wconf 67' lang='lat' dir='ltr'><strong>Super</strong></span> <span class='ocrx_word' id='word_1_49' title='bbox 409 1065 529 1126; x_wconf 63' lang='lat' dir='ltr'><strong>hac,</strong></span> <span class='ocrx_word' id='word_1_50' title='bbox 551 1065 789 1131; x_wconf 76' lang='lat' dir='ltr'><strong>fragorem</strong></span> <span class='ocrx_word' id='word_1_51' title='bbox 814 1065 1004 1113; x_wconf 81' lang='lat' dir='ltr'><strong>alumno</strong></span> 
     </span>
    </p>
   </div>
   <div class='ocr_carea' id='block_1_16' title="bbox 239 1129 845 1192">
    <p class='ocr_par' dir='ltr' id='par_1_16' title="bbox 239 1129 845 1192">
     <span class='ocr_line' id='line_1_16' title="bbox 239 1129 845 1192; baseline -0.015 -12"><span class='ocrx_word' id='word_1_52' title='bbox 239 1129 402 1192; x_wconf 76' lang='lat' dir='ltr'><strong>Padus,</strong></span> <span class='ocrx_word' id='word_1_53' title='bbox 427 1137 574 1192; x_wconf 82' lang='lat' dir='ltr'><strong>atque</strong></span> <span class='ocrx_word' id='word_1_54' title='bbox 606 1129 845 1192; x_wconf 63' lang='lat' dir='ltr'><strong>civitatum</strong></span> 
     </span>
    </p>
   </div>
   <div class='ocr_carea' id='block_1_17' title="bbox 240 1190 852 1249">
    <p class='ocr_par' dir='ltr' id='par_1_17' title="bbox 240 1190 852 1249">
     <span class='ocr_line' id='line_1_17' title="bbox 240 1190 852 1249; baseline -0.016 -7"><span class='ocrx_word' id='word_1_55' title='bbox 240 1193 325 1241; x_wconf 87' lang='lat' dir='ltr'><strong>Dat</strong></span> <span class='ocrx_word' id='word_1_56' title='bbox 345 1190 474 1238; x_wconf 83' lang='lat' dir='ltr'><strong>amor</strong></span> <span class='ocrx_word' id='word_1_57' title='bbox 494 1190 852 1249; x_wconf 75' lang='lat' dir='ltr'><strong>Ligusticarum.</strong></span> 
     </span>
    </p>
   </div>
   <div class='ocr_carea' id='block_1_18' title="bbox 237 1247 782 1302">
    <p class='ocr_par' dir='ltr' id='par_1_18' title="bbox 237 1247 782 1302">
     <span class='ocr_line' id='line_1_18' title="bbox 237 1247 782 1302; baseline -0.017 0"><span class='ocrx_word' id='word_1_58' title='bbox 237 1251 409 1302; x_wconf 81' lang='lat' dir='ltr'><strong>Similis</strong></span> <span class='ocrx_word' id='word_1_59' title='bbox 429 1250 494 1296; x_wconf 66' lang='lat' dir='ltr'><strong>l’at</strong></span> <span class='ocrx_word' id='word_1_60' title='bbox 505 1247 561 1297; x_wconf 70' lang='lat' dir='ltr'><strong>or</strong></span> <span class='ocrx_word' id='word_1_61' title='bbox 570 1247 782 1297; x_wconf 86' lang='lat' dir='ltr'><strong>resultat</strong></span> 
     </span>
    </p>
   </div>
   <div class='ocr_carea' id='block_1_19' title="bbox 244 1307 881 1368">
    <p class='ocr_par' dir='ltr' id='par_1_19' title="bbox 244 1307 881 1368">
     <span class='ocr_line' id='line_1_19' title="bbox 244 1307 881 1368; baseline -0.008 -9"><span class='ocrx_word' id='word_1_62' title='bbox 244 1310 572 1360; x_wconf 72' lang='lat' dir='ltr'><strong>Rhodanitidas</strong></span> <span class='ocrx_word' id='word_1_63' title='bbox 593 1307 881 1368; x_wconf 78' lang='lat' dir='ltr'><strong>per_urbes,</strong></span> 
     </span>
    </p>
   </div>
   <div class='ocr_carea' id='block_1_20' title="bbox 245 1365 779 1430">
    <p class='ocr_par' dir='ltr' id='par_1_20' title="bbox 245 1365 779 1430">
     <span class='ocr_line' id='line_1_20' title="bbox 245 1365 779 1430; baseline -0.013 -9"><span class='ocrx_word' id='word_1_64' title='bbox 245 1365 779 1430; x_wconf 55' lang='lat' dir='ltr'><strong>lmitahiturque&#39;Galtos</strong></span> 
     </span>
    </p>
   </div>
   <div class='ocr_carea' id='block_1_21' title="bbox 243 1430 756 1481">
    <p class='ocr_par' dir='ltr' id='par_1_21' title="bbox 243 1430 756 1481">
     <span class='ocr_line' id='line_1_21' title="bbox 243 1430 756 1481; baseline -0.019 0"><span class='ocrx_word' id='word_1_65' title='bbox 243 1432 424 1481; x_wconf 79' lang='lat' dir='ltr'><strong>Feritas</strong></span> <span class='ocrx_word' id='word_1_66' title='bbox 443 1430 756 1477; x_wconf 85' lang='lat' dir='ltr'><strong>lbericorum.</strong></span> 
     </span>
    </p>
   </div>
   <div class='ocr_carea' id='block_1_22' title="bbox 242 1490 878 1542">
    <p class='ocr_par' dir='ltr' id='par_1_22' title="bbox 242 1490 878 1542">
     <span class='ocr_line' id='line_1_22' title="bbox 242 1490 878 1542; baseline -0.016 -2"><span class='ocrx_word' id='word_1_67' title='bbox 242 1492 338 1542; x_wconf 70' lang='lat' dir='ltr'><strong>Nec</strong></span> <span class='ocrx_word' id='word_1_68' title='bbox 356 1493 404 1538; x_wconf 88' lang='lat' dir='ltr'><strong>in</strong></span> <span class='ocrx_word' id='word_1_69' title='bbox 427 1490 519 1538; x_wconf 85' lang='lat' dir='ltr'><strong>hoc</strong></span> <span class='ocrx_word' id='word_1_70' title='bbox 536 1493 746 1536; x_wconf 81' lang='lat' dir='ltr'><strong>moratus</strong></span> <span class='ocrx_word' id='word_1_71' title='bbox 765 1497 878 1542; x_wconf 88' lang='lat' dir='ltr'><strong>axe,</strong></span> 
     </span>
    </p>
   </div>
   <div class='ocr_carea' id='block_1_23' title="bbox 241 1543 910 1608">
    <p class='ocr_par' dir='ltr' id='par_1_23' title="bbox 241 1543 910 1608">
     <span class='ocr_line' id='line_1_23' title="bbox 241 1543 910 1608; baseline -0.022 -5"><span class='ocrx_word' id='word_1_72' title='bbox 241 1551 337 1603; x_wconf 75' lang='lat' dir='ltr'><strong>Cito</strong></span> <span class='ocrx_word' id='word_1_73' title='bbox 358 1552 416 1597; x_wconf 83' lang='lat' dir='ltr'><strong>ad</strong></span> <span class='ocrx_word' id='word_1_74' title='bbox 439 1562 550 1595; x_wconf 87' lang='lat' dir='ltr'><strong>arva</strong></span> <span class='ocrx_word' id='word_1_75' title='bbox 576 1550 759 1608; x_wconf 11' lang='lat' dir='ltr'><strong>perget,</strong></span> <span class='ocrx_word' id='word_1_76' title='bbox 779 1543 910 1602; x_wconf 76' lang='lat' dir='ltr'><strong>Euri,</strong></span> 
     </span>
    </p>
   </div>
   <div class='ocr_carea' id='block_1_24' title="bbox 244 1607 942 1673">
    <p class='ocr_par' dir='ltr' id='par_1_24' title="bbox 244 1607 942 1673">
     <span class='ocr_line' id='line_1_24' title="bbox 244 1607 942 1673; baseline -0.019 -13"><span class='ocrx_word' id='word_1_77' title='bbox 244 1607 644 1673; x_wconf 48' lang='lat' dir='ltr'><strong>aquilonibusque</strong></span> <span class='ocrx_word' id='word_1_78' title='bbox 667 1612 719 1673; x_wconf 72' lang='lat' dir='ltr'><strong>et</strong></span> <span class='ocrx_word' id='word_1_79' title='bbox 737 1607 942 1673; x_wconf 75' lang='lat' dir='ltr'><strong>Austris,</strong></span> 
     </span>
    </p>
   </div>
   <div class='ocr_carea' id='block_1_25' title="bbox 238 1665 944 1732">
    <p class='ocr_par' dir='ltr' id='par_1_25' title="bbox 238 1665 944 1732">
     <span class='ocr_line' id='line_1_25' title="bbox 238 1665 944 1732; baseline -0.021 -12"><span class='ocrx_word' id='word_1_80' title='bbox 238 1665 577 1732; x_wconf 49' lang='lat' dir='ltr'><strong>Zc&#39;phyrisqne‘</strong></span> <span class='ocrx_word' id='word_1_81' title='bbox 589 1665 875 1727; x_wconf 78' lang='lat' dir='ltr'><strong>perferetur.</strong></span> <span class='ocrx_word' id='word_1_82' title='bbox 939 1677 944 1680; x_wconf 94' lang='grc'><strong>·</strong></span> 
     </span>
    </p>
   </div>
   <div class='ocr_carea' id='block_1_26' title="bbox 101 1753 1533 1845">
    <p class='ocr_par' dir='ltr' id='par_1_26' title="bbox 101 1753 1533 1845">
     <span class='ocr_line' id='line_1_26' title="bbox 101 1753 1533 1845; baseline -0.02 -12"><span class='ocrx_word' id='word_1_83' title='bbox 101 1775 228 1845; x_wconf 64' lang='grc'><strong>277</strong></span> <span class='ocrx_word' id='word_1_84' title='bbox 256 1773 388 1827; x_wconf 82' lang='lat' dir='ltr'><strong>Ecce</strong></span> <span class='ocrx_word' id='word_1_85' title='bbox 431 1770 556 1824; x_wconf 89' lang='lat' dir='ltr'><strong>dum</strong></span> <span class='ocrx_word' id='word_1_86' title='bbox 581 1779 760 1835; x_wconf 66' lang='lat' dir='ltr'><strong>qumro</strong></span> <span class='ocrx_word' id='word_1_87' title='bbox 781 1761 905 1831; x_wconf 86' lang='lat' dir='ltr'><strong>quid</strong></span> <span class='ocrx_word' id='word_1_88' title='bbox 935 1768 1135 1826; x_wconf 85' lang='lat' dir='ltr'><strong>cantes,</strong></span> <span class='ocrx_word' id='word_1_89' title='bbox 1170 1760 1282 1826; x_wconf 86' lang='lat' dir='ltr'><strong>ipse</strong></span> <span class='ocrx_word' id='word_1_90' title='bbox 1307 1753 1533 1810; x_wconf 76' lang='lat' dir='ltr'><strong>cantavi.</strong></span> 
     </span>
    </p>
   </div>
   <div class='ocr_carea' id='block_1_27' title="bbox 53 1848 1541 1930">
    <p class='ocr_par' dir='ltr' id='par_1_27' title="bbox 53 1848 1541 1930">
     <span class='ocr_line' id='line_1_27' title="bbox 53 1848 1541 1930; baseline -0.014 -12"><span class='ocrx_word' id='word_1_91' title='bbox 53 1867 167 1919; x_wconf 82' lang='lat' dir='ltr'><strong>Tales</strong></span> <span class='ocrx_word' id='word_1_92' title='bbox 189 1865 316 1916; x_wconf 89' lang='lat' dir='ltr'><strong>enim</strong></span> <span class='ocrx_word' id='word_1_93' title='bbox 348 1874 513 1930; x_wconf 79' lang='lat' dir='ltr'><strong>nugas</strong></span> <span class='ocrx_word' id='word_1_94' title='bbox 539 1858 594 1911; x_wconf 92' lang='lat' dir='ltr'><strong>in</strong></span> <span class='ocrx_word' id='word_1_95' title='bbox 625 1859 732 1911; x_wconf 90' lang='lat' dir='ltr'><strong>imo</strong></span> <span class='ocrx_word' id='word_1_96' title='bbox 758 1853 937 1908; x_wconf 82' lang='lat' dir='ltr'><strong>scrinii</strong></span> <span class='ocrx_word' id='word_1_97' title='bbox 964 1850 1126 1904; x_wconf 74' lang='lat' dir='ltr'><strong>fundo</strong></span> <span class='ocrx_word' id='word_1_98' title='bbox 1145 1848 1384 1902; x_wconf 86' lang='lat' dir='ltr'><strong>muribus</strong></span> <span class='ocrx_word' id='word_1_99' title='bbox 1415 1858 1541 1912; x_wconf 88' lang='lat' dir='ltr'><strong>per-</strong></span> 
     </span>
    </p>
   </div>
   <div class='ocr_carea' id='block_1_28' title="bbox 55 1935 1538 2018">
    <p class='ocr_par' dir='ltr' id='par_1_28' title="bbox 55 1935 1538 2018">
     <span class='ocr_line' id='line_1_28' title="bbox 55 1935 1538 2018; baseline -0.016 -13"><span class='ocrx_word' id='word_1_100' title='bbox 55 1953 223 2016; x_wconf 78' lang='lat' dir='ltr'><strong>foratas,</strong></span> <span class='ocrx_word' id='word_1_101' title='bbox 247 1958 362 2018; x_wconf 88' lang='lat' dir='ltr'><strong>post</strong></span> <span class='ocrx_word' id='word_1_102' title='bbox 382 1961 553 2004; x_wconf 82' lang='lat' dir='ltr'><strong>annos</strong></span> <span class='ocrx_word' id='word_1_103' title='bbox 587 1947 798 2000; x_wconf 81' lang='lat' dir='ltr'><strong>circiter</strong></span> <span class='ocrx_word' id='word_1_104' title='bbox 821 1940 1002 2009; x_wconf 90' lang='lat' dir='ltr'><strong>viginti</strong></span> <span class='ocrx_word' id='word_1_105' title='bbox 1033 1937 1245 2009; x_wconf 78' lang='lat' dir='ltr'><strong>profero</strong></span> <span class='ocrx_word' id='word_1_106' title='bbox 1267 1936 1321 1989; x_wconf 87' lang='lat' dir='ltr'><strong>in</strong></span> <span class='ocrx_word' id='word_1_107' title='bbox 1345 1935 1538 1996; x_wconf 84' lang='lat' dir='ltr'><strong>lucem,</strong></span> 
     </span>
    </p>
   </div>
   <div class='ocr_carea' id='block_1_29' title="bbox 54 2025 1540 2110">
    <p class='ocr_par' dir='ltr' id='par_1_29' title="bbox 54 2025 1540 2110">
     <span class='ocr_line' id='line_1_29' title="bbox 54 2025 1540 2110; baseline -0.012 -16"><span class='ocrx_word' id='word_1_108' title='bbox 54 2045 193 2110; x_wconf 74' lang='lat' dir='ltr'><strong>quales</strong></span> <span class='ocrx_word' id='word_1_109' title='bbox 229 2042 333 2110; x_wconf 88' lang='lat' dir='ltr'><strong>pari</strong></span> <span class='ocrx_word' id='word_1_110' title='bbox 373 2051 619 2106; x_wconf 82' lang='lat' dir='ltr'><strong>tempore</strong></span> <span class='ocrx_word' id='word_1_111' title='bbox 661 2035 925 2096; x_wconf 87' lang='lat' dir='ltr'><strong>absentes,</strong></span> <span class='ocrx_word' id='word_1_112' title='bbox 955 2045 1075 2084; x_wconf 91' lang='lat' dir='ltr'><strong>cum</strong></span> <span class='ocrx_word' id='word_1_113' title='bbox 1104 2029 1318 2084; x_wconf 87' lang='lat' dir='ltr'><strong>domum</strong></span> <span class='ocrx_word' id='word_1_114' title='bbox 1362 2025 1540 2088; x_wconf 79' lang='lat' dir='ltr'><strong>rediit,</strong></span> 
     </span>
    </p>
   </div>
   <div class='ocr_carea' id='block_1_30' title="bbox 56 2121 1544 2202">
    <p class='ocr_par' dir='ltr' id='par_1_30' title="bbox 56 2121 1544 2202">
     <span class='ocr_line' id='line_1_30' title="bbox 56 2121 1544 2202; baseline -0.014 -15"><span class='ocrx_word' id='word_1_115' title='bbox 56 2132 226 2202; x_wconf 82' lang='lat' dir='ltr'><strong>Ulysses</strong></span> <span class='ocrx_word' id='word_1_116' title='bbox 260 2130 498 2184; x_wconf 88' lang='lat' dir='ltr'><strong>invenire</strong></span> <span class='ocrx_word' id='word_1_117' title='bbox 523 2127 792 2196; x_wconf 86' lang='lat' dir='ltr'><strong>potuisset.</strong></span> <span class='ocrx_word' id='word_1_118' title='bbox 824 2121 1056 2178; x_wconf 83' lang='lat' dir='ltr'><strong>Proinde</strong></span> <span class='ocrx_word' id='word_1_119' title='bbox 1086 2128 1205 2188; x_wconf 91' lang='lat' dir='ltr'><strong>peto</strong></span> <span class='ocrx_word' id='word_1_120' title='bbox 1230 2126 1287 2170; x_wconf 88' lang='lat' dir='ltr'><strong>ut</strong></span> <span class='ocrx_word' id='word_1_121' title='bbox 1311 2127 1544 2185; x_wconf 69' lang='lat' dir='ltr'><strong>praesen-</strong></span> 
     </span>
    </p>
   </div>
   <div class='ocr_carea' id='block_1_31' title="bbox 57 2210 1540 2285">
    <p class='ocr_par' dir='ltr' id='par_1_31' title="bbox 57 2210 1540 2285">
     <span class='ocr_line' id='line_1_31' title="bbox 57 2210 1540 2285; baseline -0.014 -8"><span class='ocrx_word' id='word_1_122' title='bbox 57 2226 160 2277; x_wconf 80' lang='lat' dir='ltr'><strong>tibus</strong></span> <span class='ocrx_word' id='word_1_123' title='bbox 183 2222 386 2277; x_wconf 82' lang='lat' dir='ltr'><strong>ludicris</strong></span> <span class='ocrx_word' id='word_1_124' title='bbox 415 2217 642 2274; x_wconf 86' lang='lat' dir='ltr'><strong>libenter</strong></span> <span class='ocrx_word' id='word_1_125' title='bbox 660 2217 924 2285; x_wconf 79' lang='lat' dir='ltr'><strong>ignoscas.</strong></span> <span class='ocrx_word' id='word_1_126' title='bbox 956 2210 1086 2266; x_wconf 90' lang='lat' dir='ltr'><strong>lllud</strong></span> <span class='ocrx_word' id='word_1_127' title='bbox 1109 2223 1232 2264; x_wconf 84' lang='lat' dir='ltr'><strong>vero</strong></span> <span class='ocrx_word' id='word_1_128' title='bbox 1263 2220 1361 2261; x_wconf 88' lang='lat' dir='ltr'><strong>nec</strong></span> <span class='ocrx_word' id='word_1_129' title='bbox 1390 2219 1540 2258; x_wconf 85' lang='lat' dir='ltr'><strong>vere-</strong></span> 
     </span>
    </p>
   </div>
   <div class='ocr_carea' id='block_1_32' title="bbox 58 2293 1546 2384">
    <p class='ocr_par' dir='ltr' id='par_1_32' title="bbox 58 2293 1546 2384">
     <span class='ocr_line' id='line_1_32' title="bbox 58 2293 1546 2384; baseline -0.013 -18"><span class='ocrx_word' id='word_1_130' title='bbox 58 2314 204 2379; x_wconf 75' lang='lat' dir='ltr'><strong>tunde,</strong></span> <span class='ocrx_word' id='word_1_131' title='bbox 228 2328 320 2368; x_wconf 91' lang='lat' dir='ltr'><strong>nec</strong></span> <span class='ocrx_word' id='word_1_132' title='bbox 348 2313 680 2384; x_wconf 85' lang='lat' dir='ltr'><strong>impudenter</strong></span> <span class='ocrx_word' id='word_1_133' title='bbox 707 2307 940 2377; x_wconf 75' lang='lat' dir='ltr'><strong>iniungo,</strong></span> <span class='ocrx_word' id='word_1_134' title='bbox 971 2300 1186 2370; x_wconf 84' lang='lat' dir='ltr'><strong>utquod</strong></span> <span class='ocrx_word' id='word_1_135' title='bbox 1228 2299 1342 2367; x_wconf 89' lang='lat' dir='ltr'><strong>ipse</strong></span> <span class='ocrx_word' id='word_1_136' title='bbox 1365 2296 1431 2350; x_wconf 92' lang='lat' dir='ltr'><strong>de</strong></span> <span class='ocrx_word' id='word_1_137' title='bbox 1478 2293 1546 2347; x_wconf 78' lang='lat' dir='ltr'><strong>ta-</strong></span> 
     </span>
    </p>
   </div>
   <div class='ocr_carea' id='block_1_33' title="bbox 60 2385 1547 2470">
    <p class='ocr_par' dir='ltr' id='par_1_33' title="bbox 60 2385 1547 2470">
     <span class='ocr_line' id='line_1_33' title="bbox 60 2385 1547 2470; baseline -0.01 -17"><span class='ocrx_word' id='word_1_138' title='bbox 60 2406 229 2457; x_wconf 81' lang='lat' dir='ltr'><strong>mitiaris</strong></span> <span class='ocrx_word' id='word_1_139' title='bbox 269 2404 371 2458; x_wconf 90' lang='lat' dir='ltr'><strong>mei</strong></span> <span class='ocrx_word' id='word_1_140' title='bbox 422 2403 629 2470; x_wconf 85' lang='lat' dir='ltr'><strong>integro</strong></span> <span class='ocrx_word' id='word_1_141' title='bbox 654 2400 787 2453; x_wconf 91' lang='lat' dir='ltr'><strong>libro</strong></span> <span class='ocrx_word' id='word_1_142' title='bbox 816 2393 1167 2466; x_wconf 80' lang='lat' dir='ltr'><strong>pronuntiavi,</strong></span> <span class='ocrx_word' id='word_1_143' title='bbox 1192 2391 1291 2446; x_wconf 86' lang='lat' dir='ltr'><strong>hoc</strong></span> <span class='ocrx_word' id='word_1_144' title='bbox 1315 2398 1371 2443; x_wconf 88' lang='lat' dir='ltr'><strong>tu</strong></span> <span class='ocrx_word' id='word_1_145' title='bbox 1399 2385 1547 2452; x_wconf 83' lang='lat' dir='ltr'><strong>quasi</strong></span> 
     </span>
    </p>
   </div>
   <div class='ocr_carea' id='block_1_34' title="bbox 59 2476 1544 2557">
    <p class='ocr_par' dir='ltr' id='par_1_34' title="bbox 59 2476 1544 2557">
     <span class='ocr_line' id='line_1_34' title="bbox 59 2476 1544 2557; baseline -0.012 -12"><span class='ocrx_word' id='word_1_146' title='bbox 59 2491 316 2546; x_wconf 72' lang='lat' dir='ltr'><strong>sollicitatus</strong></span> <span class='ocrx_word' id='word_1_147' title='bbox 336 2490 562 2557; x_wconf 79' lang='lat' dir='ltr'><strong>exempli</strong></span> <span class='ocrx_word' id='word_1_148' title='bbox 585 2489 898 2542; x_wconf 74' lang='lat' dir='ltr'><strong>necessitate</strong></span> <span class='ocrx_word' id='word_1_149' title='bbox 927 2486 993 2538; x_wconf 90' lang='lat' dir='ltr'><strong>de</strong></span> <span class='ocrx_word' id='word_1_150' title='bbox 1016 2497 1136 2538; x_wconf 90' lang='lat' dir='ltr'><strong>meo</strong></span> <span class='ocrx_word' id='word_1_151' title='bbox 1154 2482 1367 2535; x_wconf 77' lang='lat' dir='ltr'><strong>sentias.</strong></span> <span class='ocrx_word' id='word_1_152' title='bbox 1397 2476 1544 2531; x_wconf 80' lang='lat' dir='ltr'><strong>Vale.</strong></span> 
     </span>
    </p>
   </div>
   <div class='ocr_carea' id='block_1_35' title="bbox 541 2572 1030 2632">
    <p class='ocr_par' dir='ltr' id='par_1_35' title="bbox 541 2572 1030 2632">
     <span class='ocr_line' id='line_1_35' title="bbox 541 2572 1030 2632; baseline -0.014 0"><span class='ocrx_word' id='word_1_153' title='bbox 541 2575 862 2632; x_wconf 78' lang='lat' dir='ltr'><strong>EPISTULA</strong></span> <span class='ocrx_word' id='word_1_154' title='bbox 892 2574 959 2627; x_wconf 77' lang='lat' dir='ltr'><strong>XI</strong></span> <span class='ocrx_word' id='word_1_155' title='bbox 970 2572 1030 2625; x_wconf 70' lang='grc' dir='ltr'><strong>γ.</strong></span> 
     </span>
    </p>
   </div>
   <div class='ocr_carea' id='block_1_36' title="bbox 254 2659 1310 2733">
    <p class='ocr_par' dir='ltr' id='par_1_36' title="bbox 254 2659 1310 2733">
     <span class='ocr_line' id='line_1_36' title="bbox 254 2659 1310 2733; baseline -0.01 -11"><span class='ocrx_word' id='word_1_156' title='bbox 254 2668 496 2724; x_wconf 68' lang='lat' dir='ltr'><strong>Sidonius</strong></span> <span class='ocrx_word' id='word_1_157' title='bbox 519 2675 547 2704; x_wconf 76' lang='grc' dir='ltr'><strong>ι</strong></span> <span class='ocrx_word' id='word_1_158' title='bbox 575 2663 924 2733; x_wconf 76' lang='lat' dir='ltr'><strong>Burgundioni</strong></span> <span class='ocrx_word' id='word_1_159' title='bbox 956 2675 1048 2714; x_wconf 79' lang='lat' dir='ltr'><strong>suo</strong></span> <span class='ocrx_word' id='word_1_160' title='bbox 1076 2659 1310 2713; x_wconf 78' lang='lat' dir='ltr'><strong>salutent.</strong></span> 
     </span>
    </p>
   </div>
   <div class='ocr_carea' id='block_1_37' title="bbox 112 2745 1610 2828">
    <p class='ocr_par' dir='ltr' id='par_1_37' title="bbox 112 2745 1610 2828">
     <span class='ocr_line' id='line_1_37' title="bbox 112 2745 1610 2828; baseline -0.009 -16"><span class='ocrx_word' id='word_1_161' title='bbox 112 2759 364 2828; x_wconf 84' lang='lat' dir='ltr'><strong>Dupliciter</strong></span> <span class='ocrx_word' id='word_1_162' title='bbox 394 2755 677 2814; x_wconf 80' lang='lat' dir='ltr'><strong>excrucior</strong></span> <span class='ocrx_word' id='word_1_163' title='bbox 718 2751 858 2820; x_wconf 88' lang='lat' dir='ltr'><strong>quod</strong></span> <span class='ocrx_word' id='word_1_164' title='bbox 885 2761 1124 2806; x_wconf 85' lang='lat' dir='ltr'><strong>nostrum</strong></span> <span class='ocrx_word' id='word_1_165' title='bbox 1170 2758 1390 2815; x_wconf 75' lang='lat' dir='ltr'><strong>uterque</strong></span> <span class='ocrx_word' id='word_1_166' title='bbox 1414 2745 1552 2799; x_wconf 91' lang='lat' dir='ltr'><strong>lecto</strong></span> <span class='ocrx_word' id='word_1_167' title='bbox 1607 2801 1610 2806; x_wconf 96' lang='lat'><em>_</em></span> 
     </span>
    </p>
   </div>
   <div class='ocr_carea' id='block_1_38' title="bbox 63 2841 1554 2907">
    <p class='ocr_par' dir='ltr' id='par_1_38' title="bbox 63 2841 1554 2907">
     <span class='ocr_line' id='line_1_38' title="bbox 63 2841 1554 2907; baseline -0.01 -7"><span class='ocrx_word' id='word_1_168' title='bbox 63 2858 244 2905; x_wconf 83' lang='lat' dir='ltr'><strong>tenetur.</strong></span> <span class='ocrx_word' id='word_1_169' title='bbox 264 2847 403 2904; x_wconf 79' lang='lat' dir='ltr'><strong>Nihil</strong></span> <span class='ocrx_word' id='word_1_170' title='bbox 421 2845 562 2902; x_wconf 84' lang='lat' dir='ltr'><strong>enim</strong></span> <span class='ocrx_word' id='word_1_171' title='bbox 596 2850 681 2897; x_wconf 79' lang='lat' dir='ltr'><strong>est</strong></span> <span class='ocrx_word' id='word_1_172' title='bbox 703 2841 889 2896; x_wconf 88' lang='lat' dir='ltr'><strong>durius</strong></span> <span class='ocrx_word' id='word_1_173' title='bbox 916 2855 1068 2907; x_wconf 89' lang='lat' dir='ltr'><strong>quam</strong></span> <span class='ocrx_word' id='word_1_174' title='bbox 1115 2853 1235 2891; x_wconf 90' lang='lat' dir='ltr'><strong>cum</strong></span> <span class='ocrx_word' id='word_1_175' title='bbox 1264 2843 1554 2905; x_wconf 68' lang='lat' dir='ltr'><strong>praesentes</strong></span> 
     </span>
    </p>
   </div>
   <div class='ocr_carea' id='block_1_39' title="bbox 65 2913 1552 3004">
    <p class='ocr_par' dir='ltr' id='par_1_39' title="bbox 65 2913 1552 3004">
     <span class='ocr_line' id='line_1_39' title="bbox 65 2913 1552 3004; baseline -0.013 -15"><span class='ocrx_word' id='word_1_176' title='bbox 65 2937 183 3004; x_wconf 73' lang='lat' dir='ltr'><strong>amici</strong></span> <span class='ocrx_word' id='word_1_177' title='bbox 205 2935 499 2991; x_wconf 67' lang='lat' dir='ltr'><strong>dividuntur</strong></span> <span class='ocrx_word' id='word_1_178' title='bbox 535 2929 903 2985; x_wconf 83' lang='lat' dir='ltr'><strong>communione</strong></span> <span class='ocrx_word' id='word_1_179' title='bbox 941 2926 1228 2993; x_wconf 73' lang='lat' dir='ltr'><strong>languoris.</strong></span> <span class='ocrx_word' id='word_1_180' title='bbox 1264 2913 1468 2990; x_wconf 78' lang='lat' dir='ltr'><strong>Quippe</strong></span> <span class='ocrx_word' id='word_1_181' title='bbox 1507 2918 1552 2971; x_wconf 87' lang='lat' dir='ltr'><strong>si</strong></span> 
     </span>
    </p>
   </div>
   <div class='ocr_carea' id='block_1_40' title="bbox 67 3009 1551 3092">
    <p class='ocr_par' dir='ltr' id='par_1_40' title="bbox 67 3009 1551 3092">
     <span class='ocr_line' id='line_1_40' title="bbox 67 3009 1551 3092; baseline -0.009 -17"><span class='ocrx_word' id='word_1_182' title='bbox 67 3025 243 3092; x_wconf 82' lang='lat' dir='ltr'><strong>accidat,</strong></span> <span class='ocrx_word' id='word_1_183' title='bbox 263 3036 317 3080; x_wconf 88' lang='lat' dir='ltr'><strong>ut</strong></span> <span class='ocrx_word' id='word_1_184' title='bbox 334 3038 434 3078; x_wconf 88' lang='lat' dir='ltr'><strong>nec</strong></span> <span class='ocrx_word' id='word_1_185' title='bbox 454 3024 587 3076; x_wconf 87' lang='lat' dir='ltr'><strong>intra</strong></span> <span class='ocrx_word' id='word_1_186' title='bbox 609 3035 768 3073; x_wconf 88' lang='lat' dir='ltr'><strong>unum</strong></span> <span class='ocrx_word' id='word_1_187' title='bbox 791 3018 1039 3072; x_wconf 88' lang='lat' dir='ltr'><strong>conclave</strong></span> <span class='ocrx_word' id='word_1_188' title='bbox 1059 3015 1394 3079; x_wconf 84' lang='lat' dir='ltr'><strong>decumbant,</strong></span> <span class='ocrx_word' id='word_1_189' title='bbox 1412 3009 1551 3063; x_wconf 89' lang='lat' dir='ltr'><strong>nulla</strong></span> 
     </span>
    </p>
   </div>
   <div class='ocr_carea' id='block_1_41' title="bbox 69 3098 1553 3178">
    <p class='ocr_par' dir='ltr' id='par_1_41' title="bbox 69 3098 1553 3178">
     <span class='ocr_line' id='line_1_41' title="bbox 69 3098 1553 3178; baseline -0.011 -12"><span class='ocrx_word' id='word_1_190' title='bbox 69 3123 160 3166; x_wconf 87' lang='lat' dir='ltr'><strong>sunt</strong></span> <span class='ocrx_word' id='word_1_191' title='bbox 180 3112 348 3178; x_wconf 84' lang='lat' dir='ltr'><strong>verba,</strong></span> <span class='ocrx_word' id='word_1_192' title='bbox 377 3111 519 3166; x_wconf 88' lang='lat' dir='ltr'><strong>nulla</strong></span> <span class='ocrx_word' id='word_1_193' title='bbox 541 3119 662 3163; x_wconf 88' lang='lat' dir='ltr'><strong>sunt</strong></span> <span class='ocrx_word' id='word_1_194' title='bbox 686 3108 893 3171; x_wconf 85' lang='lat' dir='ltr'><strong>solatia,</strong></span> <span class='ocrx_word' id='word_1_195' title='bbox 932 3106 1071 3159; x_wconf 91' lang='lat' dir='ltr'><strong>nulla</strong></span> <span class='ocrx_word' id='word_1_196' title='bbox 1115 3104 1338 3169; x_wconf 86' lang='lat' dir='ltr'><strong>denique</strong></span> <span class='ocrx_word' id='word_1_197' title='bbox 1385 3098 1553 3152; x_wconf 89' lang='lat' dir='ltr'><strong>mutui</strong></span> 
     </span>
    </p>
   </div>
   <div class='ocr_carea' id='block_1_42' title="bbox 69 3191 1556 3266">
    <p class='ocr_par' dir='ltr' id='par_1_42' title="bbox 69 3191 1556 3266">
     <span class='ocr_line' id='line_1_42' title="bbox 69 3191 1556 3266; baseline -0.007 -15"><span class='ocrx_word' id='word_1_198' title='bbox 69 3213 211 3256; x_wconf 79' lang='lat' dir='ltr'><strong>oratus</strong></span> <span class='ocrx_word' id='word_1_199' title='bbox 222 3201 535 3256; x_wconf 72' lang='lat' dir='ltr'><strong>vicissitudo.</strong></span> <span class='ocrx_word' id='word_1_200' title='bbox 552 3199 729 3266; x_wconf 85' lang='lat' dir='ltr'><strong>itaque</strong></span> <span class='ocrx_word' id='word_1_201' title='bbox 746 3196 960 3265; x_wconf 80' lang='lat' dir='ltr'><strong>singulis</strong></span> <span class='ocrx_word' id='word_1_202' title='bbox 979 3207 1172 3248; x_wconf 72' lang='lat' dir='ltr'><strong>mceror</strong></span> <span class='ocrx_word' id='word_1_203' title='bbox 1187 3192 1390 3260; x_wconf 79' lang='lat' dir='ltr'><strong>ingens,</strong></span> <span class='ocrx_word' id='word_1_204' title='bbox 1408 3191 1556 3256; x_wconf 82' lang='lat' dir='ltr'><strong>isque</strong></span> 
     </span>
    </p>
   </div>
   <div class='ocr_carea' id='block_1_43' title="bbox 71 3281 1559 3359">
    <p class='ocr_par' dir='ltr' id='par_1_43' title="bbox 71 3281 1559 3359">
     <span class='ocr_line' id='line_1_43' title="bbox 71 3281 1559 3359; baseline -0.009 -16"><span class='ocrx_word' id='word_1_205' title='bbox 71 3294 158 3359; x_wconf 85' lang='lat' dir='ltr'><strong>plus</strong></span> <span class='ocrx_word' id='word_1_206' title='bbox 173 3291 231 3348; x_wconf 79' lang='lat' dir='ltr'><strong>de</strong></span> <span class='ocrx_word' id='word_1_207' title='bbox 246 3292 407 3346; x_wconf 88' lang='lat' dir='ltr'><strong>altero</strong></span> <span class='ocrx_word' id='word_1_208' title='bbox 439 3308 454 3344; x_wconf 90' lang='lat'><strong>:</strong></span> <span class='ocrx_word' id='word_1_209' title='bbox 474 3304 593 3344; x_wconf 88' lang='lat' dir='ltr'><strong>nam</strong></span> <span class='ocrx_word' id='word_1_210' title='bbox 624 3302 804 3357; x_wconf 86' lang='lat' dir='ltr'><strong>parum</strong></span> <span class='ocrx_word' id='word_1_211' title='bbox 826 3285 1322 3354; x_wconf 80' lang='lat' dir='ltr'><strong>possis,quanquam</strong></span> <span class='ocrx_word' id='word_1_212' title='bbox 1344 3289 1398 3333; x_wconf 89' lang='lat' dir='ltr'><strong>et</strong></span> <span class='ocrx_word' id='word_1_213' title='bbox 1413 3281 1559 3332; x_wconf 91' lang='lat' dir='ltr'><strong>inlir-</strong></span> 
     </span>
    </p>
   </div>
   <div class='ocr_carea' id='block_1_44' title="bbox 72 3368 1560 3449">
    <p class='ocr_par' dir='ltr' id='par_1_44' title="bbox 72 3368 1560 3449">
     <span class='ocr_line' id='line_1_44' title="bbox 72 3368 1560 3449; baseline -0.009 -16"><span class='ocrx_word' id='word_1_214' title='bbox 72 3381 672 3449; x_wconf 74' lang='lat' dir='ltr'><strong>mus,periclitantequem</strong></span> <span class='ocrx_word' id='word_1_215' title='bbox 691 3375 897 3444; x_wconf 79' lang='lat' dir='ltr'><strong>diligas,</strong></span> <span class='ocrx_word' id='word_1_216' title='bbox 927 3373 1019 3426; x_wconf 88' lang='lat' dir='ltr'><strong>tibi</strong></span> <span class='ocrx_word' id='word_1_217' title='bbox 1046 3373 1253 3426; x_wconf 88' lang='lat' dir='ltr'><strong>timere.</strong></span> <span class='ocrx_word' id='word_1_218' title='bbox 1296 3368 1398 3424; x_wconf 86' lang='lat' dir='ltr'><strong>Sed</strong></span> <span class='ocrx_word' id='word_1_219' title='bbox 1424 3368 1560 3421; x_wconf 90' lang='lat' dir='ltr'><strong>Deus</strong></span> 
     </span>
    </p>
   </div>
   <div class='ocr_carea' id='block_1_45' title="bbox 73 3457 1562 3534">
    <p class='ocr_par' dir='ltr' id='par_1_45' title="bbox 73 3457 1562 3534">
     <span class='ocr_line' id='line_1_45' title="bbox 73 3457 1562 3534; baseline -0.007 -15"><span class='ocrx_word' id='word_1_220' title='bbox 73 3469 189 3534; x_wconf 80' lang='lat' dir='ltr'><strong>mihi,</strong></span> <span class='ocrx_word' id='word_1_221' title='bbox 211 3469 280 3523; x_wconf 86' lang='lat' dir='ltr'><strong>illi</strong></span> <span class='ocrx_word' id='word_1_222' title='bbox 336 3466 714 3529; x_wconf 84' lang='lat' dir='ltr'><strong>amantissime,</strong></span> <span class='ocrx_word' id='word_1_223' title='bbox 742 3478 834 3533; x_wconf 90' lang='lat' dir='ltr'><strong>pro</strong></span> <span class='ocrx_word' id='word_1_224' title='bbox 862 3473 915 3516; x_wconf 88' lang='lat' dir='ltr'><strong>te</strong></span> <span class='ocrx_word' id='word_1_225' title='bbox 943 3460 1148 3528; x_wconf 82' lang='lat' dir='ltr'><strong>paventi</strong></span> <span class='ocrx_word' id='word_1_226' title='bbox 1182 3457 1562 3512; x_wconf 81' lang='lat' dir='ltr'><strong>validissimum</strong></span> 
     </span>
    </p>
   </div>
   <div class='ocr_carea' id='block_1_46' title="bbox 75 3548 1563 3623">
    <p class='ocr_par' dir='ltr' id='par_1_46' title="bbox 75 3548 1563 3623">
     <span class='ocr_line' id='line_1_46' title="bbox 75 3548 1563 3623; baseline -0.005 -16"><span class='ocrx_word' id='word_1_227' title='bbox 75 3558 326 3623; x_wconf 83' lang='lat' dir='ltr'><strong>scrupulum</strong></span> <span class='ocrx_word' id='word_1_228' title='bbox 367 3555 619 3616; x_wconf 82' lang='lat' dir='ltr'><strong>excussit,</strong></span> <span class='ocrx_word' id='word_1_229' title='bbox 669 3554 786 3621; x_wconf 83' lang='lat' dir='ltr'><strong>quia</strong></span> <span class='ocrx_word' id='word_1_230' title='bbox 809 3551 1054 3620; x_wconf 90' lang='lat' dir='ltr'><strong>pristinas</strong></span> <span class='ocrx_word' id='word_1_231' title='bbox 1079 3549 1264 3617; x_wconf 86' lang='lat' dir='ltr'><strong>incipis</strong></span> <span class='ocrx_word' id='word_1_232' title='bbox 1306 3548 1444 3602; x_wconf 88' lang='lat' dir='ltr'><strong>vires</strong></span> <span class='ocrx_word' id='word_1_233' title='bbox 1472 3561 1563 3600; x_wconf 89' lang='lat' dir='ltr'><strong>re-</strong></span> 
     </span>
    </p>
   </div>
   <div class='ocr_carea' id='block_1_47' title="bbox 75 3637 1566 3715">
    <p class='ocr_par' dir='ltr' id='par_1_47' title="bbox 75 3637 1566 3715">
     <span class='ocr_line' id='line_1_47' title="bbox 75 3637 1566 3715; baseline -0.005 -17"><span class='ocrx_word' id='word_1_234' title='bbox 75 3661 298 3715; x_wconf 69' lang='lat' dir='ltr'><strong>tuperare.</strong></span> <span class='ocrx_word' id='word_1_235' title='bbox 325 3647 524 3701; x_wconf 86' lang='lat' dir='ltr'><strong>Diceris</strong></span> <span class='ocrx_word' id='word_1_236' title='bbox 547 3645 687 3699; x_wconf 90' lang='lat' dir='ltr'><strong>enim</strong></span> <span class='ocrx_word' id='word_1_237' title='bbox 703 3643 812 3712; x_wconf 82' lang='lat' dir='ltr'><strong>jam</strong></span> <span class='ocrx_word' id='word_1_238' title='bbox 835 3643 966 3695; x_wconf 82' lang='lat' dir='ltr'><strong>velle</strong></span> <span class='ocrx_word' id='word_1_239' title='bbox 982 3653 1314 3708; x_wconf 82' lang='lat' dir='ltr'><strong>consurgere,</strong></span> <span class='ocrx_word' id='word_1_240' title='bbox 1327 3637 1566 3706; x_wconf 89' lang='lat' dir='ltr'><strong>quodque</strong></span> 
     </span>
    </p>
   </div>
   <div class='ocr_carea' id='block_1_48' title="bbox 75 3729 1570 3807">
    <p class='ocr_par' dir='ltr' id='par_1_48' title="bbox 75 3729 1570 3807">
     <span class='ocr_line' id='line_1_48' title="bbox 75 3729 1570 3807; baseline -0.001 -23"><span class='ocrx_word' id='word_1_241' title='bbox 75 3745 163 3802; x_wconf 54' lang='lat' dir='ltr'><strong>ptui</strong></span> <span class='ocrx_word' id='word_1_242' title='bbox 185 3748 315 3806; x_wconf 81' lang='lat' dir='ltr'><strong>Opto,</strong></span> <span class='ocrx_word' id='word_1_243' title='bbox 335 3738 444 3807; x_wconf 89' lang='lat' dir='ltr'><strong>jam</strong></span> <span class='ocrx_word' id='word_1_244' title='bbox 474 3750 646 3805; x_wconf 61' lang='lat' dir='ltr'><strong>posse.</strong></span> <span class='ocrx_word' id='word_1_245' title='bbox 667 3735 750 3789; x_wconf 81' lang='lat' dir='ltr'><strong>Me</strong></span> <span class='ocrx_word' id='word_1_246' title='bbox 773 3743 913 3788; x_wconf 89' lang='lat' dir='ltr'><strong>certe</strong></span> <span class='ocrx_word' id='word_1_247' title='bbox 938 3733 1107 3786; x_wconf 87' lang='lat' dir='ltr'><strong>taliter</strong></span> <span class='ocrx_word' id='word_1_248' title='bbox 1126 3729 1377 3803; x_wconf 87' lang='lat' dir='ltr'><strong>consulis,</strong></span> <span class='ocrx_word' id='word_1_249' title='bbox 1401 3729 1570 3782; x_wconf 84' lang='lat' dir='ltr'><strong>etsci-</strong></span> 
     </span>
    </p>
   </div>
   <div class='ocr_carea' id='block_1_49' title="bbox 77 3819 1564 3895">
    <p class='ocr_par' dir='ltr' id='par_1_49' title="bbox 77 3819 1564 3895">
     <span class='ocr_line' id='line_1_49' title="bbox 77 3819 1564 3895; baseline -0.005 -20"><span class='ocrx_word' id='word_1_250' title='bbox 77 3825 300 3880; x_wconf 83' lang='lat' dir='ltr'><strong>licitudine</strong></span> <span class='ocrx_word' id='word_1_251' title='bbox 327 3841 492 3895; x_wconf 87' lang='lat' dir='ltr'><strong>prope</strong></span> <span class='ocrx_word' id='word_1_252' title='bbox 520 3837 790 3892; x_wconf 68' lang='lat' dir='ltr'><strong>praecoqua</strong></span> <span class='ocrx_word' id='word_1_253' title='bbox 829 3820 1219 3889; x_wconf 67' lang='lat' dir='ltr'><strong>quaestiunculis</strong></span> <span class='ocrx_word' id='word_1_254' title='bbox 1249 3819 1564 3880; x_wconf 86' lang='lat' dir='ltr'><strong>litterarum,</strong></span> 
     </span>
    </p>
   </div>
   <div class='ocr_carea' id='block_1_50' title="bbox 77 3907 1565 3980">
    <p class='ocr_par' dir='ltr' id='par_1_50' title="bbox 77 3907 1565 3980">
     <span class='ocr_line' id='line_1_50' title="bbox 77 3907 1565 3980; baseline -0.006 -13"><span class='ocrx_word' id='word_1_255' title='bbox 77 3914 153 3980; x_wconf 78' lang='lat' dir='ltr'><strong>iam</strong></span> <span class='ocrx_word' id='word_1_256' title='bbox 166 3917 297 3978; x_wconf 81' lang='lat' dir='ltr'><strong>quasi</strong></span> <span class='ocrx_word' id='word_1_257' title='bbox 310 3932 371 3970; x_wconf 84' lang='lat' dir='ltr'><strong>ex</strong></span> <span class='ocrx_word' id='word_1_258' title='bbox 387 3929 506 3969; x_wconf 86' lang='lat' dir='ltr'><strong>asse</strong></span> <span class='ocrx_word' id='word_1_259' title='bbox 521 3922 736 3980; x_wconf 85' lang='lat' dir='ltr'><strong>vegetus</strong></span> <span class='ocrx_word' id='word_1_260' title='bbox 749 3925 980 3972; x_wconf 87' lang='lat' dir='ltr'><strong>exerces,</strong></span> <span class='ocrx_word' id='word_1_261' title='bbox 994 3909 1173 3961; x_wconf 84' lang='lat' dir='ltr'><strong>audire</strong></span> <span class='ocrx_word' id='word_1_262' title='bbox 1186 3909 1298 3974; x_wconf 87' lang='lat' dir='ltr'><strong>plus</strong></span> <span class='ocrx_word' id='word_1_263' title='bbox 1308 3907 1565 3971; x_wconf 79' lang='lat' dir='ltr'><strong>ambiens,</strong></span> 
     </span>
    </p>
   </div>
   <div class='ocr_carea' id='block_1_51' title="bbox 77 3988 1577 4068">
    <p class='ocr_par' dir='ltr' id='par_1_51' title="bbox 77 3988 1577 4068">
     <span class='ocr_line' id='line_1_51' title="bbox 77 3988 1577 4068; baseline -0.004 -16"><span class='ocrx_word' id='word_1_264' title='bbox 77 4001 146 4052; x_wconf 81' lang='lat' dir='ltr'><strong>etsi</strong></span> <span class='ocrx_word' id='word_1_265' title='bbox 167 4003 322 4054; x_wconf 86' lang='lat' dir='ltr'><strong>adhuc</strong></span> <span class='ocrx_word' id='word_1_266' title='bbox 344 4014 509 4068; x_wconf 67' lang='lat' dir='ltr'><strong>eger,</strong></span> <span class='ocrx_word' id='word_1_267' title='bbox 545 3999 810 4052; x_wconf 85' lang='lat' dir='ltr'><strong>Socratem</strong></span> <span class='ocrx_word' id='word_1_268' title='bbox 849 3996 916 4049; x_wconf 90' lang='lat' dir='ltr'><strong>de</strong></span> <span class='ocrx_word' id='word_1_269' title='bbox 937 3988 1192 4057; x_wconf 81' lang='lat' dir='ltr'><strong>moribus,</strong></span> <span class='ocrx_word' id='word_1_270' title='bbox 1225 3995 1382 4062; x_wconf 76' lang='lat'><strong>278</strong></span> <span class='ocrx_word' id='word_1_271' title='bbox 1408 4000 1577 4059; x_wconf 85' lang='lat' dir='ltr'><strong>quam</strong></span> 
     </span>
    </p>
   </div>
   <div class='ocr_carea' id='block_1_52' title="bbox 77 4083 1571 4154">
    <p class='ocr_par' dir='ltr' id='par_1_52' title="bbox 77 4083 1571 4154">
     <span class='ocr_line' id='line_1_52' title="bbox 77 4083 1571 4154; baseline -0.002 -17"><span class='ocrx_word' id='word_1_272' title='bbox 77 4085 393 4154; x_wconf 79' lang='lat' dir='ltr'><strong>Hippocratem</strong></span> <span class='ocrx_word' id='word_1_273' title='bbox 415 4087 482 4141; x_wconf 90' lang='lat' dir='ltr'><strong>de</strong></span> <span class='ocrx_word' id='word_1_274' title='bbox 498 4084 1178 4151; x_wconf 85' lang='lat' dir='ltr'><strong>corporibusdispntantcm.</strong></span> <span class='ocrx_word' id='word_1_275' title='bbox 1198 4085 1388 4150; x_wconf 87' lang='lat' dir='ltr'><strong>Dignus</strong></span> <span class='ocrx_word' id='word_1_276' title='bbox 1401 4083 1571 4135; x_wconf 85' lang='lat' dir='ltr'><strong>omni-</strong></span> 
     </span>
    </p>
   </div>
   <div class='ocr_carea' id='block_1_53' title="bbox 77 4173 1572 4245">
    <p class='ocr_par' dir='ltr' id='par_1_53' title="bbox 77 4173 1572 4245">
     <span class='ocr_line' id='line_1_53' title="bbox 77 4173 1572 4245; baseline 0.002 -23"><span class='ocrx_word' id='word_1_277' title='bbox 77 4189 126 4225; x_wconf 87' lang='lat' dir='ltr'><strong>no</strong></span> <span class='ocrx_word' id='word_1_278' title='bbox 145 4190 278 4243; x_wconf 77' lang='lat' dir='ltr'><strong>quem</strong></span> <span class='ocrx_word' id='word_1_279' title='bbox 314 4175 669 4245; x_wconf 66' lang='lat' dir='ltr'><strong>plausibilibus</strong></span> <span class='ocrx_word' id='word_1_280' title='bbox 697 4173 859 4227; x_wconf 80' lang='lat' dir='ltr'><strong>Roma</strong></span> <span class='ocrx_word' id='word_1_281' title='bbox 883 4173 1250 4236; x_wconf 78' lang='lat' dir='ltr'><strong>foveretnlnis,</strong></span> <span class='ocrx_word' id='word_1_282' title='bbox 1279 4187 1572 4241; x_wconf 86' lang='lat' dir='ltr'><strong>quoquere-</strong></span> 
     </span>
    </p>
   </div>
   <div class='ocr_carea' id='block_1_54' title="bbox 78 4265 1571 4339">
    <p class='ocr_par' dir='ltr' id='par_1_54' title="bbox 78 4265 1571 4339">
     <span class='ocr_line' id='line_1_54' title="bbox 78 4265 1571 4339; baseline -0.001 -22"><span class='ocrx_word' id='word_1_283' title='bbox 78 4268 231 4325; x_wconf 84' lang='lat' dir='ltr'><strong>citante</strong></span> <span class='ocrx_word' id='word_1_284' title='bbox 249 4269 552 4339; x_wconf 75' lang='lat' dir='ltr'><strong>crepitantis</strong></span> <span class='ocrx_word' id='word_1_285' title='bbox 588 4267 821 4322; x_wconf 69' lang='lat' dir='ltr'><strong>Athenaei</strong></span> <span class='ocrx_word' id='word_1_286' title='bbox 862 4265 1108 4319; x_wconf 87' lang='lat' dir='ltr'><strong>subsellia</strong></span> <span class='ocrx_word' id='word_1_287' title='bbox 1138 4273 1355 4318; x_wconf 88' lang='lat' dir='ltr'><strong>cuneata</strong></span> <span class='ocrx_word' id='word_1_288' title='bbox 1387 4272 1571 4332; x_wconf 90' lang='lat' dir='ltr'><strong>quate-</strong></span> 
     </span>
    </p>
   </div>
   <div class='ocr_carea' id='block_1_55' title="bbox 3067 260 3170 315">
    <p class='ocr_par' dir='ltr' id='par_1_55' title="bbox 3067 260 3170 315">
     <span class='ocr_line' id='line_1_55' title="bbox 3067 260 3170 315; baseline 0.01 -2"><span class='ocrx_word' id='word_1_289' title='bbox 3067 260 3170 315; x_wconf 68' lang='grc'><strong>654</strong></span> 
     </span>
    </p>
   </div>
   <div class='ocr_carea' id='block_1_56' title="bbox 1635 463 3177 548">
    <p class='ocr_par' dir='ltr' id='par_1_56' title="bbox 1635 463 3177 548">
     <span class='ocr_line' id='line_1_56' title="bbox 1635 463 3177 548; baseline -0.014 -14"><span class='ocrx_word' id='word_1_290' title='bbox 1635 481 1788 548; x_wconf 87' lang='lat' dir='ltr'><strong>eique</strong></span> <span class='ocrx_word' id='word_1_291' title='bbox 1811 475 2048 530; x_wconf 89' lang='lat' dir='ltr'><strong>conditio</strong></span> <span class='ocrx_word' id='word_1_292' title='bbox 2077 470 2425 539; x_wconf 81' lang='lat' dir='ltr'><strong>permitteret,</strong></span> <span class='ocrx_word' id='word_1_293' title='bbox 2456 477 2514 520; x_wconf 86' lang='lat' dir='ltr'><strong>ut</strong></span> <span class='ocrx_word' id='word_1_294' title='bbox 2541 466 2651 520; x_wconf 84' lang='lat' dir='ltr'><strong>illic</strong></span> <span class='ocrx_word' id='word_1_295' title='bbox 2676 463 2956 520; x_wconf 76' lang='lat' dir='ltr'><strong>senatoria:</strong></span> <span class='ocrx_word' id='word_1_296' title='bbox 2991 463 3177 528; x_wconf 84' lang='lat' dir='ltr'><strong>juven-</strong></span> 
     </span>
    </p>
   </div>
   <div class='ocr_carea' id='block_1_57' title="bbox 1634 532 3202 628">
    <p class='ocr_par' dir='ltr' id='par_1_57' title="bbox 1634 532 3202 628">
     <span class='ocr_line' id='line_1_57' title="bbox 1634 532 3202 628; baseline -0.011 -5"><span class='ocrx_word' id='word_1_297' title='bbox 1634 532 1760 623; x_wconf 60' lang='lat' dir='ltr'><strong>litt-i8</strong></span> <span class='ocrx_word' id='word_1_298' title='bbox 1798 563 2151 620; x_wconf 88' lang='lat' dir='ltr'><strong>contubernio</strong></span> <span class='ocrx_word' id='word_1_299' title='bbox 2187 563 2382 614; x_wconf 84' lang='lat' dir='ltr'><strong>mixtus</strong></span> <span class='ocrx_word' id='word_1_300' title='bbox 2408 557 2698 628; x_wconf 82' lang='lat' dir='ltr'><strong>erudirere.</strong></span> <span class='ocrx_word' id='word_1_301' title='bbox 2725 555 2891 623; x_wconf 83' lang='lat' dir='ltr'><strong>Cujus</strong></span> <span class='ocrx_word' id='word_1_302' title='bbox 2916 562 2968 608; x_wconf 93' lang='lat' dir='ltr'><strong>te</strong></span> <span class='ocrx_word' id='word_1_303' title='bbox 2995 532 3202 621; x_wconf 51' lang='lat' dir='ltr'><strong>glorise.</strong></span> 
     </span>
    </p>
   </div>
   <div class='ocr_carea' id='block_1_58' title="bbox 1635 642 3179 723">
    <p class='ocr_par' dir='ltr' id='par_1_58' title="bbox 1635 642 3179 723">
     <span class='ocr_line' id='line_1_58' title="bbox 1635 642 3179 723; baseline -0.012 -11"><span class='ocrx_word' id='word_1_304' title='bbox 1635 659 1831 723; x_wconf 87' lang='lat' dir='ltr'><strong>pariter</strong></span> <span class='ocrx_word' id='word_1_305' title='bbox 1859 671 1919 709; x_wconf 86' lang='lat' dir='ltr'><strong>ac</strong></span> <span class='ocrx_word' id='word_1_306' title='bbox 1948 655 2100 708; x_wconf 70' lang='lat' dir='ltr'><strong>fama:</strong></span> <span class='ocrx_word' id='word_1_307' title='bbox 2126 663 2392 719; x_wconf 87' lang='lat' dir='ltr'><strong>capacem,</strong></span> <span class='ocrx_word' id='word_1_308' title='bbox 2419 647 2486 702; x_wconf 87' lang='lat' dir='ltr'><strong>de</strong></span> <span class='ocrx_word' id='word_1_309' title='bbox 2512 645 2769 701; x_wconf 88' lang='lat' dir='ltr'><strong>orationis</strong></span> <span class='ocrx_word' id='word_1_310' title='bbox 2799 653 2900 698; x_wconf 73' lang='lat' dir='ltr'><strong>tute</strong></span> <span class='ocrx_word' id='word_1_311' title='bbox 2928 642 3179 712; x_wconf 86' lang='lat' dir='ltr'><strong>qualitate</strong></span> 
     </span>
    </p>
   </div>
   <div class='ocr_carea' id='block_1_59' title="bbox 1633 731 3176 815">
    <p class='ocr_par' dir='ltr' id='par_1_59' title="bbox 1633 731 3176 815">
     <span class='ocr_line' id='line_1_59' title="bbox 1633 731 3176 815; baseline -0.012 -12"><span class='ocrx_word' id='word_1_312' title='bbox 1633 749 1874 815; x_wconf 84' lang='lat' dir='ltr'><strong>conjecto</strong></span> <span class='ocrx_word' id='word_1_313' title='bbox 1906 763 1918 797; x_wconf 92' lang='lat'>:</span> <span class='ocrx_word' id='word_1_314' title='bbox 1944 745 1995 798; x_wconf 92' lang='lat' dir='ltr'><strong>in</strong></span> <span class='ocrx_word' id='word_1_315' title='bbox 2017 757 2117 811; x_wconf 86' lang='lat' dir='ltr'><strong>qua</strong></span> <span class='ocrx_word' id='word_1_316' title='bbox 2139 738 2508 795; x_wconf 89' lang='lat' dir='ltr'><strong>decentissime</strong></span> <span class='ocrx_word' id='word_1_317' title='bbox 2527 746 2578 790; x_wconf 90' lang='lat' dir='ltr'><strong>te</strong></span> <span class='ocrx_word' id='word_1_318' title='bbox 2599 749 2769 803; x_wconf 88' lang='lat' dir='ltr'><strong>nuper</strong></span> <span class='ocrx_word' id='word_1_319' title='bbox 2788 731 3176 802; x_wconf 85' lang='lat' dir='ltr'><strong>pronuntiante,</strong></span> 
     </span>
    </p>
   </div>
   <div class='ocr_carea' id='block_1_60' title="bbox 1635 824 3180 908">
    <p class='ocr_par' dir='ltr' id='par_1_60' title="bbox 1635 824 3180 908">
     <span class='ocr_line' id='line_1_60' title="bbox 1635 824 3180 908; baseline -0.012 -13"><span class='ocrx_word' id='word_1_320' title='bbox 1635 855 1753 908; x_wconf 68' lang='lat' dir='ltr'><strong>quae</strong></span> <span class='ocrx_word' id='word_1_321' title='bbox 1778 836 1989 906; x_wconf 86' lang='lat' dir='ltr'><strong>quidem</strong></span> <span class='ocrx_word' id='word_1_322' title='bbox 2009 833 2297 900; x_wconf 84' lang='lat' dir='ltr'><strong>scripseras</strong></span> <span class='ocrx_word' id='word_1_323' title='bbox 2317 827 2767 896; x_wconf 84' lang='lat' dir='ltr'><strong>extemporaliter,</strong></span> <span class='ocrx_word' id='word_1_324' title='bbox 2790 824 3180 877; x_wconf 81' lang='lat' dir='ltr'><strong>admirabantur</strong></span> 
     </span>
    </p>
   </div>
   <div class='ocr_carea' id='block_1_61' title="bbox 1637 912 3176 996">
    <p class='ocr_par' dir='ltr' id='par_1_61' title="bbox 1637 912 3176 996">
     <span class='ocr_line' id='line_1_61' title="bbox 1637 912 3176 996; baseline -0.011 -14"><span class='ocrx_word' id='word_1_325' title='bbox 1637 926 1903 990; x_wconf 83' lang='lat' dir='ltr'><strong>benevoli,</strong></span> <span class='ocrx_word' id='word_1_326' title='bbox 1944 923 2269 996; x_wconf 83' lang='lat' dir='ltr'><strong>mirabantur</strong></span> <span class='ocrx_word' id='word_1_327' title='bbox 2319 917 2567 985; x_wconf 81' lang='lat' dir='ltr'><strong>superbi.</strong></span> <span class='ocrx_word' id='word_1_328' title='bbox 2615 915 2957 970; x_wconf 84' lang='lat' dir='ltr'><strong>morabantur</strong></span> <span class='ocrx_word' id='word_1_329' title='bbox 3004 912 3176 980; x_wconf 90' lang='lat' dir='ltr'><strong>periti.</strong></span> 
     </span>
    </p>
   </div>
   <div class='ocr_carea' id='block_1_62' title="bbox 1636 1000 3180 1080">
    <p class='ocr_par' dir='ltr' id='par_1_62' title="bbox 1636 1000 3180 1080">
     <span class='ocr_line' id='line_1_62' title="bbox 1636 1000 3180 1080; baseline -0.012 -9"><span class='ocrx_word' id='word_1_330' title='bbox 1636 1016 1742 1072; x_wconf 85' lang='lat' dir='ltr'><strong>Sed</strong></span> <span class='ocrx_word' id='word_1_331' title='bbox 1765 1030 1830 1068; x_wconf 91' lang='lat' dir='ltr'><strong>ne</strong></span> <span class='ocrx_word' id='word_1_332' title='bbox 1870 1011 2205 1080; x_wconf 82' lang='lat' dir='ltr'><strong>impudenter</strong></span> <span class='ocrx_word' id='word_1_333' title='bbox 2233 1007 2608 1063; x_wconf 86' lang='lat' dir='ltr'><strong>verecundiam</strong></span> <span class='ocrx_word' id='word_1_334' title='bbox 2642 1013 2781 1058; x_wconf 83' lang='lat' dir='ltr'><strong>tuam</strong></span> <span class='ocrx_word' id='word_1_335' title='bbox 2823 1001 3064 1057; x_wconf 84' lang='lat' dir='ltr'><strong>laudibus</strong></span> <span class='ocrx_word' id='word_1_336' title='bbox 3102 1000 3180 1054; x_wconf 91' lang='lat' dir='ltr'><strong>ni-</strong></span> 
     </span>
    </p>
   </div>
   <div class='ocr_carea' id='block_1_63' title="bbox 1640 1090 3181 1169">
    <p class='ocr_par' dir='ltr' id='par_1_63' title="bbox 1640 1090 3181 1169">
     <span class='ocr_line' id='line_1_63' title="bbox 1640 1090 3181 1169; baseline -0.01 -12"><span class='ocrx_word' id='word_1_337' title='bbox 1640 1106 1759 1160; x_wconf 85' lang='lat' dir='ltr'><strong>miis</strong></span> <span class='ocrx_word' id='word_1_338' title='bbox 1806 1103 1951 1158; x_wconf 91' lang='lat' dir='ltr'><strong>ultro</strong></span> <span class='ocrx_word' id='word_1_339' title='bbox 1997 1111 2318 1169; x_wconf 80' lang='lat' dir='ltr'><strong>premamus,</strong></span> <span class='ocrx_word' id='word_1_340' title='bbox 2373 1096 2633 1168; x_wconf 65' lang='lat' dir='ltr'><strong>praeconia</strong></span> <span class='ocrx_word' id='word_1_341' title='bbox 2687 1105 2772 1146; x_wconf 88' lang='lat' dir='ltr'><strong>tua</strong></span> <span class='ocrx_word' id='word_1_342' title='bbox 2795 1091 2987 1161; x_wconf 85' lang='lat' dir='ltr'><strong>justius</strong></span> <span class='ocrx_word' id='word_1_343' title='bbox 3012 1090 3081 1144; x_wconf 88' lang='lat' dir='ltr'><strong>de</strong></span> <span class='ocrx_word' id='word_1_344' title='bbox 3109 1101 3181 1154; x_wconf 77' lang='lat' dir='ltr'><strong>te,</strong></span> 
     </span>
    </p>
   </div>
   <div class='ocr_carea' id='block_1_64' title="bbox 1637 1182 3183 1261">
    <p class='ocr_par' dir='ltr' id='par_1_64' title="bbox 1637 1182 3183 1261">
     <span class='ocr_line' id='line_1_64' title="bbox 1637 1182 3183 1261; baseline -0.008 -17"><span class='ocrx_word' id='word_1_345' title='bbox 1637 1208 1795 1261; x_wconf 86' lang='lat' dir='ltr'><strong>quam</strong></span> <span class='ocrx_word' id='word_1_346' title='bbox 1825 1191 1917 1246; x_wconf 86' lang='lat' dir='ltr'><strong>tibi</strong></span> <span class='ocrx_word' id='word_1_347' title='bbox 1942 1188 2241 1245; x_wconf 82' lang='lat' dir='ltr'><strong>scribimus.</strong></span> <span class='ocrx_word' id='word_1_348' title='bbox 2267 1187 2376 1239; x_wconf 90' lang='lat' dir='ltr'><strong>lloc</strong></span> <span class='ocrx_word' id='word_1_349' title='bbox 2402 1185 2597 1252; x_wconf 90' lang='lat' dir='ltr'><strong>potius,</strong></span> <span class='ocrx_word' id='word_1_350' title='bbox 2621 1182 2759 1236; x_wconf 90' lang='lat' dir='ltr'><strong>unde</strong></span> <span class='ocrx_word' id='word_1_351' title='bbox 2783 1193 2860 1235; x_wconf 90' lang='lat' dir='ltr'><strong>est</strong></span> <span class='ocrx_word' id='word_1_352' title='bbox 2886 1194 3041 1234; x_wconf 87' lang='lat' dir='ltr'><strong>causa</strong></span> <span class='ocrx_word' id='word_1_353' title='bbox 3071 1193 3183 1232; x_wconf 86' lang='lat' dir='ltr'><strong>ser-</strong></span> 
     </span>
    </p>
   </div>
   <div class='ocr_carea' id='block_1_65' title="bbox 1641 1268 3184 1347">
    <p class='ocr_par' dir='ltr' id='par_1_65' title="bbox 1641 1268 3184 1347">
     <span class='ocr_line' id='line_1_65' title="bbox 1641 1268 3184 1347; baseline -0.01 -11"><span class='ocrx_word' id='word_1_354' title='bbox 1641 1282 1834 1347; x_wconf 87' lang='lat' dir='ltr'><strong>monis,</strong></span> <span class='ocrx_word' id='word_1_355' title='bbox 1863 1280 2294 1334; x_wconf 86' lang='lat' dir='ltr'><strong>intromittamus.</strong></span> <span class='ocrx_word' id='word_1_356' title='bbox 2329 1275 2489 1345; x_wconf 86' lang='lat' dir='ltr'><strong>igitur</strong></span> <span class='ocrx_word' id='word_1_357' title='bbox 2518 1273 2814 1340; x_wconf 79' lang='lat' dir='ltr'><strong>interrogas</strong></span> <span class='ocrx_word' id='word_1_358' title='bbox 2855 1285 2948 1336; x_wconf 89' lang='lat' dir='ltr'><strong>per</strong></span> <span class='ocrx_word' id='word_1_359' title='bbox 2974 1268 3184 1338; x_wconf 84' lang='lat' dir='ltr'><strong>pugilla-</strong></span> 
     </span>
    </p>
   </div>
   <div class='ocr_carea' id='block_1_66' title="bbox 1644 1355 3185 1438">
    <p class='ocr_par' dir='ltr' id='par_1_66' title="bbox 1644 1355 3185 1438">
     <span class='ocr_line' id='line_1_66' title="bbox 1644 1355 3185 1438; baseline -0.009 -16"><span class='ocrx_word' id='word_1_360' title='bbox 1644 1385 1828 1435; x_wconf 82' lang='lat' dir='ltr'><strong>torem,</strong></span> <span class='ocrx_word' id='word_1_361' title='bbox 1866 1382 1998 1438; x_wconf 87' lang='lat' dir='ltr'><strong>quos</strong></span> <span class='ocrx_word' id='word_1_362' title='bbox 2037 1375 2373 1421; x_wconf 88' lang='lat' dir='ltr'><strong>recurrentes</strong></span> <span class='ocrx_word' id='word_1_363' title='bbox 2417 1375 2652 1416; x_wconf 84' lang='lat' dir='ltr'><strong>asseram</strong></span> <span class='ocrx_word' id='word_1_364' title='bbox 2694 1373 2896 1421; x_wconf 85' lang='lat' dir='ltr'><strong>versus,</strong></span> <span class='ocrx_word' id='word_1_365' title='bbox 2945 1367 3002 1411; x_wconf 89' lang='lat' dir='ltr'><strong>ut</strong></span> <span class='ocrx_word' id='word_1_366' title='bbox 3044 1355 3185 1410; x_wconf 89' lang='lat' dir='ltr'><strong>celer</strong></span> 
     </span>
    </p>
   </div>
   <div class='ocr_carea' id='block_1_67' title="bbox 1639 1451 3185 1530">
    <p class='ocr_par' dir='ltr' id='par_1_67' title="bbox 1639 1451 3185 1530">
     <span class='ocr_line' id='line_1_67' title="bbox 1639 1451 3185 1530; baseline -0.013 -13"><span class='ocrx_word' id='word_1_367' title='bbox 1639 1461 1920 1530; x_wconf 84' lang='lat' dir='ltr'><strong>explicem,</strong></span> <span class='ocrx_word' id='word_1_368' title='bbox 1956 1457 2050 1511; x_wconf 88' lang='lat' dir='ltr'><strong>sed</strong></span> <span class='ocrx_word' id='word_1_369' title='bbox 2076 1457 2176 1510; x_wconf 82' lang='lat' dir='ltr'><strong>sub</strong></span> <span class='ocrx_word' id='word_1_370' title='bbox 2220 1454 2487 1520; x_wconf 89' lang='lat' dir='ltr'><strong>exemplo.</strong></span> <span class='ocrx_word' id='word_1_371' title='bbox 2516 1452 2555 1504; x_wconf 93' lang='lat' dir='ltr'><strong>li</strong></span> <span class='ocrx_word' id='word_1_372' title='bbox 2582 1451 2832 1503; x_wconf 90' lang='lat' dir='ltr'><strong>nimirum</strong></span> <span class='ocrx_word' id='word_1_373' title='bbox 2862 1456 2984 1502; x_wconf 87' lang='lat' dir='ltr'><strong>sunt</strong></span> <span class='ocrx_word' id='word_1_374' title='bbox 3006 1461 3185 1501; x_wconf 83' lang='lat' dir='ltr'><strong>recur-</strong></span> 
     </span>
    </p>
   </div>
   <div class='ocr_carea' id='block_1_68' title="bbox 1642 1536 3181 1617">
    <p class='ocr_par' dir='ltr' id='par_1_68' title="bbox 1642 1536 3181 1617">
     <span class='ocr_line' id='line_1_68' title="bbox 1642 1536 3181 1617; baseline -0.012 -11"><span class='ocrx_word' id='word_1_375' title='bbox 1642 1563 1846 1614; x_wconf 88' lang='lat' dir='ltr'><strong>rentes,</strong></span> <span class='ocrx_word' id='word_1_376' title='bbox 1867 1548 1955 1617; x_wconf 88' lang='lat' dir='ltr'><strong>qui</strong></span> <span class='ocrx_word' id='word_1_377' title='bbox 1989 1536 2177 1600; x_wconf 88' lang='lat' dir='ltr'><strong>metro</strong></span> <span class='ocrx_word' id='word_1_378' title='bbox 2203 1553 2395 1608; x_wconf 84' lang='lat' dir='ltr'><strong>stante,</strong></span> <span class='ocrx_word' id='word_1_379' title='bbox 2422 1556 2594 1610; x_wconf 88' lang='lat' dir='ltr'><strong>neque</strong></span> <span class='ocrx_word' id='word_1_380' title='bbox 2622 1540 2811 1593; x_wconf 88' lang='lat' dir='ltr'><strong>litteris</strong></span> <span class='ocrx_word' id='word_1_381' title='bbox 2855 1539 2972 1591; x_wconf 92' lang='lat' dir='ltr'><strong>loco</strong></span> <span class='ocrx_word' id='word_1_382' title='bbox 3007 1537 3181 1597; x_wconf 87' lang='lat' dir='ltr'><strong>motis,</strong></span> 
     </span>
    </p>
   </div>
   <div class='ocr_carea' id='block_1_69' title="bbox 1579 1624 3185 1698">
    <p class='ocr_par' dir='ltr' id='par_1_69' title="bbox 1579 1624 3185 1698">
     <span class='ocr_line' id='line_1_69' title="bbox 1579 1624 3185 1698; baseline -0.01 -4"><span class='ocrx_word' id='word_1_383' title='bbox 1579 1681 1585 1687; x_wconf 89' lang='lat'><strong>.</strong></span> <span class='ocrx_word' id='word_1_384' title='bbox 1642 1650 1700 1694; x_wconf 89' lang='lat' dir='ltr'><strong>ut</strong></span> <span class='ocrx_word' id='word_1_385' title='bbox 1722 1640 1788 1692; x_wconf 90' lang='lat' dir='ltr'><strong>ab</strong></span> <span class='ocrx_word' id='word_1_386' title='bbox 1813 1633 2112 1698; x_wconf 87' lang='lat' dir='ltr'><strong>exordioad</strong></span> <span class='ocrx_word' id='word_1_387' title='bbox 2140 1632 2439 1696; x_wconf 88' lang='lat' dir='ltr'><strong>terminum,</strong></span> <span class='ocrx_word' id='word_1_388' title='bbox 2462 1631 2540 1683; x_wconf 86' lang='lat' dir='ltr'><strong>sic</strong></span> <span class='ocrx_word' id='word_1_389' title='bbox 2584 1644 2614 1681; x_wconf 87' lang='lat' dir='ltr'><strong>a</strong></span> <span class='ocrx_word' id='word_1_390' title='bbox 2644 1629 2749 1681; x_wconf 83' lang='lat' dir='ltr'><strong>line</strong></span> <span class='ocrx_word' id='word_1_391' title='bbox 2791 1628 3096 1694; x_wconf 80' lang='lat' dir='ltr'><strong>releguntur</strong></span> <span class='ocrx_word' id='word_1_392' title='bbox 3119 1624 3185 1678; x_wconf 90' lang='lat' dir='ltr'><strong>ad</strong></span> 
     </span>
    </p>
   </div>
   <div class='ocr_carea' id='block_1_70' title="bbox 1566 1714 2647 1788">
    <p class='ocr_par' dir='ltr' id='par_1_70' title="bbox 1566 1714 2647 1788">
     <span class='ocr_line' id='line_1_70' title="bbox 1566 1714 2647 1788; baseline -0.008 -5"><span class='ocrx_word' id='word_1_393' title='bbox 1566 1725 1614 1782; x_wconf 85' lang='lat' dir='ltr'><strong>B</strong></span> <span class='ocrx_word' id='word_1_394' title='bbox 1639 1742 1921 1782; x_wconf 88' lang='lat' dir='ltr'><strong>summum.</strong></span> <span class='ocrx_word' id='word_1_395' title='bbox 1957 1725 2047 1780; x_wconf 90' lang='lat' dir='ltr'><strong>Sic</strong></span> <span class='ocrx_word' id='word_1_396' title='bbox 2086 1732 2168 1778; x_wconf 90' lang='lat' dir='ltr'><strong>est</strong></span> <span class='ocrx_word' id='word_1_397' title='bbox 2195 1720 2322 1776; x_wconf 92' lang='lat' dir='ltr'><strong>illud</strong></span> <span class='ocrx_word' id='word_1_398' title='bbox 2340 1714 2647 1788; x_wconf 83' lang='lat' dir='ltr'><strong>antiquum:</strong></span> 
     </span>
    </p>
   </div>
   <div class='ocr_carea' id='block_1_71' title="bbox 1820 1808 2770 1864">
    <p class='ocr_par' dir='ltr' id='par_1_71' title="bbox 1820 1808 2770 1864">
     <span class='ocr_line' id='line_1_71' title="bbox 1820 1808 2770 1864; baseline -0.008 -1"><span class='ocrx_word' id='word_1_399' title='bbox 1820 1814 1970 1864; x_wconf 76' lang='lat' dir='ltr'><strong>Roma</strong></span> <span class='ocrx_word' id='word_1_400' title='bbox 1991 1813 2077 1862; x_wconf 88' lang='lat' dir='ltr'><strong>tibi</strong></span> <span class='ocrx_word' id='word_1_401' title='bbox 2097 1811 2256 1860; x_wconf 90' lang='lat' dir='ltr'><strong>subito</strong></span> <span class='ocrx_word' id='word_1_402' title='bbox 2277 1809 2484 1859; x_wconf 86' lang='lat' dir='ltr'><strong>motibus</strong></span> <span class='ocrx_word' id='word_1_403' title='bbox 2504 1808 2594 1855; x_wconf 88' lang='lat' dir='ltr'><strong>ibit</strong></span> <span class='ocrx_word' id='word_1_404' title='bbox 2619 1818 2770 1855; x_wconf 88' lang='lat' dir='ltr'><strong>amor.</strong></span> 
     </span>
    </p>
   </div>
   <div class='ocr_carea' id='block_1_72' title="bbox 1642 1897 1902 1953">
    <p class='ocr_par' dir='ltr' id='par_1_72' title="bbox 1642 1897 1902 1953">
     <span class='ocr_line' id='line_1_72' title="bbox 1642 1897 1902 1953; baseline -0.012 0"><span class='ocrx_word' id='word_1_405' title='bbox 1642 1899 1709 1953; x_wconf 86' lang='lat' dir='ltr'><strong>Et</strong></span> <span class='ocrx_word' id='word_1_406' title='bbox 1733 1897 1860 1950; x_wconf 81' lang='lat' dir='ltr'><strong>illud</strong></span> <span class='ocrx_word' id='word_1_407' title='bbox 1887 1911 1902 1950; x_wconf 87' lang='lat'><strong>:</strong></span> 
     </span>
    </p>
   </div>
   <div class='ocr_carea' id='block_1_73' title="bbox 1823 1975 2843 2044">
    <p class='ocr_par' dir='ltr' id='par_1_73' title="bbox 1823 1975 2843 2044">
     <span class='ocr_line' id='line_1_73' title="bbox 1823 1975 2843 2044; baseline -0.01 -10"><span class='ocrx_word' id='word_1_408' title='bbox 1823 1985 1933 2035; x_wconf 89' lang='lat' dir='ltr'><strong>Sole</strong></span> <span class='ocrx_word' id='word_1_409' title='bbox 1950 1984 2153 2033; x_wconf 86' lang='lat' dir='ltr'><strong>medere</strong></span> <span class='ocrx_word' id='word_1_410' title='bbox 2178 1981 2322 2044; x_wconf 86' lang='lat' dir='ltr'><strong>pede,</strong></span> <span class='ocrx_word' id='word_1_411' title='bbox 2348 1979 2441 2028; x_wconf 88' lang='lat' dir='ltr'><strong>ede</strong></span> <span class='ocrx_word' id='word_1_412' title='bbox 2467 1978 2649 2040; x_wconf 86' lang='lat' dir='ltr'><strong>perede</strong></span> <span class='ocrx_word' id='word_1_413' title='bbox 2672 1975 2843 2024; x_wconf 85' lang='lat' dir='ltr'><strong>melos.</strong></span> 
     </span>
    </p>
   </div>
   <div class='ocr_carea' id='block_1_74' title="bbox 1642 2076 3188 2153">
    <p class='ocr_par' dir='ltr' id='par_1_74' title="bbox 1642 2076 3188 2153">
     <span class='ocr_line' id='line_1_74' title="bbox 1642 2076 3188 2153; baseline -0.011 -7"><span class='ocrx_word' id='word_1_414' title='bbox 1642 2091 1749 2146; x_wconf 80' lang='lat' dir='ltr'><strong>Nec</strong></span> <span class='ocrx_word' id='word_1_415' title='bbox 1771 2105 1874 2144; x_wconf 92' lang='lat' dir='ltr'><strong>non</strong></span> <span class='ocrx_word' id='word_1_416' title='bbox 1905 2090 2163 2144; x_wconf 86' lang='lat' dir='ltr'><strong>habentur</strong></span> <span class='ocrx_word' id='word_1_417' title='bbox 2183 2099 2278 2153; x_wconf 92' lang='lat' dir='ltr'><strong>pro</strong></span> <span class='ocrx_word' id='word_1_418' title='bbox 2297 2082 2707 2146; x_wconf 79' lang='lat' dir='ltr'><strong>recurrentibus,</strong></span> <span class='ocrx_word' id='word_1_419' title='bbox 2733 2079 2822 2148; x_wconf 91' lang='lat' dir='ltr'><strong>qui</strong></span> <span class='ocrx_word' id='word_1_420' title='bbox 2851 2076 3044 2147; x_wconf 86' lang='lat' dir='ltr'><strong>pedum</strong></span> <span class='ocrx_word' id='word_1_421' title='bbox 3073 2077 3188 2145; x_wconf 85' lang='lat' dir='ltr'><strong>lege</strong></span> 
     </span>
    </p>
   </div>
   <div class='ocr_carea' id='block_1_75' title="bbox 1644 2167 3184 2246">
    <p class='ocr_par' dir='ltr' id='par_1_75' title="bbox 1644 2167 3184 2246">
     <span class='ocr_line' id='line_1_75' title="bbox 1644 2167 3184 2246; baseline -0.011 -9"><span class='ocrx_word' id='word_1_422' title='bbox 1644 2191 1872 2246; x_wconf 83' lang='lat' dir='ltr'><strong>servata,</strong></span> <span class='ocrx_word' id='word_1_423' title='bbox 1900 2187 1958 2233; x_wconf 89' lang='lat' dir='ltr'><strong>et</strong></span> <span class='ocrx_word' id='word_1_424' title='bbox 1983 2180 2027 2232; x_wconf 87' lang='lat' dir='ltr'><strong>si</strong></span> <span class='ocrx_word' id='word_1_425' title='bbox 2071 2192 2174 2230; x_wconf 88' lang='lat' dir='ltr'><strong>non</strong></span> <span class='ocrx_word' id='word_1_426' title='bbox 2202 2188 2298 2242; x_wconf 89' lang='lat' dir='ltr'><strong>per</strong></span> <span class='ocrx_word' id='word_1_427' title='bbox 2344 2172 2577 2242; x_wconf 85' lang='lat' dir='ltr'><strong>singulos</strong></span> <span class='ocrx_word' id='word_1_428' title='bbox 2625 2170 2832 2238; x_wconf 83' lang='lat' dir='ltr'><strong>apices,</strong></span> <span class='ocrx_word' id='word_1_429' title='bbox 2859 2182 2954 2236; x_wconf 85' lang='lat' dir='ltr'><strong>per</strong></span> <span class='ocrx_word' id='word_1_430' title='bbox 2979 2167 3184 2235; x_wconf 87' lang='lat' dir='ltr'><strong>singula</strong></span> 
     </span>
    </p>
   </div>
   <div class='ocr_carea' id='block_1_76' title="bbox 1646 2255 3186 2334">
    <p class='ocr_par' dir='ltr' id='par_1_76' title="bbox 1646 2255 3186 2334">
     <span class='ocr_line' id='line_1_76' title="bbox 1646 2255 3186 2334; baseline -0.014 -8"><span class='ocrx_word' id='word_1_431' title='bbox 1646 2281 1821 2326; x_wconf 73' lang='lat' dir='ltr'><strong>tamen</strong></span> <span class='ocrx_word' id='word_1_432' title='bbox 1864 2267 2021 2321; x_wconf 89' lang='lat' dir='ltr'><strong>verba</strong></span> <span class='ocrx_word' id='word_1_433' title='bbox 2068 2263 2440 2334; x_wconf 88' lang='lat' dir='ltr'><strong>replicantur:</strong></span> <span class='ocrx_word' id='word_1_434' title='bbox 2479 2269 2537 2313; x_wconf 93' lang='lat' dir='ltr'><strong>ut</strong></span> <span class='ocrx_word' id='word_1_435' title='bbox 2581 2268 2665 2313; x_wconf 85' lang='lat' dir='ltr'><strong>est</strong></span> <span class='ocrx_word' id='word_1_436' title='bbox 2715 2272 2876 2310; x_wconf 90' lang='lat' dir='ltr'><strong>unum</strong></span> <span class='ocrx_word' id='word_1_437' title='bbox 2926 2255 3186 2309; x_wconf 81' lang='lat' dir='ltr'><strong>distichon</strong></span> 
     </span>
    </p>
   </div>
   <div class='ocr_carea' id='block_1_77' title="bbox 1648 2342 3188 2426">
    <p class='ocr_par' dir='ltr' id='par_1_77' title="bbox 1648 2342 3188 2426">
     <span class='ocr_line' id='line_1_77' title="bbox 1648 2342 3188 2426; baseline -0.014 -12"><span class='ocrx_word' id='word_1_438' title='bbox 1648 2374 1820 2414; x_wconf 89' lang='lat' dir='ltr'><strong>meum</strong></span> <span class='ocrx_word' id='word_1_439' title='bbox 1850 2355 2046 2426; x_wconf 88' lang='lat' dir='ltr'><strong>(qualia</strong></span> <span class='ocrx_word' id='word_1_440' title='bbox 2092 2368 2212 2407; x_wconf 88' lang='lat' dir='ltr'><strong>reor</strong></span> <span class='ocrx_word' id='word_1_441' title='bbox 2252 2349 2494 2419; x_wconf 87' lang='lat' dir='ltr'><strong>equidem</strong></span> <span class='ocrx_word' id='word_1_442' title='bbox 2537 2347 2639 2416; x_wconf 81' lang='lat' dir='ltr'><strong>legi</strong></span> <span class='ocrx_word' id='word_1_443' title='bbox 2683 2345 2844 2399; x_wconf 89' lang='lat' dir='ltr'><strong>multa</strong></span> <span class='ocrx_word' id='word_1_444' title='bbox 2875 2342 3188 2405; x_wconf 89' lang='lat' dir='ltr'><strong>multorum)</strong></span> 
     </span>
    </p>
   </div>
   <div class='ocr_carea' id='block_1_78' title="bbox 1650 2437 3191 2525">
    <p class='ocr_par' dir='ltr' id='par_1_78' title="bbox 1650 2437 3191 2525">
     <span class='ocr_line' id='line_1_78' title="bbox 1650 2437 3191 2525; baseline -0.016 -15"><span class='ocrx_word' id='word_1_445' title='bbox 1650 2454 1790 2525; x_wconf 91' lang='lat' dir='ltr'><strong>quod</strong></span> <span class='ocrx_word' id='word_1_446' title='bbox 1829 2454 1895 2506; x_wconf 93' lang='lat' dir='ltr'><strong>de</strong></span> <span class='ocrx_word' id='word_1_447' title='bbox 1923 2451 2091 2505; x_wconf 87' lang='lat' dir='ltr'><strong>rivulo</strong></span> <span class='ocrx_word' id='word_1_448' title='bbox 2114 2446 2234 2511; x_wconf 89' lang='lat' dir='ltr'><strong>lusi,</strong></span> <span class='ocrx_word' id='word_1_449' title='bbox 2265 2445 2354 2514; x_wconf 90' lang='lat' dir='ltr'><strong>qui</strong></span> <span class='ocrx_word' id='word_1_450' title='bbox 2401 2440 2676 2511; x_wconf 88' lang='lat' dir='ltr'><strong>repentino</strong></span> <span class='ocrx_word' id='word_1_451' title='bbox 2717 2437 3065 2508; x_wconf 83' lang='lat' dir='ltr'><strong>procellarum</strong></span> <span class='ocrx_word' id='word_1_452' title='bbox 3095 2450 3191 2501; x_wconf 85' lang='lat' dir='ltr'><strong>pa-</strong></span> 
     </span>
    </p>
   </div>
   <div class='ocr_carea' id='block_1_79' title="bbox 1651 2524 3192 2611">
    <p class='ocr_par' dir='ltr' id='par_1_79' title="bbox 1651 2524 3192 2611">
     <span class='ocr_line' id='line_1_79' title="bbox 1651 2524 3192 2611; baseline -0.016 -11"><span class='ocrx_word' id='word_1_453' title='bbox 1651 2524 1766 2600; x_wconf 86' lang='lat' dir='ltr'><strong>stus</strong></span> <span class='ocrx_word' id='word_1_454' title='bbox 1793 2543 2002 2611; x_wconf 84' lang='lat' dir='ltr'><strong>illapsu,</strong></span> <span class='ocrx_word' id='word_1_455' title='bbox 2049 2537 2419 2607; x_wconf 90' lang='lat' dir='ltr'><strong>publicumque</strong></span> <span class='ocrx_word' id='word_1_456' title='bbox 2445 2544 2687 2600; x_wconf 87' lang='lat' dir='ltr'><strong>aggerem</strong></span> <span class='ocrx_word' id='word_1_457' title='bbox 2715 2525 3028 2595; x_wconf 81' lang='lat' dir='ltr'><strong>confragoso</strong></span> <span class='ocrx_word' id='word_1_458' title='bbox 3061 2524 3192 2578; x_wconf 60' lang='lat' dir='ltr'><strong>dilun</strong></span> 
     </span>
    </p>
   </div>
   <div class='ocr_carea' id='block_1_80' title="bbox 1652 2617 3192 2701">
    <p class='ocr_par' dir='ltr' id='par_1_80' title="bbox 1652 2617 3192 2701">
     <span class='ocr_line' id='line_1_80' title="bbox 1652 2617 3192 2701; baseline -0.014 -11"><span class='ocrx_word' id='word_1_459' title='bbox 1652 2637 1738 2689; x_wconf 89' lang='lat' dir='ltr'><strong>vio</strong></span> <span class='ocrx_word' id='word_1_460' title='bbox 1790 2643 2196 2701; x_wconf 83' lang='lat' dir='ltr'><strong>supergressus,</strong></span> <span class='ocrx_word' id='word_1_461' title='bbox 2247 2625 2453 2680; x_wconf 89' lang='lat' dir='ltr'><strong>subdita</strong></span> <span class='ocrx_word' id='word_1_462' title='bbox 2505 2623 2646 2677; x_wconf 87' lang='lat' dir='ltr'><strong>culta</strong></span> <span class='ocrx_word' id='word_1_463' title='bbox 2690 2619 2789 2674; x_wconf 68' lang='lat' dir='ltr'><strong>viai</strong></span> <span class='ocrx_word' id='word_1_464' title='bbox 2831 2617 3192 2680; x_wconf 88' lang='lat' dir='ltr'><strong>inundaverat,</strong></span> 
     </span>
    </p>
   </div>
   <div class='ocr_carea' id='block_1_81' title="bbox 1652 2706 3195 2794">
    <p class='ocr_par' dir='ltr' id='par_1_81' title="bbox 1652 2706 3195 2794">
     <span class='ocr_line' id='line_1_81' title="bbox 1652 2706 3195 2794; baseline -0.014 -13"><span class='ocrx_word' id='word_1_465' title='bbox 1652 2723 1812 2794; x_wconf 78' lang='grc'><strong>279</strong></span> <span class='ocrx_word' id='word_1_466' title='bbox 1839 2732 2135 2790; x_wconf 90' lang='lat' dir='ltr'><strong>quanquam</strong></span> <span class='ocrx_word' id='word_1_467' title='bbox 2162 2714 2496 2783; x_wconf 88' lang='lat' dir='ltr'><strong>depositurus</strong></span> <span class='ocrx_word' id='word_1_468' title='bbox 2517 2712 2754 2765; x_wconf 87' lang='lat' dir='ltr'><strong>insanam</strong></span> <span class='ocrx_word' id='word_1_469' title='bbox 2780 2722 2903 2762; x_wconf 89' lang='lat' dir='ltr'><strong>mox</strong></span> <span class='ocrx_word' id='word_1_470' title='bbox 2925 2706 3195 2760; x_wconf 83' lang='lat' dir='ltr'><strong>abundan-</strong></span> 
     </span>
    </p>
   </div>
   <div class='ocr_carea' id='block_1_82' title="bbox 1658 2796 3198 2879">
    <p class='ocr_par' dir='ltr' id='par_1_82' title="bbox 1658 2796 3198 2879">
     <span class='ocr_line' id='line_1_82' title="bbox 1658 2796 3198 2879; baseline -0.014 -12"><span class='ocrx_word' id='word_1_471' title='bbox 1658 2815 1808 2875; x_wconf 89' lang='lat' dir='ltr'><strong>tiam,</strong></span> <span class='ocrx_word' id='word_1_472' title='bbox 1836 2809 2029 2879; x_wconf 86' lang='lat' dir='ltr'><strong>quippe</strong></span> <span class='ocrx_word' id='word_1_473' title='bbox 2056 2819 2214 2874; x_wconf 88' lang='lat' dir='ltr'><strong>quam</strong></span> <span class='ocrx_word' id='word_1_474' title='bbox 2241 2801 2432 2871; x_wconf 86' lang='lat' dir='ltr'><strong>pluviis</strong></span> <span class='ocrx_word' id='word_1_475' title='bbox 2452 2799 2827 2867; x_wconf 83' lang='lat' dir='ltr'><strong>appendicibus</strong></span> <span class='ocrx_word' id='word_1_476' title='bbox 2847 2796 3198 2850; x_wconf 86' lang='lat' dir='ltr'><strong>intumescen-</strong></span> 
     </span>
    </p>
   </div>
   <div class='ocr_carea' id='block_1_83' title="bbox 1655 2885 3193 2965">
    <p class='ocr_par' dir='ltr' id='par_1_83' title="bbox 1655 2885 3193 2965">
     <span class='ocr_line' id='line_1_83' title="bbox 1655 2885 3193 2965; baseline -0.012 -12"><span class='ocrx_word' id='word_1_477' title='bbox 1655 2885 1790 2964; x_wconf 71' lang='lat' dir='ltr'><strong>tem,</strong></span> <span class='ocrx_word' id='word_1_478' title='bbox 1815 2899 1889 2951; x_wconf 90' lang='lat' dir='ltr'><strong>nil</strong></span> <span class='ocrx_word' id='word_1_479' title='bbox 1917 2909 2141 2965; x_wconf 88' lang='lat' dir='ltr'><strong>superna</strong></span> <span class='ocrx_word' id='word_1_480' title='bbox 2173 2906 2321 2945; x_wconf 76' lang='lat' dir='ltr'><strong>vena:</strong></span> <span class='ocrx_word' id='word_1_481' title='bbox 2361 2888 2606 2958; x_wconf 87' lang='lat' dir='ltr'><strong>perennis</strong></span> <span class='ocrx_word' id='word_1_482' title='bbox 2648 2887 2881 2955; x_wconf 83' lang='lat' dir='ltr'><strong>pondera</strong></span> <span class='ocrx_word' id='word_1_483' title='bbox 2927 2885 3193 2938; x_wconf 83' lang='lat' dir='ltr'><strong>inﬂarent.</strong></span> 
     </span>
    </p>
   </div>
   <div class='ocr_carea' id='block_1_84' title="bbox 1655 2975 3200 3061">
    <p class='ocr_par' dir='ltr' id='par_1_84' title="bbox 1655 2975 3200 3061">
     <span class='ocr_line' id='line_1_84' title="bbox 1655 2975 3200 3061; baseline -0.013 -14"><span class='ocrx_word' id='word_1_484' title='bbox 1655 2992 1813 3061; x_wconf 86' lang='lat' dir='ltr'><strong>Igitur</strong></span> <span class='ocrx_word' id='word_1_485' title='bbox 1840 2990 1958 3043; x_wconf 89' lang='lat' dir='ltr'><strong>istic</strong></span> <span class='ocrx_word' id='word_1_486' title='bbox 2004 2988 2150 3056; x_wconf 83' lang='lat' dir='ltr'><strong>(nam</strong></span> <span class='ocrx_word' id='word_1_487' title='bbox 2178 2983 2351 3036; x_wconf 87' lang='lat' dir='ltr'><strong>viator</strong></span> <span class='ocrx_word' id='word_1_488' title='bbox 2383 2977 2733 3046; x_wconf 85' lang='lat' dir='ltr'><strong>adveneram)</strong></span> <span class='ocrx_word' id='word_1_489' title='bbox 2762 2977 2887 3030; x_wconf 91' lang='lat' dir='ltr'><strong>dum</strong></span> <span class='ocrx_word' id='word_1_490' title='bbox 2934 2975 3099 3042; x_wconf 81' lang='lat' dir='ltr'><strong>magis</strong></span> <span class='ocrx_word' id='word_1_491' title='bbox 3128 2975 3200 3027; x_wconf 75' lang='lat' dir='ltr'><strong>ri-</strong></span> 
     </span>
    </p>
   </div>
   <div class='ocr_carea' id='block_1_85' title="bbox 1658 3067 3197 3152">
    <p class='ocr_par' dir='ltr' id='par_1_85' title="bbox 1658 3067 3197 3152">
     <span class='ocr_line' id='line_1_85' title="bbox 1658 3067 3197 3152; baseline -0.013 -17"><span class='ocrx_word' id='word_1_492' title='bbox 1658 3097 1776 3152; x_wconf 88' lang='lat' dir='ltr'><strong>pam</strong></span> <span class='ocrx_word' id='word_1_493' title='bbox 1805 3093 1960 3149; x_wconf 89' lang='lat' dir='ltr'><strong>quam</strong></span> <span class='ocrx_word' id='word_1_494' title='bbox 1984 3076 2174 3139; x_wconf 74' lang='lat' dir='ltr'><strong>vadum</strong></span> <span class='ocrx_word' id='word_1_495' title='bbox 2220 3087 2424 3142; x_wconf 72' lang='lat' dir='ltr'><strong>qumro,</strong></span> <span class='ocrx_word' id='word_1_496' title='bbox 2447 3070 2539 3124; x_wconf 85' lang='lat' dir='ltr'><strong>tali</strong></span> <span class='ocrx_word' id='word_1_497' title='bbox 2564 3069 2771 3137; x_wconf 84' lang='lat' dir='ltr'><strong>jocatus</strong></span> <span class='ocrx_word' id='word_1_498' title='bbox 2803 3067 3197 3136; x_wconf 80' lang='lat' dir='ltr'><strong>epigrammate,</strong></span> 
     </span>
    </p>
   </div>
   <div class='ocr_carea' id='block_1_86' title="bbox 1661 3155 3202 3240">
    <p class='ocr_par' dir='ltr' id='par_1_86' title="bbox 1661 3155 3202 3240">
     <span class='ocr_line' id='line_1_86' title="bbox 1661 3155 3202 3240; baseline -0.012 -16"><span class='ocrx_word' id='word_1_499' title='bbox 1661 3186 1756 3240; x_wconf 83' lang='lat' dir='ltr'><strong>per</strong></span> <span class='ocrx_word' id='word_1_500' title='bbox 1804 3166 2084 3222; x_wconf 90' lang='lat' dir='ltr'><strong>turbulenti</strong></span> <span class='ocrx_word' id='word_1_501' title='bbox 2119 3174 2261 3232; x_wconf 87' lang='lat' dir='ltr'><strong>terga</strong></span> <span class='ocrx_word' id='word_1_502' title='bbox 2311 3160 2561 3216; x_wconf 85' lang='lat' dir='ltr'><strong>torrentis</strong></span> <span class='ocrx_word' id='word_1_503' title='bbox 2607 3157 2691 3212; x_wconf 89' lang='lat' dir='ltr'><strong>his</strong></span> <span class='ocrx_word' id='word_1_504' title='bbox 2744 3158 2934 3211; x_wconf 85' lang='lat' dir='ltr'><strong>saltem</strong></span> <span class='ocrx_word' id='word_1_505' title='bbox 2980 3155 3202 3224; x_wconf 86' lang='lat' dir='ltr'><strong>pedibus</strong></span> 
     </span>
    </p>
   </div>
   <div class='ocr_carea' id='block_1_87' title="bbox 1663 3261 1876 3320">
    <p class='ocr_par' dir='ltr' id='par_1_87' title="bbox 1663 3261 1876 3320">
     <span class='ocr_line' id='line_1_87' title="bbox 1663 3261 1876 3320; baseline -0.028 0"><span class='ocrx_word' id='word_1_506' title='bbox 1663 3261 1876 3320; x_wconf 85' lang='lat' dir='ltr'><strong>incessi.</strong></span> 
     </span>
    </p>
   </div>
   <div class='ocr_carea' id='block_1_88' title="bbox 1754 3335 2960 3409">
    <p class='ocr_par' dir='ltr' id='par_1_88' title="bbox 1754 3335 2960 3409">
     <span class='ocr_line' id='line_1_88' title="bbox 1754 3335 2960 3409; baseline -0.014 -11"><span class='ocrx_word' id='word_1_507' title='bbox 1754 3347 1994 3409; x_wconf 71' lang='lat' dir='ltr'><strong>Przecipiti</strong></span> <span class='ocrx_word' id='word_1_508' title='bbox 2009 3344 2149 3394; x_wconf 87' lang='lat' dir='ltr'><strong>modo</strong></span> <span class='ocrx_word' id='word_1_509' title='bbox 2168 3341 2296 3404; x_wconf 87' lang='lat' dir='ltr'><strong>quod</strong></span> <span class='ocrx_word' id='word_1_510' title='bbox 2325 3341 2537 3409; x_wconf 81' lang='lat' dir='ltr'><strong>decurrit</strong></span> <span class='ocrx_word' id='word_1_511' title='bbox 2552 3338 2742 3409; x_wconf 67' lang='lat' dir='ltr'><strong>tramth</strong></span> <span class='ocrx_word' id='word_1_512' title='bbox 2768 3335 2960 3409; x_wconf 63' lang='lat' dir='ltr'><strong>nomen,</strong></span> 
     </span>
    </p>
   </div>
   <div class='ocr_carea' id='block_1_89' title="bbox 1818 3395 2862 3468">
    <p class='ocr_par' dir='ltr' id='par_1_89' title="bbox 1818 3395 2862 3468">
     <span class='ocr_line' id='line_1_89' title="bbox 1818 3395 2862 3468; baseline -0.013 -10"><span class='ocrx_word' id='word_1_513' title='bbox 1818 3395 2056 3468; x_wconf 76' lang='lat' dir='ltr'><strong>Tempore</strong></span> <span class='ocrx_word' id='word_1_514' title='bbox 2080 3395 2406 3461; x_wconf 75' lang='lat' dir='ltr'><strong>consumptum</strong></span> <span class='ocrx_word' id='word_1_515' title='bbox 2426 3403 2521 3461; x_wconf 78' lang='lat' dir='ltr'><strong>jam</strong></span> <span class='ocrx_word' id='word_1_516' title='bbox 2537 3399 2630 3447; x_wconf 80' lang='lat' dir='ltr'><strong>ci;o</strong></span> <span class='ocrx_word' id='word_1_517' title='bbox 2649 3395 2862 3447; x_wconf 78' lang='lat' dir='ltr'><strong>deﬁciet.</strong></span> 
     </span>
    </p>
   </div>
   <div class='ocr_carea' id='block_1_90' title="bbox 1671 3481 2498 3551">
    <p class='ocr_par' dir='ltr' id='par_1_90' title="bbox 1671 3481 2498 3551">
     <span class='ocr_line' id='line_1_90' title="bbox 1671 3481 2498 3551; baseline -0.018 -4"><span class='ocrx_word' id='word_1_518' title='bbox 1671 3491 1780 3548; x_wconf 74' lang='lat' dir='ltr'><strong>Hoc</strong></span> <span class='ocrx_word' id='word_1_519' title='bbox 1801 3489 1845 3543; x_wconf 90' lang='lat' dir='ltr'><strong>si</strong></span> <span class='ocrx_word' id='word_1_520' title='bbox 1873 3499 2139 3551; x_wconf 88' lang='lat' dir='ltr'><strong>recurras,</strong></span> <span class='ocrx_word' id='word_1_521' title='bbox 2168 3483 2244 3537; x_wconf 91' lang='lat' dir='ltr'><strong>ita</strong></span> <span class='ocrx_word' id='word_1_522' title='bbox 2273 3481 2498 3550; x_wconf 85' lang='lat' dir='ltr'><strong>legitur:</strong></span> 
     </span>
    </p>
   </div>
   <div class='ocr_carea' id='block_1_91' title="bbox 1760 3566 3000 3635">
    <p class='ocr_par' dir='ltr' id='par_1_91' title="bbox 1760 3566 3000 3635">
     <span class='ocr_line' id='line_1_91' title="bbox 1760 3566 3000 3635; baseline -0.012 -5"><span class='ocrx_word' id='word_1_523' title='bbox 1760 3578 1964 3630; x_wconf 79' lang='lat' dir='ltr'><strong>Deﬁciet</strong></span> <span class='ocrx_word' id='word_1_524' title='bbox 1985 3579 2079 3624; x_wconf 91' lang='lat' dir='ltr'><strong>cito</strong></span> <span class='ocrx_word' id='word_1_525' title='bbox 2094 3574 2190 3635; x_wconf 86' lang='lat' dir='ltr'><strong>jam</strong></span> <span class='ocrx_word' id='word_1_526' title='bbox 2206 3575 2537 3635; x_wconf 75' lang='lat' dir='ltr'><strong>consumptum</strong></span> <span class='ocrx_word' id='word_1_527' title='bbox 2554 3573 2772 3635; x_wconf 74' lang='lat' dir='ltr'><strong>tempore</strong></span> <span class='ocrx_word' id='word_1_528' title='bbox 2803 3566 3000 3635; x_wconf 71' lang='lat' dir='ltr'><strong>ilumen,</strong></span> 
     </span>
    </p>
   </div>
   <div class='ocr_carea' id='block_1_92' title="bbox 1821 3628 2834 3694">
    <p class='ocr_par' dir='ltr' id='par_1_92' title="bbox 1821 3628 2834 3694">
     <span class='ocr_line' id='line_1_92' title="bbox 1821 3628 2834 3694; baseline -0.015 -6"><span class='ocrx_word' id='word_1_529' title='bbox 1821 3639 2032 3688; x_wconf 88' lang='lat' dir='ltr'><strong>Tramite</strong></span> <span class='ocrx_word' id='word_1_530' title='bbox 2051 3628 2266 3685; x_wconf 77' lang='lat' dir='ltr'><strong>decurrit</strong></span> <span class='ocrx_word' id='word_1_531' title='bbox 2285 3628 2416 3694; x_wconf 78' lang='lat' dir='ltr'><strong>quod</strong></span> <span class='ocrx_word' id='word_1_532' title='bbox 2432 3629 2571 3678; x_wconf 89' lang='lat' dir='ltr'><strong>modo</strong></span> <span class='ocrx_word' id='word_1_533' title='bbox 2589 3628 2834 3690; x_wconf 64' lang='lat' dir='ltr'><strong>praecipiti.</strong></span> 
     </span>
    </p>
   </div>
   <div class='ocr_carea' id='block_1_93' title="bbox 1740 3729 3206 3800">
    <p class='ocr_par' dir='ltr' id='par_1_93' title="bbox 1740 3729 3206 3800">
     <span class='ocr_line' id='line_1_93' title="bbox 1740 3729 3206 3800; baseline -0.01 -6"><span class='ocrx_word' id='word_1_534' title='bbox 1740 3740 1878 3794; x_wconf 83' lang='lat' dir='ltr'><strong>Ecce</strong></span> <span class='ocrx_word' id='word_1_535' title='bbox 1901 3738 2064 3791; x_wconf 87' lang='lat' dir='ltr'><strong>babes</strong></span> <span class='ocrx_word' id='word_1_536' title='bbox 2092 3748 2298 3800; x_wconf 89' lang='lat' dir='ltr'><strong>versus,</strong></span> <span class='ocrx_word' id='word_1_537' title='bbox 2325 3745 2545 3800; x_wconf 90' lang='lat' dir='ltr'><strong>quorum</strong></span> <span class='ocrx_word' id='word_1_538' title='bbox 2573 3729 2871 3800; x_wconf 85' lang='lat' dir='ltr'><strong>syllabatim</strong></span> <span class='ocrx_word' id='word_1_539' title='bbox 2911 3729 3101 3781; x_wconf 86' lang='lat' dir='ltr'><strong>mirere</strong></span> <span class='ocrx_word' id='word_1_540' title='bbox 3125 3742 3206 3780; x_wconf 86' lang='lat' dir='ltr'><strong>ra-</strong></span> 
     </span>
    </p>
   </div>
   <div class='ocr_carea' id='block_1_94' title="bbox 1672 3807 3206 3886">
    <p class='ocr_par' dir='ltr' id='par_1_94' title="bbox 1672 3807 3206 3886">
     <span class='ocr_line' id='line_1_94' title="bbox 1672 3807 3206 3886; baseline -0.008 -5"><span class='ocrx_word' id='word_1_541' title='bbox 1672 3829 1887 3881; x_wconf 87' lang='lat' dir='ltr'><strong>tionem.</strong></span> <span class='ocrx_word' id='word_1_542' title='bbox 1925 3823 2186 3877; x_wconf 49' lang='lat' dir='ltr'><strong>Caserum</strong></span> <span class='ocrx_word' id='word_1_543' title='bbox 2217 3833 2460 3886; x_wconf 83' lang='lat' dir='ltr'><strong>pompam</strong></span> <span class='ocrx_word' id='word_1_544' title='bbox 2489 3831 2647 3884; x_wconf 88' lang='lat' dir='ltr'><strong>quam</strong></span> <span class='ocrx_word' id='word_1_545' title='bbox 2691 3831 2794 3868; x_wconf 92' lang='lat' dir='ltr'><strong>non</strong></span> <span class='ocrx_word' id='word_1_546' title='bbox 2839 3815 3054 3880; x_wconf 86' lang='lat' dir='ltr'><strong>habent,</strong></span> <span class='ocrx_word' id='word_1_547' title='bbox 3092 3807 3206 3868; x_wconf 46' lang='lat' dir='ltr'><strong>&quot;non</strong></span> 
     </span>
    </p>
   </div>
   <div class='ocr_carea' id='block_1_95' title="bbox 1671 3903 3206 3968">
    <p class='ocr_par' dir='ltr' id='par_1_95' title="bbox 1671 3903 3206 3968">
     <span class='ocr_line' id='line_1_95' title="bbox 1671 3903 3206 3968; baseline -0.008 -2"><span class='ocrx_word' id='word_1_548' title='bbox 1671 3912 1949 3966; x_wconf 84' lang='lat' dir='ltr'><strong>docebunt.</strong></span> <span class='ocrx_word' id='word_1_549' title='bbox 1995 3906 2331 3961; x_wconf 81' lang='lat' dir='ltr'><strong>Suﬂicienter</strong></span> <span class='ocrx_word' id='word_1_550' title='bbox 2360 3903 2616 3956; x_wconf 78' lang='lat' dir='ltr'><strong>indicasse</strong></span> <span class='ocrx_word' id='word_1_551' title='bbox 2656 3917 2741 3955; x_wconf 90' lang='lat' dir='ltr'><strong>me</strong></span> <span class='ocrx_word' id='word_1_552' title='bbox 2779 3904 3035 3966; x_wconf 89' lang='lat' dir='ltr'><strong>suspicor,</strong></span> <span class='ocrx_word' id='word_1_553' title='bbox 3068 3903 3206 3968; x_wconf 88' lang='lat' dir='ltr'><strong>quod</strong></span> 
     </span>
    </p>
   </div>
   <div class='ocr_carea' id='block_1_96' title="bbox 1671 3989 3208 4064">
    <p class='ocr_par' dir='ltr' id='par_1_96' title="bbox 1671 3989 3208 4064">
     <span class='ocr_line' id='line_1_96' title="bbox 1671 3989 3208 4064; baseline -0.007 -11"><span class='ocrx_word' id='word_1_554' title='bbox 1671 4011 1723 4053; x_wconf 89' lang='lat' dir='ltr'><strong>tu</strong></span> <span class='ocrx_word' id='word_1_555' title='bbox 1751 3997 2119 4064; x_wconf 86' lang='lat' dir='ltr'><strong>requirendum</strong></span> <span class='ocrx_word' id='word_1_556' title='bbox 2146 3993 2486 4047; x_wconf 83' lang='lat' dir='ltr'><strong>existimasti.</strong></span> <span class='ocrx_word' id='word_1_557' title='bbox 2520 3992 2701 4043; x_wconf 89' lang='lat' dir='ltr'><strong>Simile</strong></span> <span class='ocrx_word' id='word_1_558' title='bbox 2730 3989 2973 4057; x_wconf 88' lang='lat' dir='ltr'><strong>quiddam</strong></span> <span class='ocrx_word' id='word_1_559' title='bbox 3006 3989 3132 4042; x_wconf 78' lang='lat' dir='ltr'><strong>facis</strong></span> <span class='ocrx_word' id='word_1_560' title='bbox 3155 4000 3208 4043; x_wconf 88' lang='lat' dir='ltr'><strong>et</strong></span> 
     </span>
    </p>
   </div>
   <div class='ocr_carea' id='block_1_97' title="bbox 1672 4065 3208 4155">
    <p class='ocr_par' dir='ltr' id='par_1_97' title="bbox 1672 4065 3208 4155">
     <span class='ocr_line' id='line_1_97' title="bbox 1672 4065 3208 4155; baseline -0.007 -13"><span class='ocrx_word' id='word_1_561' title='bbox 1672 4089 1784 4155; x_wconf 89' lang='lat' dir='ltr'><strong>ipse</strong></span> <span class='ocrx_word' id='word_1_562' title='bbox 1812 4088 1854 4140; x_wconf 88' lang='lat' dir='ltr'><strong>si</strong></span> <span class='ocrx_word' id='word_1_563' title='bbox 1884 4083 2147 4154; x_wconf 85' lang='lat' dir='ltr'><strong>proposita</strong></span> <span class='ocrx_word' id='word_1_564' title='bbox 2175 4081 2444 4144; x_wconf 86' lang='lat' dir='ltr'><strong>restituas,</strong></span> <span class='ocrx_word' id='word_1_565' title='bbox 2467 4094 2614 4145; x_wconf 62' lang='lat' dir='ltr'><strong>aeque</strong></span> <span class='ocrx_word' id='word_1_566' title='bbox 2645 4079 2874 4142; x_wconf 76' lang='lat' dir='ltr'><strong>diverso,</strong></span> <span class='ocrx_word' id='word_1_567' title='bbox 2906 4065 3022 4155; x_wconf 62' lang='lat' dir='ltr'><strong>qua:</strong></span> <span class='ocrx_word' id='word_1_568' title='bbox 3058 4092 3208 4145; x_wconf 80' lang='lat' dir='ltr'><strong>repe-</strong></span> 
     </span>
    </p>
   </div>
   <div class='ocr_carea' id='block_1_98' title="bbox 1672 4149 3209 4239">
    <p class='ocr_par' dir='ltr' id='par_1_98' title="bbox 1672 4149 3209 4239">
     <span class='ocr_line' id='line_1_98' title="bbox 1672 4149 3209 4239; baseline -0.007 -10"><span class='ocrx_word' id='word_1_569' title='bbox 1672 4149 1799 4230; x_wconf 76' lang='lat' dir='ltr'><strong>teris</strong></span> <span class='ocrx_word' id='word_1_570' title='bbox 1843 4149 2107 4239; x_wconf 76' lang='lat' dir='ltr'><strong>expedias.</strong></span> <span class='ocrx_word' id='word_1_571' title='bbox 2141 4169 2374 4234; x_wconf 80' lang='lat' dir='ltr'><strong>Namque</strong></span> <span class='ocrx_word' id='word_1_572' title='bbox 2419 4169 2615 4221; x_wconf 88' lang='lat' dir='ltr'><strong>eminet</strong></span> <span class='ocrx_word' id='word_1_573' title='bbox 2657 4165 2749 4219; x_wconf 90' lang='lat' dir='ltr'><strong>tibi</strong></span> <span class='ocrx_word' id='word_1_574' title='bbox 2781 4149 3025 4219; x_wconf 80' lang='lat' dir='ltr'><strong>thematis</strong></span> <span class='ocrx_word' id='word_1_575' title='bbox 3071 4166 3209 4219; x_wconf 86' lang='lat' dir='ltr'><strong>cele-</strong></span> 
     </span>
    </p>
   </div>
   <div class='ocr_carea' id='block_1_99' title="bbox 1671 4254 3214 4324">
    <p class='ocr_par' dir='ltr' id='par_1_99' title="bbox 1671 4254 3214 4324">
     <span class='ocr_line' id='line_1_99' title="bbox 1671 4254 3214 4324; baseline -0.008 -6"><span class='ocrx_word' id='word_1_576' title='bbox 1671 4262 1888 4319; x_wconf 89' lang='lat' dir='ltr'><strong>berrimi</strong></span> <span class='ocrx_word' id='word_1_577' title='bbox 1930 4261 2105 4314; x_wconf 79' lang='lat' dir='ltr'><strong>votiva</strong></span> <span class='ocrx_word' id='word_1_578' title='bbox 2134 4256 2437 4322; x_wconf 90' lang='lat' dir='ltr'><strong>redhibitio,</strong></span> <span class='ocrx_word' id='word_1_579' title='bbox 2466 4256 2583 4309; x_wconf 86' lang='lat' dir='ltr'><strong>laus</strong></span> <span class='ocrx_word' id='word_1_580' title='bbox 2625 4255 2869 4311; x_wconf 83' lang='lat' dir='ltr'><strong>videlicet</strong></span> <span class='ocrx_word' id='word_1_581' title='bbox 2897 4254 3214 4324; x_wconf 85' lang='lat' dir='ltr'><strong>peroranda,</strong></span> 
     </span>
    </p>
   </div>
   <div class='ocr_carea' id='block_1_100' title="bbox 129 4431 2424 4507">
    <p class='ocr_par' dir='ltr' id='par_1_100' title="bbox 129 4431 2424 4507">
     <span class='ocr_line' id='line_1_100' title="bbox 129 4431 2424 4507; baseline -0.008 -7"><span class='ocrx_word' id='word_1_582' title='bbox 129 4457 149 4484; x_wconf 74' lang='grc' dir='ltr'><strong>ι</strong></span> <span class='ocrx_word' id='word_1_583' title='bbox 170 4447 481 4503; x_wconf 80' lang='lat' dir='ltr'><strong>Adolescenti</strong></span> <span class='ocrx_word' id='word_1_584' title='bbox 515 4444 849 4498; x_wconf 80' lang='lat' dir='ltr'><strong>scholastice.</strong></span> <span class='ocrx_word' id='word_1_585' title='bbox 880 4441 1010 4495; x_wconf 84' lang='lat' dir='ltr'><strong>Huic</strong></span> <span class='ocrx_word' id='word_1_586' title='bbox 1048 4456 1141 4507; x_wconf 91' lang='lat' dir='ltr'><strong>per</strong></span> <span class='ocrx_word' id='word_1_587' title='bbox 1173 4441 1371 4492; x_wconf 88' lang='lat' dir='ltr'><strong>litteras</strong></span> <span class='ocrx_word' id='word_1_588' title='bbox 1408 4440 1564 4492; x_wconf 82' lang='lat' dir='ltr'><strong>inter-</strong></span> <span class='ocrx_word' id='word_1_589' title='bbox 1593 4439 1640 4497; x_wconf 86' lang='lat' dir='ltr'><strong>D</strong></span> <span class='ocrx_word' id='word_1_590' title='bbox 1667 4434 1720 4488; x_wconf 90' lang='lat' dir='ltr'><strong>in</strong></span> <span class='ocrx_word' id='word_1_591' title='bbox 1747 4441 2131 4501; x_wconf 86' lang='lat' dir='ltr'><strong>pentametrum</strong></span> <span class='ocrx_word' id='word_1_592' title='bbox 2162 4431 2382 4484; x_wconf 85' lang='lat' dir='ltr'><strong>alterum</strong></span> <span class='ocrx_word' id='word_1_593' title='bbox 2407 4448 2424 4483; x_wconf 86' lang='lat'><strong>:</strong></span> 
     </span>
    </p>
   </div>
   <div class='ocr_carea' id='block_1_101' title="bbox 80 4510 1552 4584">
    <p class='ocr_par' dir='ltr' id='par_1_101' title="bbox 80 4510 1552 4584">
     <span class='ocr_line' id='line_1_101' title="bbox 80 4510 1552 4584; baseline -0.005 -18"><span class='ocrx_word' id='word_1_594' title='bbox 80 4519 239 4581; x_wconf 79' lang='lat' dir='ltr'><strong>mgauti</strong></span> <span class='ocrx_word' id='word_1_595' title='bbox 263 4517 347 4584; x_wconf 86' lang='lat' dir='ltr'><strong>qni</strong></span> <span class='ocrx_word' id='word_1_596' title='bbox 375 4516 619 4584; x_wconf 76' lang='lat' dir='ltr'><strong>dicantur</strong></span> <span class='ocrx_word' id='word_1_597' title='bbox 648 4528 829 4565; x_wconf 85' lang='lat' dir='ltr'><strong>versus</strong></span> <span class='ocrx_word' id='word_1_598' title='bbox 865 4519 1211 4572; x_wconf 86' lang='lat' dir='ltr'><strong>recurrentes,</strong></span> <span class='ocrx_word' id='word_1_599' title='bbox 1235 4510 1339 4584; x_wconf 82' lang='lat' dir='ltr'><strong>duo</strong></span> <span class='ocrx_word' id='word_1_600' title='bbox 1371 4520 1552 4584; x_wconf 69' lang='lat' dir='ltr'><strong>eorum</strong></span> 
     </span>
    </p>
   </div>
   <div class='ocr_carea' id='block_1_102' title="bbox 80 4575 1562 4652">
    <p class='ocr_par' dir='ltr' id='par_1_102' title="bbox 80 4575 1562 4652">
     <span class='ocr_line' id='line_1_102' title="bbox 80 4575 1562 4652; baseline -0.005 -17"><span class='ocrx_word' id='word_1_601' title='bbox 80 4575 236 4649; x_wconf 64' lang='lat' dir='ltr'><strong>genera</strong></span> <span class='ocrx_word' id='word_1_602' title='bbox 259 4575 520 4652; x_wconf 67' lang='lat' dir='ltr'><strong>proponit.</strong></span> <span class='ocrx_word' id='word_1_603' title='bbox 544 4581 670 4652; x_wconf 73' lang='lat' dir='ltr'><strong>Nam</strong></span> <span class='ocrx_word' id='word_1_604' title='bbox 695 4591 784 4652; x_wconf 73' lang='lat' dir='ltr'><strong>aut</strong></span> <span class='ocrx_word' id='word_1_605' title='bbox 808 4591 1079 4652; x_wconf 84' lang='lat' dir='ltr'><strong>rec_ur_run_t</strong></span> <span class='ocrx_word' id='word_1_606' title='bbox 1113 4592 1204 4652; x_wconf 78' lang='lat' dir='ltr'><strong>per</strong></span> <span class='ocrx_word' id='word_1_607' title='bbox 1224 4575 1562 4652; x_wconf 55' lang='lat' dir='ltr'><strong>singulas“!-</strong></span> 
     </span>
    </p>
   </div>
   <div class='ocr_carea' id='block_1_103' title="bbox 83 4644 1562 4721">
    <p class='ocr_par' dir='ltr' id='par_1_103' title="bbox 83 4644 1562 4721">
     <span class='ocr_line' id='line_1_103' title="bbox 83 4644 1562 4721; baseline -0.003 -20"><span class='ocrx_word' id='word_1_608' title='bbox 83 4644 206 4721; x_wconf 59' lang='grc' dir='ltr'><strong>ἵει-εις,</strong></span> <span class='ocrx_word' id='word_1_609' title='bbox 231 4644 702 4721; x_wconf 73' lang='lat' dir='ltr'><strong>cujusgenerisest</strong></span> <span class='ocrx_word' id='word_1_610' title='bbox 732 4648 922 4721; x_wconf 76' lang='lat' dir='ltr'><strong>Leonis</strong></span> <span class='ocrx_word' id='word_1_611' title='bbox 949 4646 1208 4721; x_wconf 81' lang='lat' dir='ltr'><strong>Sapientis</strong></span> <span class='ocrx_word' id='word_1_612' title='bbox 1236 4646 1393 4721; x_wconf 58' lang='lat' dir='ltr'><strong>quasi</strong></span> <span class='ocrx_word' id='word_1_613' title='bbox 1412 4644 1562 4698; x_wconf 87' lang='lat' dir='ltr'><strong>disti-</strong></span> 
     </span>
    </p>
   </div>
   <div class='ocr_carea' id='block_1_104' title="bbox 83 4711 1565 4786">
    <p class='ocr_par' dir='ltr' id='par_1_104' title="bbox 83 4711 1565 4786">
     <span class='ocr_line' id='line_1_104' title="bbox 83 4711 1565 4786; baseline -0.001 -18"><span class='ocrx_word' id='word_1_614' title='bbox 83 4711 230 4784; x_wconf 67' lang='lat' dir='ltr'><strong>chum,</strong></span> <span class='ocrx_word' id='word_1_615' title='bbox 276 4711 364 4773; x_wconf 77' lang='lat' dir='ltr'><strong>lib.</strong></span> <span class='ocrx_word' id='word_1_616' title='bbox 394 4711 452 4773; x_wconf 48' lang='lat' dir='ltr'><strong>‘vt</strong></span> <span class='ocrx_word' id='word_1_617' title='bbox 503 4718 832 4786; x_wconf 72' lang='lat' dir='ltr'><strong>Anthologize</strong></span> <span class='ocrx_word' id='word_1_618' title='bbox 887 4711 1320 4783; x_wconf 75' lang='lat' dir='ltr'><strong>epigrammatum</strong></span> <span class='ocrx_word' id='word_1_619' title='bbox 1357 4711 1565 4766; x_wconf 64' lang='lat' dir='ltr'><strong>Graeco-</strong></span> 
     </span>
    </p>
   </div>
   <div class='ocr_carea' id='block_1_105' title="bbox 83 4784 724 4857">
    <p class='ocr_par' dir='ltr' id='par_1_105' title="bbox 83 4784 724 4857">
     <span class='ocr_line' id='line_1_105' title="bbox 83 4784 724 4857; baseline 0.002 -21"><span class='ocrx_word' id='word_1_620' title='bbox 83 4799 190 4852; x_wconf 84' lang='lat' dir='ltr'><strong>rum,</strong></span> <span class='ocrx_word' id='word_1_621' title='bbox 219 4789 358 4857; x_wconf 76' lang='lat'><strong>101</strong></span> <span class='ocrx_word' id='word_1_622' title='bbox 390 4789 494 4841; x_wconf 86' lang='lat' dir='ltr'><strong>hoc</strong></span> <span class='ocrx_word' id='word_1_623' title='bbox 523 4784 678 4839; x_wconf 85' lang='lat' dir='ltr'><strong>modo</strong></span> <span class='ocrx_word' id='word_1_624' title='bbox 709 4803 724 4837; x_wconf 88' lang='lat'><strong>:</strong></span> 
     </span>
    </p>
   </div>
   <div class='ocr_carea' id='block_1_106' title="bbox 133 4866 1467 4950">
    <p class='ocr_par' dir='ltr' id='par_1_106' title="bbox 133 4866 1467 4950">
     <span class='ocr_line' id='line_1_106' title="bbox 133 4866 1467 4950; baseline -0.006 -22"><span class='ocrx_word' id='word_1_625' title='bbox 133 4877 253 4950; x_wconf 64' lang='grc' dir='ltr'><strong>Σᾷφος</strong></span> <span class='ocrx_word' id='word_1_626' title='bbox 279 4876 426 4950; x_wconf 65' lang='grc' dir='ltr'><strong>ξτῳγι</strong></span> <span class='ocrx_word' id='word_1_627' title='bbox 451 4875 548 4950; x_wconf 50' lang='lat' dir='ltr'><strong>{ﬁn</strong></span> <span class='ocrx_word' id='word_1_628' title='bbox 575 4873 638 4950; x_wconf 70' lang='grc' dir='ltr'><strong>ξιν</strong></span> <span class='ocrx_word' id='word_1_629' title='bbox 666 4871 786 4930; x_wconf 76' lang='grc' dir='ltr'><strong>ἅνω.</strong></span> <span class='ocrx_word' id='word_1_630' title='bbox 819 4877 962 4950; x_wconf 58' lang='grc' dir='ltr'><strong>χαξᾷ</strong></span> <span class='ocrx_word' id='word_1_631' title='bbox 988 4866 1230 4950; x_wconf 43' lang='grc' dir='ltr'><strong>τῶᾉᾶνε),</strong></span> <span class='ocrx_word' id='word_1_632' title='bbox 1256 4868 1378 4940; x_wconf 71' lang='grc' dir='ltr'><strong>γελῶ</strong></span> <span class='ocrx_word' id='word_1_633' title='bbox 1404 4870 1467 4950; x_wconf 63' lang='grc' dir='ltr'><strong>τᾷ</strong></span> 
     </span>
    </p>
   </div>
   <div class='ocr_carea' id='block_1_107' title="bbox 133 4938 1500 5015">
    <p class='ocr_par' dir='ltr' id='par_1_107' title="bbox 133 4938 1500 5015">
     <span class='ocr_line' id='line_1_107' title="bbox 133 4938 1500 5015; baseline -0.008 -19"><span class='ocrx_word' id='word_1_634' title='bbox 133 4938 270 5006; x_wconf 53' lang='grc' dir='ltr'><strong>κᾶξω,</strong></span> <span class='ocrx_word' id='word_1_635' title='bbox 292 4938 462 5013; x_wconf 57' lang='lat' dir='ltr'><strong>ihs”,</strong></span> <span class='ocrx_word' id='word_1_636' title='bbox 485 4939 546 4997; x_wconf 73' lang='grc' dir='ltr'><strong>ἄν</strong></span> <span class='ocrx_word' id='word_1_637' title='bbox 634 4938 874 5015; x_wconf 64' lang='grc' dir='ltr'><strong>ταραχζῖν</strong></span> <span class='ocrx_word' id='word_1_638' title='bbox 898 4938 1022 5004; x_wconf 60' lang='lat' dir='ltr'><strong>am,</strong></span> <span class='ocrx_word' id='word_1_639' title='bbox 1044 4938 1136 4996; x_wconf 77' lang='grc' dir='ltr'><strong>ἤδη</strong></span> <span class='ocrx_word' id='word_1_640' title='bbox 1160 4938 1308 5008; x_wconf 52' lang='lat' dir='ltr'><strong>{per}:</strong></span> <span class='ocrx_word' id='word_1_641' title='bbox 1337 4939 1500 5005; x_wconf 70' lang='grc' dir='ltr'><strong>σοφὸς.</strong></span> 
     </span>
    </p>
   </div>
   <div class='ocr_carea' id='block_1_108' title="bbox 88 5028 1570 5092">
    <p class='ocr_par' dir='ltr' id='par_1_108' title="bbox 88 5028 1570 5092">
     <span class='ocr_line' id='line_1_108' title="bbox 88 5028 1570 5092; baseline -0.006 -5"><span class='ocrx_word' id='word_1_642' title='bbox 88 5031 308 5087; x_wconf 74' lang='lat' dir='ltr'><strong>liocenim</strong></span> <span class='ocrx_word' id='word_1_643' title='bbox 349 5031 392 5086; x_wconf 81' lang='lat' dir='ltr'><strong>si</strong></span> <span class='ocrx_word' id='word_1_644' title='bbox 432 5039 696 5092; x_wconf 67' lang='lat' dir='ltr'><strong>retreacto</strong></span> <span class='ocrx_word' id='word_1_645' title='bbox 730 5043 884 5082; x_wconf 72' lang='lat' dir='ltr'><strong>cursu</strong></span> <span class='ocrx_word' id='word_1_646' title='bbox 925 5044 951 5080; x_wconf 87' lang='lat' dir='ltr'><strong>a</strong></span> <span class='ocrx_word' id='word_1_647' title='bbox 992 5028 1094 5080; x_wconf 81' lang='lat' dir='ltr'><strong>ﬁne</strong></span> <span class='ocrx_word' id='word_1_648' title='bbox 1142 5028 1421 5092; x_wconf 85' lang='lat' dir='ltr'><strong>relegatur,</strong></span> <span class='ocrx_word' id='word_1_649' title='bbox 1467 5040 1570 5078; x_wconf 89' lang='lat' dir='ltr'><strong>non</strong></span> 
     </span>
    </p>
   </div>
   <div class='ocr_carea' id='block_1_109' title="bbox 87 5095 1569 5158">
    <p class='ocr_par' dir='ltr' id='par_1_109' title="bbox 87 5095 1569 5158">
     <span class='ocr_line' id='line_1_109' title="bbox 87 5095 1569 5158; baseline -0.003 -8"><span class='ocrx_word' id='word_1_650' title='bbox 87 5101 210 5151; x_wconf 83' lang='lat' dir='ltr'><strong>motis</strong></span> <span class='ocrx_word' id='word_1_651' title='bbox 229 5101 336 5154; x_wconf 75' lang='lat' dir='ltr'><strong>loco</strong></span> <span class='ocrx_word' id='word_1_652' title='bbox 354 5099 544 5152; x_wconf 80' lang='lat' dir='ltr'><strong>litteris</strong></span> <span class='ocrx_word' id='word_1_653' title='bbox 566 5097 700 5150; x_wconf 87' lang='lat' dir='ltr'><strong>idem</strong></span> <span class='ocrx_word' id='word_1_654' title='bbox 730 5098 881 5150; x_wconf 88' lang='lat' dir='ltr'><strong>redit.</strong></span> <span class='ocrx_word' id='word_1_655' title='bbox 911 5101 1014 5149; x_wconf 82' lang='lat' dir='ltr'><strong>Aut</strong></span> <span class='ocrx_word' id='word_1_656' title='bbox 1042 5111 1131 5158; x_wconf 87' lang='lat' dir='ltr'><strong>per</strong></span> <span class='ocrx_word' id='word_1_657' title='bbox 1150 5095 1347 5158; x_wconf 71' lang='lat' dir='ltr'><strong>singula</strong></span> <span class='ocrx_word' id='word_1_658' title='bbox 1373 5103 1569 5146; x_wconf 79' lang='lat' dir='ltr'><strong>tantum</strong></span> 
     </span>
    </p>
   </div>
   <div class='ocr_carea' id='block_1_110' title="bbox 89 5161 1568 5244">
    <p class='ocr_par' dir='ltr' id='par_1_110' title="bbox 89 5161 1568 5244">
     <span class='ocr_line' id='line_1_110' title="bbox 89 5161 1568 5244; baseline -0.004 -28"><span class='ocrx_word' id='word_1_659' title='bbox 89 5167 213 5244; x_wconf 78' lang='lat' dir='ltr'><strong>verba</strong></span> <span class='ocrx_word' id='word_1_660' title='bbox 233 5183 246 5218; x_wconf 90' lang='lat'><strong>:</strong></span> <span class='ocrx_word' id='word_1_661' title='bbox 264 5168 399 5244; x_wconf 78' lang='lat' dir='ltr'><strong>quod</strong></span> <span class='ocrx_word' id='word_1_662' title='bbox 423 5180 591 5232; x_wconf 85' lang='lat' dir='ltr'><strong>genus</strong></span> <span class='ocrx_word' id='word_1_663' title='bbox 620 5165 894 5244; x_wconf 74' lang='lat' dir='ltr'><strong>Diomedes</strong></span> <span class='ocrx_word' id='word_1_664' title='bbox 916 5174 968 5215; x_wconf 89' lang='lat' dir='ltr'><strong>et</strong></span> <span class='ocrx_word' id='word_1_665' title='bbox 993 5163 1305 5240; x_wconf 59' lang='lat' dir='ltr'><strong>Victorinus,</strong></span> <span class='ocrx_word' id='word_1_666' title='bbox 1327 5161 1411 5226; x_wconf 87' lang='lat' dir='ltr'><strong>qui</strong></span> <span class='ocrx_word' id='word_1_667' title='bbox 1436 5162 1568 5244; x_wconf 41' lang='lat' dir='ltr'><strong>prr‘in:</strong></span> 
     </span>
    </p>
   </div>
   <div class='ocr_carea' id='block_1_111' title="bbox 90 5230 1566 5300">
    <p class='ocr_par' dir='ltr' id='par_1_111' title="bbox 90 5230 1566 5300">
     <span class='ocr_line' id='line_1_111' title="bbox 90 5230 1566 5300; baseline -0.007 -14"><span class='ocrx_word' id='word_1_668' title='bbox 90 5235 144 5286; x_wconf 85' lang='lat' dir='ltr'><strong>ris</strong></span> <span class='ocrx_word' id='word_1_669' title='bbox 165 5230 350 5300; x_wconf 59' lang='lat' dir='ltr'><strong>generis</strong></span> <span class='ocrx_word' id='word_1_670' title='bbox 385 5230 488 5289; x_wconf 76' lang='lat' dir='ltr'><strong>non</strong></span> <span class='ocrx_word' id='word_1_671' title='bbox 520 5231 887 5290; x_wconf 80' lang='lat' dir='ltr'><strong>meminerunt.</strong></span> <span class='ocrx_word' id='word_1_672' title='bbox 913 5234 1207 5300; x_wconf 74' lang='lat' dir='ltr'><strong>reciprocos</strong></span> <span class='ocrx_word' id='word_1_673' title='bbox 1231 5239 1434 5300; x_wconf 66' lang='lat' dir='ltr'><strong>vocant.</strong></span> <span class='ocrx_word' id='word_1_674' title='bbox 1467 5230 1566 5282; x_wconf 80' lang='lat' dir='ltr'><strong>Sed</strong></span> 
     </span>
    </p>
   </div>
   <div class='ocr_carea' id='block_1_112' title="bbox 91 5297 1570 5364">
    <p class='ocr_par' dir='ltr' id='par_1_112' title="bbox 91 5297 1570 5364">
     <span class='ocr_line' id='line_1_112' title="bbox 91 5297 1570 5364; baseline -0.002 -13"><span class='ocrx_word' id='word_1_675' title='bbox 91 5297 241 5355; x_wconf 75' lang='lat' dir='ltr'><strong>horum</strong></span> <span class='ocrx_word' id='word_1_676' title='bbox 269 5318 445 5357; x_wconf 82' lang='lat' dir='ltr'><strong>rursus</strong></span> <span class='ocrx_word' id='word_1_677' title='bbox 501 5303 618 5353; x_wconf 71' lang='lat' dir='ltr'><strong>dum</strong></span> <span class='ocrx_word' id='word_1_678' title='bbox 646 5311 766 5352; x_wconf 91' lang='lat' dir='ltr'><strong>sunt</strong></span> <span class='ocrx_word' id='word_1_679' title='bbox 801 5301 1020 5352; x_wconf 74' lang='lat' dir='ltr'><strong>species.</strong></span> <span class='ocrx_word' id='word_1_680' title='bbox 1047 5298 1172 5349; x_wconf 68' lang='lat' dir='ltr'><strong>Nam</strong></span> <span class='ocrx_word' id='word_1_681' title='bbox 1218 5298 1466 5364; x_wconf 83' lang='lat' dir='ltr'><strong>reciproci</strong></span> <span class='ocrx_word' id='word_1_682' title='bbox 1491 5297 1570 5363; x_wconf 91' lang='lat' dir='ltr'><strong>(nt</strong></span> 
     </span>
    </p>
   </div>
   <div class='ocr_carea' id='block_1_113' title="bbox 91 5367 1573 5448">
    <p class='ocr_par' dir='ltr' id='par_1_113' title="bbox 91 5367 1573 5448">
     <span class='ocr_line' id='line_1_113' title="bbox 91 5367 1573 5448; baseline -0.003 -27"><span class='ocrx_word' id='word_1_683' title='bbox 91 5373 138 5448; x_wconf 74' lang='lat' dir='ltr'><strong>ad</strong></span> <span class='ocrx_word' id='word_1_684' title='bbox 162 5373 408 5448; x_wconf 77' lang='lat' dir='ltr'><strong>epistolam</strong></span> <span class='ocrx_word' id='word_1_685' title='bbox 431 5371 522 5433; x_wconf 75' lang='lat' dir='ltr'><strong>il,</strong></span> <span class='ocrx_word' id='word_1_686' title='bbox 550 5369 640 5448; x_wconf 61' lang='lat' dir='ltr'><strong>lil):</strong></span> <span class='ocrx_word' id='word_1_687' title='bbox 664 5367 1050 5425; x_wconf 60' lang='lat' dir='ltr'><strong>vnnobservari</strong></span> <span class='ocrx_word' id='word_1_688' title='bbox 1071 5367 1343 5444; x_wconf 73' lang='lat' dir='ltr'><strong>emptum),</strong></span> <span class='ocrx_word' id='word_1_689' title='bbox 1366 5375 1458 5448; x_wconf 65' lang='lat' dir='ltr'><strong>aut</strong></span> <span class='ocrx_word' id='word_1_690' title='bbox 1483 5381 1573 5431; x_wconf 89' lang='lat' dir='ltr'><strong>per</strong></span> 
     </span>
    </p>
   </div>
   <div class='ocr_carea' id='block_1_114' title="bbox 94 5433 1575 5506">
    <p class='ocr_par' dir='ltr' id='par_1_114' title="bbox 94 5433 1575 5506">
     <span class='ocr_line' id='line_1_114' title="bbox 94 5433 1575 5506; baseline -0.002 -19"><span class='ocrx_word' id='word_1_691' title='bbox 94 5433 284 5506; x_wconf 73' lang='lat' dir='ltr'><strong>singulos</strong></span> <span class='ocrx_word' id='word_1_692' title='bbox 323 5454 504 5493; x_wconf 82' lang='lat' dir='ltr'><strong>versus</strong></span> <span class='ocrx_word' id='word_1_693' title='bbox 547 5437 785 5506; x_wconf 84' lang='lat' dir='ltr'><strong>redeunt,</strong></span> <span class='ocrx_word' id='word_1_694' title='bbox 831 5446 934 5484; x_wconf 87' lang='lat' dir='ltr'><strong>tum</strong></span> <span class='ocrx_word' id='word_1_695' title='bbox 979 5437 1186 5500; x_wconf 74' lang='lat' dir='ltr'><strong>generis</strong></span> <span class='ocrx_word' id='word_1_696' title='bbox 1232 5433 1494 5500; x_wconf 75' lang='lat' dir='ltr'><strong>ejusdem,</strong></span> <span class='ocrx_word' id='word_1_697' title='bbox 1522 5443 1575 5484; x_wconf 87' lang='lat' dir='ltr'><strong>ut</strong></span> 
     </span>
    </p>
   </div>
   <div class='ocr_carea' id='block_1_115' title="bbox 97 5505 918 5576">
    <p class='ocr_par' dir='ltr' id='par_1_115' title="bbox 97 5505 918 5576">
     <span class='ocr_line' id='line_1_115' title="bbox 97 5505 918 5576; baseline -0.005 -20"><span class='ocrx_word' id='word_1_698' title='bbox 97 5505 471 5576; x_wconf 73' lang='lat' dir='ltr'><strong>lticpt-tttametcr</strong></span> <span class='ocrx_word' id='word_1_699' title='bbox 494 5505 881 5573; x_wconf 81' lang='lat' dir='ltr'><strong>Porphyrianus</strong></span> <span class='ocrx_word' id='word_1_700' title='bbox 905 5519 918 5552; x_wconf 91' lang='lat'>:</span> 
     </span>
    </p>
   </div>
   <div class='ocr_carea' id='block_1_116' title="bbox 187 5589 1193 5654">
    <p class='ocr_par' dir='ltr' id='par_1_116' title="bbox 187 5589 1193 5654">
     <span class='ocr_line' id='line_1_116' title="bbox 187 5589 1193 5654; baseline -0.012 -7"><span class='ocrx_word' id='word_1_701' title='bbox 187 5596 387 5647; x_wconf 72' lang='lat' dir='ltr'><strong>Ausonia:</strong></span> <span class='ocrx_word' id='word_1_702' title='bbox 408 5597 574 5654; x_wconf 81' lang='lat' dir='ltr'><strong>decus,</strong></span> <span class='ocrx_word' id='word_1_703' title='bbox 603 5600 652 5642; x_wconf 91' lang='lat' dir='ltr'><strong>ct</strong></span> <span class='ocrx_word' id='word_1_704' title='bbox 673 5591 750 5639; x_wconf 77' lang='lat' dir='ltr'><strong>lux</strong></span> <span class='ocrx_word' id='word_1_705' title='bbox 789 5592 857 5652; x_wconf 90' lang='lat' dir='ltr'><strong>pia</strong></span> <span class='ocrx_word' id='word_1_706' title='bbox 881 5589 1193 5645; x_wconf 73' lang='lat' dir='ltr'><strong>Romulidum,</strong></span> 
     </span>
    </p>
   </div>
   <div class='ocr_carea' id='block_1_117' title="bbox 1779 4518 2822 4580">
    <p class='ocr_par' dir='ltr' id='par_1_117' title="bbox 1779 4518 2822 4580">
     <span class='ocr_line' id='line_1_117' title="bbox 1779 4518 2822 4580; baseline -0.005 -9"><span class='ocrx_word' id='word_1_707' title='bbox 1779 4518 2076 4570; x_wconf 77' lang='lat' dir='ltr'><strong>Romulidum</strong></span> <span class='ocrx_word' id='word_1_708' title='bbox 2100 4521 2175 4580; x_wconf 90' lang='lat' dir='ltr'><strong>pia</strong></span> <span class='ocrx_word' id='word_1_709' title='bbox 2199 4519 2301 4577; x_wconf 70' lang='lat' dir='ltr'><strong>lux,</strong></span> <span class='ocrx_word' id='word_1_710' title='bbox 2336 4527 2389 4567; x_wconf 86' lang='lat' dir='ltr'><strong>et</strong></span> <span class='ocrx_word' id='word_1_711' title='bbox 2411 4519 2560 4568; x_wconf 85' lang='lat' dir='ltr'><strong>decus</strong></span> <span class='ocrx_word' id='word_1_712' title='bbox 2576 4518 2822 4567; x_wconf 65' lang='lat' dir='ltr'><strong>Ausoniae.</strong></span> 
     </span>
    </p>
   </div>
   <div class='ocr_carea' id='block_1_118' title="bbox 1659 4599 3105 4669">
    <p class='ocr_par' dir='ltr' id='par_1_118' title="bbox 1659 4599 3105 4669">
     <span class='ocr_line' id='line_1_118' title="bbox 1659 4599 3105 4669; baseline -0.001 -11"><span class='ocrx_word' id='word_1_713' title='bbox 1659 4605 1790 4659; x_wconf 89' lang='lat' dir='ltr'><strong>Tum</strong></span> <span class='ocrx_word' id='word_1_714' title='bbox 1811 4601 2022 4663; x_wconf 85' lang='lat' dir='ltr'><strong>diversi,</strong></span> <span class='ocrx_word' id='word_1_715' title='bbox 2053 4610 2109 4652; x_wconf 90' lang='lat' dir='ltr'><strong>ut</strong></span> <span class='ocrx_word' id='word_1_716' title='bbox 2138 4600 2221 4652; x_wconf 91' lang='lat' dir='ltr'><strong>hic</strong></span> <span class='ocrx_word' id='word_1_717' title='bbox 2248 4599 2491 4653; x_wconf 87' lang='lat' dir='ltr'><strong>heroicus</strong></span> <span class='ocrx_word' id='word_1_718' title='bbox 2520 4600 2792 4669; x_wconf 82' lang='lat' dir='ltr'><strong>Porphyrii</strong></span> <span class='ocrx_word' id='word_1_719' title='bbox 2821 4601 3054 4666; x_wconf 86' lang='lat' dir='ltr'><strong>ejusdem</strong></span> <span class='ocrx_word' id='word_1_720' title='bbox 3086 4620 3105 4656; x_wconf 84' lang='lat'><strong>:</strong></span> 
     </span>
    </p>
   </div>
   <div class='ocr_carea' id='block_1_119' title="bbox 1781 4713 3031 4775">
    <p class='ocr_par' dir='ltr' id='par_1_119' title="bbox 1781 4713 3031 4775">
     <span class='ocr_line' id='line_1_119' title="bbox 1781 4713 3031 4775; baseline -0.002 -11"><span class='ocrx_word' id='word_1_721' title='bbox 1781 4714 1934 4764; x_wconf 89' lang='lat' dir='ltr'><strong>Omne</strong></span> <span class='ocrx_word' id='word_1_722' title='bbox 1960 4725 2113 4774; x_wconf 85' lang='lat' dir='ltr'><strong>genus</strong></span> <span class='ocrx_word' id='word_1_723' title='bbox 2129 4713 2270 4760; x_wconf 89' lang='lat' dir='ltr'><strong>metri</strong></span> <span class='ocrx_word' id='word_1_724' title='bbox 2291 4713 2375 4761; x_wconf 89' lang='lat' dir='ltr'><strong>tibi</strong></span> <span class='ocrx_word' id='word_1_725' title='bbox 2396 4724 2631 4774; x_wconf 80' lang='lat' dir='ltr'><strong>pangens,</strong></span> <span class='ocrx_word' id='word_1_726' title='bbox 2656 4717 2838 4775; x_wconf 82' lang='lat' dir='ltr'><strong>Optime</strong></span> <span class='ocrx_word' id='word_1_727' title='bbox 2863 4715 3031 4775; x_wconf 80' lang='lat' dir='ltr'><strong>Basse,</strong></span> 
     </span>
    </p>
   </div>
   <div class='ocr_carea' id='block_1_120' title="bbox 1669 4793 2068 4855">
    <p class='ocr_par' dir='ltr' id='par_1_120' title="bbox 1669 4793 2068 4855">
     <span class='ocr_line' id='line_1_120' title="bbox 1669 4793 2068 4855; baseline -0.018 -6"><span class='ocrx_word' id='word_1_728' title='bbox 1669 4796 1721 4848; x_wconf 91' lang='lat' dir='ltr'><strong>in</strong></span> <span class='ocrx_word' id='word_1_729' title='bbox 1743 4793 2068 4855; x_wconf 90' lang='lat' dir='ltr'><strong>Sotadicum,</strong></span> 
     </span>
    </p>
   </div>
   <div class='ocr_carea' id='block_1_121' title="bbox 1794 4905 3006 4964">
    <p class='ocr_par' dir='ltr' id='par_1_121' title="bbox 1794 4905 3006 4964">
     <span class='ocr_line' id='line_1_121' title="bbox 1794 4905 3006 4964; baseline 0.002 -11"><span class='ocrx_word' id='word_1_730' title='bbox 1794 4905 1941 4954; x_wconf 86' lang='lat' dir='ltr'><strong>Basse</strong></span> <span class='ocrx_word' id='word_1_731' title='bbox 1964 4905 2143 4964; x_wconf 85' lang='lat' dir='ltr'><strong>Optime</strong></span> <span class='ocrx_word' id='word_1_732' title='bbox 2169 4915 2384 4964; x_wconf 83' lang='lat' dir='ltr'><strong>pangens</strong></span> <span class='ocrx_word' id='word_1_733' title='bbox 2406 4905 2650 4952; x_wconf 86' lang='lat' dir='ltr'><strong>tibi&#39;metri</strong></span> <span class='ocrx_word' id='word_1_734' title='bbox 2671 4917 2826 4964; x_wconf 78' lang='lat' dir='ltr'><strong>genus</strong></span> <span class='ocrx_word' id='word_1_735' title='bbox 2848 4920 3006 4955; x_wconf 87' lang='lat' dir='ltr'><strong>omne.</strong></span> 
     </span>
    </p>
   </div>
   <div class='ocr_carea' id='block_1_122' title="bbox 1677 5003 3217 5073">
    <p class='ocr_par' dir='ltr' id='par_1_122' title="bbox 1677 5003 3217 5073">
     <span class='ocr_line' id='line_1_122' title="bbox 1677 5003 3217 5073; baseline -0.002 -13"><span class='ocrx_word' id='word_1_736' title='bbox 1677 5007 1779 5060; x_wconf 83' lang='lat' dir='ltr'><strong>Aut</strong></span> <span class='ocrx_word' id='word_1_737' title='bbox 1808 5020 1896 5071; x_wconf 88' lang='lat' dir='ltr'><strong>per</strong></span> <span class='ocrx_word' id='word_1_738' title='bbox 1929 5012 2094 5056; x_wconf 89' lang='lat' dir='ltr'><strong>totum</strong></span> <span class='ocrx_word' id='word_1_739' title='bbox 2127 5003 2331 5071; x_wconf 79' lang='lat' dir='ltr'><strong>clcgnm</strong></span> <span class='ocrx_word' id='word_1_740' title='bbox 2367 5022 2379 5055; x_wconf 90' lang='lat'><strong>:</strong></span> <span class='ocrx_word' id='word_1_741' title='bbox 2412 5006 2565 5073; x_wconf 85' lang='lat' dir='ltr'><strong>quale</strong></span> <span class='ocrx_word' id='word_1_742' title='bbox 2593 5016 2673 5058; x_wconf 85' lang='lat' dir='ltr'><strong>est</strong></span> <span class='ocrx_word' id='word_1_743' title='bbox 2712 5003 2987 5056; x_wconf 79' lang='lat' dir='ltr'><strong>distichum</strong></span> <span class='ocrx_word' id='word_1_744' title='bbox 3014 5004 3217 5057; x_wconf 73' lang='lat' dir='ltr'><strong>Sidonii</strong></span> 
     </span>
    </p>
   </div>
   <div class='ocr_carea' id='block_1_123' title="bbox 1675 5073 3264 5196">
    <p class='ocr_par' dir='ltr' id='par_1_123' title="bbox 1675 5073 3264 5196">
     <span class='ocr_line' id='line_1_123' title="bbox 1675 5073 3264 5196; baseline -0.003 -68"><span class='ocrx_word' id='word_1_745' title='bbox 1675 5077 1739 5128; x_wconf 89' lang='lat' dir='ltr'><strong>de</strong></span> <span class='ocrx_word' id='word_1_746' title='bbox 1751 5082 2086 5196; x_wconf 40' lang='lat' dir='ltr'><strong>Xiraenltemt</strong></span> <span class='ocrx_word' id='word_1_747' title='bbox 2106 5074 2206 5126; x_wconf 89' lang='lat' dir='ltr'><strong>hoc</strong></span> <span class='ocrx_word' id='word_1_748' title='bbox 2244 5073 2511 5127; x_wconf 78' lang='lat' dir='ltr'><strong>Nicodcmi</strong></span> <span class='ocrx_word' id='word_1_749' title='bbox 2563 5073 2881 5125; x_wconf 72' lang='lat' dir='ltr'><strong>lleraclcotm</strong></span> <span class='ocrx_word' id='word_1_750' title='bbox 2916 5074 3095 5125; x_wconf 83' lang='lat' dir='ltr'><strong>eodem</strong></span> <span class='ocrx_word' id='word_1_751' title='bbox 3117 5073 3209 5126; x_wconf 88' lang='lat' dir='ltr'><strong>lib.</strong></span> <span class='ocrx_word' id='word_1_752' title='bbox 3261 5081 3264 5085; x_wconf 79' lang='lat'><strong>&#39;</strong></span> 
     </span>
     <span class='ocr_line' id='line_1_124' title="bbox 1675 5156 2120 5196; baseline -0.002 -2"><span class='ocrx_word' id='word_1_753' title='bbox 1675 5160 1720 5196; x_wconf 80' lang='lat' dir='ltr'><strong>vi</strong></span> <span class='ocrx_word' id='word_1_754' title='bbox 1801 5159 1828 5193; x_wconf 94' lang='lat' dir='ltr'><strong>n</strong></span> <span class='ocrx_word' id='word_1_755' title='bbox 1876 5159 1924 5194; x_wconf 83' lang='grc' dir='ltr'>ιο</span> <span class='ocrx_word' id='word_1_756' title='bbox 1949 5156 2120 5196; x_wconf 70' lang='grc' dir='ltr'>οιιιωε</span> 
     </span>
    </p>
   </div>
   <div class='ocr_carea' id='block_1_124' title="bbox 1675 5156 2120 5206">
    <p class='ocr_par' dir='ltr' id='par_1_124' title="bbox 1675 5156 2120 5206">
     <span class='ocr_line' id='line_1_125' title="bbox 1675 5156 2120 5206; baseline 0 -12"><span class='ocrx_word' id='word_1_757' title='bbox 1675 5160 1720 5196; x_wconf 87' lang='lat' dir='ltr'><strong>vt</strong></span> <span class='ocrx_word' id='word_1_758' title='bbox 1751 5156 2080 5206; x_wconf 79' lang='lat' dir='ltr'><strong>Antnologta:</strong></span> <span class='ocrx_word' id='word_1_759' title='bbox 2105 5158 2120 5194; x_wconf 89' lang='lat'><strong>:</strong></span> 
     </span>
    </p>
   </div>
   <div class='ocr_carea' id='block_1_125' title="bbox 1775 5241 3133 5339">
    <p class='ocr_par' dir='ltr' id='par_1_125' title="bbox 1775 5241 3133 5339">
     <span class='ocr_line' id='line_1_126' title="bbox 1775 5241 3133 5339; baseline -0.006 -33"><span class='ocrx_word' id='word_1_760' title='bbox 1775 5252 2020 5339; x_wconf 57' lang='grc' dir='ltr'><strong>Πηνὶλόπη</strong></span> <span class='ocrx_word' id='word_1_761' title='bbox 2042 5292 2056 5315; x_wconf 86' lang='grc'>,</span> <span class='ocrx_word' id='word_1_762' title='bbox 2083 5241 2310 5339; x_wconf 33' lang='lat'><strong>1634:3701</strong></span> <span class='ocrx_word' id='word_1_763' title='bbox 2339 5253 2600 5338; x_wconf 47' lang='grc' dir='ltr'><strong>φτξροςβαί</strong></span> <span class='ocrx_word' id='word_1_764' title='bbox 2629 5251 2840 5330; x_wconf 42' lang='grc' dir='ltr'><strong>χλαῖναν,</strong></span> <span class='ocrx_word' id='word_1_765' title='bbox 2860 5246 3133 5308; x_wconf 73' lang='grc' dir='ltr'><strong>Ὀδυσσεὺς</strong></span> 
     </span>
    </p>
   </div>
   <div class='ocr_carea' id='block_1_126' title="bbox 1904 5317 2894 5390">
    <p class='ocr_par' dir='ltr' id='par_1_126' title="bbox 1904 5317 2894 5390">
     <span class='ocr_line' id='line_1_127' title="bbox 1904 5317 2894 5390; baseline -0.007 -17"><span class='ocrx_word' id='word_1_766' title='bbox 1904 5332 2122 5390; x_wconf 64' lang='grc' dir='ltr'><strong>ἤνεγκεν,</strong></span> <span class='ocrx_word' id='word_1_767' title='bbox 2154 5317 2358 5390; x_wconf 61' lang='grc' dir='ltr'><strong>δολιχὴὖ</strong></span> <span class='ocrx_word' id='word_1_768' title='bbox 2383 5317 2894 5389; x_wconf 38' lang='grc' dir='ltr'><strong>ἐξανύσας-ἀτραπόν.</strong></span> 
     </span>
    </p>
   </div>
   <div class='ocr_carea' id='block_1_127' title="bbox 1676 5409 2209 5476">
    <p class='ocr_par' dir='ltr' id='par_1_127' title="bbox 1676 5409 2209 5476">
     <span class='ocr_line' id='line_1_128' title="bbox 1676 5409 2209 5476; baseline -0.002 -15"><span class='ocrx_word' id='word_1_769' title='bbox 1676 5409 1825 5476; x_wconf 85' lang='lat' dir='ltr'><strong>Quod</strong></span> <span class='ocrx_word' id='word_1_770' title='bbox 1856 5410 1926 5461; x_wconf 86' lang='lat' dir='ltr'><strong>ita</strong></span> <span class='ocrx_word' id='word_1_771' title='bbox 1949 5411 2170 5461; x_wconf 87' lang='lat' dir='ltr'><strong>recurrit</strong></span> <span class='ocrx_word' id='word_1_772' title='bbox 2197 5427 2209 5460; x_wconf 89' lang='lat'><strong>:</strong></span> 
     </span>
    </p>
   </div>
   <div class='ocr_carea' id='block_1_128' title="bbox 1809 5509 3122 5584">
    <p class='ocr_par' dir='ltr' id='par_1_128' title="bbox 1809 5509 3122 5584">
     <span class='ocr_line' id='line_1_129' title="bbox 1809 5509 3122 5584; baseline 0.001 -17"><span class='ocrx_word' id='word_1_773' title='bbox 1809 5514 2056 5584; x_wconf 75' lang='grc' dir='ltr'><strong>Ἀτραπὸν</strong></span> <span class='ocrx_word' id='word_1_774' title='bbox 2087 5518 2328 5578; x_wconf 75' lang='grc' dir='ltr'><strong>ἐξανύσας</strong></span> <span class='ocrx_word' id='word_1_775' title='bbox 2359 5515 2590 5583; x_wconf 60' lang='grc' dir='ltr'><strong>διυλιχήν,</strong></span> <span class='ocrx_word' id='word_1_776' title='bbox 2622 5513 2819 5580; x_wconf 64' lang='grc' dir='ltr'><strong>ἤνεγκεν</strong></span> <span class='ocrx_word' id='word_1_777' title='bbox 2847 5509 3122 5575; x_wconf 66' lang='grc' dir='ltr'><strong>Ὀδυσσεὺς</strong></span> 
     </span>
    </p>
   </div>
   <div class='ocr_carea' id='block_1_129' title="bbox 1890 5580 2941 5654">
    <p class='ocr_par' dir='ltr' id='par_1_129' title="bbox 1890 5580 2941 5654">
     <span class='ocr_line' id='line_1_130' title="bbox 1890 5580 2941 5654; baseline -0.006 -18"><span class='ocrx_word' id='word_1_778' title='bbox 1890 5586 2092 5638; x_wconf 71' lang='grc' dir='ltr'><strong>Χλαῖναν</strong></span> <span class='ocrx_word' id='word_1_779' title='bbox 2118 5589 2192 5637; x_wconf 82' lang='grc' dir='ltr'><strong>καὶ</strong></span> <span class='ocrx_word' id='word_1_780' title='bbox 2223 5593 2373 5654; x_wconf 51' lang='lat' dir='ltr'><strong>moi/lo;</strong></span> <span class='ocrx_word' id='word_1_781' title='bbox 2402 5580 2648 5644; x_wconf 61' lang='grc' dir='ltr'><strong>σοῖτὸδε,</strong></span> <span class='ocrx_word' id='word_1_782' title='bbox 2680 5580 2941 5636; x_wconf 73' lang='grc' dir='ltr'><strong>Πηνελόπη..</strong></span> 
     </span>
    </p>
   </div>
  </div>
