3818 6226
59 273 132 324 625

1437 278 1758 333 CARMINA.

3110 298 3210 355 διε

56 379 172 447 392
201 374 402 430 Iudiciis
441 378 676 444 populos
724 389 875 447 atque
914 396 1107 434 annum
1150 385 1362 438 nomine
1394 388 1550 440 rexit.
1582 393 1631 447 Δ
1660 391 1806 445 Nunc
1837 402 1913 447 tre
1937 397 2110 450 nulum
2142 408 2323 454 tenero
2348 402 2582 469 iaculum
2617 411 2862 475 torquere
2893 383 3108 475 lacerto,

56 468 292 532 Purpureus
319 464 532 516 fortuna
563 466 706 520 viros
734 482 848 520 cum
874 474 1070 524 murice
1091 488 1298 541 semper

55 553 356 622 Prosequitur,
387 554 565 607 solum
601 559 701 608 hoc
731 570 927 612 tantum
957 572 1188 615 mutatur
1215 565 1265 615 in
1290 565 1409 629 illis,

54 647 100 700 Ut
123 655 275 713 regnet
300 646 384 712 qui
417 647 616 699 consul
649 657 762 701 erat
787 665 801 712 ;
830 650 920 703 sed
951 654 1245 706 omittimus
1274 669 1481 708 omnes.

51 733 134 785 lam
161 742 203 785 tu
229 732 286 785 ad
311 734 511 801 plectra
539 736 682 798 veni,
708 738 859 789 tritus
885 740 966 792 cui
997 744 1198 795 casside
1224 743 1381 796 crinis

49 824 106 874 ad
129 823 343 876 diadema
369 823 550 886 venit;
584 826 798 878 rutilum
822 826 909 880 cui
938 828 1165 882 Cmsaris
1193 841 1390 884 ostrum

49 910 246 978 Deposito
277 912 493 965 thorace
524 913 707 976 datur,
741 926 1057 985 sceptroque
1091 921 1340 987 replenda

45 1002 243 1054 llucrone
270 1012 347 1054 est
375 1012 602 1054 vacuata
636 1019 854 1067 manus;
887 1008 1144 1061 cunabula
1168 1019 1343 1064 vestra

46 1091 207 1158 Imperii
233 1090 424 1145 fulsere
451 1083 621 1156 notis,
656 1104 708 1144 et
737 1096 952 1162 prescia
987 1097 1144 1152 tellus

41 1191 176 1233 Aurea
195 1192 451 1234 converso
485 1182 730 1248 promisit
759 1184 953 1237 saecula
987 1186 1111 1238 fetu.

41 1267 92 1318 ’l'e
122 1275 370 1329 nascente,
402 1268 608 1332 ferunt,
641 1280 824 1324 exorto
853 1271 1067 1326 ﬂumina
1091 1275 1246 1330 melle

43 1358 227 1411 Dulcatis
246 1365 494 1412 cunctata
528 1358 699 1425 vadis,
729 1361 939 1430 oleique
979 1363 1210 1431 liquores

43 1447 122 1497 lsse
149 1460 230 1513 per
250 1446 512 1500 attnuitas
546 1446 702 1499 bacca
735 1448 994 1515 pendente
1025 1458 1278 1518 trapetas.

42 1535 224 1589 Protulit
241 1537 533 1591 undantem
557 1553 792 1606 segetem
820 1538 934 1592 sine
955 1542 1155 1595 semine
1180 1557 1396 1612 campus
1420 1562 1432 1598 :

42 1629 86 1680 Et
107 1629 206 1683 sine
223 1643 278 1683 se
305 1630 449 1682 natis
472 1629 665 1683 invidit
693 1631 967 1699 pampinus
999 1634 1132 1686 uvis.

40 1807 133 1858 Lilia
157 1809 428 1874 permixtis
464 1808 795 1862 insultavere
825 1811 1048 1878 pruinis.

39 1896 135 1949 Tale
161 1899 494 1965 puerperium
519 1901 762 1966 quotiens
790 1900 980 1954 Lucina
1003 1903 1235 1970 resolvit,

39 1986 118 2038 llos
144 1987 527 2041 elementorum
556 1989 979 2058 cedit,rcgnique
1007 1992 1170 2046 futuri

39 2075 97 2129 Fit
119 2093 275 2132 rerum
308 2081 556 2135 novitate
587 2081 753 2146 ﬁdes;
795 2084 1001 2138 venisse
1029 2084 1208 2140 beatos

37 2168 101 2221 Sic
117 2169 331 2242 loquitur
347 2181 544 2228 natura
575 2170 730 2241 deos;
771 2174 1064 2228 cunctantis
1093 2174 1186 2232 Iuli

42 2263 324 2319 Lambebant
352 2276 580 2320 teneros
606 2268 844 2333 incendia
882 2269 1072 2322 blanda
1095 2270 1340 2338 capillos.

37 2358 246 2424 Astyages
276 2355 420 2425 Cyro
453 2357 736 2425 pellendus
766 2359 781 2388 ¹
804 2357 938 2412 forte
966 2361 1163 2427 nepoti,

37 2443 225 2512 Inguinis
248 2449 470 2515 expavit
497 2447 745 2501 diffusum
777 2449 882 2502 vite
914 2464 1205 2504 racemum.

37 2533 220 2590 Prabuit
247 2537 524 2605 intrepido
553 2552 808 2591 mammas
834 2540 948 2607 lupa
975 2539 1079 2592 feta
1106 2540 1345 2605 Quirino.

35 2623 162 2678 iulius
185 2626 232 2679 in
262 2627 439 2682 lucem
476 2628 646 2694 venit,
675 2635 700 2662 ιι
724 2627 846 2680 dum
881 2629 1056 2682 laurea
1088 2614 1292 2705 ﬂagrat.

37 2714 209 2784 Magnus
235 2713 572 2780 Alexander,
597 2731 694 2771 nec
719 2732 821 2770 non
843 2719 1130 2786 Augustus,
1164 2721 1418 2774 trahentur

33 2807 240 2876 Concepti
269 2816 531 2877 serpente
553 2808 686 2872 deo;
720 2808 1101 2878 Phabumque,
1134 2810 1422 2881 Jovemque

36 2896 225 2954 Diruere
244 2900 344 2954 sibi
370 2916 385 2952 :
419 2913 658 2967 namque
691 2900 876 2953 horum
900 2902 1106 2968 qu-xsiit
1138 2918 1273 2955 unus

33 2988 243 3056 tinyphia
263 2989 364 3042 sub
394 2989 562 3056 Syrte
589 2997 822 3055 patrem:
852 2986 880 3026 ιι
899 2991 1117 3043 maculis
1142 2993 1411 3059 genitricis

31 3073 151 3146 293
177 3077 322 3132 Alter
351 3076 739 3144 Phoebigenam
771 3091 888 3131 sese
915 3080 1175 3146 gaudebat
1198 3081 1410 3148 haberi,

33 3166 191 3224 Paeonii
211 3169 418 3236 iactans
447 3168 733 3238 Epidauria
765 3170 909 3238 signa
931 3170 1194 3224 draconis.

31 3256 182 3313 llultos
197 3260 485 3314 cinxerunt
511 3258 720 3328 aquila),
751 3259 1089 3326 subitumque
1119 3273 1210 3327 per
1239 3258 1420 3313 orbem

33 3344 142 3400 Lusit
168 3358 412 3403 venturas
437 3347 740 3401 famulatrix
772 3363 942 3416 penna
976 3362 1221 3402 coronas.

35 3437 104 3487 Ast
129 3436 277 3502 hune,
304 3437 512 3506 egregii
546 3452 813 3504 proceres,
844 3438 907 3492 ad
933 3449 1137 3505 sceptra
1160 3440 1333 3493 vocari

33 3520 237 3597 iunium
268 3540 433 3580 nosse
465 3526 643 3578 datum
669 3537 770 3592 est,
792 3528 987 3581 laribus
1022 3544 1139 3581 cum
1164 3529 1295 3583 forte
1319 3530 1550 3597 paternis

33 3596 212 3666 Protulit
244 3618 464 3669 excisus
485 3615 591 3682 jam
625 3632 726 3669 non
759 3632 850 3668 sua
873 3618 1109 3685 germina
1138 3596 1360 3686 palmes.

33 3697 200 3767 imperii
227 3720 317 3759 ver
351 3704 487 3758 illud
521 3712 665 3768 erat;
692 3705 786 3758 sub
814 3706 1039 3774 imagine
1069 3707 1285 3772 frondis,

35 3787 183 3844 Dextra
199 3805 289 3860 per
318 3801 562 3845 arentem
596 3791 854 3845 ﬂorebant
879 3795 1052 3846 omnia
1078 3795 1297 3862 virgam.

80 3880 136 3932 At
156 3890 425 3949 postquam
451 3881 650 3955 primos
680 3880 854 3932 infans
883 3890 1129 3948 exegerat
1158 3896 1349 3944 annos,

34 3971 244 4033 lteptahat
271 3985 438 4038 super
469 3985 610 4021 arma
638 3971 832 4036 patris:
856 3985 1151 4039 quanquam
1171 3982 1311 4025 arcta
1340 3973 1544 4029 terebat
1586 4037 1592 4043 _

33 4053 202 4112 Lamina
221 4059 510 4121 cervicem,
541 4059 746 4127 gemina
772 4064 1076 4128 complexus
1103 4062 1171 4115 ab
1200 4063 1341 4131 ulna,

33 4145 168 4200 Livida
193 4149 376 4204 laxatis
399 4151 633 4204 intrabat
657 4152 720 4203 ad
754 4154 930 4204 oscula
964 4153 1164 4207 cristis.

31 4233 168 4291 Ludus
188 4252 298 4294 erat
322 4255 494 4310 puero
524 4251 697 4308 raptas
719 4257 782 4295 ex
812 4244 959 4297 hoste
980 4244 1194 4312 sagittas

29 4321 196 4380 Festina
227 4339 466 4385 tractare
496 4345 673 4397 manu,
704 4342 988 4401 captosque
1017 4349 1110 4402 per
1136 4349 1291 4390 arcus

31 4411 156 4470 Flexa
173 4419 503 4474 reluctantes
532 4422 584 4474 in
613 4435 808 4476 cornua
839 4423 1051 4477 trudere
1081 4438 1288 4478 nervos.

27 4529 264 4592 praefectus
291 4541 347 4585 et
390 4531 707 4606 consulsuh
735 4533 997 4606 Arcadio;
1048 4535 1092 4586 is
1122 4534 1426 4606 nimirum,
1452 4539 1542 4606 qui

27 4610 116 4669 post
141 4613 351 4653 mortem
385 4599 598 4653 Arcadii
618 4600 998 4666 totamimperii
1033 4605 1222 4655 molem
1253 4620 1345 4669 pro
1372 4599 1541 4659 Theo-

27 4667 143 4746 illusio
167 4670 332 4746 adhuc
371 4671 648 4733 impubere
678 4670 785 4746 suis
823 4671 1055 4746 humeris
1081 4667 1344 4725 sustinuit.
1379 4679 1538 4746 Μέγας

27 4729 228 4813 Ξὶνθέμφς
271 4729 540 4813 Sy.ze~io,
598 4740 829 4813 Tristes;
876 4741 1148 4813 ὁφξθρὼπων
1174 4729 1536 4813 armandas-aio;

28 4799 209 4870 Socrati,
258 4799 531 4880 ntuttis_et_
559 4799 1031 4880 etsintiisdandib'us
1059 4799 1271 4880 orna't'us
1309 4799 1346 4861 Ia
1372 4799 1534 4880 Chry;

27 4876 399 4946 tostoniu_epist.
430 4870 553 4946 μἹ.
583 4870 920 4925 Consulatum
948 4891 1064 4928 cum
1099 4879 1346 4932 Stilicone
1369 4870 1528 4946 grss'it

25 4939 267 5008 annorlo5.
301 4940 677 5002 Praefectura")
717 4958 806 5008 per
832 4959 998 4996 annos
1035 4948 1090 4999 l5
1119 4939 1457 5000 continuavit.

79 5015 97 5083 ξ
125 5005 188 5083 De
207 5009 302 5063 hoc
321 5010 562 5083 prodigio
593 5005 786 5083 rnatu
814 5013 1036 5065 Caesaris
1059 5025 1196 5075 ortu,
1223 5033 1306 5081 qm
1343 5027 1532 5083 praeter

29 5072 501 5149 Sidouinmsaibat,
525 5079 660 5131 haud
692 5082 840 5133 tacite
867 5096 1118 5146 rep-rios.
1151 5072 1525 5149 Neque'tamen

29 5141 185 5216 idi-irco
208 5146 360 5198 [idem
386 5163 643 5220 minuam.
673 5151 837 5213 Quam
862 5141 1020 5202 multa
1050 5156 1187 5203 ιιιιίιιι
1213 5141 1347 5220 apud
1380 5155 1529 5206 Sidoc

29 5213 267 5286 litumsnnt
293 5231 413 5284 qua:
445 5216 569 5286 alibi
599 5217 752 5270 hodie
783 5234 882 5271 nou
915 5221 1180 5286 leguntur!

79 5279 100 5316 ι’
121 5281 230 5353 Haec
257 5279 417 5339 verba
449 5284 624 5337 divelli
655 5279 1067 5353 a~5ttiicriorilitis
1090 5289 1300 5347 debent,
1328 5296 1383 5339 ttt
1410 5304 1529 5341 cum

29 5352 326 5424 sequentibus
352 5356 680 5417 cohaereant,
721 5352 864 5408 etad
893 5359 1181 5424 Augusmm
1205 5366 1524 5421 reserantur,

31 5429 108 5470 non
127 5421 183 5473 ad
207 5422 592 5476 Alexandrum.
624 5424 693 5477 De
715 5421 1022 5492 Olympiade
1063 5429 1200 5476 enim
1234 5426 1518 5478 Alexandri

81 5509 282 5566 'Veram
317 5515 633 5580 srripturam
670 5529 786 5566 esse
827 5528 1007 5574 some,
1035 5515 1102 5564 ait
1144 5515 1382 5566 Barthius
1413 5515 1519 5565 Ad-

30 5589 122 5628 tm.
152 5595 236 5654 pag
285 5585 408 5650 87.1,
433 5583 717 5652 Significat-i
743 5584 931 5650 quippe
952 5585 1214 5634 Oraculum
1243 5583 1388 5650 cujus
1417 5597 1525 5637 me-

1657 482 1816 545 luque
1842 485 2108 541 frementis
2135 491 2252 558 equi
2283 490 2496 546 dorsum
2528 508 2647 548 cum
2676 495 2906 562 pondere
2931 501 3073 552 conti

1659 569 1868 624 lndulas
1895 572 2173 642 chalybum
2201 577 2336 630 saltu
2382 580 2669 638 transferre
2690 591 2926 648 catenas,

1660 657 1898 714 Inventas
1919 663 2117 729 agitare
2143 664 2283 718 feras
2314 678 2367 722 et
2394 668 2582 723 fronde
2608 670 2701 728 lata
2716 681 2832 727 otes
2963 656 2967 660 Α

1659 751 1922 817 Quaerere,
1953 753 2241 822 deprensas
2268 759 2423 812 modo
2444 760 2694 817 claudere
2748 765 2988 819 cassibus
3026 767 3207 833 arctis,

1658 838 1806 894 Nunc
1832 849 1970 896 torto
2001 857 2280 910 penetrare
2310 863 2469 910 veru;
2503 859 2610 903 turn
2643 865 2784 921 sa-pe
2807 851 3011 920 fragore

1657 928 1883 985 Laudari
1918 936 2189 997 comitum,
2227 939 2472 991 frvmlcns
2497 955 2616 993 cum
2649 940 2815 994 bellua
2847 944 3039 997 ferrum

1660 1018 1862 1088 Ferret,
1885 1025 2174 1080 etintratos
2200 1029 2402 1081 exirent
2425 1045 2568 1083 arma
2596 1045 2689 1098 per
2715 1046 2910 1084 armos.

1657 1108 1836 1164 Conde
1866 1111 2250 1179 Pelethronios,
2281 1119 2453 1172 alacer
2477 1135 2606 1186 puer
2630 1129 2684 1174 et
2712 1129 2927 1174 venator

1661 1198 1896 1264 Eacida,
1922 1202 2101 1257 titulos
2126 1222 2139 1256 :
2173 1220 2475 1274 quanquam
2505 1209 2737 1276 subjecta
2764 1209 2994 1278 magistri

1660 1287 1821 1356 Terga
1853 1304 2117 1356 premens,
2141 1302 2195 1346 et
2222 1294 2290 1347 ob
2335 1297 2432 1350 hoc
2460 1312 2677 1352 securus
2716 1297 2874 1352 lustra
2909 1314 3181 1367 pererrans

1661 1376 1738 1430 Tu
1762 1381 1934 1445 potius
1965 1383 2226 1449 regereris
2252 1400 2388 1450 equo
2415 1401 2429 1449 ;
2458 1402 2562 1440 non
2595 1388 2833 1457 principe
2861 1398 3043 1443 nostro

1661 1464 1871 1534 Spicula
1901 1467 2090 1522 direxit
2120 1471 2305 1524 melius
2329 1471 2566 1541 Pythona
2595 1487 2906 1544 superstans

1664 1555 1838 1622 Paean,
1861 1572 1977 1610 cum
2009 1574 2166 1613 vacua
2191 1561 2427 1615 turbatus
2458 1579 2587 1631 pene
2611 1566 2875 1634 pharetra,

1618 1645 1633 1660 ⁴
1663 1646 1820 1716 294,
1850 1648 2054 1716 Figerct
2083 1650 2372 1706 innumeris
2399 1670 2673 1709 numerosa
2707 1659 2971 1711 volumina
2999 1661 3135 1714 telis.

41 1717 242 1772 [liberum
273 1718 511 1772 rubuere
537 1733 695 1783 rosae,
716 1732 1000 1789 spretoque
1032 1723 1204 1792 rigore
1595 1729 1636 1785 ll

1734 1737 1841 1791 Nec
1867 1738 2038 1791 minus
2068 1739 2179 1794 haec
2206 1741 2342 1795 inter
2371 1751 2578 1796 veteres
2603 1744 2785 1797 audire
2822 1748 3105 1813 sophistas.

1664 1824 1840 1879 Iltleto
1861 1829 1997 1895 quod
2029 1842 2170 1882 crete
2202 1830 2394 1884 Thales
2443 1832 2742 1886 vadimonia
2770 1835 2967 1904 culpas,

1663 1913 1848 1969 Lindie
1877 1917 2013 1984 quod
2041 1917 2291 1972 Cleobule
2317 1921 2484 1984 canis,
2512 1923 2698 1975 modus
2727 1926 2955 1989 Optimus
3002 1933 3137 1989 esto,

1664 2002 1737 2055 Ex
1770 2004 1977 2075 Ephyra
2010 2017 2172 2061 totum
2207 2011 2476 2076 meditaris
2499 2014 2637 2079 quod
2671 2012 2972 2078 Periander,

1662 2092 1832 2144 Attice
1859 2094 2062 2160 quodve
2093 2096 2250 2150 Solon
2285 2098 2439 2152 linem
2471 2100 2606 2155 bene
2629 2104 2846 2168 l'thplL’lS
2873 2105 2997 2168 mvi,

1663 2178 1934 2237 Priennme
1962 2181 2074 2249 Bia,
2108 2185 2247 2255 quod
2273 2187 2388 2255 plus
2413 2187 2507 2244 tibi
2536 2191 2683 2246 turba
2713 2192 2972 2248 malorum
3005 2203 3106 2261 est,

1661 2273 1888 2327 Nascere
1905 2277 2051 2342 quod
2083 2285 2307 2343 tempus,
2343 2281 2514 2334 Lesbo
2543 2291 2654 2336 sate
2685 2283 2904 2350 Pittace,
2936 2286 3148 2352 suades,

1662 2365 1808 2430 Quod
1839 2381 1897 2420 se
1924 2383 2077 2420 nosse
2105 2384 2286 2422 omnes
2313 2371 2390 2422 vis
2417 2385 2480 2422 cx
2521 2371 2895 2427 Lacedaemone
2926 2375 3132 2428 Chilon.

1665 2457 1924 2510 Praeterea
1955 2458 2136 2511 didicit
2164 2463 2336 2513 varias
2367 2476 2498 2513 nova
2536 2462 2778 2529 dogmata
2805 2474 2998 2530 sectas,

1662 2546 1916 2614 Quidquid
1949 2550 2176 2604 laudavit
2200 2551 2462 2621 Scythicis
2490 2553 2805 2605 Anacharsis
2836 2556 2885 2606 in
2916 2553 3080 2618 arvis,
3125 2567 3131 2573 '

1661 2638 1917 2704 Quidquid
1947 2640 2160 2706 legifero
2186 2641 2405 2706 profecit
2430 2641 2613 2708 Sparta
2648 2641 2906 2710 Lycurgo,

1625 2790 1628 2792 γ
1660 2728 1918 2796 Quidquid
1953 2729 2249 2784 Erichtheis
2281 2741 2300 2769 ι
2330 2730 2644 2799 Cynicorum
2679 2734 2826 2786 turba
2856 2735 3055 2787 volutat

1661 2815 1977 2886 Gymnasiis,
2004 2817 2201 2870 imitata
2238 2827 2354 2871 tuos
2387 2819 2614 2887 Epicure
2649 2821 2894 2874 sodales:

1658 2907 1919 2973 Quidquid
1950 2910 2018 2960 nil
2053 2924 2233 2961 verum
2259 2918 2494 2963 statuens
2521 2911 2802 2966 Aeodemia
2842 2912 3038 2982 duplex

1661 2995 1931 3062 Personat,
1963 3011 2146 3049 arroso
2177 2997 2428 3065 quidquid
2463 3002 2601 3068 sapit
2632 3016 2802 3070 ungue
2830 3003 3132 3067 Cleanthes,

1577 3062 1622 3122 ο
1652 3083 1911 3150 Quidquid
1944 3062 2284 3153 Pythagoras,
2321 3062 2667 3150 Democritus,
2704 3062 3114 3162 'HeraclitnSque

1571 3216 1575 3220 .
1656 3173 1895 3236 Deﬂevit,
1921 3174 2054 3238 risit,
2088 3176 2288 3241 tacuit;
2316 3175 2669 3245 quodcunque
2699 3178 2931 3234 Platonis

1654 3260 1942 3329 Ingenium,
1967 3264 2107 3332 quod
2148 3265 2198 3318 in
2225 3281 2348 3322 arce
2378 3267 2494 3332 fuit,
2528 3267 2681 3321 docet
2705 3269 2893 3322 ordine
2922 3278 3092 3325 terno.

1652 3349 1780 3414 Quae
1808 3333 1888 3404 vel
1912 3353 2223 3408 Aristoteles
2249 3358 2469 3424 partitus
2500 3357 2732 3411 membra
2765 3357 3033 3426 loquendi,

1655 3441 2051 3508 Argumentosis
2074 3442 2164 3496 dat
2193 3444 2322 3496 retia
2355 3447 2697 3516 syllogismis.

1652 3528 1910 3596 Quidquid
1942 3529 2315 3596 Anaximenes,
2362 3535 2630 3604 Euclides,
2663 3537 2898 3604 Archita,
2930 3539 3130 3604 Zenon,

1650 3618 1934 3683 Arcesilas,
1962 3620 2313 3690 Chrysippus,
2337 3623 2784 3693 Anaxagorasque
2815 3627 3095 3693 dederunt,

1647 3707 2054 3777 Socraticusque
2081 3713 2287 3764 animus
2319 3725 2437 3780 post
2464 3713 2628 3767 fatum
2661 3716 2711 3767 in
2749 3709 3009 3771 Phaedone
3031 3719 3197 3782 vivus,

1651 3793 1954 3859 Despiciens
1986 3808 2158 3850 vastas
2197 3809 2409 3852 tenuato
2437 3800 2487 3852 in
2518 3817 2671 3854 crure
2700 3814 2935 3866 catenas,

1649 3881 1777 3935 Cum
1798 3893 2044 3938 tremeret
2071 3902 2212 3938 mors
2239 3889 2347 3953 ipsa
2381 3905 2547 3951 reum,
2576 3889 2838 3959 ferretque
2865 3909 3123 3948 venenum

1649 3971 1845 4024 Pallida
1875 3987 2062 4026 securo
2091 3974 2295 4028 lictoris
2327 3976 2510 4029 dextra
2540 3980 2822 4045 magistri»

1651 4061 1905 4115 Praeterea
1937 4062 2183 4131 quidquid
2209 4064 2501 4118 Latiaribus
2531 4066 2712 4119 indere
2742 4069 2910 4123 libris.

1648 4152 1820 4206 Prisca
1852 4162 1978 4206 retas
2001 4154 2218 4217 studuit,
2252 4165 2415 4209 totum
2449 4171 2762 4225 percurrere
2791 4171 3008 4214 suetus:

1646 4241 1852 4294 Mantua
1880 4257 2010 4310 quas
2037 4244 2199 4308 acies,
2232 4245 2504 4314 pelagique
2536 4251 2767 4314 pericula
2803 4251 2948 4313 lusit,

1645 4335 1799 4403 295
1823 4335 2104 4401 Smyrneas
2128 4334 2324 4388 imitata
2349 4335 2526 4388 tubas:
2551 4353 2913 4408 quamcunque
2937 4343 3186 4410 loquendi

1577 4422 1627 4481 D
1651 4429 1876 4494 Arpinas
1901 4425 1992 4477 dat
2015 4426 2192 4478 consul
2219 4440 2401 4493 opem;
2442 4428 2556 4480 sine
2586 4429 2686 4481 fine
2712 4430 2915 4484 locutus

1649 4548 1816 4591 matre
1844 4551 1998 4589 nemo
2041 4536 2222 4589 seribit
2264 4537 2313 4588 in
2343 4552 2565 4604 corpore
2595 4543 2709 4605 ejus
2767 4546 2998 4599 relictam
3034 4547 3190 4604 fuisse

1645 4611 1901 4660 maculam
1949 4621 1975 4656 a
2023 4618 2267 4671 serpente
2314 4621 2374 4657 ex
2407 4623 2510 4675 quo
2557 4623 2891 4675 conceperat.
2940 4615 3012 4668 De
3047 4619 3187 4670 Attia

1641 4676 1857 4742 Augusti
1892 4681 2056 4751 matre
2082 4676 2365 4751 scripserat
2393 4674 2734 4751 Asclepiades
2770 4681 3088 4751 Mendesius,
3123 4703 3186 4739 ex

1639 4758 1743 4810 quo
1764 4752 1942 4794 narrat
1967 4742 2303 4806 Tranquillus
2331 4757 2444 4809 cap.
2477 4742 2564 4798 95.

1713 4823 1732 4847 ο
1760 4813 1813 4864 Si
1847 4813 2116 4888 utriusque
2144 4821 2299 4888 st'ctge
2348 4816 2603 4888 originem
2654 4827 2879 4885 spectes,
2920 4821 3185 4888 antiquior

1637 4880 1861 4955 Epicuro
1884 4878 2224 4955 Antisthenes
2253 4878 2567 4955 Cynicorum
2597 4878 2816 4950 parens;
2846 4878 2888 4940 si
2917 4878 3182 4955 dogmata,

1634 4950 1787 5015 longe
1814 4947 2483 5018 dissimillima,pr.eciptte
2522 4947 2658 5006 circa
2698 4947 2854 5007 finem
2903 4947 3174 5010 buiiorum.

1631 5014 1904 5092 Quomodo
1929 5029 2054 5092 ergo
2080 5014 2259 5092 Cynici
2281 5014 2569 5092 Epicureos
2590 5025 2985 5077 sectati‘IDocet
3007 5030 3182 5092 Augu-

1633 5089 1803 5158 stinus
1833 5086 1896 5158 l9
1917 5083 1982 5136 de
1999 5085 2243 5158 Civitate,
2276 5083 2432 5142 fuisse
2461 5090 2547 5158 qui
2573 5107 2689 5142 cum
2715 5098 3030 5158 voluptatem
3057 5083 3178 5147 cum

1637 5154 1904 5219 Epicureis
1924 5167 2188 5229 summurn
2217 5156 2413 5229 bonum
2453 5154 3048 5229 medimnum-Cynici
3102 5172 3186 5214 ta-

1635 5222 1936 5299 men,_quod
1963 5237 2146 5299 eorum
2177 5223 2358 5299 hibita
2402 5222 2862 5299 et'consuetudine
2884 5222 3178 5299 merentur,

1633 5291 1881 5365 appellari
1912 5293 2165 5365 solerent.
2200 5293 2272 5365 De
2303 5294 2384 5346 his
2417 5298 2554 5363 loqui
2581 5299 2784 5349 videtur
2811 5297 3079 5365 Sidonius,
3106 5291 3174 5355 de

1632 5361 1824 5426 quibus
1853 5370 1906 5412 et
1933 5360 2188 5428 Origenes
2218 5362 2310 5417 lib.
2342 5378 2408 5416 xv
2435 5360 2773 5419 iit—Exodum.

1632 5516 1784 5568 miuit
1814 5516 2130 5571 Herodotus.
2150 5548 2211 5559 ——
2232 5519 2454 5574 BACNIUS
2487 5520 2751 5576 Sirmond.
2783 5521 2951 5575 editor

1632 5523 1784 5637 ualuit
1814 5523 2130 5656 lici‘otéo:l;5.
2150 5548 2211 5559 ——
2232 5523 2454 5574 BACNIUS
2487 5523 2751 5576 Sirmond.
2783 5523 2951 5575 editor
2981 5523 3182 5592 praefat.

1632 5600 1659 5637 a
1728 5593 1853 5642 tom.
1915 5629 1926 5654 ,
2094 5626 2105 5639 .
3053 5613 3056 5616 λ
