3818 6226
93 242 174 296 849
1495 233 1603 291 CAI

1715 236 1814 292 NA.

94 355 184 406 Μαι
204 349 290 417 ipsi
315 357 397 402 tua
431 348 608 416 prmda
632 347 837 416 iacent:
867 347 959 401 seel
984 345 1275 400 omittimus
1299 344 1431 399 istos

92 442 142 494 Ut
166 439 485 507 populatores
516 454 531 489 :
564 446 587 474 ⁸
621 438 744 490 belli
772 437 936 503 magis
965 447 1080 490 acta
1112 436 1349 490 revolvo.

90 528 211 593 Quod
240 527 426 579 bellum
458 541 564 579 non
612 540 767 593 parva
808 539 1015 588 manus,
1046 538 1142 578 nec
1184 537 1403 578 carcere
1432 523 1598 578 fracto

88 620 149 671 Ad
175 617 516 685 gradiaturant
541 626 592 668 tu
617 615 866 682 Spartace
909 616 1086 676 vincte
1116 613 1312 680 parasti
1343 632 1356 668 :

88 706 172 760 Sed
202 704 457 775 Scythica:
477 718 605 773 vaga
645 704 791 756 turba
823 704 1009 773 plagae,
1038 704 1260 758 feritatis
1304 703 1601 765 abundans,

90 797 209 861 Dira,
228 812 410 865 rapax,
437 794 742 858 vehemens,
773 795 901 864 ipsis
922 810 1129 862 quoque
1154 794 1401 858 pentibus
1423 794 1531 848 illic

89 885 285 938 Barbara
312 883 622 946 barbaricis,
648 883 798 952 cujus
827 883 931 936 dux
963 882 1245 936 Hormidac
1270 891 1430 950 atque

86 972 203 1025 Civis
227 979 357 1036 erat,
381 972 532 1039 queis
556 970 661 1024 tale
689 972 859 1026 solum
882 979 980 1035 est,
1014 969 1278 1039 murique,
1311 984 1601 1040 genusque.

140 1059 163 1097 δ
183 1060 339 1113 Albus
366 1059 722 1129 Hyperboreis
740 1059 933 1114 ‘l‘anais
954 1074 1056 1129 qua
1080 1057 1300 1115 vallibus
1322 1068 1499 1125 actus.

88 1149 273 1216 flipbtca
291 1148 359 1203 de
385 1158 541 1203 caute
564 1148 726 1213 cadit,
749 1148 894 1218 jacet
920 1164 1025 1206 axe
1054 1150 1154 1204 sub
1173 1167 1309 1206 ursa:

85 1240 216 1309 297
240 1238 379 1295 Gens
404 1236 596 1293 animis
638 1237 995 1311 membrisque
1022 1241 1199 1295 minax
1223 1257 1237 1294 :
1266 1240 1337 1295 ita
1375 1240 1605 1297 vultibus

1283 1330 1433 1401 [ipsis

85 1417 318 1473 infantum
344 1433 472 1474 suus
499 1418 688 1475 horror
712 1421 872 1485 inest;
895 1421 1166 1490 consurgit
1187 1422 1238 1475 in
1259 1433 1463 1476 arctum

86 1508 231 1561 Massa
252 1511 476 1563 rotunda
503 1518 695 1579 caput;
725 1510 948 1578 geminis
972 1511 1072 1564 sub
1098 1510 1270 1565 fronte
1294 1514 1535 1568 cavernis

92 1596 221 1649 llisus
247 1598 399 1650 adest
424 1597 595 1651 oculis
620 1597 924 1652 absentibus
948 1614 961 1661 ;
986 1608 1098 1653 acta
1126 1601 1328 1654 cerebri

86 1687 128 1739 in
151 1701 408 1740 cameram
440 1688 526 1740 vix
555 1687 619 1740 ad
650 1688 863 1757 refugos
890 1690 974 1743 lux
1006 1690 1244 1758 pervenit
1267 1693 1446 1759 orbes,

86 1774 178 1827 Non
203 1784 373 1828 tamen
404 1784 459 1829 et
487 1775 731 1831 clausos:
761 1794 880 1833 nam
912 1780 1111 1836 fornice
1140 1798 1242 1837 non
1281 1785 1534 1851 spatioso,

86 1865 244 1933 Magna
272 1866 452 1919 vident
477 1868 666 1935 spatia,
688 1878 742 1923 et
766 1869 982 1938 majoris
1008 1870 1219 1926 luminis
1242 1888 1390 1927 usum
1500 1936 1503 1941 η

88 1954 341 2022 Perspicua
374 1955 427 2008 in
459 1955 630 2025 puteis
649 1969 991 2026 compensant
1019 1972 1209 2029 puncta
1241 1962 1533 2030 profundis.

85 2045 196 2099 Tum
222 2059 285 2100 ne
308 2061 404 2115 per
432 2049 595 2102 malas
618 2059 891 2104 excrescat
915 2050 1082 2105 fistula
1113 2051 1328 2119 duplex,

86 2135 314 2191 Obtundit
336 2147 546 2190 teneras
574 2138 894 2192 circumdata
933 2141 1090 2194 fascia
1119 2155 1293 2206 nares,

88 2223 143 2275 Ut
173 2226 333 2291 galeis
360 2225 574 2279 cedant.
598 2226 688 2281 Sic
720 2237 933 2296 propter
962 2230 1139 2296 praelia
1166 2238 1317 2283 natos

89 2315 329 2369 Maternus
354 2315 615 2370 deformat
646 2332 813 2383 amor,
835 2320 955 2386 quia
986 2328 1132 2374 tensa
1152 2336 1403 2389 genarum

88 2405 180 2457 Non
202 2405 487 2475 interiecto
510 2407 562 2459 fit
586 2406 742 2460 latior
768 2423 889 2460 area
918 2423 1069 2463 naso.

87 2493 265 2547 Caztera
311 2510 436 2563 pars
465 2504 546 2548 est
586 2494 802 2563 pulchra
837 2498 989 2560 viris;
1024 2508 1164 2554 stant
1195 2510 1407 2567 pectora
1438 2516 1603 2570 vasta,

91 2582 299 2652 insignes
317 2582 547 2647 humeri,
579 2585 846 2639 succincta
888 2587 1146 2643 suhilibns
1164 2590 1330 2645 alvus.

90 2669 252 2724 Forma
277 2671 494 2741 quidem
534 2673 691 2742 pediti
726 2675 895 2729 media
923 2687 1023 2743 est,
1048 2693 1265 2745 procera
1294 2683 1384 2737 sed
1414 2696 1605 2750 exstat,

88 2761 133 2814 Si
149 2776 329 2817 cernas
357 2762 583 2830 equites.
606 2765 682 2818 sic
709 2766 846 2834 longi
868 2780 1007 2835 stupe
1034 2779 1297 2838 putantur,

89 2852 130 2903 Si
157 2853 389 2907 sedeant.
424 2853 515 2907 Vis
545 2864 716 2909 matre
750 2870 938 2911 carens
970 2867 1025 2911 ut
1053 2861 1288 2915 constitit
1318 2862 1506 2925 infans,

91 2942 185 2996 llos
212 2945 413 3011 praebet
436 2945 650 2998 dorsum
678 2948 921 3015 sonipes;
954 2962 1176 3017 cognata
1208 2967 1359 3006 reare

92 3031 297 3085 Mendira
325 3033 456 3085 viris
474 3072 490 3092 .
518 3035 588 3086 ita
612 3049 819 3100 semper
842 3049 977 3104 equo
1002 3051 1097 3091 ceu
1121 3039 1255 3093 fixus
1276 3040 1508 3093 adhaeret

93 3121 278 3177 flector.
303 3132 327 3161 ε
356 3122 711 3190 Cornipedum
740 3133 886 3192 tergo
912 3140 1039 3193 gens
1064 3128 1227 3181 altera
1267 3128 1455 3193 fertur,

93 3213 194 3266 llac
213 3212 442 3277 habitat;
472 3222 665 3266 teretes
690 3227 864 3280 arcus,
892 3223 948 3267 et
975 3214 1170 3283 spicula
1201 3216 1378 3283 cordi;

90 3300 351 3361 Terribiles
385 3312 652 3371 certatque
678 3317 884 3369 manus,
910 3303 1207 3374 jaculisque
1243 3306 1472 3363 ferenda:

150 3510 174 3540 ι
208 3502 433 3557 Hunnici
481 3502 629 3566 belli,
668 3502 805 3569 quod
852 3499 1134 3556 Anthemio
1180 3503 1315 3558 duce
1360 3505 1614 3560 adversus

92 3571 440 3626 llnrmidacem
469 3572 534 3624 ad
562 3572 835 3626 Serdicam
871 3571 922 3623 in
958 3571 1110 3624 Dacia
1137 3581 1343 3640 gestum
1372 3584 1472 3640 cst,
1505 3591 1617 3629 me-

92 3642 236 3695 moria
260 3640 442 3695 omnis
466 3642 600 3709 apud
627 3643 757 3693 alios
792 3650 1033 3693 auctores
1072 3640 1291 3696 interiit.
1345 3642 1616 3697 Falluntnr

92 3709 210 3762 enim
236 3711 323 3779 qui
351 3725 476 3763 cum
495 3710 685 3762 Carolo
698 3709 911 3779 Sigouin
930 3709 1120 3779 bellum
1145 3711 1245 3764 hoc
1269 3726 1389 3764 esse
1408 3722 1608 3777 putant,

93 3778 135 3828 in
182 3777 283 3847 quo
328 3779 654 3847 AAruegislni
693 3778 958 3847 magisten
1001 3777 1221 3829 militum
1280 3794 1398 3847 cum
1457 3780 1611 3831 Attila

91 3844 303 3913 pugnans
326 3845 384 3897 in
411 3845 566 3897 Dat-ia
595 3844 820 3908 Ripensc
848 3844 1053 3894 occisus
1082 3856 1180 3905 est,
1203 3855 1258 3896 ut
1279 3845 1614 3899 Marcellinus

90 3915 254 3965 Comes
274 3924 328 3965 et
354 3912 650 3964 Jornandes
678 3917 909 3961 narrant.
937 3910 1064 3965 Ouis
1089 3926 1190 3964 non
1218 3913 1357 3965 videt
1378 3913 1445 3965 de
1475 3913 1614 3965 bel'o

91 3910 254 3965 Comes
274 3924 328 3966 et
354 3912 650 3964 Jornandes
678 3917 909 3961 narrant.
937 3910 1064 3972 Quis
1089 3926 1190 3964 non
1218 3913 1357 3965 videt
1378 3913 1445 3965 de
1475 3913 1616 3966 bel'o

91 3980 163 4033 hic
188 3983 265 4048 agi
302 3980 357 4032 in
389 3993 495 4045 quo
529 3979 633 4029 dux
671 3978 898 4048 hostium
940 3978 1242 4041 llormidac,
1274 3994 1375 4033 ttoii
1417 3983 1609 4046 Attila;

91 4046 316 4114 magster
356 4047 586 4100 militum
618 4046 945 4115 Anthemius,
979 4060 1079 4099 non
1122 4049 1464 4115 Arnegislns?
1494 4052 1612 4104 Dis—

91 4125 287 4181 τωρωι
327 4117 492 4170 etiam
529 4124 804 4184 tempora.
825 4114 954 4168 Nam
983 4114 1286 4184 Arnegislns
1314 4118 1615 4174 Theodosio

93 4185 279 4254 vivente
299 4184 586 4254 occubuit,
614 4183 849 4252 Callepio
887 4195 934 4236 et
969 4183 1241 4240 Ardabnre
1272 4189 1614 4254 consulibus;

91 4252 391 4336 Anthemius
410 4269 537 4308 vero
558 4253 753 4321 Leone,
786 4262 840 4306 ut
868 4254 1063 4307 dictum
1094 4268 1196 4323 cst,
1230 4268 1482 4327 regnante
1508 4252 1621 4313 haec

91 4336 591 4461 3mimtaomparanda
652 4391 766 4446 hac
824 4394 1126 4449 llunnorum
1179 4374 1619 4463 pr050pograpltia

91 4475 193 4517 eam
218 4463 427 4557 iis-quae
447 4463 527 4557 da
546 4463 1125 4557 illittﬁgenti's'origiue,
1138 4464 1336 4557 forma,
1359 4466 1618 4557 uipribus-
1646 4498 1697 4557 Β

92 4546 179 4597 (με
202 4533 448 4586 scribunt
483 4531 814 4585 Marcellinus
843 4532 933 4585 lib.
971 4548 1095 4593 xxx,
1138 4533 1379 4585 Zosimus
1421 4535 1506 4586 Μ).
1546 4549 1615 4598 tv,

92 4609 135 4651 et
159 4605 386 4654 omnium
420 4602 812 4653 accuratissime
848 4602 1140 4654 Jornandes
1174 4615 1241 4651 ex
1274 4602 1455 4655 Prisco
1498 4603 1619 4653 rhe-

95 4668 539 4737 toreLTheodosii
584 4670 647 4721 ad
694 4670 903 4721 Attilam
948 4670 1138 4736 legato.
1181 4668 1433 4737 Pleraque
1477 4670 1616 4723 enim

93 4747 195 4787 sunt
221 4735 423 4789 Sidonii
463 4737 637 4789 verbis
674 4737 959 4790 simillima.

153 4813 173 4839 ε
203 4803 435 4857 Pessime
460 4813 611 4857 antea
644 4807 856 4872 vulgati.
889 4805 991 4861 Sed
1020 4805 1087 4858 de
1110 4804 1261 4870 hujus
1301 4805 1403 4857 loci
1439 4818 1619 4857 emon-

93 4869 284 4943 datione
310 4872 417 4939 iam
446 4874 633 4943 monui
653 4874 717 4926 ad
736 4869 1060 4943 epigramma
1090 4872 1158 4927 94
1190 4874 1437 4943 Ennodii.
1459 4873 1608 4937 Alite,

96 4940 268 5004 inquit.
298 4950 486 5005 gentes
520 4942 667 5005 equis
701 4940 919 4996 subinde
950 4944 1022 4995 uti
1068 4944 1257 5005 solent,
1289 4942 1398 4994 haec
1428 4942 1475 4994 in
1509 4942 1611 4995 illis

95 5008 291 5077 habitat.
322 5008 472 5062 Adeo
494 5010 632 5060 enim
667 5009 717 5061 in
742 5014 892 5077 equis
917 5012 1109 5065 assidui
1154 5018 1301 5064 erant
1330 5010 1525 5073 Hunni,
1557 5020 1613 5063 ut

94 5076 276 5143 pedites
304 5090 571 5146 nunquam
608 5076 968 5132 cernerentur.
1017 5081 1254 5134 Zosimus
1288 5094 1443 5146 supra
1470 5096 1481 5129 :
1507 5084 1613 5132 Ἐπὶ

93 5154 176 5199 τῶν
192 5148 358 5198 ἵππων
377 5149 456 5197 mi
475 5143 785 5213 διαιτώμενοι
803 5148 1227 5208 καὶκαοιύδοντες.
1252 5143 1607 5201 Marcellinus:

97 5213 234 5282 Equis
256 5229 413 5282 prope
437 5211 575 5282 ιιῃίξὶ
596 5211 877 5281 funguntur
920 5218 1208 5268 muneribus
1238 5218 1503 5269 consuetis.
1552 5218 1611 5267 lu

94 5281 198 5352 ipsis
235 5281 395 5348 quiuis
436 5282 488 5332 in
527 5281 620 5332 hac
646 5286 847 5334 natione
882 5300 1069 5345 pernox
1106 5296 1150 5337 et
1193 5287 1392 5349 perdius
1429 5289 1542 5336 emit
1570 5295 1613 5337 et

95 5353 259 5419 vendit,
282 5352 549 5419 cibumque
574 5352 722 5401 sumit
753 5360 795 5401 et
826 5368 994 5417 parum
1018 5369 1035 5405 :
1064 5364 1109 5404 et
1138 5355 1407 5406 inclinatus
1439 5357 1614 5406 cervici

98 5418 298 5492 augusta
319 5418 605 5492 ittmmti_iu
628 5420 783 5471 altum
806 5438 1033 5487 soporem
1056 5423 1119 5473 ad
1155 5440 1305 5491 usque
1330 5423 1614 5475 varietatem

97 5487 356 5554 effunditur
384 5487 710 5540 seruitiorum.

154 5558 175 5595 d
196 5560 320 5614 Belli
350 5570 528 5611 aream
562 5557 611 5607 iu
637 5557 784 5608 Dacia
815 5557 1225 5615 fuisseostendit
1248 5564 1393 5631 ιιι
1418 5560 1479 5614 ad
1498 5560 1619 5616 Ser-

350 5649 613 5709 Ρηιιοι.
663 5645 872 5703 [ΥΙΙΙ.

3152 238 3255 291 uno

1626 351 1675 405 Δ
1703 347 1885 401 Mortis
1915 348 2014 401 lixa
2036 347 2185 411 fides,
2213 360 2266 402 et
2289 363 2390 401 non
2435 357 2689 415 peccante
2716 349 2814 402 sub
2846 348 2972 413 ictu,

1705 437 1934 492 Edoctus
1957 451 2175 505 peccare
2201 436 2365 490 furor.
2399 438 2542 491 Gens
2569 438 2666 489 ista
2700 448 2916 503 repente

1706 526 2024 594 Erumpens,
2050 526 2383 594 solidumque
2432 524 2563 579 rotis
2609 536 2902 579 transvecta
2935 540 3029 592 per
3058 525 3245 581 Istrum

1710 615 1962 679 Venerat,
1992 624 2047 669 et
2070 623 2242 669 sectas
2271 615 2527 668 inciderat
2556 614 2726 668 orbita
2752 613 3012 683 lymphas.

1710 706 1858 759 llanc
1888 717 1939 758 tu
1965 705 2198 758 directus
2224 706 2251 740 ά
2282 721 2373 771 per
2398 704 2584 758 Dacica
2623 719 2744 759 rura
2771 714 3042 773 vagantem

1702 795 2000 861 Contrahis,
2028 794 2348 865 aggrederis,
2368 808 2606 863 superas,
2634 795 2879 859 includis;
2910 804 2966 851 et
2985 806 3039 850 ut
3067 807 3119 849 te

1706 887 1901 941 Metato
1926 885 2096 955 spatio
2120 892 2414 940 castrorum
2443 885 2658 940 Serdica
2686 884 2835 951 vidit,

1704 977 1866 1047 298
1891 976 2176 1031 Obsidione
2203 976 2425 1044 premis;
2468 990 2585 1044 quat
2610 985 2661 1030 te
2694 976 2771 1030 sic
2810 962 3042 1043 tempore
3079 979 3246 1031 multo

1705 1066 1761 1119 In
1791 1066 1926 1119 vallo
1957 1066 2183 1134 positum
2207 1064 2429 1131 stupuit,
2458 1064 2595 1133 quod
2620 1065 2771 1120 miles
2789 1064 2842 1119 in
2868 1079 3024 1134 agros

1704 1152 1809 1208 Nec
1830 1153 2002 1218 licitis,
2036 1169 2133 1209 nec
2157 1154 2360 1209 furtivis
2386 1155 2693 1209 excursibus
2720 1154 2844 1209 ibat.

1657 1236 1662 1243 ’
1703 1243 1800 1297 Cui
1824 1242 2032 1298 deesset
2055 1257 2174 1297 cum
2198 1257 2340 1311 sirpe
2369 1244 2548 1307 Ceres,
2575 1256 2887 1313 semperque
2913 1244 3119 1313 Lyams,

1705 1331 1985 1399 Disciplina
2016 1338 2189 1384 tamen
2218 1345 2320 1386 non
2342 1330 2539 1393 defuit;
2570 1332 2694 1386 inde
2723 1333 3017 1402 propinquo

1705 1420 1865 1474 lloste
1890 1420 2054 1487 magis
2077 1420 2299 1474 timuere
2318 1421 2540 1485 ducem;
2569 1422 2646 1476 sic
2669 1422 2897 1489 denique
2926 1423 3116 1477 factum
3144 1432 3249 1489 cst,

1707 1511 1773 1564 Ut
1804 1519 1827 1547 ο
1856 1512 2031 1564 socius
2055 1518 2161 1563 tum
2192 1509 2327 1564 forte
2348 1519 2488 1574 tuus,
2519 1525 2637 1564 mox
2667 1512 2919 1579 proditor,
2947 1513 3047 1566 illis

1704 1597 1919 1652 Frustra
1946 1607 2089 1667 terga
2110 1598 2281 1665 daret,
2310 1598 2606 1653 commissae
2636 1609 2871 1667 tempore
2901 1609 3086 1669 pugna:
3116 1618 3131 1653 :
3226 1645 3233 1649 .

1636 1686 1681 1745 Β
1708 1688 1805 1755 Qui
1829 1690 1937 1758 jam
1967 1704 2085 1744 cum
2107 1688 2334 1761 fugeret,
2354 1690 2489 1745 ﬂexo
2520 1689 2653 1760 pede
2676 1706 2871 1747 cornua
2898 1692 3121 1756 nudans,

1706 1780 1785 1834 Tn
1812 1782 1988 1835 stabas
2013 1782 2125 1835 acie
2150 1782 2317 1848 solus,
2347 1793 2399 1838 te
2424 1796 2609 1851 sparsa
2646 1780 2817 1852 fugaci

1708 1870 1940 1939 Expctiit
1970 1870 2189 1926 ductore
2212 1887 2416 1937 manus,
2448 1881 2499 1925 te
2524 1873 2689 1927 Marte
2717 1874 2942 1942 pedestri

1707 1958 1993 2015 Sudantem
2024 1960 2293 2029 repetebat
2332 1974 2530 2031 eques;
2560 1969 2644 2015 tua
2667 1962 2812 2031 signa
2836 1971 3059 2021 secutus

1708 2046 1821 2100 Non
1847 2062 1905 2103 se
1929 2048 2196 2103 desertum
2220 2050 2385 2104 sensit
2405 2051 2698 2105 certamine
2718 2052 2890 2105 miles.

1779 2140 1795 2193 l
1819 2154 1976 2204 nunc,
1999 2150 2051 2194 et
2078 2142 2268 2195 veteris
2297 2142 2474 2211 profer
2502 2147 2757 2210 pneconia
2786 2144 2924 2197 Tulli

1709 2228 1860 2285 Etas
1886 2245 2013 2283 cana
2047 2239 2273 2297 patrum,
2305 2231 2443 2300 quod
2472 2233 2693 2298 pulchro
2715 2233 3009 2289 hortamine
3030 2238 3248 2292 mendas

1709 2320 1947 2374 Occuluit
1972 2320 2136 2388 refugi
2159 2321 2394 2374 nutantia
2416 2320 2611 2376 foedera
2638 2321 2802 2375 Metti.

1711 2408 1792 2462 Nil
1821 2407 1993 2462 simile
2019 2422 2124 2474 est,
2158 2408 2369 2477 fallique
2395 2417 2539 2463 tuum
2566 2406 2789 2483 tibinon
2822 2410 2992 2477 placet
3025 2410 3245 2466 hostem.

1711 2499 1858 2552 Tunc
1888 2499 2010 2553 vicit
2042 2499 2207 2563 miles,
2240 2499 2365 2552 dum
2390 2514 2448 2551 se
2473 2507 2753 2566 putatcsse
2769 2499 3086 2567 juvandum:

1716 2588 1809 2642 llic
1834 2588 1979 2652 vicit,
2009 2596 2282 2656 postquam
2310 2601 2368 2641 se
2394 2588 2653 2657 comperit
2679 2602 2796 2652 esse
2822 2590 3081 2642 relictum.

1717 2683 1826 2735 Dux
1856 2678 2008 2747 fugit,
2037 2677 2366 2746 insequeris:
2399 2686 2617 2731 renovat
2642 2680 2949 2741 certamina,
2980 2679 3181 2742 vincis;

1713 2770 2004 2834 Clauditur,
2033 2782 2330 2837 expugnas;
2360 2766 2603 2831 elabitur,
2635 2766 2849 2829 obruis;
2874 2777 3032 2835 atque

1712 2858 2013 2912 Sarmaticte
2041 2855 2153 2924 paci
2178 2854 2399 2923 pretium
2427 2868 2519 2907 sua
2548 2854 2731 2908 funera
2759 2856 2929 2923 ponis.

1716 2948 1955 3011 Paretur,
1977 2944 2177 3011 iussum
2202 2942 2361 2997 subiit
2387 2941 2491 3009 jam
2533 2942 2795 3010 transfuga
2826 2943 3047 3012 letbumg,

1637 3031 1682 3089 Ο
1714 3036 1882 3103 Atque
1909 3035 2188 3103 peregrino
2214 3030 2404 3087 cecidit
2429 3042 2513 3085 tua
2536 3031 2747 3085 victima
2786 3032 2944 3086 ferro.

1720 3126 1853 3178 Ecie
1884 3124 2093 3187 itcrmn,
2117 3120 2160 3176 si
2190 3122 2323 3175 forte
2346 3122 2537 3189 placet,
2570 3120 2790 3189 conflige
2814 3130 3047 3176 vetustas
3076 3139 3089 3151 '

1717 3215 1968 3270 llaunibal
1991 3214 2077 3267 ille
2103 3214 2247 3267 ferox
2277 3213 2341 3265 ad
2369 3224 2577 3281 prunam
2605 3211 2738 3263 forte
2769 3213 2987 3278 petitus,

1717 3312 1781 3363 ιι
1800 3307 1843 3360 si
1869 3321 1972 3360 non
2004 3304 2187 3360 habuit
2210 3304 2297 3373 jus
2316 3303 2461 3368 vitaz,
2500 3303 2604 3355 line
2629 3314 2877 3368 supremo

1664 3538 1671 3547 μ
1718 3505 1889 3559 dicam
1916 3503 2123 3567 urbem,
2152 3515 2308 3571 quam
2335 3515 2365 3554 a
2395 3498 2633 3571 barbaris
2652 3509 2960 3571 occupatam
2983 3501 3252 3558 obsidione

1718 3576 1882 3629 cinxit
1913 3569 2245 3629 Anthemius.
2286 3569 2556 3624 Serdicam
2588 3569 2843 3625 Eusebius
2884 3572 2933 3623 in
2976 3571 3254 3635 Chronico,

1721 3641 2012 3706 Itineraria,
2050 3640 2318 3711 etAsynodi
2351 3638 2574 3711 [ficgenm
2610 3638 3063 3711 subscriptiones,
3092 3640 3255 3711 Dacia

1718 3713 1899 3764 urbem
1937 3726 2057 3762 cum
2097 3706 2316 3762 Sidonio
2360 3706 2556 3759 faciunt
2587 3721 2603 3759 :
2638 3706 2887 3761 Socrates
2925 3716 2980 3761 et
3022 3707 3256 3762 Hermia:

1717 3777 2018 3838 Snzomeni,
2051 3776 2136 3844 ubi
2163 3775 2230 3828 de
2249 3776 2452 3843 synodo
2479 3774 2777 3844 Serdicensi
2810 3784 2970 3843 agunt
2992 3815 3007 3840 ,
3045 3777 3257 3844 Illyrici.

1719 3846 2032 3899 Ptolemaeus
2058 3842 2317 3906 Thracia},
2354 3856 2459 3906 quo
2484 3842 2641 3894 etiam
2672 3842 2877 3909 spectat
2913 3853 2965 3894 et
2998 3842 3145 3897 vetus
3176 3847 3259 3896 in-

1717 3913 1954 3980 scriptio,
1985 3912 2036 3965 in
2071 3926 2171 3980 qua
2216 3913 2471 3980 Diogenes
2500 3909 2650 3967 miles
2678 3911 2880 3963 natione
2907 3910 3098 3976 Thrax,
3141 3914 3261 3965 οἱοί.

1718 3978 2678 4050 tate—SerdiraiQtta:quidem‘vera
2714 3990 2839 4050 sunt
2880 3980 3056 4050 omnia
3083 4022 3099 4042 ,
3136 3982 3260 4050 quia

1719 4051 1870 4104 Ilacia
1900 4050 2072 4120 magni
2090 4048 2294 4120 _I|lyrici
2326 4063 2444 4120 pars
2472 4047 2606 4120 fuit,_
2621 4056 2679 4099 ut
2695 4048 3008 4120 dicetnr_ad
3036 4047 3259 4120 panegy.

1718 4123 1880 4206 ricum
1921 4115 2243 4206 hiajoriani‘:
2293 4116 2431 4204 unde
2458 4115 2881 4206 ‘etnSerdipamn
2896 4115 3261 4200 Tlieodoreius

1717 4186 2016 4264 μητρόπολιῦ
2057 4195 2210 4241 vocat
2253 4186 2795 4257 ΔακὶαςὲνΊλλυριοῖς.
2842 4188 3013 4241 Dacia!
3054 4205 3261 4241 rursum

1716 4262 1962 4312 attributa
1992 4259 2089 4312 fuit
2127 4271 2217 4308 ora
2250 4255 2505 4316 Thraciae,
2541 4270 2639 4322 qua
2676 4257 2889 4310 Serdica
2931 4257 3055 4310 olim
3094 4260 3260 4309 conti-

1717 4335 1957 4383 nebatur.
2022 4327 2220 4389 Duplex
2254 4328 2391 4378 enim
2428 4326 2522 4377 fuit
2575 4324 2723 4377 Dacia
2767 4326 3050 4393 provincia.
3095 4326 3255 4377 Vetus

1717 4399 1946 4462 Trajani,
1972 4406 2116 4449 trans
2144 4394 2365 4453 Istrum;
2397 4394 2561 4443 alteta
2585 4394 2868 4462 Aureliani,
2902 4410 3055 4462 quam
3080 4409 3259 4462 prore

1727 4460 1919 4519 omissa
1963 4464 2220 4517 revocatis
2254 4462 2331 4512 cis
2364 4464 2546 4513 Istrum
2585 4460 2858 4529 militibus,
2899 4461 2947 4512 iu
2989 4461 3260 4529 utriusque

1725 4537 1917 4588 Mmsia:
1946 4543 1997 4585 et
2026 4530 2262 4582 'l'hrat-iae
2286 4529 2472 4595 finibus
2500 4528 2771 4579 constituit
2799 4545 2811 4578 :
2842 4544 2961 4595 quae
2981 4530 3088 4581 sola
3112 4528 3211 4584 dei.
3236 4563 3251 4571 -

1721 4618 1843 4668 ccps
1864 4599 2121 4668 appellata
2144 4604 2227 4668 est
2246 4596 2423 4668 Dacia.
2452 4594 2555 4668 Sed
2588 4595 2723 4668 lianc
2742 4594 2909 4668 porro
2930 4598 2979 4649 in
3019 4598 3150 4653 duas
3179 4602 3252 4653 di-

1724 4664 1983 4721 viéant'éx
2014 4666 2216 4736 imperii
2245 4664 2663 4736 Notitialiquet:
2694 4664 2994 4732 Ripensem,
3022 4685 3140 4735 qua:
3171 4688 3265 4736 per

1723 4735 1996 4804 praesidem
2028 4734 2332 4806 regebatur;
2364 4744 2417 4786 et
2445 4733 2900 4806 Mediterraneam.
2931 4738 2983 4789 in
3010 4733 3112 4806 qua
3140 4733 3254 4791 Ser-

1722 4802 1859 4872 dzca,
1874 4820 1987 4872 qua:
2014 4817 2108 4871 per
2135 4804 2488 4857 consularem.
2515 4802 2762 4859 Paulinus
2779 4805 2845 4860 de
2863 4806 3010 4861 obitu
3028 4802 3259 4862 Niceno:

1896 4932 1953 4996 Et
1973 4931 2107 4996 (istm
2131 4938 2344 4991 currunt,
2370 4941 2419 4996 et
2436 4938 2653 4996 uterque
2672 4935 2845 4996 Dacus,

1898 4994 1985 5048 Qui
2004 4992 2113 5041 colt
2137 5000 2283 5040 terrae
2306 4994 2482 5048 medio,
2508 4994 2585 5042 vel
2611 4995 2691 5043 ille

1897 5033 2643 5115 suis;annisanstiaiu';

2079 5114 2248 5161 Accola
2274 5115 2409 5175 ripaz.

1792 5226 1814 5251 ε
1857 5215 1928 5268 De
1961 5216 2227 5283 transfuga
2266 5216 2409 5270 socio
2438 5217 2719 5281 Anthemii,
2752 5216 2837 5284 qui
2868 5215 2934 5268 ad
2965 5215 3179 5269 llunnos
3210 5221 3288 5282 iu_

1716 5286 1826 5354 ipsa
1853 5299 2019 5351 pugna
2042 5285 2257 5354 defecit,
2288 5288 2341 5338 in
2386 5297 2523 5339 tanta
2573 5286 2711 5337 illius
2741 5285 2917 5354 anatis
2947 5288 3259 5349 scriptorum

1722 5352 1978 5419 paucitate
2010 5353 2134 5406 nihil
2167 5352 2437 5405 habemus.
2469 5355 2542 5407 Ex
2572 5353 2785 5421 Sidonio
2806 5359 3011 5403 constat
3039 5354 3105 5406 ab
3139 5358 3259 5421 ipsis

1720 5422 1951 5476 barbaris
1983 5436 2044 5473 ex
2081 5422 2221 5484 pacis
2259 5422 2455 5475 findere
2493 5437 2684 5477 capsum
2724 5419 2902 5472 fuisse.
2960 5422 3079 5475 Ideo
3122 5419 3259 5478 enim

1722 5505 1840 5541 cum
1867 5490 2159 5543 Hannibale
2185 5492 2413 5559 Confert,
2450 5493 2535 5555 qui
2567 5490 2813 5559 Romanis
2854 5505 2880 5539 a
2920 5488 3099 5544 Prusia
3144 5511 3260 5559 rogi!

1722 5561 1988 5614 deJeudus
2020 5570 2151 5628 erat,
2179 5556 2278 5614 nisi
2311 5556 2510 5614 veneno
2539 5558 2846 5626 supplicium
2875 5556 3256 5618 antevenisset.

2954 5650 3021 5708 21
