3818 6226
86 277 163 329 (ὥ
1460 250 1780 311 CARMINA.

1596 377 1644 433 Α
1673 371 1853 424 Fibula
1885 366 2111 421 mordaci
2141 365 2348 430 refugas
2375 378 2404 417 a
2438 375 2649 430 pectore
2679 371 2849 415 vestes
2909 359 2911 362 ’

85 393 124 444 In
147 404 330 456 regnum
357 388 460 440 duo
490 365 649 452 regna
674 388 890 434 vocant:
925 391 1041 430 nam
1074 386 1219 443 patre
1247 373 1469 433 Saevus,

85 490 111 534 Α
131 477 356 547 genitrire
379 477 609 536 Gethes;
639 470 791 525 simul
819 477 871 522 et
902 465 1248 533 reminiscitur
1279 463 1430 523 illud,

81 572 196 636 Quod
220 565 550 622 Tartessiacis
583 573 607 599 ι
637 575 768 612 avus
796 557 948 624 hujus
968 554 1129 608 Vallia
1152 552 1304 606 terris

84 629 345 711 Vandalicas
366 664 586 715 turmas,
610 659 664 703 et
686 648 850 717 juncti
875 644 1051 699 Martis
1079 643 1276 697 Alanos
1347 629 1351 636 ’

80 749 202 816 301
227 744 431 804 Stravit.
461 750 516 794 et
540 737 808 792 occiduam
834 746 1012 790 texere
1041 732 1291 784 cadavera
1322 727 1540 795 Calpen.

79 838 182 899 Quid
205 844 398 886 veteres
425 843 638 883 narrare
668 827 837 895 fugas,
863 824 988 894 quid
1019 824 1207 876 damna
1239 819 1505 889 priorum?

80 926 98 961 ³
121 922 414 992 Agrigentini
446 920 629 972 recolit
649 915 920 984 dispendia
951 914 1144 980 campi.

80 1018 178 1069 lude
199 1015 330 1074 furit,
364 1011 504 1080 quod
531 1023 588 1062 se
616 1008 793 1062 docuit
815 1005 944 1058 satis
967 1005 1066 1056 iste
1097 1007 1338 1070 nepotem

80 1108 193 1158 lllius
218 1119 329 1158 esse
358 1102 478 1166 viri,
509 1115 612 1169 quo
638 1100 751 1152 viso
784 1096 1012 1150 Vandale
1039 1109 1252 1162 semper

77 1197 210 1262 'lerga
239 1193 432 1246 dabas:
467 1206 584 1244 nam
610 1204 713 1243 non
734 1187 894 1242 Siculi
926 1185 1178 1239 illustrior
1204 1183 1344 1237 arvis

77 1283 136 1334 Tu
157 1281 383 1335 Marcelle
405 1279 567 1341 redis,
592 1292 686 1345 per
711 1291 864 1344 quem
889 1274 1081 1328 tellure
1107 1272 1343 1339 marique

78 1373 232 1425 Nostra
251 1371 558 1441 Syracusios
583 1374 885 1437 presserunt
911 1379 1054 1418 arma
1085 1369 1342 1430 penates:

78 1464 161 1517 Nec
183 1473 231 1516 tu
255 1472 276 1501 ε
301 1463 385 1515 cui
419 1476 632 1515 currum
659 1458 802 1513 Curti
832 1468 1111 1523 superare,
1141 1451 1343 1506 Metelle
1361 1494 1377 1517 ,

77 1554 292 1622 Contigit,
320 1562 594 1605 ostentans
621 1548 770 1603 nobis
790 1545 1068 1614 elephanta
1092 1542 1446 1611 frequentem,

77 1645 189 1697 Grex
211 1645 354 1710 niger
380 1641 618 1694 albentes
644 1646 838 1705 tegeret
859 1649 978 1690 cum
1002 1633 1141 1689 mole
1167 1632 1386 1701 iugales,

79 1738 432 1800 Auctoremque
462 1744 616 1784 suum
641 1729 835 1799 celaret
862 1741 1048 1795 pompa
1081 1722 1350 1792 triumphi.

79 1825 100 1858 ιι
121 1823 320 1876 Noricus
339 1818 714 1887 Ostrogothum
735 1816 872 1886 quod
899 1816 1169 1878 continet,
1203 1815 1304 1869 iste
1333 1813 1544 1870 timetur
1576 1826 1590 1868 :

81 1911 216 1964 Gallia
239 1911 372 1979 quod
409 1909 578 1962 Rheni
601 1907 812 1962 Martem
842 1906 1000 1975 ligat,
1032 1905 1133 1960 iste
1163 1903 1341 1973 pavori
1365 1910 1465 1958 est.

81 2002 203 2064 Quod
230 2011 253 2039 ο
279 1999 672 2068 consanguineo
697 2011 784 2052 me
813 1996 1074 2050 Vandalus
1097 1995 1262 2048 hostis
1290 1994 1457 2048 Alano

85 2091 276 2158 Diripuit
297 2092 541 2150 radente,
567 2088 676 2140 suis
705 2086 788 2140 hic
805 2086 943 2139 ultus
963 2085 1028 2138 ab
1048 2085 1229 2137 armis.

85 2179 165 2230 Sed
193 2191 359 2230 tamen
385 2189 524 2230 unus
545 2175 700 2228 homo
723 2181 824 2234 est,
853 2187 952 2226 nec
968 2181 1108 2224 tanta
1136 2170 1364 2240 pericula
1385 2168 1526 2222 solus

84 2268 125 2318 Τι
146 2269 278 2332 llere,
304 2267 398 2320 sed
419 2265 635 2319 dilferre
663 2273 831 2332 potest
867 2281 877 2314 :
909 2262 1067 2315 modo
1095 2261 1327 2330 principe
1355 2259 1506 2313 nobis

87 2357 158 2408 ΕΛ
180 2373 302 2423 opus
333 2367 569 2417 armato,
599 2363 832 2407 veterum
862 2350 951 2419 qui
980 2366 1128 2404 more
1158 2360 1452 2418 parentum,

85 2447 171 2496 Non
198 2446 427 2506 mandet,
455 2443 548 2495 sed
580 2442 710 2495 bella
734 2449 910 2509 gerat;
941 2455 1095 2508 quem
1126 2440 1271 2506 signa
1301 2447 1595 2492 moventem

85 2536 214 2587 Terra
241 2535 319 2588 vel
339 2533 494 2586 unda
521 2540 781 2594 tremant,
815 2538 870 2582 ut
895 2530 1102 2583 tandem
1130 2529 1247 2596 jure
1268 2537 1500 2596 recepto,

85 2625 270 2677 llomula
297 2625 548 2679 desuetas
577 2621 914 2674 moderentur
933 2619 1152 2674 classica
1181 2621 1397 2674 classes.

137 2713 294 2767 Audiit
316 2714 406 2768 illa
427 2721 593 2779 pater,
627 2711 776 2763 simul
804 2711 1012 2772 annuit;
1043 2710 1148 2782 itur
1177 2711 1226 2763 in
1258 2711 1444 2765 lfrbem

87 2801 310 2856 Continuo
334 2818 350 2866 ;
378 2802 522 2854 videt
549 2804 661 2868 ipse
688 2800 861 2864 deam,
884 2785 1192 2853 summissus
1221 2800 1425 2864 adorat,

83 2892 245 2945 Pectus
267 2901 320 2945 et
346 2899 583 2944 exertam
613 2889 894 2957 tetigerunt
919 2904 1111 2941 cornua
1142 2904 1440 2942 mammam.

88 2979 320 3030 Ilandatas
353 2980 456 3032 fert
487 2977 610 3030 inde
641 2991 841 3041 preces,
872 2990 1002 3044 quas
1032 2977 1149 3030 diva
1178 2988 1356 3032 secuta

90 3074 288 3134 Apparat
323 3069 404 3121 ire
429 3067 566 3119 viain
599 3083 610 3117 :
639 3066 839 3118 laxatos
867 3075 1009 3118 torva
1037 3067 1254 3134 capillos

85 3160 295 3225 Stringit,
323 3169 377 3211 et
407 3158 623 3209 inclusa:
655 3157 913 3206 latuerunt
936 3155 1138 3208 casside
1167 3164 1353 3209 turres.

87 3250 223 3301 infula
245 3250 426 3302 laurus
455 3257 570 3301 erat
601 3261 616 3296 :
644 3244 798 3297 bullis
829 3244 1098 3296 hostilibus
1124 3259 1277 3310 asper

90 3339 295 3406 Applicat
323 3355 351 3390 a
385 3339 514 3390 lazva
545 3343 842 3403 surgentem
871 3333 1073 3386 balteus
1092 3347 1291 3387 ensem.

90 3429 215 3499 303
239 3428 490 3482 Inseritur
507 3427 691 3493 clypeo
712 3425 898 3477 victrix
923 3437 1138 3494 manus,
1169 3424 1304 3477 illius
1332 3425 1510 3478 orbem

91 3519 376 3587 Ilartigenar,
407 3518 549 3584 lupa,
571 3515 764 3580 Tibris,
793 3529 960 3579 amor,
989 3515 1144 3579 Mars,
1172 3515 1277 3578 Ilia,
1307 3519 1593 3582 complent.

143 3679 165 3706 ⁸
190 3669 364 3725 Vallia:
392 3666 534 3734 regis
559 3665 626 3718 de
654 3663 894 3718 Vandalis
921 3663 1200 3734 Alanisque
1221 3664 1282 3716 ad
1306 3663 1602 3720 Tartessum

91 3750 130 3791 et
149 3738 330 3805 Calpen
378 3732 617 3805 victoriae
659 3733 935 3805 abﬂldatio
978 3742 1030 3805 et
1068 3732 1265 3784 Isidoro
1288 3737 1602 3805 repetenda;

91 3819 207 3861 sunt.
237 3801 474 3858 Narrant
501 3804 638 3854 enim
673 3802 888 3851 Valliam
930 3802 1026 3851 sub
1063 3813 1252 3864 annum
1280 3801 1469 3852 Christi
1499 3801 1600 3851 418

97 3875 322 3926 Vandalus
349 3873 584 3935 Silingos
619 3871 667 3919 in
701 3868 889 3918 Bzetica
928 3868 1213 3924 delevisse;
1257 3868 1448 3935 Alanos
1477 3883 1599 3919 vetui

93 3942 153 3993 sic
171 3941 445 3997 attrivisse,
487 3932 676 3987 etcum
709 3935 952 3985 Vandalis
980 3935 1063 3998 qui
1101 3935 1248 4001 113
1277 3935 1327 3984 in
1359 3932 1597 3988 Callaecia

95 4007 362 4059 Gunderico
395 4009 504 4071 regi
549 4003 819 4068 parebant,
859 4016 1018 4071 unum
1068 4005 1343 4071 posteaﬂin
1391 4019 1606 4070 regnum

95 4075 374 4128 coaluerint.
425 4069 532 4125 Nec
560 4072 774 4124 dubium
813 4072 934 4136 quin
965 4070 1031 4122 de
1067 4069 1144 4121 his
1178 4070 1327 4123 bellis
1357 4069 1601 4138 loquatur

95 4143 330 4196 Sidonius.

151 4211 172 4248 ιι
205 4211 380 4265 Cladis
406 4208 619 4269 Sit-alte,
657 4221 753 4269 qua
788 4205 1100 4259 Gensericus
1138 4209 1247 4274 ipse
1282 4223 1310 4260 a
1352 4208 1608 4264 Ricimere

98 4279 138 4329 in
161 4278 686 4348 Agrigentinolittore
716 4275 1036 4348 proﬂigattts,
1077 4276 1222 4329 illtttn
1256 4277 1438 4330 Vallia:
1469 4280 1608 4331 Van-

98 4345 303 4402 dalorum
334 4347 599 4413 quondam
624 4345 835 4398 victoris
858 4354 1096 4411 nepotem
1114 4361 1229 4399 esse
1250 4349 1435 4409 sensit,
1459 4349 1610 4400 Avito

100 4430 146 4468 nt
171 4435 278 4472 reor
309 4421 624 4485 imperante.
676 4415 885 4485 Missum
912 4417 1049 4466 enim
1089 4418 1154 4466 ah
1184 4416 1333 4467 Avito
1361 4420 1608 4485 adtersus

103 4485 339 4541 Vauda‘los
359 4484 481 4539 cum
510 4485 738 4538 exercitu
767 4484 1075 4535 Ricimerem
1101 4494 1279 4534 auctor
1304 4494 1382 4535 est
1405 4484 1612 4538 Priscus

101 4555 140 4606 in
165 4559 422 4622 excerptis
454 4554 787 4622 legatonnm.
815 4552 1010 4622 Caesam
1044 4552 1196 4622 etiam
1219 4553 1498 4622 Ricimeris
1524 4568 1613 4606 co-

101 4626 220 4676 mitis
235 4619 681 4678 circumventione
714 4619 1053 4672 Vandalorutn
1083 4620 1482 4681 multitudinem,
1499 4637 1615 4686 qua:

100 4690 385 4758 Carthagine
404 4705 532 4742 cum
556 4692 635 4758 Atil),
668 4689 888 4740 navibus
918 4688 1162 4758 solverat,
1197 4689 1330 4740 inter
1361 4691 1494 4742 Aviti
1532 4704 1615 4742 res

102 4771 252 4821 sistas
273 4756 495 4812 adnotat
516 4756 726 4807 Idatius.
949 4756 951 4759 ’

157 4835 178 4862 ο
204 4823 665 4888 Uuidam,Curium
686 4839 834 4873 curru
858 4837 876 4874 :
902 4822 1034 4889 quod
1064 4824 1298 4875 eamdem
1326 4825 1477 4876 habet
1494 4839 1612 4877 sen-

105 4895 311 4945 tentiam.
346 4894 555 4945 Primus
582 4894 886 4958 elephantos
932 4893 996 4942 de
1044 4892 1241 4958 Pyrrho
1290 4896 1611 4954 triumphans

103 4960 298 5014 duxerat
317 4960 506 5012 Curius
533 4959 780 5012 Dentatus
802 4974 938 5010 anno
972 4958 1029 5010 U.
1053 4958 1108 5012 C.
1137 4959 1256 5023 427,
1279 4961 1367 5012 sed
1402 4977 1610 5026 paucos,

105 5043 299 5092 quatuor
316 5031 599 5090 duntaxat,
632 5037 684 5080 ut
713 5027 861 5080 docet
893 5028 1190 5093 Eutropius.
1235 5034 1297 5078 At
1340 5028 1396 5079 L.
1433 5029 1612 5079 Metel-

109 5101 174 5147 lus
213 5098 261 5150 iit
299 5097 746 5162 ttitnnpho'qnem
771 5099 835 5148 de
865 5095 1011 5147 victis
1039 5097 1088 5146 in
1119 5097 1291 5148 Sicilia
1315 5098 1486 5147 I’mnis
1511 5097 1615 5161 egit

105 5173 222 5214 anno
247 5164 308 5218 υ.
339 5166 404 5219 C.
435 5163 556 5223 505,
582 5175 786 5215 centum
815 5165 961 5215 duxit
987 5173 1039 5214 et
1073 5165 1288 5230 viginti,
1337 5164 1480 5215 Livio
1522 5180 1613 5212 au-

107 5245 254 5297 ctare,
281 5245 336 5286 ut
363 5242 446 5284 est
471 5232 525 5283 in
568 5233 798 5295 Epitome
832 5232 922 5294 l9,
954 5244 1003 5282 et
1030 5234 1222 5284 Seneca
1263 5234 1326 5283 de
1360 5233 1617 5283 Brevitate

108 5303 206 5354 vita
229 5315 340 5366 cap.
385 5303 473 5353 14.
507 5298 672 5364 Idem,
707 5303 889 5366 inquit,
925 5303 1156 5351 narrabat
1189 5300 1440 5350 Metellum
1483 5303 1570 5349 rict
1594 5317 1617 5350 ε

109 5371 150 5422 itt
175 5369 342 5426 Sic-lia
375 5369 543 5420 Poenis
584 5368 967 5436 triumphantem
996 5386 1144 5419 unum
1175 5370 1392 5418 omnium
1434 5368 1612 5418 [ionia-

108 5455 260 5493 norum
284 5451 396 5491 ante
423 5452 629 5488 currum
660 5435 756 5488 100
782 5449 825 5487 et
854 5438 919 5488 ‘20
945 5438 1162 5499 captivos
1194 5435 1488 5503 elephantos
1509 5438 1616 5486 du—

111 5510 238 5560 :n'sae.
281 5509 414 5560 Vicit
454 5519 582 5570 ergo
625 5503 1016 5556 Curii'currutn
1063 5506 1322 5567 Metellus;
1357 5521 1449 5556 nec
1475 5505 1613 5557 Curii

113 5577 272 5644 modo,
301 5579 391 5632 sed
422 5577 676 5636 altorum,
706 5583 953 5638 quotquot
996 5583 1168 5638 postea
1212 5574 1611 5638 triumpharunt.

2437 231 2460 247 λ

3107 248 3206 300 (ΞΗ

1681 461 1842 512 Dente
1870 459 2034 525 capit;
2064 456 2218 508 πιίοεοι
2245 455 2388 507 hasta
2414 456 2610 515 minax,
2647 465 2975 518 quercusque
3004 451 3210 515 tropa-is

1673 546 1846 601 Curva
1878 546 2076 610 tremit,
2100 533 2402 612 placidoque
2426 541 2576 594 deant
2607 541 2706 593 sub
2735 539 2870 590 fasce
2901 538 3097 605 fatigat.

1679 634 1702 675 ί
1738 639 1997 705 Perpetuo
2021 647 2121 689 stat
2153 636 2323 703 planta
2352 624 2463 686 solo
2483 675 2497 694 .
2527 633 2617 686 sed
2649 631 2801 684 fascia
2833 633 3025 698 primos

1680 728 1892 782 Sistitur
1918 727 1984 780 ad
2007 725 2216 794 digitos,
2241 724 2522 778 retinacula
2553 725 2668 776 bina
2691 722 2960 778 cothurnis

1679 817 1836 870 Mittit
1855 817 1905 868 in
1936 818 2214 868 adversum
2244 815 2419 866 vincto
2436 811 2508 865 de
2529 812 2725 865 fornice
2746 813 2941 878 pollex,

1679 907 1807 973 Qua:
1833 904 2087 973 stringant
2109 901 2369 970 crepidas,
2401 909 2454 953 et
2481 901 2914 954 concurrentibus
2939 901 3081 951 ansis

1680 997 2014 1057 Vinclorum,
2043 994 2243 1064 pandas
2271 997 2450 1045 texant
2476 1005 2568 1059 per
2594 1004 2748 1043 crura
2774 998 3004 1044 catenas.

1686 1087 1824 1154 Ergo
1850 1086 1990 1139 sicut
2015 1092 2129 1138 erat
2157 1079 2404 1147 liquidam
2433 1088 2724 1133 transvecta
2746 1093 2840 1147 per
2859 1080 3095 1142 :ethratn,

1684 1175 1956 1228 Nascentis
1979 1173 2127 1240 petiit
2154 1170 2360 1239 tepidos
2388 1169 2700 1240 Hyperionis
2721 1177 2886 1222 ortus.

1757 1267 1849 1319 Est
1876 1265 2022 1318 locus
2049 1263 2253 1327 oceani,
2281 1260 2579 1330 longinquis
2605 1260 2869 1328 proximus
2892 1259 3047 1322 Indis,

1684 1359 1796 1410 Axe
1817 1355 1913 1409 sub
1936 1354 2077 1418 Eoo,
2107 1351 2449 1407 Nabatbaum
2479 1359 2658 1405 tensus
2683 1352 2734 1404 in
2765 1350 2980 1415 Eurum,

1689 1445 1791 1499 Ver
1820 1445 1904 1498 ubi
1932 1442 2240 1497 continuum
2260 1448 2376 1505 est,
2408 1439 2738 1507 interpellata
2761 1453 2857 1495 nec
2878 1438 2995 1491 ullis

1688 1535 1993 1605 Frigoribus
2020 1532 2254 1602 pallescit
2280 1530 2494 1593 humus;
2523 1529 2615 1584 sed
2641 1528 2770 1582 ﬂore
2797 1530 3010 1595 perenni

1687 1627 1832 1682 Picta
1854 1627 2154 1696 peregrinos
2185 1624 2425 1693 ignorant
2443 1635 2564 1674 arva
2595 1621 2810 1688 rigores.

1571 1709 1576 1713 ’
1621 1711 1665 1768 Β
1695 1720 1882 1772 Halant
1906 1731 2030 1771 rura
2056 1717 2213 1780 rosis,
2249 1715 2698 1782 indescriptosque
2721 1728 2814 1781 per
2841 1726 2993 1780 agros

1694 1809 1910 1878 Fragrat
1933 1806 2066 1860 odor
2092 1819 2109 1861 :
2135 1804 2324 1858 violam
2345 1844 2359 1868 ,
2377 1805 2626 1872 cytisum,
2650 1801 2902 1869 serpylla,
2930 1801 3062 1866 ligus
3089 1816 3214 1864 rum,

1695 1901 1848 1968 Lilia,
1877 1898 2161 1963 narcissos,
2188 1897 2403 1956 casiam,
2433 1893 2708 1957 Colocasia,
2735 1891 2957 1964 calthas,

1691 1992 1928 2056 Costum,
1959 1987 2332 2050 malobatrum,
2363 1986 2629 2054 myrrhas,
2657 1982 3020 2051 opobalsama,
3055 1983 3218 2046 thura,

1695 2080 1995 2134 l’artnrinnt
2020 2077 2214 2146 campi,
2245 2089 2342 2130 nec
2364 2090 2465 2128 non
2491 2074 2728 2142 pulsante
2753 2080 2985 2131 senecta,

1663 2215 1671 2223 .
1696 2169 1824 2221 lline
1848 2168 2082 2222 rediviva
2113 2169 2243 2233 petit
2268 2165 2467 2218 vicinus
2495 2165 2734 2216 cinnama
2760 2161 2994 2226 phtenix.

1698 2258 1795 2311 llic
1812 2257 1999 2310 donius
2019 2256 2235 2309 Aurora:
2258 2253 2413 2306 rutilo
2439 2258 2701 2304 crustante
2725 2249 2955 2308 metallo,

1697 2350 1978 2402 Barcarum
2005 2346 2213 2415 praefert
2236 2345 2394 2399 ιωνεε
2417 2352 2622 2411 asprata
2651 2342 2871 2410 lapillos.

1699 2440 1951 2507 Diripiunt
1982 2438 2188 2491 diversa
2218 2435 2418 2498 oculos,
2443 2443 2495 2486 et
2513 2433 2579 2486 ab
2601 2442 2711 2485 arte
2733 2432 2995 2498 magistra.

1696 2532 1807 2584 Hoc
1838 2530 1997 2584 vineit
2023 2528 2369 2597 quodcunque
2393 2524 2571 2587 vides;
2602 2524 2691 2577 sed
2717 2524 2957 2577 conditur
2982 2523 3151 2574 omnis

1699 2622 1808 2674 Sub
1833 2621 2041 2673 domina
2076 2627 2330 2686 prasente
2358 2616 2536 2679 decor,
2562 2615 2822 2685 nimioque
2853 2613 3040 2664 rubore

1700 2710 2035 2763 Gemmarum
2063 2705 2234 2758 varios
2263 2703 2455 2771 perdit,
2481 2704 2598 2769 quia
2623 2701 2876 2769 possidet,
2905 2702 3067 2766 ignes.

1696 2799 2138 2851 Futtdebrttcotna
2169 2807 2298 2861 pexa
2332 2807 2536 2854 crocos,
2562 2793 2797 2858 flexoque
2820 2790 3012 2842 lacerto

1699 2888 1858 2955 303
1884 2886 2041 2939 Lutea
2073 2885 2352 2952 depressus
2372 2883 2610 2935 eomebat
2637 2891 2864 2947 tempora
2889 2891 3088 2946 pecten.

1703 2975 2010 3046 Fundebant
2033 2975 2166 3027 oculi
2196 2973 2392 3038 radios,
2423 2972 2570 3027 color
2600 2972 2777 3040 igneus
2806 2971 2928 3033 illis,

1618 3046 1668 3108 ε
1699 3066 1810 3119 Non
1833 3074 2006 3119 tamen
2028 3065 2184 3118 ardor
2204 3074 2319 3118 erat
2347 3081 2358 3115 :
2389 3064 2626 3130 quamvis
2649 3063 2712 3115 de
2739 3076 2890 3116 nocze
2921 3078 2956 3113 ri
2977 3066 3140 3114 cussa‘

1700 3157 1914 3224 Excepti
1943 3157 2146 3209 soleant
2174 3154 2412 3208 sudorem
2443 3153 2638 3219 ﬁngere
2668 3167 2831 3204 mres.

1700 3246 1913 3299 Pectora
1946 3245 2023 3297 his
2043 3244 2261 3310 cingunt
2294 3255 2462 3302 zonat,
2490 3241 2762 3306 parvisque
2791 3239 2992 3305 papillis

1701 3335 1947 3388 Invidiam
1973 3336 2091 3386 facit
2115 3332 2225 3399 ipse
2249 3334 2392 3383 sinus
2424 3346 2436 3380 :
2467 3344 2585 3396 pars
2605 3330 2793 3381 extima
2824 3331 2957 3394 pepli

1703 3428 1899 3479 l’erfert
1923 3425 2168 3491 puniceas
2196 3422 2258 3474 ad
2285 3436 2436 3473 crura
2467 3421 2704 3473 rubentia
2733 3437 2905 3486 rugas.

1699 3519 1787 3572 Sic
1814 3518 1996 3587 regina
2021 3516 2168 3569 sedet
2191 3515 2352 3577 solio;
2383 3513 2577 3579 sceptri
2608 3513 2717 3565 vice
2746 3522 2769 3557 8
2798 3512 3032 3565 dextram

1774 3668 1800 3705 (ι
1831 3669 2172 3720 Barbarornm
2205 3675 2371 3718 terror
2397 3675 2476 3718 est
2499 3665 2742 3718 Ricimer.
2773 3664 2919 3730 Quod
2962 3665 3098 3719 enim
3140 3668 3239 3718 Os-

1705 3737 1924 3798 trogothi
1959 3751 2049 3801 per
2071 3735 2284 3785 Noricos
2312 3736 2360 3784 in
2392 3734 2586 3784 Italiam
2605 3774 2619 3793 ,
2648 3733 2850 3796 Franci,
2877 3735 3094 3799 aliaque
3113 3753 3238 3799 ge..-

1703 3815 1781 3880 tes
1802 3803 2121 3855 Cerinnniea:
2136 3817 2237 3879 per
2256 3801 2493 3852 Rhenum
2515 3802 2564 3852 in
2583 3802 2775 3902 Ggllias
2800 3816 2900 3852 non
2922 3804 3238 3868 irrumpunt,

1703 3886 1811 3902 nunc
1843 3881 1978 3902 annln
2012 3878 2344 3902 nnnnnnntnr
2633 3887 2636 3890 -
2675 3872 2678 3875 ’

1702 3873 1814 3938 ejus
1843 3881 1980 3921 metu
2012 3863 2361 3938 continentur.

1783 3948 1805 3974 ε
1835 3939 2027 4007 Alanos
2055 3952 2208 4007 unam
2239 3937 2288 4007 in
2318 3943 2523 4000 gentem
2551 3949 2666 3987 cum
2701 3935 2947 3989 Vandalis
2977 3938 3242 4007 in,llisp‘a-

1705 4007 1793 4059 nia
1819 4005 2078 4058 coaluisse
2095 4005 2202 4071 jam
2231 4006 2423 4055 dictum
2453 4011 2552 4071 est.
2582 4006 2752 4066 Quare
2784 4021 2880 4057 una
2927 4008 2976 4058 in
3016 4002 3240 4060 Africani

1715 4076 2054 4140 trajecerant:
2099 4070 2238 4139 quod
2288 4083 2431 4122 notat
2462 4070 2725 4124 Possidius
2756 4074 2805 4125 itt
2840 4074 2952 4127 Vita
2982 4075 3036 4130 S.
3071 4080 3243 4139 Angu-

1712 4145 1860 4206 stini;
1894 4154 1945 4194 et
1977 4142 2320 4202 Genserie’us,
2347 4154 2408 4191 ac
2439 4140 2661 4204 posteri,
2691 4140 3041 4196 Vandalnrum
3087 4147 3240 4196 simul

1714 4209 2100 4278 Alanorumque
2150 4223 2297 4276 reges
2343 4209 2586 4279 appellati
2632 4228 2644 4261 :
2700 4220 2757 4263 ttt
2801 4213 2933 4279 apud
2982 4213 3240 4264 Victorem

1717 4283 1996 4340 Vitetisetn,
2028 4281 2078 4332 in
2117 4287 2372 4346 prazcepm
2401 4278 2642 4331 llunerici
2676 4280 2740 4331 ad
2767 4278 3036 4345 episcopos
3064 4283 3242 4332 ortho-

1712 4352 1895 4411 doxos,
1927 4350 2072 4415 cujus
2096 4349 2206 4400 hazc
2235 4356 2315 4398 est
2341 4347 2605 4410 inscriptio
2630 4363 2642 4398 :
2676 4349 2778 4398 Rex
2802 4348 3082 4415 Πυηενίσηδ
3111 4348 3243 4401 Van-

1713 4420 1940 4470 dalorum
1968 4414 2012 4467 ct
2041 4417 2316 4468 Alanorum
2346 4416 2585 4482 uniuersis
2615 4417 2855 4480 episcopis
2879 4414 3241 4482 Itomousiania;

1716 4489 1942 4552 itemque
1982 4485 2032 4534 in
2069 4484 2240 4534 edicto
2269 4482 2413 4552 quod
2439 4481 2621 4544 legitur
2659 4482 2750 4552 _lib.
2777 4497 2852 4534 ttt.
2880 4483 3001 4536 Inde
3025 4501 3149 4551 ergo
3171 4481 3244 4536 vt-

1715 4555 1840 4606 dere
1860 4548 1938 4604 est
1960 4590 1974 4613 ,
2004 4563 2096 4601 cur
2135 4548 2546 4614 consanguineus
2575 4558 2626 4599 et
2657 4549 2815 4613 iuncti
2848 4552 3024 4604 lllartis
3051 4548 3242 4607 Alanos

1716 4637 1833 4673 cum
1859 4619 2137 4680 Vandalis,
2165 4616 2512 4682 Romanaeque
2541 4617 2849 4682 direptionis
2886 4623 3055 4673 socios
3085 4625 3241 4674 dicat.

1792 4687 1808 4723 ῐ
1859 4687 2032 4740 Sulca.
2059 4684 2238 4736 Genus
2267 4684 2314 4736 id
2356 4687 2725 4738 cothttrnorum
2757 4689 3003 4740 describit
3033 4694 3163 4754 quod
3196 4693 3244 4741 in

1718 4755 1942 4821 antiquis
1990 4755 2173 4804 statuis
2203 4754 2380 4805 videre
2407 4763 2483 4806 est
2515 4770 2527 4805 :
2557 4755 2606 4806 in
2635 4772 2735 4819 quo
2756 4801 2768 4821 ,
2804 4768 2858 4807 ut
2888 4758 3041 4809 Gellii
3075 4761 3245 4810 verbis

1718 4835 1852 4883 utar,
1886 4824 2176 4888 plantarum
2205 4825 2379 4874 calces
2421 4832 2614 4874 tantum
2649 4826 2826 4876 inlitne
2853 4838 3110 4890 teguntur,
3144 4844 3247 4877 cae-

1720 4902 1825 4943 tera
1872 4890 2039 4952 nuda,
2069 4901 2120 4941 et
2163 4892 2411 4943 teretibus
2445 4894 2658 4944 habenis
2698 4897 2860 4942 vineta
2901 4905 3038 4944 sunt.
3069 4895 3245 4945 Solum

1718 4974 1840 5026 ergo
1867 4974 1959 5025 pro
1983 4959 2121 5010 solea
2154 4969 2342 5026 posuit,
2368 4971 2420 5010 ut
2447 4960 2690 5022 Plautus,
2725 4962 2999 5023 Martialis,
3035 4963 3246 5028 aliique.

1720 5028 1992 5079 Fornicem
2023 5044 2173 5087 vero,
2205 5043 2296 5094 pro
2321 5039 2465 5093 parte
2499 5031 2724 5090 devexa,
2751 5040 2801 5080 et
2823 5044 2951 5080 cavo
2984 5031 3127 5095 pedis
3158 5047 3246 5096 op-

1723 5100 1923 5159 posita,
1956 5112 2110 5157 quam
2152 5099 2240 5149 lib.
2285 5111 2403 5157 vttt,
2441 5098 2592 5160 epist.
2635 5099 2687 5148 ll
2721 5139 2732 5157 ,
2777 5111 3029 5147 cameram
3080 5100 3208 5151 dixit
3234 5141 3249 5161 ,

1724 5166 1943 5215 fasceata
1995 5167 2185 5230 pariter
2227 5167 2576 5217 Cttlceamettla
2619 5167 2949 5224 describt'lts,
2983 5167 3032 5215 in
3063 5169 3248 5224 (militis

1720 5235 2026 5283 tunculorum
2056 5236 2458 5285 concurrentibus
2481 5234 2689 5292 ansulis,
2721 5235 2903 5303 reﬂexo
2930 5235 2994 5282 ad
3024 5251 3134 5287 crus
3162 5256 3250 5303 per

1720 5316 1966 5351 rumeram
1995 5312 2164 5372 catena
2189 5304 2368 5372 surgit.
2415 5305 2545 5354 Sunt
2590 5314 2756 5354 tamen
2799 5300 3006 5354 codices
3032 5308 3116 5370 qui
3147 5300 3251 5360 non

1724 5372 1927 5435 fornice,
1953 5372 2040 5422 sed
2071 5371 2237 5438 fomite
2268 5371 2457 5436 legant.
2764 5437 2767 5438 ν
3003 5407 3014 5414 -

1793 5448 1815 5482 κ
1851 5438 2004 5507 lla.
2035 5442 2247 5491 Aurora:
2295 5440 2456 5512 facem
2491 5439 2684 5512 sceptri
2728 5437 3040 5512 vice__tril)uit
3069 5459 3082 5496 :
3115 5449 3249 5512 quod

1721 5523 1781 5558 ex
1832 5520 2006 5560 vetere
2055 5507 2426 5560 consuetudine
2473 5508 2678 5557 ductum
2711 5515 2806 5558 est.
2837 5507 2962 5559 Nam
2995 5526 3110 5563 CUIII
3134 5507 3250 5566 lar-.1

1721 5577 2025 5644 plugebatur
2067 5591 2080 5628 :
2123 5577 2256 5628 unde
2296 5575 2675 5646 λαμπαδηφὸρος
2717 5590 2920 5644 quoque
2967 5582 3220 5642 appellata
