3818 6226
671 233 773 288 ess
1912 227 2153 285 SIDONH
2188 226 2637 287 APOLLINARIS
3741 226 3801 319 cui

673 341 949 411 Lampadis
985 339 1134 395 hasta
1160 338 1326 409 replet
1354 355 1369 395 :
1397 353 1497 394 nox
1527 335 1697 395 adstat
1724 338 1960 408 proxima
1986 340 2143 406 divae,
2241 344 2290 401 Α
2318 339 2431 395 Sub
2456 342 2657 396 ditione
2678 348 2787 404 tua,
2814 348 3064 410 tanquam
3085 349 3139 396 tu
3166 341 3372 398 miseris
3396 343 3524 398 illuc

672 435 787 486 lam
807 433 1019 499 refugus
1041 445 1295 486 conversa
1327 431 1503 499 pedes,
1536 445 1597 485 ac
1618 445 1753 501 pone
1778 432 2007 486 tribunal
2316 430 2579 499 Insignem
2605 445 2724 485 cum
2748 442 2894 499 patre
2921 431 3116 486 'l‘itum.
3147 432 3260 486 Tibi
3284 432 3476 502 Cypria
3507 449 3701 491 merces
3800 464 3801 502 η

672 524 871 577 Promis
890 525 977 576 lux
995 537 1255 576 summum
1279 523 1363 577 vix
1394 522 1656 576 intellecta
1692 537 1967 578 cacumen.
2318 520 2511 575 Fertur
2535 538 2548 573 :
2580 535 2847 591 pugnaces
2871 536 2971 590 ego
2993 537 3190 591 pauper
3218 523 3373 578 laudo
3398 525 3661 589 Catones,

673 616 803 669 llinc
824 615 1042 669 Romam
1070 613 1267 683 liquido
1286 613 1581 667 venientem
1607 613 1816 667 tramite
1834 627 2076 677 cernens,
2321 613 2583 666 Durica'te
2612 612 2768 667 tellus
2781 654 2797 678 ,
2821 620 2876 665 et
2894 613 3115 667 ACIIIiC-t
3137 614 3627 683 jura.tremiscunt,

671 707 893 760 Ex~iluit
917 720 1161 774 propere,
1193 714 1245 758 et
1272 704 1477 759 blandis
1506 704 1650 773 prior
1670 718 1790 757 orsa
1814 702 2055 773 loquelis.
2316 700 2515 758 Tendis
2542 702 2666 755 etin
2688 702 2942 755 bimarem
2963 702 3135 756 felicia
3159 719 3316 772 regna
3342 705 3685 760 Corinthum:

736 795 895 861 Quid,
921 803 1077 862 caput
1097 808 1131 848 o
1159 794 1360 859 mundi,
1389 794 1543 857 dixit,
1572 807 1687 849 mea
1715 807 1875 863 regna
1897 792 2081 848 revisis
2112 806 2127 845 :
2317 793 2412 848 Dic
2440 812 2454 847 :
2487 794 2805 863 Byzantium
2825 795 2944 864 quis
2966 810 3078 851 rem
3110 798 3203 851 tibi
3230 797 3512 853 Mummius
3540 802 3672 867 egit?

667 886 864 951 Quidve
875 886 1060 954 iubes?
1083 884 1298 940 Paulum
1313 884 1398 938 illa
1415 884 1599 949 silens,
1615 893 1771 952 atque
1785 898 1970 953 aspera
1989 884 2219 938 miscens
2322 893 2346 922 ο
2378 886 2482 939 Sed
2508 886 2552 939 si
2579 883 2713 940 forte
2743 886 2916 953 placet
2943 896 3148 942 veteres
3176 888 3353 956 sopire
3378 890 3654 958 querelas,

668 979 901 1042 Milibus,
930 978 1043 1031 haec
1066 977 1228 1045 cmpit
1254 994 1271 1030 :
1299 976 1467 1030 Venio
1494 975 1727 1043 (desiste
1746 976 1973 1039 moveri,
2316 972 2653 1029 Anthemium
2678 974 2909 1029 concede
2927 975 3086 1042 mihi;
3109 977 3179 1030 sit
3204 978 3433 1045 partibus
3461 976 3579 1032 istis

668 1070 775 1123 Nec
802 1069 1028 1124 multum
1053 1066 1291 1136 trepida)
1314 1080 1422 1119 non
1441 1077 1495 1119 ut
1525 1064 1655 1119 mihi
1681 1076 1893 1134 pressus
1919 1067 2127 1119 Araxes
2317 1068 2607 1132 Augustus,
2635 1064 2955 1133 longumque
2984 1064 3124 1132 Leos
3144 1080 3259 1119 mea
3283 1066 3399 1133 jura
3425 1067 3678 1137 gubernet

668 1158 919 1225 imposito
943 1156 1046 1233 sub
1063 1164 1222 1225 ponte
1248 1157 1393 1219 ﬂuat,
1422 1169 1521 1209 nec
1549 1162 1607 1209 ut
1632 1153 1818 1209 ordine
1838 1155 2015 1223 prisco
2315 1152 2483 1219 Quem
2512 1154 2670 1222 petii;
2704 1154 2875 1222 patrio
2894 1153 3074 1208 vestiri
3102 1158 3302 1209 murice
3322 1165 3499 1211 natam

671 1248 879 1301 ludwus
907 1246 1136 1301 Ausonia
1168 1254 1377 1313 potetur
1402 1242 1868 1313 cassideGanges;
2317 1242 2553 1297 Gaudeat
2581 1242 2925 1314 Euphemiam
2952 1243 3099 1298 sidus
3123 1244 3292 1298 divale
3312 1244 3570 1313 parentis.

668 1342 773 1393 Aut
798 1347 856 1391 ut
875 1337 1095 1408 tigriferi
1116 1339 1410 1407 pharetrata
1438 1350 1531 1405 per
1551 1350 1677 1389 arva
1702 1334 1943 1404 Niphatis
2214 1390 2217 1391 ν
2314 1334 2498 1403 Adjice
2520 1346 2775 1403 praterea
2803 1334 3064 1404 privatum
3087 1333 3151 1388 ad
3184 1333 3388 1403 publica
3418 1334 3611 1390 fmdus.

671 1429 1023 1497 Depopuletur
1044 1441 1210 1481 ovans
1232 1425 1488 1480 Artaxata
1512 1423 1700 1494 Caspia
1728 1424 1932 1479 consul.
2311 1423 2394 1479 Sit
2418 1438 2572 1480 socer
2592 1427 2857 1493 Augustus
2884 1439 3080 1495 genero
3102 1424 3362 1481 Ricimere
3389 1426 3605 1491 beatus;

669 1530 696 1557 ι
725 1520 837 1574 Non
860 1520 975 1574 Pori
998 1519 1154 1574 modo
1178 1532 1337 1588 regna
1365 1532 1570 1586 pnecor,
1604 1532 1705 1572 nec
1730 1523 1792 1571 ut
1823 1515 1969 1572 hisee
1999 1515 2214 1573 lacertis
2310 1517 2473 1589 305
2496 1516 2776 1572 Nobilitate
2805 1516 3031 1573 micant:
3056 1528 3137 1573 est
3162 1518 3311 1573 vobis
3350 1520 3494 1588 regia
3524 1517 3681 1589 virgo,

672 1611 898 1680 Frangat
923 1609 1223 1682 Hydaspeas
1250 1609 1389 1662 aries
1413 1608 1668 1675 impactus
1696 1606 1965 1675 Erythras.
2310 1607 2503 1675 Regius
2523 1608 2613 1662 ille
2641 1607 2808 1672 mihi;
2836 1607 2882 1662 si
2905 1622 3131 1663 concors
3162 1609 3352 1663 annuis
3377 1608 3545 1670 istud.

667 1700 783 1754 Non
810 1701 860 1753 in
893 1700 1073 1753 Bactra
1101 1699 1264 1762 feror,
1293 1710 1391 1751 nec
1408 1696 1783 1750 committentia
1811 1708 2010 1764 pugnas
2237 1690 2287 1753 Β
2311 1696 2433 1750 Μαι
2454 1696 2670 1766 Libyam
2688 1708 2907 1765 sperare
2922 1695 3108 1752 dabis:
3132 1698 3479 1766 circumspice
3511 1699 3663 1752 taedas

669 1787 912 1852 Arsacias
940 1802 1042 1843 non
1063 1800 1242 1856 quacro
1269 1785 1478 1851 domus,
1504 1798 1604 1839 nec
1633 1792 1831 1844 tessera
1858 1783 2047 1837 castris
2309 1784 2588 1855 Antiquas.
2618 1801 2713 1855 par
2734 1786 2873 1841 nulla
2900 1786 2994 1841 tibi
3013 1787 3106 1841 sic
3131 1773 3317 1857 copula
3346 1798 3545 1858 prcsto
3570 1799 3663 1844 est.

672 1880 729 1932 lu
752 1878 1092 1945 Ctesiphonta
1112 1877 1267 1935 datur
1288 1893 1301 1929 :
1320 1884 1486 1929 totum
1502 1875 1641 1929 buuc
1660 1873 1755 1927 tibi
1767 1874 2023 1928 cessimus
2038 1887 2212 1940 axem,

670 1970 735 2029 Et
756 1983 854 2024 nec
875 1969 952 2025 sic
972 1980 1176 2022 mereor
1200 1977 1434 2022 nostram
1458 1974 1518 2021 ut
1541 1974 1722 2023 tueare
1740 1962 2039 2018 senectam?

668 2060 838 2113 Omne
857 2057 997 2127 quod
1020 2056 1337 2126 Euphratem
1359 2054 1659 2124 Tigrimque
1679 2053 1971 2123 interjacet,
1990 2053 2116 2107 olim

667 2148 790 2203 Sola
822 2156 970 2201 tenes
1000 2162 1014 2199 :
1046 2160 1132 2200 res
1158 2152 1331 2214 empta
1364 2143 1493 2198 mihi
1518 2153 1601 2198 est
1624 2144 1691 2198 de
1719 2143 1969 2213 sanguine
1990 2142 2165 2198 Crassi
2193 2158 2210 2198 :

669 2235 829 2306 305
857 2236 933 2289 Ad
963 2234 1152 2289 Carras
1179 2232 1403 2304 pretium
1423 2232 1630 2302 scripsi,
1662 2246 1758 2286 nec
1778 2231 1942 2293 inulta
1963 2233 2212 2298 remansi,

666 2328 770 2381 Aut
796 2325 947 2394 periit
967 2327 1043 2380 sic
1065 2332 1277 2391 emptus
1300 2338 1428 2391 ager
1453 2339 1470 2380 :
1499 2324 1544 2377 si
1568 2322 1713 2387 fallo,
1740 2321 1976 2390 probasti

656 2416 696 2455 νδ
724 2417 974 2471 Ventidio
999 2426 1223 2469 mactate
1247 2414 1447 2480 Sapor;
1482 2426 1581 2471 nec
1604 2411 1797 2466 sufficit
1824 2411 1960 2465 istud
1988 2428 2003 2464 :

660 2506 945 2559 Armenias
975 2501 1307 2569 Puntumque
1333 2500 1489 2565 dedi,
1516 2514 1623 2568 quo
1647 2499 1811 2553 Iarte
1835 2500 2076 2566 petitum,

2310 1874 2550 1933 Proferat
2576 1874 2661 1929 hic
2680 1885 2917 1930 veterum
2947 1875 3208 1931 thalamos
3226 1877 3532 1934 discrimine
3559 1892 3718 1948 partos

2310 1965 2535 2031 Graecia,
2561 1963 2611 2019 ui
2634 1963 2802 2032 pudor
2819 1971 2938 2019 est:
2966 1965 3223 2034 reparatis
3252 1966 3367 2019 Pisa
3392 1966 3659 2035 quadrigis

2309 2054 2540 2109 Suscitet
2562 2052 2918 2120 (Eiiomaum,
2943 2062 3081 2108 nata:
3101 2068 3257 2123 quem
3288 2054 3471 2123 fraude
3498 2055 3746 2110 cadentem

2309 2141 2475 2199 Cerea
2505 2142 2742 2197 destituit
2765 2141 3013 2198 resolutis
3039 2142 3223 2197 axibus
3248 2143 3408 2200 obex.

2313 2230 2569 2285 Procedat
2592 2228 2804 2284 Colchis
2825 2230 2970 2298 prius
2996 2231 3170 2300 agnita
3202 2232 3349 2301 virgo
3373 2233 3566 2290 marito

2311 2318 2564 2380 Crimine,
2588 2333 2743 2389 quam
2766 2332 2936 2383 sexu;
2962 2329 3165 2389 spectet
3188 2321 3257 2375 de
3281 2336 3495 2395 carcere
3512 2322 3635 2378 circi

2314 2408 2573 2465 Pallentes
2607 2409 2849 2462 Atalanta
2881 2422 3092 2476 procos,
3118 2420 3168 2463 et
3198 2396 3349 2478 poma
3379 2410 3563 2479 decori

2313 2498 2654 2568 Hippomenis
2670 2498 2777 2567 iam
2807 2512 2910 2552 non
2929 2512 3028 2567 pro
3054 2499 3171 2567 solo
3189 2500 3400 2569 colligat
3424 2515 3583 2562 auro.

2314 2587 2555 2657 Deianira
2588 2598 2705 2643 tuas
2730 2589 2993 2643 Achcloiis
3014 2590 3276 2660 gymnade
3311 2592 3521 2660 pinguis

2314 2681 2551 2737 lllustret
2572 2679 2758 2743 taedas,
2785 2685 2840 2731 et
2864 2678 2932 2732 ab
2954 2677 3179 2737 Hercule
3206 2693 3420 2749 pressus
3444 2680 3638 2735 anhelo

2315 2773 2589 2826 Lassaturn
2616 2770 2789 2823 foveat
2816 2766 2945 2825 rixis
2972 2767 3229 2833 rivalibus
3256 2767 3485 2823 hostem.

2314 2858 2657 2928 Quantumvis
2677 2865 2909 2926 repetam
2934 2855 3129 2911 veteris
3147 2856 3405 2910 connubia
3427 2856 3597 2923 mli,

2314 2946 2715 3003 Transceudunt
2750 2945 2835 3000 hic
2864 2945 3073 3011 heroas,
3095 2944 3337 3000 heroidas
3366 2945 3475 2999 illa.

2241 3032 2424 3095 C’Hos
2453 3038 2734 3103 thalamos,
2776 3035 3028 3099 Ricimer,
3058 3036 3225 3089 virtus
3261 3034 3355 3090 tibi
3395 3034 3632 3105 pronuba
3664 3034 3798 3103 possit

2314 3133 2487 3198 Atque
2505 3128 2771 3182 Dinnteam
2795 3126 2886 3180 dat
2913 3125 3095 3179 Iastia
3124 3124 3302 3179 laurea
3331 3134 3584 3193 myrtum.

2317 3220 2459 3289 Ergo
2484 3233 2611 3285 age:
2644 3217 2791 3275 trade
2826 3217 2996 3270 virum
3026 3229 3132 3269 non
3160 3214 3269 3268 otia
3298 3215 3441 3282 pigra
3472 3214 3731 3269 foventem.

2318 3308 2635 3376 Deliciisque
2658 3319 2902 3374 gravem;
2925 3303 3019 3358 sed
3046 3300 3077 3340 ⁸
3102 3317 3258 3369 quem
3296 3300 3458 3356 modo
3486 3302 3707 3358 «anticus
3732 3300 3801 3376 ad

2316 3398 2516 3460 Estus,
2538 3372 2882 3466 Abydenique
2906 3393 3079 3457 sinus,
3098 3402 3152 3446 et
3175 3391 3375 3445 sua“
3392 3407 3489 3447 οη

2313 3483 2755 3554 Hellespontiacis
2772 3481 3193 3537 circumclamata
3219 3481 3467 3550 procellis
3485 3496 3504 3537 :

2312 3576 2454 3642 Quas
2482 3564 2647 3642 pelagi
2676 3574 2849 3627 fauces
2868 3585 2973 3625 non
3001 3570 3079 3625 sic
3103 3572 3338 3626 tenuisse
3362 3571 3448 3627 vel
3477 3572 3621 3626 illum

2313 3663 2658 3728 Crediderim,
2686 3662 2769 3718 cui
2793 3670 2975 3732 ruptus
3001 3660 3190 3728 Athos,
3219 3660 3306 3717 cui
3324 3660 3527 3732 remige
3551 3660 3693 3718 Indo

658 2595 815 2649 Dicat
831 2594 978 2664 Sylla
1001 2593 1124 2657 tibi;
1153 2591 1330 2645 forsan
1357 2606 1462 2644 non
1490 2589 1719 2644 creditur
1747 2589 1835 2643 uni
1866 2606 1884 2646 :

656 2684 897 2738 Consule
925 2682 1220 2736 Lucullum.
1252 2680 1424 2735 Taceo
1446 2680 1555 2748 jam
1585 2678 1840 2748 Cycladas
1864 2692 2074 2735 omnes.

669 2773 936 2844 Aequisita
964 2788 1083 2829 meo
1114 2771 1279 2827 servit
1305 2772 1396 2825 tibi
1422 2772 1575 2825 Creta
1600 2770 1829 2827 lletello.

660 2864 997 2933 'Transcripsi
1022 2864 1213 2939 Cilicas
1232 2880 1250 2917 :
1276 2864 1371 2917 hos
1393 2861 1606 2929 Magnus
1626 2861 1831 2915 fuderat
1854 2862 1999 2917 olim.

669 2954 852 3022 Adjeci
883 2954 1070 3023 Syriae,
1100 2968 1230 3021 quos
1256 2966 1396 3006 nunc
1420 2951 1730 3017 moderaris,
1760 2950 1964 3007 lsauros
1989 2970 2007 3007 :

663 3042 782 3097 ilus
794 3056 1015 3111 quoque
1041 3041 1141 3095 sub
1168 3042 1360 3095 nostris
1382 3040 1586 3095 domuit
1612 3040 1863 3102 Servilius
1891 3044 2074 3101 armis.

662 3131 913 3186 (loueessi
937 3118 1145 3185 (Etolos
1165 3140 1392 3195 veteres,
1422 3130 1777 3199 Acheloiaque
1801 3145 1948 3197 arva,

667 3223 943 3278 Tr‘ansfudi
968 3222 1249 3278 Attalicum
1279 3222 1418 3276 male
1443 3221 1654 3275 credula
1683 3231 2076 3278 testamentum.

669 3314 883 3382 Epirum
914 3316 1141 3377 retines;
1168 3322 1225 3365 tu
1251 3312 1357 3366 scis
1379 3309 1467 3379 qui
1492 3310 1680 3365 debeat
1704 3310 1849 3365 illam

670 3402 939 3470 Pyrrhus;
969 3404 1021 3454 in
1049 3399 1309 3468 Illyricum
1339 3407 1523 3466 specto
1546 3407 1598 3452 te
1616 3397 1822 3452 mittere
1839 3398 1957 3466 jura
1978 3438 1996 3461 ,

671 3490 746 3543 Ac
765 3489 1019 3544 Macetum
1043 3495 1214 3542 terras
1239 3502 1255 3541 :
1275 3494 1327 3541 et
1356 3485 1522 3539 habes
1539 3495 1614 3549 tu,
1636 3485 2077 3557 Paule,_aepotes.

671 3578 878 3649 «Ευριί
908 3577 1167 3632 frumenta
1198 3574 1349 3638 dedi;
1382 3572 1509 3639 mihi
1536 3572 1734 3630 vicerat
1757 3574 1881 3627 olim

671 3666 943 3722 Leucadiis
965 3666 1193 3736 Agrippa
1218 3661 1387 3717 fretis.
1407 3660 1588 3717 Judma
1610 3672 1818 3718 tenetur

668 3835 835 3890 eoque
864 3818 1042 3873 habitu
1081 3818 1275 3890 passim
1300 3815 1531 3870 cernitur
1560 3816 1612 3870 in
1642 3814 1872 3885 antiquis
1900 3830 2210 3873 monumen-

673 3835 835 3945 anéa
864 3818 1049 3940 imbin
1072 3818 1275 3942 Βιζῗέιῖ
1299 3815 1531 3939 ιεζξιιιιίιιιι·
1560 3816 1612 3870 in
1642 3814 1872 3885 antiquis
1900 3830 2204 3873 monumen-

694 3907 710 3944 ι
742 3926 757 3941 ο
835 3906 880 3943 VI
920 3904 1000 3943 IIIS
1261 3904 1291 3939 υ
1377 3902 1391 3940 ς
1590 3919 1594 3923 -

2313 3820 2403 3875 illo
2436 3820 2551 3889 ipso
2588 3818 2675 3872 die
2699 3832 2804 3887 quo
2824 3827 2953 3898 ante
2979 3830 3148 3871 annos
3180 3817 3251 3900 15_
3271 3817 3525 3899 Crassum
3563 3815 3629 3872 ad
3659 3812 3801 3945 Cum

2312 3905 2406 3945 ner
2434 3890 2691 3945 Surenam
2725 3891 3020 3945 occiderat.
3043 3901 3073 3940 a
3102 3885 3344 3941 Ventidio
3386 3902 3505 3945 inse
3549 3899 3701 3943 rasas

2312 3905 2406 3957 per
2434 3885 2691 3950 Surenam
2721 3885 3020 3952 occiderat,
3043 3901 3073 3940 a
3102 3885 3344 3941 Ventidio
3388 3889 3401 3899 '
3549 3899 3701 3943 casus

2312 3959 2485 4012 Ouare
2511 3957 2845 4010 Crassianam
2873 3957 3072 4010 caedem
3101 3953 3287 4012 Pacori
3309 3885 3801 4012 ωπθωωἪ

2361 3972 2485 4037 nare
2511 3957 2845 4037 Crassianam
2873 3957 3072 4010 caedem
3101 3953 3287 4013 Pacori
3309 3953 3460 4012 caede
3482 3963 3733 4026 pensata:

2319 4023 2502 4081 Florus
2532 4024 2625 4077 lib.
2652 4040 2723 4088 tv,
2751 4023 2808 4079 9.
3180 4050 3188 4070 ι
3261 4077 3272 4088 ,
3483 4023 3500 4026 “

2319 4161 2334 4174 .
2389 4104 2413 4131 ⁶
2442 4093 2545 4177 ΡΨ
2573 4102 2679 4177 Ἧι
2699 4092 2880 4177 599‘!“
2897 4132 2915 4177 ε
2960 4023 3801 4177 βεφιθίβατίίποῖίκῖίξκέ

2318 4163 2542 4283 imKerio
2579 4163 3158 4240 Constantinopolitano
3194 4163 3541 4228 transcripsi,
3569 4163 3756 4242 μὶοόρε

2317 4246 2387 4283 mi
2431 4245 2445 4281 ι
2472 4229 2807 4308 Anthemium
2834 4231 3118 4308 concede}.
3144 4228 3492 4308 Euphemiam
3520 4231 3699 4308 liram,
3713 4242 3756 4308 ea

2318 4312 2535 4350 uxorem
2561 4296 2843 4362 Augustam
2869 4296 3041 4349 videat
3068 4295 3553 4351 divus'llareianua
3593 4313 3612 4353 :
3641 4295 3750 4349 addc

2320 4364 2595 4439 Ricimeris
2619 4364 2823 4439 nuptias
2851 4379 2969 4419 cum
2998 4365 3101 4417 Ilia
3126 4364 3410 4429 Anthemii.
3439 4364 3739 4439 thopais

3072 4440 3264 4501 prater
3291 4430 3486 4486 nomen
3513 4430 3777 4501 Eum

2355 4502 2454 4555 uod
2508 4502 2628 4555 huic
2669 4502 2759 4553 uni
2803 4502 2918 4554 loco
2962 4497 3233 4555 debemus.
3280 4501 3355 4556 De
3380 4500 3481 4556 hac
3517 4497 3791 4559 ωδε-ιω

1430 3997 1497 4058 sis
1517 3986 1804 4058 Hyperionia
1820 3997 1963 4050 ιιιι-ιι

1369 4072 1396 4104 a
1418 4056 1732 4118 tollet‘equis.

790 4000 989 4048 Postera
1010 4011 1119 4046 cura
1137 4010 1324 4046 meam

849 4060 904 4109 In
921 4058 1163 4107 uiatuhnis
1184 4056 1276 4105 lani

676 4161 741 4216 Et
763 4161 1011 4217 Sidonius
1037 4162 1148 4228 ipse
1175 4160 1411 4212 carmine
1428 4160 1466 4212 9
1489 4150 1643 4211 Indos
1670 4159 1835 4215 dixit:
1856 4198 1878 4217 .

795 4270 991 4317 Aurorae
1012 4266 1117 4315 face
1143 4267 1290 4315 civica
1314 4269 1552 4324 perustus.

3716 4165 3801 4262 εει

3750 4262 3801 4533 Ξ

745 4378 771 4404 ι
802 4368 889 4421 Sic
917 4366 1189 4432 legendum
1218 4363 1420 4435 censui,
1458 4378 1563 4416 non
1593 4362 1790 4435 Pharii,
1813 4374 1867 4419 ut
1894 4365 1946 4435 in
1969 4367 2210 4435 vulgatis.

680 4406 1563 4503 πιρειῖιὶὧ’ἷτ’ὅὲἱ“ιῆ’ίὲἐῑίῖιῑτὶέρὲἶιῖ
1591 4406 2210 4503 ὲὲὲῖέἶιῗεὶἓίιὶἕᾜρξιῗ
2240 4406 2290 4465 υ
2315 4406 2834 4487 Ξὶἱῖέέἷὶιξηίΐῖὀῖῑὲ
2853 4406 3029 4498 "Silia",

681 4516 734 4558 et
752 4502 962 4557 Curtius
984 4503 1072 4555 lib.
1093 4516 1181 4555 vni
1208 4511 1405 4565 narrat,
1423 4502 1590 4571 victus
1612 4510 1714 4568 est,
1739 4504 2015 4571 prohibere
2045 4502 2215 4558 trans-

682 4578 753 4627 itu
801 4574 988 4625 frustra
1038 4581 1255 4624 conatus
1304 4569 1679 4623 Alexandrum.
1723 4569 1909 4625 Verum
1956 4574 2213 4630 Ervlhras

681 4643 920 4706 lonicas,
951 4641 1235 4710 Βᾳλοιὶωε,
1280 4637 1560 4710 Aitnlicas_
1576 4639 1791 4706 legimus
1819 4657 1833 4693 :
1863 4633 2207 4710 llydas'pseas,

683 4722 781 4765 hoc
821 4718 903 4762 est
941 4708 1177 4770 Indicas,
1222 4722 1494 4776 nusquam.
1526 4708 1823 4775 Erythraaos
1853 4708 1991 4763 enim
2024 4708 2210 4765 Bacchi

682 4780 982 4855 triumphos
1005 4776 1283 4855 Martialis,
1316 4776 1611 4855 Erythraeas
1643 4792 1871 4855 gemmas
1899 4792 1953 4855 et
1982 4794 2211 4855 smarag:

682 4853 775 4901 dos
803 4847 1118 4901 Claudianus
1138 4855 1189 4898 et
1208 4846 1304 4897 alia
1333 4845 1452 4916 alii,
1481 4861 1581 4916 nun
1609 4847 1828 4916 abrurbe
1866 4848 2069 4916 aliqua,
2117 4845 2211 4902 sed

683 4921 747 4971 ab
779 4916 1051 4984 Erytbrmo
1071 4917 1223 4978 mari,
1246 4913 1383 4979 quod
1417 4912 1610 4964 Indiam
1633 4915 1799 4984 alluit,
1824 4912 2207 4984 nuncuparunt.

684 4994 748 5039 At
776 4982 1019 5039 Sidonius
1062 4984 1444 5055 urbis__nomen
1483 4996 1597 5055 esse
1638 4982 2210 5055 existimavitpeasque

684 5056 1024 5123 Hydaspis-as,
1055 5051 1399 5123 sagittiferas,
1430 5050 1629 5115 tepidas
1659 5052 1903 5120 Erythrae
1943 5050 2209 5123 appellare

684 5120 833 5184 solet,
858 5120 914 5175 ut
933 5138 960 5174 a
990 5124 1195 5175 emeris
1222 5120 1523 5187 distinguat.

750 5192 776 5229 ι»
807 5195 877 5244 Ita
906 5192 1019 5243 libri
1049 5204 1250 5243 omnes.
1275 5188 1428 5259 Atqui
1458 5186 1767 5259 Parthorum
1798 5190 1906 5256 regi
1935 5207 2086 5259 quem
2112 5207 2205 5246 oc-

684 5260 809 5312 sidit
838 5261 1134 5321 Ventidius,
1161 5274 1263 5311 non
1286 5256 1469 5321 Sapori
1488 5293 1503 5313 ,
1535 5256 1624 5307 sed
1651 5256 1843 5309 Pacoro
1868 5256 2055 5313 nomen
2086 5262 2204 5314 fuit.

687 5329 784 5380 Sed
806 5329 967 5394 Sapor
996 5328 1211 5380 Sidonio
1230 5328 1330 5379 dici
1366 5325 1529 5394 potuit
1555 5325 1727 5394 quivis
1753 5342 1839 5377 rex
1872 5328 2201 5394 Parthorum,

688 5407 739 5446 ut
779 5392 1016 5447 Arsaces.
1048 5397 1118 5448 ita
1148 5398 1285 5449 enim
1318 5395 1370 5447 in
1401 5392 1717 5461 Panegyrico
1747 5396 1879 5446 Aviti
1928 5398 2110 5463 legitur
2156 5392 2205 5451 in

689 5467 893 5529 uptimis
920 5478 1043 5516 mss.
1061 5504 1077 5527 ,
1106 5463 1367 5515 Parthicus
1400 5464 1528 5513 ultro
1566 5464 1774 5533 restituit
1799 5480 1903 5533 meq
1945 5467 2084 5533 signa
2112 5467 2209 5519 Sa-

690 5548 799 5601 γυν,
827 5546 943 5583 cum
980 5533 1258 5587 restituerit
1289 5533 1555 5585 Phraates.
1603 5531 1827 5588 Paccius
1865 5531 2049 5587 Orodis
2077 5536 2209 5588 filius

3725 4533 3801 4671 Ei

3744 4671 3801 4821 Ξ

2364 4572 2551 4624 oltzius
2572 4570 2769 4637 antiqui
2791 4571 2985 4622 nummi
3010 4568 3209 4637 profert
3235 4570 3649 4637 inscriptionem,
3670 4568 3713 4619 ia

2322 4641 2398 4713 El.
2432 4636 2948 4713 MprcianaZAugusta
2976 4636 3260 4713 vinciatur;
3464 4639 3511 4694 si
3543 4640 3779 4713 vetula]

2320 4709 2395 4765 ΡΙ.
2459 4707 2799 4773 Euphemiam
2850 4706 3166 4761 Marcianam
3225 4706 3545 4777 appellatam

2311 4778 2570 4830 Caeterum
2591 4793 2655 4830 ex
2679 4776 2958 4829 Anthemio
2978 4786 3032 4830 et
3054 4776 3339 4843 Euphemia
3364 4779 3475 4830 nati
3497 4784 3636 4840 ιιιιι.
3657 4785 3744 4843 με

2312 4847 2499 4899 incerti
2530 4846 2754 4898 nominis
2783 4845 2941 4915 ﬁliam
2970 4861 3086 4913 quae
3108 4838 3358 4901 Ricimeri
3379 4846 3581 4915 nupsit,
3604 4838 3697 4899 ire
3716 4838 3797 4915 5135.

2313 4916 2601 4968 Marcianus
2624 4954 2639 4976 ,
2672 4914 2923 4967 Romulus
2948 4907 3001 4966 ei
3030 4916 3317 4980 Procopius
3334 4955 3349 4976 .
3377 4907 3655 4980 (ιθάυῶ
3680 4907 3801 4980 μη

2308 4984 2619 5036 Theodorus
2646 4983 2831 5036 Lector
2856 4988 2905 5050 in
2930 4978 3311 5050 Collectaueis,
3351 4978 3801 5050 musicam

2310 5053 2361 5108 in
2386 5053 2728 5119 Byzau'incis,
2760 5060 2814 5104 et
2842 5049 3116 5105 Candidus
3130 5046 3458 5106 lsanriislib.
3489 5058 3528 5119 ιι

2376 5120 2402 5157 ἀ
2424 5114 2691 5186 Significat
2715 5114 3076 5185 Anthemium,
3103 5137 3206 5190 quo
3232 5130 3471 5190 tempore
3494 5114 3799 5190 NW

2308 5192 2508 5263 accitus
2553 5200 2655 5263 est,
2706 5186 3312 5263 Hellesponticre'classl
3341 5186 3518 5263 ἰιδ
3566 5186 3797 5263 pub”.

2309 5275 2461 5327 quam
2492 5260 2545 5310 in
2566 5259 2678 5323 ejus
2710 5258 2829 5310 freti
2854 5254 3105 5325 portubus
3136 5259 3330 5314 habere
3362 5254 3607 5313 ἷυῖυἷκᾶι
3632 5254 3783 5327 Ἥ

2312 5316 2453 5381 ιότθε
2477 5316 2724 5380 Orientis.
2775 5316 2934 5380 Erant
2968 5330 3105 5381 enim
3145 5339 3200 5383 et
3224 5330 3421 5382 classes
3458 5326 3579 5381 alia
3614 5316 3708 5379 ωδ
3736 5316 3795 5369 ³

2314 5398 2442 5449 mari
2484 5398 2547 5448 ad
2580 5397 2748 5465 varios
2777 5410 2902 5448 usus
2938 5396 3215 5465 dispersa,
3246 5406 3305 5450 ut
3329 5392 3633 5465 Carpathia,

2312 5481 2461 5544 cena,
2503 5464 2876 5531 Alexandrina,
2908 5454 3128 5535 quarum
3167 5454 3399 5521 mentio‘
3423 5454 3480 5521 i'n
3518 5458 3699 5533 legit!
3725 5454 3793 5507 ιι·

2314 5546 2501 5602 gustis.
