3818 6226
32 265 90 318 lilii
1356 258 1680 311 bAttMlNA.

32 385 173 447 ircptm
199 387 320 432 tenet
347 378 543 432 tellure
570 385 710 440 mea,
743 377 1047 446 penitusque
1077 375 1246 444 fugata

32 473 228 520 tiliilitate
253 466 449 526 furens.
487 467 632 534 quod
661 480 762 518 non
791 475 892 530 est,
925 479 1026 517 non
1057 473 1198 517 amat
1223 465 1432 531 hospes.

32 557 156 610 ΗΑιῆ
181 556 330 622 sapite
358 556 511 622 vigor
543 564 629 607 tua
662 554 850 606 nitenia
879 552 1008 605 ridet

32 645 162 698 ttSidllS
184 645 386 697 cessisse
411 643 527 695 suis
550 658 566 695 :
599 657 710 694 non
731 642 966 694 concutis
993 641 1232 694 hastam?

32 739 90 786 iou
114 749 188 801 pro
209 749 284 785 me
301 733 378 786 vel
405 742 562 798 capta
592 730 776 785 doles?
802 741 884 784 tua
917 732 1104 798 nempe
1127 740 1374 798 putantur

37 839 174 891 urgere
195 822 288 874 fata
315 822 492 885 malis,
515 828 572 876 et
598 821 787 876 celsior
816 835 931 874 esse
959 822 1130 875 ruina.

33 915 77 965 ed
100 913 274 974 metuis,
294 926 397 979 quo
420 920 599 966 terror
628 911 734 964 abit
757 929 770 962 :
795 911 901 978 iam
927 910 1140 965 vincere
1166 918 1328 965 restat

36 1005 42 1052 i
64 1015 241 1068 pugnas,
270 1011 324 1053 ut
351 1002 492 1054 victa
522 1001 684 1054 soles.
712 1008 739 1036 ι
766 999 1031 1054 Porsenna
1057 1000 1338 1068 superbum

32 1092 275 1156 ‘arqninium
298 1091 620 1158 impingens,
652 1089 933 1156 Complevit
960 1090 1124 1144 milite
1153 1089 1363 1142 Thusco
1443 1126 1449 1132 ι

32 1180 230 1232 naculum
253 1177 560 1246 quondam;
589 1177 683 1233 sed
702 1176 825 1232 dum
857 1193 1196 1248 perrumpere
1218 1189 1395 1248 portas

37 1270 225 1322 bsidione
252 1277 422 1336 parat,
454 1277 620 1322 totam
645 1277 694 1322 te
721 1270 932 1335 pertulit
961 1283 1066 1321 uno

32 1359 158 1412 oclitis
182 1358 228 1411 in
250 1357 468 1428 clypeo;
504 1368 807 1428 presserunt
831 1359 987 1412 millia
1016 1360 1186 1414 solum

37 1451 111 1498 ulta
130 1447 304 1516 virum,
328 1446 602 1514 pendente
633 1447 746 1511 via;
777 1462 874 1502 nec
902 1459 1059 1517 ponte
1083 1451 1257 1504 soluto

32 1539 109 1605 ιιι
133 1535 246 1590 Cum
266 1535 512 1598 caderet,
540 1534 746 1590 cecidit.
779 1536 886 1589 aer
906 1536 1050 1590 idem
1069 1538 1294 1606 denique
1317 1546 1487 1590 morte

33 1625 249 1677 dmonitus
274 1624 466 1679 scribae
501 1623 686 1678 didicit
713 1624 810 1677 sibi
841 1624 979 1677 bella
1009 1629 1226 1690 moveri,

34 1731 76 1762 ιιιι
101 1715 246 1765 solum
276 1728 394 1766 cum
430 1714 570 1767 bella
601 1714 799 1775 forent;
830 1728 946 1768 mox
980 1729 1105 1782 pice
1130 1718 1307 1782 petita,

32 1819 238 1869 iregnnm
269 1805 446 1866 rediit,
489 1820 592 1857 non
626 1815 728 1858 tam
759 1804 977 1859 fcrieute
1003 1806 1234 1873 fugatus,

35 1907 116 1942 illm
145 1893 381 1968 flagrante
412 1896 533 1948 viro
559 1910 574 1948 :
599 1902 820 1949 steterat
845 1912 963 1950 nam
991 1898 1151 1952 corde
1179 1899 1349 1966 gelato

32 1983 196 2044 triuia,
215 1995 276 2038 et
300 1986 550 2054 apposito
580 1985 813 2039 dextram
841 1988 1180 2042 damnaverat
1203 1989 1331 2056 ignt,

35 2073 89 2122 ius
111 2073 214 2125 felix
243 2082 503 2140 peccante
528 2089 707 2137 manu,
727 2090 851 2127 eum
878 2075 1009 2128 forte
1035 2076 1246 2130 satelles

33 2161 188 2227 alleret,
217 2171 504 2216 constante
532 2178 644 2223 reo,
677 2173 1036 2230 tormentaque
1063 2166 1200 2234 capti

32 2253 230 2319 ilagerrt,
259 2255 348 2322 qui
375 2265 560 2318 tortor
587 2263 719 2308 erat.
752 2255 1011 2308 Brennum
1045 2257 1300 2310 tremuisti

36 2352 88 2392 ost
112 2342 273 2395 melior
299 2362 310 2395 :
335 2345 696 2412 quodcunque
726 2354 869 2398 tuum
900 2355 1000 2409 est,
1028 2346 1373 2416 quodcunque
1404 2363 1490 2399 vo-

802 2493 804 2495 .
1055 2471 1059 2478 -
1254 2435 1425 2506 [caris

32 2537 83 2572 nu
103 2521 223 2576 solus
245 2521 511 2590 Tarpeius
535 2532 679 2586 erat;
709 2523 800 2576 sed
830 2526 1056 2591 reppulit
1081 2541 1214 2577 unus

32 2611 95 2662 lillll
109 2627 289 2680 quoque
308 2622 477 2666 totam
499 2614 684 2678 aciem,
705 2613 937 2670 Senones
950 2614 1073 2666 dum
1089 2618 1325 2683 garrulus
1338 2631 1493 2671 anser

32 2700 178 2767 iuitiat,
209 2713 257 2758 et
280 2705 466 2774 vigilat
501 2715 728 2757 vestrum
754 2706 866 2758 sine
893 2705 1058 2758 milite
1089 2705 1270 2759 fatum.

32 2791 63 2843 le
82 2808 252 2860 quoque
282 2796 369 2866 (ila
400 2795 640 2858 veniam,
667 2794 802 2862 quod
830 2795 1021 2849 bellum
1042 2797 1296 2864 gessimus
1316 2797 1465 2864 olim)

32 2887 92 2933 “est
109 2884 326 2938 Trebiam
357 2887 681 2955 Cannasque
702 2887 884 2940 domas
909 2906 920 2939 :
947 2888 1286 2958 Romamque
1308 2901 1441 2943 tecta

32 2973 202 3032 Iannilial
226 2987 344 3031 ante
374 2992 558 3042 meus,
588 2992 742 3044 quam
773 2986 950 3031 nostra
978 2980 1151 3046 Scipio
1181 2981 1330 3032 vidit.

32 3064 98 3124 iuit!
120 3067 301 3120 merui?
323 3068 449 3121 fatis
477 3082 642 3133 cogor
674 3068 765 3120 tibi
795 3069 924 3121 bella
959 3084 1192 3133 movere,

32 3151 95 3199 ium
117 3152 239 3216 volo,
257 3168 378 3206 cum
413 3155 543 3207 nolo
571 3169 584 3208 :
610 3154 841 3221 trepidus
870 3167 919 3208 te
947 3158 1147 3210 territat
1179 3157 1362 3219 hostis,

32 3239 76 3290 vd
99 3251 212 3295 tutus
237 3244 522 3298 claudente
553 3242 710 3308 freto,
744 3244 888 3297 velut
919 3245 1155 3312 hispidus
1185 3246 1286 3297 alta
1311 3257 1314 3260 ‘

32 3344 78 3378 as
103 3345 238 3398 prope
257 3340 437 3398 tesqua
461 3330 626 3398 jacet,
656 3329 968 3398 claususque
990 3332 1286 3384 cacuminat
1311 3331 1442 3384 albis

32 3427 58 3469 Is
77 3422 244 3486 nigrum
267 3423 384 3477 telis
411 3421 717 3492 gravidum,
743 3422 1102 3474 circumlatrat
1132 3424 1313 3489 ingens

32 3509 134 3564 'urlia
156 3529 351 3577 canum,
381 3515 429 3568 si
459 3514 600 3568 forte
630 3514 753 3566 Velit
777 3528 1092 3567 concurrere
1115 3528 1304 3581 campo
1331 3532 1342 3566 :

32 3597 72 3648 is:
91 3615 162 3664 per
185 3603 413 3670 obiectos
441 3616 636 3673 vepres
659 3610 822 3653 tumet
849 3612 1005 3670 atque
1033 3602 1291 3670 superbit,

32 3687 52 3739 υἱ
72 3694 226 3758 tenuis,
251 3693 512 3761 fortisque
536 3693 671 3755 loco,
701 3691 824 3745 dum
851 3693 1121 3760 proximus
1146 3695 1236 3746 Eia

32 3777 181 3836 emtor
204 3786 266 3839 de
285 3786 422 3839 colle
453 3791 612 3836 sonet
636 3799 649 3834 :
680 3798 779 3836 vox
819 3794 938 3835 nota
965 3783 1198 3852 magistri

32 3883 216 3924 assatam
244 3883 454 3939 reparat
483 3871 687 3924 rabiem
711 3888 723 3922 :
749 3881 857 3924 tum
885 3874 1100 3924 vulnera
1133 3888 1300 3926 Circus
1358 3869 1363 3873 ’

32 3955 173 4012 inlidit
193 3965 380 4014 sentire
406 3961 577 4014 furor.
605 3959 735 4024 Quid
764 3961 942 4027 praelia
974 3959 1187 4012 differs?

33 4159 40 4166 ι
58 4101 75 4166 β
96 4094 217 4157 Quod
244 4096 556 4166 Eorsenpae,
574 4093 801 4155 Brenno,
818 4093 1094 4166 Hannibali
1120 4095 1379 4160 quendam
1406 4110 1495 4150 ac-

35 4161 113 4233 idi},
140 4173 233 4214 uta
256 4164 515 4221 Romanis
546 4171 662 4228 post
681 4165 936 4233 maximas
959 4165 1133 4216 clades
1164 4173 1496 4233 terroresque

32 4229 381 4298 ιτυῦιςιηιιιυτ,
451 4234 593 4285 idem
648 4247 786 4284 nuric
841 4230 1125 4284 Genserico
1183 4229 1493 4287 eventurum

33 4301 192 4370 Wfltlel,
217 4303 259 4356 si
277 4303 602 4370 Maiorianus
630 4300 682 4353 in
703 4316 824 4354 eum
850 4315 992 4354 arma
1015 4311 1286 4355 convertat
1309 4318 1323 4358 :
1347 4306 1494 4368 quasi

3033 263 3131 318 669.

1587 374 1720 440 Quid
1751 390 1894 429 mare
1918 375 2186 445 formidas,
2212 391 2304 445 pro
2327 378 2476 444 cuius
2505 391 2644 444 Saepe
2676 377 2954 445 triumphis

1589 464 1654 518 Et
1679 467 1868 519 cmlum
1899 481 2129 533 pugnare
2150 465 2315 519 solet?
2345 467 2478 532 Quid
2509 468 2648 535 quod
2683 469 2773 522 tibi
2805 471 3046 535 princeps

1589 555 1673 607 Est
1701 570 1835 608 nunc
1857 555 2098 619 eximius,
2127 570 2282 624 quem
2310 557 2526 624 praescia
2546 558 2738 610 saecula
2759 560 2988 611 clamant

1586 645 1742 715 312
1762 644 2046 699 Venturum
2075 646 2278 699 excidio
2306 646 2502 716 Libyae,
2535 646 2621 714 qui
2652 645 2836 699 tertius
2865 661 2929 698 ex
2959 661 3042 702 tne

1586 739 1824 806 Accipiet
1849 739 2076 793 nomen?
2101 738 2295 792 debent
2315 738 2413 792 hoc
2440 738 2542 792 fata
2568 738 2756 802 labori,

1585 828 1888 896 Maioriane,
1911 837 2003 881 tuo
2031 845 2044 880 :
2069 843 2222 894 quem
2251 843 2346 881 cur
2369 827 2724 881 conscendere
2750 827 2996 890 classem,

1585 921 1661 971 Ac
1687 928 1865 987 portus
1893 918 2088 970 intrare
2115 931 2279 982 meos,
2309 917 2598 985 urbemque
2627 915 2822 980 subire,

1587 1011 1641 1064 Si
1660 1010 1866 1076 iubeas,
1894 1009 2122 1076 cupiam,
2151 1008 2335 1077 paucis
2363 1023 2426 1061 ex
2459 1007 2644 1061 ordine
2671 1007 2838 1061 fabor.

1598 1124 1601 1131 -
1651 1101 1840 1155 Fertur
1861 1101 2150 1156 Pannoniae
2175 1113 2274 1168 qua
2300 1098 2327 1136 δ
2353 1099 2533 1165 Martia
2561 1100 2721 1167 pollet
2748 1099 2997 1163 Acincus,

1591 1191 1854 1260 Illyricum
1873 1191 2082 1244 rexisse
2108 1189 2276 1243 solum
2296 1203 2413 1242 cum
2446 1189 2695 1242 tractibus
2718 1187 2832 1242 lstri

1588 1278 1754 1341 llu'.us
1783 1293 1942 1343 avus;
1974 1294 2093 1332 nam
2124 1278 2582 1347 Theudosiusquo
2613 1276 2849 1344 tempore
2875 1276 3031 1331 Sirmi

1588 1373 1875 1438 Augustum
1902 1371 2126 1437 sumpsit
2150 1370 2371 1435 nom‘en,
2402 1384 2498 1436 per
2523 1380 2797 1435 utramque
2823 1370 3126 1437 magistrum

1590 1459 1846 1519 Militiam,
1879 1457 1942 1510 ad
1971 1468 2145 1523 partes
2174 1459 2317 1525 regni
2350 1466 2598 1512 venturus
2625 1444 2748 1512 eoas
2766 1497 2782 1522 ,

1590 1546 1932 1611 Maiorianum
1958 1545 2156 1598 habuit.
2190 1544 2349 1598 Latiis
2369 1554 2492 1598 sunt
2520 1544 2726 1598 condita
2756 1544 2903 1598 fastis

1587 1635 1745 1690 Facta
1766 1635 1913 1690 ducis
1935 1650 1950 1687 :
1972 1635 2177 1702 quaties
2202 1633 2463 1704 Scythicis
2488 1635 2627 1686 illata
2655 1635 2857 1687 colonis

1514 1719 1558 1777 B
1586 1725 1811 1779 Classica
1843 1735 2143 1791 presserunt
2172 1724 2449 1793 Hypanim,
2483 1723 2812 1790 Peucemque
2844 1724 3090 1792 rigentem

1592 1817 1766 1870 Monte
1791 1815 2027 1869 salutatis
2058 1813 2218 1868 irrisit
2253 1815 2354 1867 lixa
2385 1813 2618 1882 pruinis?

1593 1905 1739 1957 Hunc
1766 1918 2004 1958 socerum
2037 1914 2183 1970 pater
2208 1903 2361 1971 huius
2393 1903 2576 1967 habet,
2607 1903 2688 1956 vir
2715 1904 2920 1969 clarus,
2951 1914 3001 1956 et
3029 1921 3126 1956 nua

1590 1997 1833 2050 Culmine
1863 1997 2062 2050 militia:
2090 2012 2294 2062 semper
2323 2004 2619 2058 contentus,
2652 2005 2706 2047 ut
2735 2010 2893 2046 unum

1589 2088 1809 2143 Casibus
1837 2089 1886 2141 in
1916 2087 2089 2140 dubiis
2111 2086 2320 2155 iunctus
2347 2095 2658 2154 sequeretur
2677 2085 2924 2138 amicum.

1592 2177 1702 2229 Non
1732 2177 1894 2230 semel
1923 2177 2110 2230 oblatis
2137 2177 2356 2228 tentavit
2384 2174 2606 2228 fascibus
2637 2173 2782 2226 illum

1592 2264 1745 2317 Aetio
1768 2279 1952 2331 rapere
1975 2264 2093 2316 aula
2121 2278 2246 2326 suo;
2278 2263 2368 2317 sed
2401 2261 2628 2330 perstitit
2655 2260 2745 2315 ille

1593 2352 1756 2420 Maior
1776 2352 2042 2405 honoratis
2071 2368 2083 2403 :
2113 2352 2274 2418 coepit
2299 2351 2579 2418 pretiosior
2603 2365 2752 2412 esse,

1588 2442 1682 2497 Sic
1707 2441 1874 2511 pretio
1896 2449 2170 2508 non‘capta
2201 2439 2330 2493 fides
2350 2455 2364 2503 ;
2387 2449 2500 2493 erat
2529 2439 2615 2491 ille
2641 2437 2776 2505 quod
2803 2439 2926 2489 olim

1593 2534 1834 2599 Qmestnr
1860 2531 2185 2595 consulibus,
2213 2529 2467 2584 tractabat
2497 2529 2652 2596 publit
2669 2542 2697 2580 a
2722 2528 2839 2595 iure

1595 2622 1720 2675 (Era
1751 2636 1867 2687 suo,
1899 2631 2202 2688 tantumque
2231 2622 2439 2675 modum
2467 2621 2731 2682 servabat,
2758 2629 2811 2672 ut
2833 2619 2977 2672 illum

1594 2711 1838 2762 Narraret
1865 2725 2046 2762 rumor
2065 2710 2170 2775 iam
2199 2710 2357 2762 rebus
2388 2724 2603 2778 parcere
2627 2707 2756 2760 nati.

1589 2800 1839 2853 Senserat
1861 2799 1958 2852 hoc
1981 2799 2070 2852 sed
2096 2799 2226 2851 forte
2255 2808 2273 2834 ο
2306 2798 2454 2852 ducis
2479 2799 2585 2865 iam
2617 2797 2768 2851 livida
2796 2799 3019 2863 coniux;

1595 2889 1783 2958 Angeri
1810 2890 1999 2943 famam
2031 2889 2198 2957 pueri,
2223 2889 2521 2958 suffusaque
2549 2890 2657 2954 bili,

1595 2979 1821 3035 Coxerat
1848 2980 2107 3034 internum
2131 2994 2224 3047 per
2249 2978 2468 3055 barbara
2494 2977 2651 3031 corda
2685 2991 2960 3040 venenum.

1514 3063 1566 3126 C
1601 3072 1736 3124 Ilicet
1761 3068 2005 3136 explorat
2025 3068 2239 3130 caelum,
2273 3076 2538 3133 totamque
2565 3066 2755 3119 vo'u'is

1605 3157 1864 3214 Percurrit
1892 3155 2165 3211 mathesim
2198 3155 2456 3214 numeris,
2489 3155 2773 3222 interrogat
2803 3152 3031 3212 umbras,

1596 3232 1838 3303 Yulinitta
1867 3249 2108 3310 rimatur,
2139 3245 2297 3298 fibras
2323 3244 2480 3304 videt.
2515 3244 2744 3310 undique
2771 3241 3000 3309 gaudens

1604 3337 1750 3412 313
1781 3337 2050 3390 Secretum
2087 3336 2324 3402 rapuisse
2355 3335 2461 3387 Deo
2490 3352 2502 3384 :
2534 3333 2611 3384 sic
2638 3341 2782 3384 torva
2813 3331 3086 3398 Pelasgum

1595 3423 1802 3490 Colchis
1832 3425 1883 3477 in
1909 3425 2125 3491 aplustri
2155 3421 2684 3488 steter.-t-trepidante
2709 3421 2933 3472 marito:

1597 3510 1878 3587 Absyrtum
1909 3529 2151 3582 Sparsura
2181 3513 2335 3581 patri,
2368 3513 2384 3543 ¹
2419 3512 2729 3579 facturaque
2746 3509 2868 3563 cmsi

1597 3606 1846 3662 Germani
1875 3606 1990 3674 plus
2021 3613 2188 3658 morte
2214 3603 2381 3668 nefas,
2406 3603 2528 3654 dum
2559 3602 2738 3653 funere
2769 3607 2980 3666 pugnat,

1606 3700 1669 3752 Et
1696 3698 1905 3753 fratrem
1937 3698 2034 3750 sibi
2065 3697 2165 3749 tela
2199 3696 2320 3749 facit
2351 3711 2366 3748 :
2393 3693 2470 3747 vel
2502 3707 2619 3745 cum
2642 3691 2815 3744 obruit
2845 3693 3014 3758 ignem

1603 3790 1914 3849 Taurorum,
1943 3787 2059 3854 plus
2086 3788 2196 3854 ipsa
2220 3785 2418 3846 calens,
2454 3783 2682 3848 texitque
2710 3789 3018 3833 trementem

1598 3878 1811 3944 Frigida
1840 3877 2045 3928 flamma
2075 3877 2262 3931 virum.
2288 3887 2442 3941 quem
2470 3870 2784 3924 defendente
2812 3883 3016 3922 veneno

1601 3965 1742 4018 lnter
1771 3965 2050 4032 flagrantes
2081 3958 2353 4031 perhibent
2381 3962 2561 4014 alsisse
2584 3959 2857 4028 iuvencos.

1600 4099 1846 4151 cidentali
1887 4099 2152 4151 attributa:
2194 4106 2347 4159 sunt,
2399 4104 2459 4149 ut
2504 4096 2783 4156 Noricum,
2821 4093 3142 4151 'Pnnnonim,

1605 4168 1852 4219 Dalmatia
1886 4184 1898 4219 :
1936 4168 2050 4218 alia:
2079 4166 2357 4218 Orientali.
2388 4173 2444 4216 ut
2473 4164 2649 4216 Mte’sia
2674 4161 2932 4225 superior,
2963 4159 3140 4221 Dacia,

1602 4236 1935 4298 Macedonia,
1981 4235 2163 4286 Epirus
2200 4243 2252 4285 et
2281 4233 2429 4294 aliae,
2479 4245 2607 4296 quas
2639 4230 2704 4281 'in
2735 4228 2916 4298 eadem
2948 4227 3141 4298 Notitia

1600 4305 1781 4358 videre
1824 4296 1929 4357 est.
1966 4303 2076 4356 Non
2115 4302 2250 4354 male
2278 4315 2403 4366 ergo
2442 4298 2690 4354 Sidonius
2738 4296 3054 4349 l’annOniam
3093 4296 3146 4348 in

32 4381 48 4451 Ii
70 4366 160 4451 istis
183 4371 245 4425 sit
269 4366 438 4433 illum,
464 4371 616 4451 quod
636 4371 729 4450 ait,
764 4380 1034 4423 venturum
1066 4373 1271 4451 excidio
1296 4366 1494 4442 Libym,
1527 4395 1576 4451 Β
1603 4374 1807 4443 Illyrico
1851 4375 2008 4451 locat.
2040 4372 2141 4451 Sed
2173 4369 2441 4451 hiaioriani
2485 4367 2730 4451 magistri.
2753 4366 2974 4451 militum
3003 4374 3147 4444 pote-

32 4440 262 4510 ertininqle
279 4457 343 4497 ex
363 4456 424 4495 ea
451 4451 568 4510 post
585 4441 858 4510 Scipiones
873 4454 1160 4503 cegnotnen
1184 4440 1492 4496 relaturum.

33 4505 78 4582 ,⁵
99 4505 212 4564 Urbs
236 4521 317 4565 est
343 4505 636 4565 Pannonias
654 4505 720 4582 ll,
749 4511 800 4563 in
822 4524 922 4577 qua
944 4520 998 4562 et
1017 4511 1262 4582 Sirmium
1293 4513 1498 4582 provin-

33 4578 76 4625 ξε
105 4589 257 4645 caput.
297 4583 536 4634 Acincus
571 4581 789 4642 eadem,
833 4594 935 4630 non
981 4578 1221 4632 Arimhus
1260 4581 1502 4632 scribitur

32 4649 125 4720 iiapt
148 4649 268 4720 apud
292 4649 691 4720 Marcellinum,
734 4659 788 4700 et
817 4649 866 4700 in
900 4648 1215 4720 Itinerariis,
1264 4658 1417 4720 atque
1450 4652 1498 4702 in

32 4714 190 4787 iotitia,
223 4718 274 4772 in
301 4734 402 4787 qua
441 4728 506 4787 et
542 4719 858 4787 Acineenses
889 4718 1078 4769 milites
1121 4719 1217 4769 sub
1257 4718 1500 4784 magistro

32 4783 187 4853 quitum
229 4783 333 4853 per'
360 4786 586 4841 Gallias.
633 4786 746 4837 Jam
779 4785 876 4836 hoc
910 4800 1115 4853 quoque
1143 4783 1357 4853 certum
1385 4794 1494 4849 est,

32 4849 154 4913 llyrici
172 4849 362 4924 nomen
405 4873 440 4924 ρ
481 4855 794 4924 sterioribus
827 4849 1033 4905 sarculis
1081 4852 1314 4924 imperii,
1347 4856 1500 4922 118

32 4929 88 4965 i0ll
110 4922 242 4978 unius
267 4926 320 4980 in
349 4921 639 4979 Hadriatici
671 4922 826 4974 maris
856 4935 947 4974 ora
982 4921 1258 4983 provincia:
1289 4921 1496 4982 finibus,

32 4993 52 5030 Il
71 4987 186 5052 olim,
208 4992 441 5048 clausum
473 4992 666 5055 fuisse;
694 4991 785 5044 sed
813 4991 875 5042 ad
907 4989 1153 5054 plurimas
1174 4989 1500 5055 circumqua-

32 5066 86 5112 Ιηε
107 5060 372 5129 provincias
401 5061 720 5129 pertinuisse
753 5078 766 5114 :
797 5058 931 5127 quod
973 5072 1213 5129 magnum
1239 5059 1499 5126 Illyricum

32 5130 71 5200 ξι
96 5127 299 5198 Ausonio
323 5127 708 5200 epigrammate
737 5131 784 5181 l.
829 5129 964 5200 Festi
998 5128 1109 5200 Itali
1153 5142 1264 5179 :evo
1294 5130 1354 5180 l7
1385 5143 1502 5200 pro-

32 5197 163 5264 mit}
186 5197 660 5263 complectebatur;
694 5209 808 5264 post
836 5199 992 5249 etiam
1027 5198 1106 5259 l9,
1144 5213 1357 5263 quarum
1389 5197 1504 5248 alia:

32 5267 102 5310 ’ὕει
135 5259 318 5328 imperii
349 5259 664 5319 divisionem
694 5259 809 5333 qua:
846 5266 897 5318 in
937 5265 1124 5319 Notitia
1164 5259 1500 5327 describitur,

32 5340 89 5378 10¢
108 5339 175 5382 est
196 5344 306 5400 put
332 5335 552 5389 Arcadii
573 5346 628 5388 et
654 5335 867 5388 Honorii
901 5347 1151 5402 tempora,
1182 5335 1386 5404 Illyrico
1405 5337 1504 5388 0c-

32 5433 81 5520 βξ
107 5435 314 5520 Barthius
362 5441 623 5520 Adversa,
671 5439 982 5520 pangG‘Zli,
1032 5441 1106 5520 sic
1156 5440 1310 5520 scribi
1350 5440 1501 5491 vult:

32 5507 204 5576 inomni
229 5509 336 5574 νῆα
375 5519 537 5560 "torte
576 5507 820 5576 (nefas!)
859 5525 975 5559 nam
1023 5510 1215 5574 alioqui
1255 5509 1506 5560 absonum

32 5572 132 5627 huic
148 5572 276 5647 esse,
295 5579 419 5647 plus
455 5572 602 5646 nefas
631 5572 917 5649 [arcere'pt'o
951 5582 1113 5646 majus
1147 5572 1509 5645 scelusperpe-

1605 4433 1714 4496 stas
1748 4455 1893 4496 extra
1929 4440 2114 4512 Illyrici
2154 4433 2310 4512 etiam
2347 4439 2476 4512 fines
2505 4436 2894 4512 porrigebaiur.
2922 4433 3148 4512 Hypanis

1605 4514 1796 4565 etenim
1823 4502 2009 4565 fluvius
2035 4510 2364 4577 Scythiam-et
2390 4502 2556 4577 Peuce
2584 4502 2760 4577 insula
2781 4503 2895 4555 lstri
2928 4503 3074 4553 ostiis
3097 4502 3149 4553 in

1607 4582 1786 4635 Maesia
1813 4580 2056 4632 inferiore
2076 4573 2338 4643 adiacens,
2367 4575 2430 4627 ad
2457 4574 2692 4626 Thracia:
2713 4573 3006 4643 dimceseos
3031 4585 3149 4643 pro.

1607 4651 1803 4701 vincias
1835 4649 2114 4714 pertinent,
2140 4637 2248 4696 non
2280 4643 2708 4714 ad_l_llyricianasT
2738 4638 2973 4714 l_\'ont_lmn
3001 4637 3149 4690 vide-

1607 4719 1730 4770 licet
1764 4706 1994 4781 magistri
2027 4713 2303 4781 militum_a
2331 4706 2629 4781 ThetidOsio
2659 4709 2820 4781 divisa
2854 4706 3019 4781 fuerat
3051 4721 3150 4781 po-

1607 4795 1809 4838 testas:
1845 4776 1944 4849 qui
1991 4782 2215 4849 primus,
2256 4778 2467 4849 Zosimo
2512 4785 2680 4849 teste,
2723 4777 2813 4849 liii.
2843 4792 2892 4828 tv
2924 4776 3150 4849 hancita

1603 4852 1837 4906 distinxit
1854 4843 1952 4912 ,'ut
1980 4843 2109 4902 alius
2157 4851 2206 4902 in
2238 4848 2462 4915 Illyrico,
2507 4847 2639 4898 alius
2670 4848 2718 4898 in
2749 4846 2969 4915 Thracia
3015 4843 3153 4896 mili-

1605 4930 1710 4972 tum
1738 4921 1982 4990 magister
2011 4929 2186 4982 esset,
2227 4914 2342 4971 cum
2378 4931 2522 4970 unus
2569 4926 2720 4969 antea
2751 4914 2992 4968 omnibus
3025 4929 3150 4976 ira:-

1603 4998 1759 5042 εεεθι.

1680 5067 1700 5095 ε
1734 5059 1870 5116 Aetii
1901 5073 2051 5110 uxor.
2079 5057 2185 5110 Nec
2211 5067 2407 5110 temere
2432 5053 2674 5114 cnnficta,
2706 5066 2822 5120 qua:
2848 5050 2913 5120 de
2939 5047 3073 5120 illius
3103 5047 3153 5096 in

1609 5127 1952 5192 Maiorianum
1993 5127 2238 5193 iuvenem
2280 5125 2400 5176 odio
2446 5117 2898 5184 dicuntur,’quasi
2948 5117 3154 5193 timeret

1609 5183 1748 5248 ne'is
1783 5183 2046 5258 praeteriit)
2078 5196 2180 5246 lilio
2213 5183 3155 5264 prineipatumconsequeretur.Jlie~

1611 5280 1729 5317 vera
1760 5253 1898 5318 enim
1928 5253 2223 5319 Gaudentio
2251 5261 2354 5314 filio
2388 5253 2673 5328 imperium
2705 5256 2921 5325 parabat
2948 5253 3149 5306 Aetius.

1614 5449 1765 5577 rga“.
1797 5470 1859 5481 ~——
1884 5441 2109 5496 BM‘NIUS
2137 5438 2402 5499 Sirmond.
2431 5437 2621 5497 editor,
2650 5431 2847 5502 prmfat.
2877 5428 2936 5482 ad
2963 5438 3089 5482 tom.
3117 5427 3155 5492 ι,
