3818 6226
106 247 193 305 σῆς

103 449 326 504 Excisum
353 462 447 515 per
475 446 639 501 frusta
671 447 836 511 bibit;
867 462 982 500 cum
1015 455 1042 484 ι
1071 447 1202 501 bella
1235 446 1477 500 timentes

103 536 321 591 Defendit
345 534 608 598 Turonos,
633 535 821 588 aberas
847 552 861 588 :
888 542 1004 603 post
1030 543 1264 602 tempore
1283 526 1443 602 parvo

102 625 356 696 Pugnastis
385 625 602 694 pariter,
628 623 858 677 Francus
884 623 1187 693 quabCloio
1211 631 1446 689 patentes
1543 681 1549 688 ,

102 716 385 771 Atrebatum
418 725 586 769 terras
613 723 910 783 pervaserat
936 732 950 767 :
978 714 1063 767 hic
1086 723 1336 767 coeuntes

100 805 404 860 Clandebant
429 814 649 872 angusta
673 804 802 867 vias,
830 817 1057 872 arcuque
1084 803 1357 856 subactum

103 893 263 948 Vicunt
295 895 566 959 Helenam,
595 893 893 961 ﬂumenque
920 892 1072 946 simul
1100 891 1198 945 sub
1240 891 1445 944 tramite
1465 890 1619 960 longo

99 986 243 1037 Arius
263 983 548 1052 suppositis
580 982 812 1036 trabibus
837 981 1196 1034 transmiserat
1220 995 1398 1050 agger.

100 1075 193 1128 Illic
218 1082 267 1127 te
293 1073 488 1141 posito,
518 1071 780 1140 pugnabat
806 1081 963 1138 ponte
989 1070 1087 1122 sub
1108 1071 1219 1138 ipso

100 1163 392 1231 Maiorianus
420 1175 581 1230 eques
610 1177 625 1215 :
659 1160 763 1214 fors
793 1161 918 1227 ripa;
944 1159 1078 1212 colle
1103 1158 1410 1227 prepinquo,

100 1253 388 1306 Barbarieus
413 1249 692 1305 resonabat
710 1249 923 1319 hymen,
954 1247 1314 1318 Scythicisque
1331 1246 1540 1302 choreis

100 1342 319 1396 Nubebat
347 1340 484 1395 ﬂavo
512 1339 700 1393 similis
727 1353 859 1392 nova
893 1345 1052 1406 nupta
1081 1336 1287 1390 marito.

97 1430 369 1501 316i!“
393 1445 541 1500 ergo,
564 1437 623 1483 ut
650 1427 959 1498 perhibent,
986 1425 1210 1491 stravit;
1246 1424 1534 1495 crepitabat
1554 1422 1618 1477 ad

1396 1513 1552 1584 [ictus

96 1609 275 1676 Cassia,
299 1617 354 1664 et
377 1608 632 1678 Oppositis
659 1607 927 1661 hastarum
950 1603 1171 1659 verbera
1197 1604 1382 1657 thorax

101 1700 308 1754 Arcebat
332 1699 582 1767 squamis,
609 1696 777 1751 donec
796 1709 1048 1750 conversa
1077 1692 1284 1761 fugatus

102 1791 257 1843 flostis
280 1798 425 1858 terga
449 1786 630 1842 dedit:
658 1785 905 1855 plaustris
935 1784 1148 1838 rutilare
1174 1784 1380 1839 videres

101 1876 347 1930 Barbarici
374 1877 507 1929 vada
540 1873 668 1928 festa
699 1873 821 1939 tori,
850 1871 1190 1940 coniectaque
1220 1874 1412 1940 passim

101 1965 318 2030 Fet-cola,
347 1967 690 2033 captivasque
709 1962 888 2031 dapes,
921 1963 1163 2030 cirroque
1185 1961 1428 2015 madente

101 2053 239 2109 Ferre
259 2061 543 2107 coronatos
562 2051 850 2106 redolentia
879 2060 1020 2105 serta
1050 2049 1269 2103 lebetas.

103 2145 226 2199 Ilicet
254 2141 763 2207 increscit'llavors,
793 2142 1109 2208 thalamique
1139 2140 1376 2210 refringit

102 2234 203 2287 Plus
223 2236 415 2289 ardens
442 2233 652 2287 Bellona
683 2232 855 2296 faces;
879 2231 1012 2299 rapit
1031 2229 1214 2284 esseda
1239 2231 1424 2295 victor,

102 2324 475 2392 Nubentemque
502 2336 710 2384 nurum,
731 2335 832 2374 non
860 2321 938 2374 sic
967 2319 1263 2373 Pholoetica
1293 2328 1543 2382 monstra,

101 2415 244 2479 Atque
271 2411 640 2466 Pelethronios
667 2409 910 2478 Lapithas
939 2409 1229 2464 Semeleius
1257 2409 1397 2462 Evan

102 2501 301 2567 llisruit,
331 2500 608 2556 Emonias
636 2498 756 2551 dum
785 2497 1052 2550 ﬂammant
1080 2497 1223 2564 orgia
1253 2507 1476 2563 matres,

101 2591 152 2642 Et
175 2589 428 2644 Venerem
454 2589 775 2654 Martemque
797 2584 956 2647 cient,
987 2598 1048 2637 ac
1078 2587 1241 2652 prima
1267 2592 1513 2645 cruentos

103 2678 400 2732 Consumunt
425 2676 490 2730 ad
521 2675 657 2738 bella
685 2674 851 2736 cibos,
882 2674 1188 2739 Bacchoque
1216 2681 1384 2726 rotato

101 2769 267 2824 Pocula
296 2769 400 2823 tela
432 2773 637 2836 putant,
668 2779 784 2819 cum
812 2763 1152 2819 crudescente
1174 2767 1398 2819 tumultu

101 2861 266 2914 Polluit
283 2859 607 2914 Emathium
635 2857 844 2925 sanguis
865 2856 1204 2912 Centauricus
1231 2857 1453 2912 Oihrim.

101 2949 186 3004 Nec
203 2949 316 3024 plu;
341 2947 660 3017 nubigenum
687 2945 1019 3001 celebrentur
1038 2946 1209 3016 iurgia
1239 2947 1475 3000 fratrum.

101 3206 497 3276 expeditionibus
530 3205 775 3276 lustratos
787 3196 1080 3276 ἐξηρτιᾳεί
1110 3194 1342 3276 suntqui
1379 3207 1481 3276 non
1509 3203 1616 3276 sta?

201 3272 743 3346 agnogcantttr._Nam
787 3267 952 3346 Elaris
980 3265 1292 3346 sinendubio
1328 3273 1505 3344 noster
1537 3273 1616 3317 est

103 3333 283 3409 illave},
321 3344 550 3399 Caesaris
576 3337 972 3409 Commentariis
1020 3333 1348 3409 notissimus,
1376 3333 1478 3401 ’qni
1523 3348 1615 3409 per

105 3401 432 3468 Arvernorum
461 3412 612 3480 plana
638 3408 953 3480 decuirens,_
972 3403 1230 3480 collectis“
1247 3403 1489 3468 utrinque
1514 3401 1614 3480 ali-

104 3491 206 3546 quot
231 3470 488 3541 amnibus,
514 3481 567 3532 in
593 3478 813 3545 Ligerim
837 3475 992 3543 paulo
1020 3472 1150 3546 infra
1172 3470 1450 3546 Nivernum
1474 3472 1616 3546 evol-

107 3538 238 3603 r'itnr.
269 3551 440 3603 Ledus
475 3538 535 3601 in
581 3538 900 3612 Septimania
938 3557 968 3596 e
1017 3540 1314 3612 Gemmenis
1355 3538 1616 3612 montibus

105 3630 180 3676 Per
203 3617 385 3671 Volcas
415 3608 746 3669 Arecomicos
772 3623 825 3666 et
851 3611 1074 3666 Montem
1101 3608 1368 3663 Pessulum
1398 3608 1447 3659 in
1475 3622 1618 3661 mare

106 3683 332 3740 Gallicum
355 3684 612 3750 decurrit.
662 3682 733 3735 De
754 3681 884 3750 Cliti
917 3679 1065 3732 unica
1107 3687 1190 3732 est
1223 3676 1613 3750 controversia;

107 3754 148 3822 l_n_
170 3769 259 3820 qua
300 3746 538 3822 plerique
579 3749 802 3822 Papyrio
837 3748 1078 3822 Hassoiio
1108 3743 1482 3822 assentiurrtur,
1504 3743 1613 3822 qui

106 3809 600 3876 cuiium'piciénum
625 3809 741 3872 esse
767 3815 960 3868 docuit.
1001 3815 1150 3866 Olitis
1173 3818 1316 3864 certe
1343 3809 1614 3862 'l'lieodulﬂ

106 3891 501 3949 Aurelianensis,
533 3887 602 3940 de
635 3899 737 3951 quo
761 3882 876 3951 aliis
914 3881 1132 3946 placuit,
1162 3879 1214 3931 in
1243 3877 1380 3930 hunc
1402 3877 1572 3932 locum
1594 3916 1611 3944 ,

105 3959 184 4009 nisi
213 3958 389 4010 luxato
420 3968 596 4019 versu,
625 3950 784 4015 recipi
812 3963 912 4019 non
942 3955 1132 4019 potest.

162 4034 184 4061 ⁸
210 4008 513 4082 Tiinebant,
561 4008 762 4084 opinor,
796 4030 824 4067 a
867 4008 1049 4084 vicinis
1090 4012 1392 4084 Armoricis,
1433 4008 1517 4079 qui
1546 4010 1611 4064 ad

107 4091 373 4145 libertatein
407 4080 516 4157 iam
552 4080 775 4157 dudum,
806 4092 864 4136 ut
908 4098 970 4157 ex
1017 4080 1325 4157 Zosinilib.
1356 4095 1408 4157 v_t
1448 4089 1607 4157 patet,

107 4148 527 4224 aspirantesfaut
552 4148 812 4206 Romanus
835 4152 996 4224 armis
1024 4149 1337 4224 appetebant
1379 4148 1612 4224 ἱρή-θυι

107 4217 460 4293 appetebantur
483 4240 498 4279 :
521 4231 578 4293 ut
605 4236 709 4293 quo
732 4229 964 4293 tempore
985 4220 1175 4293 bellum
1197 4217 1445 4293 adversus
1471 4217 1606 4293 illos,

108 4286 235 4348 Actio
268 4296 507 4356 absente,
544 4286 741 4344 llunnis
763 4286 1138 4342 auitiliantibus
1167 4286 1325 4354 gessit
1349 4286 1573 4356 Litorius
1593 4327 1609 4352 ,

108 4373 152 4413 ut
173 4373 243 4416 est
279 4365 328 4417 in
377 4355 690 4431 pa'negyrico
711 4358 874 4420 Aviti,
903 4356 1001 4411 sub
1030 4369 1244 4418 annum,
1271 4363 1329 4408 ut
1364 4355 1610 4409 ostende-

109 4445 224 4486 mus.
245 4433 373 4486 458.

162 4471 441 4557 iwitavl‘i’l'ier
482 4512 617 4553 unus
645 4511 660 4549 :
691 4494 828 4560 quod
858 4501 1001 4547 certe
1025 4494 1194 4559 aptius
1231 4488 1435 4561 videtur
1465 4492 1615 4561 120

110 4579 239 4629 quam
262 4568 400 4634 quod
440 4569 493 4622 in
522 4566 637 4619 aliis
664 4579 677 4616 :
707 4557 1204 4634 Pugnast_is__pnriter
1250 4557 1615 4634 Ρναηρὶεζῆιᾴι

111 4635 243 4688 Cloio.
275 4629 582 4690 Francicam
605 4639 775 4684 autem
799 4629 897 4682 hoc
920 4629 1129 4692 bellum,
1157 4630 1208 4681 in
1242 4643 1344 4696 quo
1370 4629 1436 4680 ab
1464 4629 1614 4681 Aetio

109 4712 152 4753 rt
172 4703 446 4770 Maioriano
474 4698 871 4770 cumWClodione
889 4712 1013 4764 rege
1037 4706 1314 4770 pugnatum
1333 4707 1444 4770 est,
1461 4696 1615 4770 pleri-

111 4783 194 4834 que
216 4765 392 4824 omnes
420 4771 486 4822 ad
512 4769 734 4822 Felicem
760 4773 814 4818 et
832 4766 1057 4818 Taurum
1086 4766 1325 4834 consules
1345 4805 1358 4829 ,
1389 4765 1612 4834 Christi-

113 4833 197 4898 que
215 4843 403 4892 annum
433 4837 538 4889 427
583 4835 764 4887 referri
804 4835 1022 4900 volunt;
1067 4833 1203 4900 quod
1234 4848 1294 4887 eo
1323 4847 1458 4886 anno
1490 4833 1616 4885 Pro-

111 4916 214 4968 sper
244 4914 296 4958 et
333 4903 679 4959 Cassiodorus
709 4908 904 4966 partem
950 4899 1232 4954 Galliarum
1275 4901 1612 4968 propinquam

115 4968 270 5025 llheno
289 4987 443 5040 quam
475 4969 666 5040 Franci
702 4979 1036 5040 occuparant,
1065 4970 1199 5040 Aetii
1223 4970 1425 5040 comitis
1453 4971 1613 5021 armis

115 5037 344 5108 receptam
373 5039 600 5092 tradant.
631 5037 816 5108 Verum
849 5039 932 5108 qui
967 5041 1133 5108 potuit
1160 5039 1469 5101 Maiorianus
1492 5047 1615 5108 tunc

114 5106 290 5172 adesse,
312 5117 364 5162 et
395 5117 501 5160 tam
525 5108 713 5158 acriter
739 5106 1005 5166 dimicare,
1029 5107 1114 5170 qui
1138 5107 1204 5158 30
1229 5116 1340 5170 post
1370 5119 1532 5157 annos
1562 5107 1611 5156 in

117 5172 198 5229 hoc
235 5191 324 5228 suo
368 5175 644 5228 consulatu
689 5173 894 5238 juvenis
927 5176 1076 5224 erat?
1119 5173 1313 5225 Deinde
1344 5177 1482 5238 prior
1529 5174 1612 5224 illa

116 5244 346 5310 expeditio
389 5245 455 5294 ad
507 5242 740 5294 Ilbcnum
763 5280 775 5301 .
811 5241 922 5290 lucc
952 5248 1126 5291 nostra
1155 5243 1216 5291 ad
1249 5245 1531 5310 Atrebatvs
1560 5251 1614 5293 et

117 5309 332 5364 Helenam
362 5312 555 5372 vicum,
584 5310 733 5375 cujus
760 5322 892 5359 nunc
920 5321 1124 5374 quoque
1155 5310 1202 5358 in
1236 5324 1362 5375 pago
1394 5309 1612 5359 Atreba-

119 5381 226 5431 tensi
243 5380 303 5433 ad
323 5379 574 5433 Cauciuin
596 5392 800 5429 amnem
829 5375 1039 5441 vestigia
1067 5385 1288 5438 restant;
1319 5391 1434 5426 nam
1464 5377 1613 5426 lli-di-

118 5461 216 5500 nam
248 5448 406 5502 Vetus
454 5453 657 5498 vocant.
701 5443 910 5496 Certius
961 5458 1102 5508 ergo,
1139 5447 1245 5495 haec
1271 5455 1412 5510 gesta
1452 5444 1613 5495 κπαργί

118 5526 213 5578 post
243 5532 432 5575 annum
475 5512 668 5570 Christi
697 5511 820 5579 445,
853 5527 955 5579 quo
998 5520 1229 5579 tempore
1261 5522 1467 5564 narrant
1496 5527 1611 5565 cuin

1489 242 1803 301 C.\ll3llNA.

103 362 249 423 Clitis,
274 358 462 426 aris,
492 357 646 425 Atax,
675 331 936 425 vachalis,
970 357 1301 428 Ligerimque
1331 357 1447 424 bipe
1488 359 1537 411 ni
1637 359 1688 419 Α
1715 357 1806 410 ll'c
1823 369 2030 426 quoque
2050 365 2280 412 monstra
2304 359 2502 425 domat,
2523 362 2701 417 erutili
2719 363 3246 432 quibusarceccrebri

3147 254 3250 310 666

1718 448 1796 500 Ad
1821 447 2041 500 frontem
2062 461 2208 501 coma
2230 455 2391 502 tracta
2407 449 2566 518 jacet,
2593 451 2893 522 nudataque
2919 454 3096 506 cervix

1719 534 1957 588 Settirnm
1987 550 2080 602 per
2097 535 2284 590 damna
2308 539 2461 604 nitet,
2487 547 2595 593 tum
2625 539 2823 594 lumine
2839 542 3023 610 glauco

1718 623 1874 676 Albet
1901 638 2093 692 aquosa
2121 625 2281 688 acies,
2303 640 2365 680 ac
2390 627 2622 682 vultibus
2645 628 2877 696 undique
2903 631 3053 698 rasis,

1720 715 1821 768 Pro
1843 715 1998 769 barba
2027 725 2206 771 tenues
2235 728 2536 784 perematur
2559 721 2764 787 pectine
2787 723 2986 775 cristar.

1719 804 1961 859 Strit-tius
1985 817 2173 859 assutae
2203 816 2374 861 vestes
2399 821 2610 874 procera
2636 817 2885 864 coercent

1718 893 1948 948 hleiiibra
1976 894 2172 958 virum;
2203 903 2344 962 patet
2373 895 2438 948 iis
2458 894 2619 948 altato
2645 897 2872 964 tegmine
2899 897 3102 966 poples,

1719 981 1878 1036 Latus
1903 991 1958 1036 et
1980 993 2249 1052 angustam
2277 981 2548 1051 suspendit
2575 983 2775 1038 balteus
2795 984 2995 1040 alvum.

1719 1071 2024 1126 Excussisse
2051 1074 2181 1125 citas
2203 1083 2405 1127 vastum
2431 1087 2524 1140 per
2551 1073 2705 1127 inane
2734 1073 3004 1142 bipennes,

1719 1159 1783 1214 Et
1813 1163 1976 1229 plaga:
1999 1162 2274 1230 praescisse
2298 1165 2465 1217 locum
2483 1202 2500 1228 ,
2528 1167 2842 1233 elypeosque
2870 1175 3042 1218 rotare

1717 1247 1914 1316 Ludus,
1941 1257 1993 1303 et
2021 1251 2239 1304 intortas
2252 1251 2561 1319 priscedere
2587 1253 2804 1306 saltibus
2829 1255 3031 1318 hastas,

1717 1336 1874 1405 Inque
1897 1338 2098 1392 hostem
2119 1341 2323 1393 venisse
2344 1344 2485 1408 prius
2513 1356 2528 1394 :
2553 1342 2836 1408 puerilibus
2860 1345 3011 1395 annis

1720 1429 1812 1482 Est
1835 1429 1953 1482 belli
1986 1439 2221 1482 maturus
2251 1444 2428 1496 amor;
2455 1432 2498 1485 si
2520 1433 2655 1487 forte
2676 1423 2979 1500 premantur

1717 1519 1869 1587 317
1893 1519 1995 1572 Seu
2024 1533 2264 1586 numero,
2290 1532 2383 1573 seu
2413 1518 2544 1575 forte
2571 1520 2690 1584 loci,
2721 1535 2864 1576 mors
2891 1523 3064 1575 obruit
3107 1521 3244 1588 illus,

1720 1609 1829 1661 Non
1861 1607 2044 1671 timor;
2072 1609 2244 1660 invicti
2276 1616 2524 1674 perstant;
2558 1607 2836 1675 animoque
2862 1620 3141 1676 supersunt

1550 1720 1554 1724 -
1649 1689 1696 1749 Β
1721 1695 1834 1749 Jam
1863 1711 2021 1763 prope
2045 1704 2159 1764 post
2185 1697 2432 1750 animam.
2455 1696 2607 1750 Tales
2634 1706 2685 1750 te
2705 1705 2836 1750 teste
2863 1696 3078 1765 fugavit,

1723 1784 1786 1838 Et
1816 1780 2226 1838 laudsnte‘viros
2258 1783 2530 1853 :quisnam
2557 1782 2720 1837 ferat?
2744 1786 2915 1837 omnia
2946 1794 3139 1848 tecum,

1720 1876 1795 1930 Te
1819 1879 1930 1929 sine
1958 1876 2116 1929 multa
2139 1875 2298 1939 facit;
2323 1871 2353 1911 ά
2378 1883 2606 1943 pugnant
2628 1888 2723 1942 pro
2745 1875 2978 1944 principe
3003 1874 3172 1937 multi,

1718 1966 1882 2029 Quam
1911 1963 2067 2017 timeo
2095 1979 2159 2017 ne
2183 1964 2291 2030 iam
2319 1964 2418 2018 iste
2443 1963 2571 2029 sibi;
2598 1964 2640 2018 si
2673 1979 2830 2033 regna
2860 1963 3075 2029 tenebit,

1719 2053 1848 2106 lluic
1872 2055 2058 2116 vincis,
2083 2053 2427 2122 quodcunque
2448 2053 2658 2118 domas;
2691 2055 2763 2108 nil
2797 2053 2905 2108 lata
2945 2055 3242 2123 relinquunt

1717 2141 1811 2195 llic
1836 2143 2059 2197 medium
2088 2157 2105 2197 :
2134 2156 2409 2209 percussor
2431 2143 2571 2198 enim
2595 2143 2639 2198 si
2669 2144 2871 2211 respuis
2897 2159 3041 2210 esse,

1718 2230 1914 2284 Servus
1934 2232 2070 2294 eris;
2099 2239 2244 2284 certe
2268 2239 2414 2284 recto
2436 2231 2483 2285 si
2505 2232 2711 2286 tramite
2734 2241 2910 2286 servat

1719 2324 1904 2378 Sidera
1932 2322 2240 2386 Chaldaeus;
2264 2323 2410 2376 novit
2436 2324 2479 2377 si
2508 2324 2743 2391 gramina
2770 2322 3016 2393 Colchus,

1721 2412 1942 2480 Fulgura
1968 2413 2012 2465 si
2038 2411 2294 2486 Theseus,
2323 2411 2367 2465 si
2395 2410 2679 2465 Thessalus
2707 2410 2848 2465 elicit
2876 2407 3106 2478 umbras,

1718 2501 1777 2556 Si
1800 2501 1970 2568 Lycia:
1996 2505 2164 2554 sortes
2186 2499 2410 2568 sapiunt,
2439 2498 2483 2552 si
2505 2509 2681 2552 nostra
2708 2499 2883 2552 volatu

1722 2589 1846 2644 Fata
1876 2590 2156 2657 loquontur
2173 2603 2318 2654 aves,
2349 2590 2517 2643 doctis
2542 2587 2795 2642 balatibus
2825 2589 3078 2642 Hammon

1718 2680 1770 2734 Si
1801 2687 2034 2734 sanctum
2057 2680 2155 2733 sub
2178 2687 2320 2748 syrte
2340 2679 2520 2746 gemit,
2544 2679 2588 2733 si
2611 2680 2839 2748 denique
2864 2695 3042 2733 verum
3072 2727 3074 2730 ,

1719 2770 1935 2835 Phoebe,
1961 2753 2192 2835 Themis,
2227 2769 2436 2824 Dodona
2459 2770 2624 2835 canis,
2655 2779 2773 2835 post
2814 2780 3045 2837 tempora
3071 2780 3248 2825 nostra

1717 2859 1883 2913 Julius
1907 2858 1990 2912 hic
2016 2863 2274 2926 Augustus
2302 2859 2418 2910 erit.
2450 2857 2771 2922 Coniunctus
2799 2871 2981 2911 amore

1643 2935 1687 2997 C
1719 2945 1980 3001 Praeterea
2005 2955 2086 3001 est
2115 2954 2139 2984 ο
2158 2946 2335 3014 juveni
2361 2944 2571 3014 grandis
2597 2959 2753 3014 quem
2780 2946 2998 3014 spiritus
3017 2954 3189 3000 armat

1721 3191 1975 3260 Gregorio
2018 3198 2073 3246 et
2120 3190 2391 3260 Sigeberto
2435 3189 2662 3245 Annales
2704 3191 2898 3256 nostri,
2945 3191 3198 3248 Clodione
3227 3206 3257 3243 o

1718 3259 2098 3329 Thoringorum
2143 3259 2332 3314 finibus
2373 3273 2679 3329 egressum,
2725 3259 2959 3329 protritis
3002 3262 3252 3314 Romanis

1718 3332 1802 3397 qui
1850 3328 2193 3397 cis’ll‘henum
2223 3337 2407 3397 erant,
2449 3330 2500 3381 in
2544 3328 2918 3381 Carbnnariam
2957 3330 3138 3382 silvam
3165 3344 3248 3383 vc-

1721 3385 1881 3461 riisse,
1910 3385 2202 3452 Tui-oneum
2226 3405 2280 3450 et
2303 3385 2642 3450 Cameracum
2683 3397 2859 3457 urbes.
2890 3397 3097 3464 aliaque
3122 3413 3241 3451 mox

1721 3469 1893 3520 omnia
1935 3467 1996 3519 ad
2026 3466 2306 3520 Somonam
2349 3479 2514 3532 usque
2534 3464 2747 3518 ﬂuvium
2776 3477 3079 3532 occupasse.
3107 3464 3248 3520 Cen-

1721 3545 1824 3588 stat
1845 3537 1982 3588 enim
2008 3536 2163 3588 urbes
2191 3535 2300 3589 illas
2323 3531 2626 3587 Atrebatum
2657 3531 2807 3602 agris
2827 3535 3088 3602 proximas
3109 3548 3248 3587 esse.

1721 3604 1889 3669 Quare
1908 3619 2025 3657 cum
2050 3604 2098 3656 in
2122 3605 2217 3658 hos
2236 3617 2439 3671 quoque
2460 3613 2638 3671 postea
2656 3601 2999 3671 pervaderent
3040 3601 3248 3671 Franci,

1720 3673 1784 3725 ab
1815 3673 1965 3727 Aetio
2005 3670 2270 3735 inhibitus,
2300 3670 2478 3727 ethac
2521 3686 2675 3740 quam
2705 3670 2948 3726 Sidonius
2973 3670 3147 3724 laudat
3175 3672 3249 3724 vi-

1721 3741 1882 3808 ctoria
1910 3755 2180 3807 repressos
2207 3740 2452 3808 coniicio.

1791 3820 1812 3846 ο
1845 3804 2099 3874 Graphica
2145 3804 2381 3860 veterum
2431 3807 2745 3874 Francorum
2789 3804 3097 3871 descriptio;
3144 3819 3245 3874 qua

1715 3889 1815 3926 non
1863 3873 2030 3926 solum
2068 3876 2173 3926 oris
2210 3876 2439 3927 habitum
2480 3873 2782 3937 cultumque
2822 3886 3027 3925 omnem
3060 3886 3240 3936 perse-

1716 3943 1911 4006 quitur,
1942 3954 2152 4007 procera
2183 3955 2425 4007 corpora,
2467 3939 2651 3992 rutilos
2676 3943 2881 4004 crines,
2908 3941 3092 3992 caesios
3122 3954 3245 3992 ocu—
3317 3954 3320 3956 ‘

1715 4009 1812 4072 los,
1840 4022 2030 4077 pronas
2057 4008 2108 4060 in
2139 4008 2360 4062 frontem
2414 4007 2799 4077 tonso_occipiti
2827 4021 3030 4077 comas,
3063 4016 3244 4059 tenues

1714 4073 1996 4130 raso'vultu
2046 4077 2252 4140 barbas,
2280 4085 2452 4128 vestes
2487 4074 2697 4127 strictas
2741 4081 2796 4128 et
2837 4073 3066 4140 singulos
3094 4086 3240 4128 artus

1712 4149 2084 4212 exprimentes,
2115 4145 2282 4198 nudos
2307 4144 2546 4211 peplites,
2586 4142 2718 4194 latos
2739 4143 2964 4205 balteos;
2995 4143 3084 4194 sed
3116 4159 3242 4210 pro-

1715 4211 1824 4280 pria
1845 4215 2000 4267 etiam
2021 4227 2198 4266 eorum
2224 4227 2387 4271 arma.
2419 4211 2781 4280 pugnandique
2810 4212 3040 4276 modum,
3067 4221 3119 4263 et
3162 4212 3241 4263 in-

1715 4283 1904 4335 fractos
1930 4281 2079 4335 bellis
2107 4283 2311 4336 animos
2338 4290 2726 4334 commemorat.
2753 4280 3029 4334 Armorum
3051 4294 3238 4348 genera

1712 4351 1929 4405 Francis
1955 4350 2135 4404 eadem
2165 4351 2344 4404 tribuit
2360 4349 2603 4418 Agathias
2624 4349 2714 4403 lib.
2735 4364 2790 4412 ιι,
2811 4363 3021 4418 secures
3043 4349 3242 4418 scilicet

1711 4429 1765 4473 et
1817 4420 2000 4473 breves
2044 4420 2247 4483 hastas,
2290 4416 2426 4488 quas
2453 4433 2670 4488 ancones
2698 4419 2969 4471 vocabant.
3001 4416 3242 4488 Dielteet

1712 4490 2062 4556 securesipsaa
2089 4489 2156 4541 ab
2180 4484 2357 4541 eorum
2383 4503 2479 4540 usn
2510 4486 2788 4556 frontium,
2818 4496 2871 4556 ut
2911 4496 3055 4539 notat
3082 4484 3243 4539 Isido-

1713 4572 1820 4619 rns,
1853 4567 1905 4610 et
1929 4557 2108 4610 Gallici
2141 4556 2367 4610 Annales
2394 4557 2443 4609 in
2466 4555 2724 4608 Clodovaai
2758 4555 2912 4608 rebus
2937 4557 3238 4610 ostendunt.

1717 4625 1960 4678 Bellicam
2000 4638 2121 4677 vero
2151 4623 2466 4677 Francorum
2499 4625 2749 4676 virtutem
2793 4623 2979 4676 asserit
3008 4632 3060 4674 et
3084 4625 3242 4675 Julia-

1716 4708 1812 4746 nus
1840 4695 1990 4760 imp.,
2019 4691 2104 4759 qui
2144 4693 2572 4760 bellicosissimus
2600 4691 2976 4760 Germanorum
3014 4690 3242 4743 Francos

1714 4771 1766 4816 et
1786 4759 2017 4814 SaxOnes
2045 4761 2164 4813 facit
2192 4761 2242 4813 in
2268 4764 2505 4815 encomio
2525 4759 2837 4821 Constantii,
2863 4759 2927 4811 de
2955 4760 3241 4824 Magnentio

1716 4829 2219 4914 inquens;.in‘Ciijus
2263 4829 2449 4914 castris
2486 4830 2690 4914 utrique
2739 4828 3025 4880 militabant
3061 4844 3073 4877 :
3103 4827 3237 4911 τηκο-

1712 4895 1910 4951 λοόθουν
1927 4897 1978 4951 δέ
2006 4900 2141 4968 αὐτῷ
2161 4901 2281 4970 κριτά
2305 4900 2358 4953 τὸ
2377 4900 2599 4970 ξυγγενὲς
2620 4901 2882 4970 σύμμαχοι
2917 4895 3239 4970 προθυμίῴτα-

1713 4988 1787 5020 τοι
1815 4969 2015 5040 Φρὰσγκοι
2030 4963 2350 5032 καῖΣάξονις,
2377 4963 2626 5033 τῶῖὐπέρ
2646 4963 2733 5019 «si
2756 4975 2906 5022 Ῥῆνον
2926 4963 3001 5018 reti
3024 4969 3108 5020 his
3132 4963 3238 5014 ἐσ·

1714 5039 1890 5084 πτοίαν
1909 5035 2154 5084 θάλατταν
2180 5036 2322 5084 ἐθνῶν
2350 5038 2413 5084 τὰ
2439 5039 2794 5084 nave-adnatat.

1714 5036 1890 5108 περίάν
1909 5036 2154 5090 θάλατταν
2180 5036 2322 5088 ἐθνῶν
2350 5038 2413 5090 τὰ
2437 5039 2794 5103 μαχιμώτατα.

1782 5103 1808 5140 ἀ
1859 5104 2024 5155 Locus
2075 5113 2224 5155 antea
2273 5105 2525 5156 obscurus
2580 5103 2702 5154 \‘iliu
2749 5099 3233 5166 interpunctionum.

1716 5172 1968 5239 Pugnant,
2001 5173 2184 5238 inquit,
2207 5187 2388 5223 omnes
2405 5188 2496 5239 pro
2522 5172 2791 5239 principe;
2818 5185 2909 5236 pro
2937 5168 3113 5239 sciam
3146 5181 3233 5239 put

1714 5233 1836 5306 gnat
1881 5233 2208 5308 Maiorianus,
2236 5250 2290 5292 ut
2316 5233 2435 5305 pote
2483 5233 2739 5308 princeps
2764 5233 2982 5290 fniurus.
3011 5234 3158 5308 Quod
3189 5233 3233 5288 si

1719 5302 1969 5372 princeps
1997 5306 2204 5360 futurus
2244 5302 2344 5373 est,
2369 5302 2580 5376 jam'illi
2609 5302 2840 5362 serviunt
2867 5318 3048 5356 omnes
3078 5302 3232 5353 vicio-

1716 5378 1806 5429 τῖλε
1829 5384 1945 5425 tua‘.

1787 5453 1808 5478 ο
1834 5443 2099 5504 llicimeri,
2129 5443 2325 5504 Vallim,
2357 5454 2413 5496 ut
2442 5445 2492 5496 in
2535 5443 2882 5498 Antlicmiano
2915 5438 3106 5492 dictum
3135 5447 3231 5505 est,

1716 5512 1850 5575 regis
1877 5511 2160 5565 Gothorum
2189 5529 2251 5568 ex
2279 5513 2384 5568 illia
2411 5516 2601 5575 nepoti.
