3818 6226
525 222 620 279 στι

527 341 554 368 ι
587 332 717 386 Hinc
739 341 915 390 tamen
944 333 993 386 in
1015 332 1244 402 iugulos.
1274 331 1421 388 lfunc
1453 341 1587 386 torta
1613 331 1821 387 falarica
1849 333 1988 400 iactu

529 421 787 484 Prieterit,
815 424 881 476 ad
913 434 1132 477 mortem
1161 423 1244 477 vix
1280 432 1550 477 cessatura
1580 423 1864 477 secundam
1894 441 1909 477 :

531 512 678 566 llunc
702 515 841 567 conti
872 524 1007 568 rotat
1036 516 1192 577 lctus,
1223 529 1359 584 equo
1387 515 1490 568 ruit
1517 514 1686 568 aclide
1716 512 1890 566 fossus

531 602 638 666 Ille,
665 619 895 673 veruque
917 606 1081 669 alius;
1107 605 1248 674 jacet
1273 605 1359 659 hic
1386 605 1542 658 simul
1571 605 1695 657 alite
1722 603 1846 664 telo,

529 691 811 745 Absentem
838 708 1020 760 passus
1040 695 1312 757 dextram;
1345 707 1466 768 pars
1497 692 1690 761 poplite
1719 700 1866 745 secto

527 778 706 835 Mortis
731 781 794 834 ad
827 784 1072 838 invidiam
1096 785 1222 838 vivit
1245 801 1260 848 ;
1293 792 1600 853 partemque
1628 783 1831 836 cerebri

530 868 622 924 llic
651 872 816 940 galeas
839 888 956 927 cum
985 885 1132 944 parte
1161 877 1319 942 rapit,
1353 874 1580 942 fortique
1602 862 1800 928 lacerto

525 958 738 1015 Dissidt
768 964 978 1031 ancipiti
1005 965 1300 1019 miserabile
1327 966 1554 1034 sinciput
1574 981 1722 1019 ense.

526 1047 595 1105 llt
625 1053 850 1118 primum
879 1053 1045 1108 versis
1069 1054 1158 1107 dat
1181 1064 1383 1122 tergum
1407 1054 1668 1109 Vandalus
1696 1053 1876 1122 armis,

523 1139 768 1194 Succedit
787 1144 960 1196 credes
994 1159 1179 1211 pugnae
1205 1144 1508 1198 discrimine
1536 1146 1696 1199 nullo.

523 1229 839 1284 Sternuntur
866 1233 1056 1298 passim
1081 1233 1301 1300 campis,
1330 1241 1383 1287 et
1408 1233 1558 1288 fortia
1588 1250 1809 1304 qumque

526 1317 667 1372 Fecit
696 1321 836 1373 iners
863 1322 1155 1389 trepidante
1184 1323 1334 1392 fuga;
1366 1339 1509 1378 mare
1539 1324 1762 1392 pallidus
1787 1327 1966 1392 intrat,

525 1407 589 1459 Et
619 1423 778 1462 naves
805 1413 1083 1477 pertransit
1109 1427 1290 1481 eques,
1323 1415 1563 1482 turpique
1589 1422 1768 1468 natatu

526 1497 600 1552 Ile
626 1498 809 1569 pelago
834 1501 895 1552 ad
927 1502 1166 1571 cymbam
1197 1504 1367 1557 rediit.
1400 1505 1490 1559 Sic
1521 1505 1669 1558 tertia
1696 1505 1884 1576 Pyrrhi

523 1591 795 1655 Quondam
823 1607 989 1662 pugna
1014 1594 1130 1660 fuit,
1166 1597 1317 1649 czesis
1343 1610 1462 1650 cum
1491 1596 1720 1650 millibus
1746 1598 1892 1650 illum

524 1680 773 1734 Dentatus
801 1693 1090 1748 premeret;
1120 1684 1307 1738 lacerae
1333 1686 1420 1737 vix
1446 1685 1696 1753 fragmina
1726 1685 1912 1738 classis

521 1768 702 1836 Traxit
733 1773 794 1825 in
813 1772 1049 1842 Epirum,
1079 1775 1167 1843 qui
1193 1774 1435 1828 Chaonas
1461 1787 1616 1843 atque
1640 1777 1911 1840 Molossos,

520 1858 620 1924 Qui
645 1859 928 1926 Thracum,
963 1863 1321 1930 Macetumque
1351 1877 1536 1917 manus
1572 1880 1665 1931 per
1694 1865 1867 1919 littora
1891 1875 2068 1920 nostra

520 1948 817 2017 Sparserat,
848 1961 898 2004 et
919 1951 1069 2018 cujus
1094 1951 1232 2005 vires
1254 1951 1501 2006 (Enotria
1532 1954 1750 2021 pallens,

520 2037 760 2104 Ipsaque,
791 2054 908 2106 quae
937 2039 1105 2107 petiit,
1136 2041 1485 2107 trepidaverat
1511 2053 1665 2096 uncta
1697 2044 1978 2099 Tarentus.

519 2124 678 2195 323
704 2126 948 2180 llostibus
967 2129 1217 2196 expulsis,
1233 2144 1475 2198 campum
1506 2133 1590 2198 qui
1620 2135 1877 2188 maximus
1899 2145 2068 2190 emat

520 2213 635 2268 lam
658 2219 880 2270 lustrare
907 2225 1057 2272 vacat
1084 2233 1098 2270 :
1125 2218 1302 2273 videas
1333 2219 1416 2272 hic
1437 2231 1610 2291 strage
1629 2222 1728 2276 sub
1756 2223 1862 2288 illa,

521 2300 872 2373 Citrorumque
893 2306 1128 2370 animos;
1157 2309 1330 2362 nullus
1356 2325 1462 2362 non
1485 2323 1698 2378 pectore
1724 2326 1910 2378 caesus,

519 2395 762 2464 Quisquis
789 2406 967 2452 vester
985 2407 1131 2463 erat;
1161 2400 1332 2454 nullus
1364 2417 1466 2454 non
1499 2412 1643 2468 terga
1674 2402 1893 2468 foratus,

517 2483 727 2539 Illorum
757 2487 1025 2556 quisquis;
1054 2489 1283 2542 clamant
1312 2489 1409 2543 hoc
1433 2491 1648 2545 vulnera
1679 2494 1830 2558 primi

515 2572 541 2609 δ
571 2573 878 2626 Praedonnm
911 2584 1020 2628 tum
1041 2576 1177 2630 forte
1201 2577 1368 2642 ducis,
1400 2579 1483 2631 cui
1515 2580 1652 2646 regis
1681 2583 1823 2637 avari

520 2661 770 2717 Narratur
797 2667 1037 2732 nupsisse
1062 2680 1231 2734 soror,
1265 2669 1353 2736 qui
1385 2670 1596 2736 pulvere
1617 2686 1758 2726 cteco

517 2753 760 2818 Clausus,
788 2765 841 2809 et
861 2757 1023 2811 elisus
1054 2758 1187 2826 pilis,
1222 2762 1441 2830 vestigia
1471 2763 1638 2828 turpis

519 2843 694 2899 Gestat
724 2847 892 2902 adhuc
923 2849 1171 2916 probrosa
1205 2850 1369 2916 fugae;
1399 2851 1482 2906 sic
1499 2855 1706 2921 agmina
1738 2864 1908 2910 vestra

515 2934 641 2989 Cum
672 2937 854 3003 spoliis
879 2952 1120 3005 campum
1153 2941 1398 3005 retinent,
1425 2951 1476 2996 et
1508 2943 1674 2998 Marte
1707 2943 1969 3002 fruuntur.

583 3035 607 3064 ο
639 3025 836 3080 Interea
865 3027 1055 3102 duplici
1085 3032 1218 3083 texis
1246 3031 1370 3085 dum
1401 3034 1571 3088 littore
1598 3036 1819 3095 classem

516 3115 722 3170 interno
750 3131 1041 3186 superoque
1065 3121 1214 3185 mari,
1239 3123 1380 3175 cadit
1411 3125 1579 3177 omnis
1610 3126 1663 3180 in
1691 3144 1872 3196 tequor

519 3207 651 3263 Silva
683 3210 792 3271 tibi,
829 3209 1150 3282 nimiumque
1176 3213 1262 3267 diu
1293 3231 1386 3283 per
1412 3224 1692 3286 utrum‘que
1724 3221 1923 3276 recisus

515 3303 784 3366 Apennine
813 3303 966 3366 latus,
1001 3305 1274 3374 navalique
1304 3308 1490 3362 arbore
1516 3308 1684 3374 dives,

515 3389 623 3444 Non
655 3391 826 3444 minus
857 3392 910 3444 in
942 3392 1154 3462 pelagus
1184 3409 1480 3460 nemorum,
1512 3412 1667 3464 quam
1705 3398 1867 3453 mittis
1895 3415 2058 3466 aqua-

1923 3502 2058 3549 rum,

519 3566 678 3621 Gallia
705 3569 970 3622 continuis
997 3584 1290 3638 quanquam
1320 3573 1388 3624 sit
1415 3572 1548 3626 lassa
1581 3572 1812 3637 tributis,
1899 3487 1919 3558 [

518 3657 622 3710 lloc
652 3672 810 3710 censu
840 3658 1093 3725 placuisse
1117 3659 1279 3726 enpit,
1309 3674 1406 3713 nec
1431 3661 1658 3728 pondera
1685 3663 1864 3729 sentit,

581 3845 606 3872 ⁸
647 3835 687 3892 Δ
715 3848 859 3904 parte
889 3836 1178 3906 Majoriani.
1209 3838 1482 3907 Utrinque,
1513 3839 1607 3901 ait,
1647 3840 1748 3894 tela
1790 3839 2062 3907 iacieban-

516 3908 740 3988 tnrtsed
765 3923 885 3988 quae.
905 3912 972 3988 ab
995 3909 1090 3988 hac
1115 3909 1506 3988 parte,jugulos
1529 3909 1870 3988 petebant,_et
1895 3911 2063 3965 letha-

516 3976 592 4028 les
623 3976 754 4030 icms
782 3976 1098 4044 inﬂigebant,
1119 3976 1236 4032 non
1269 3976 1388 4032 item
1417 3995 1532 4045 qua:
1561 3993 1589 4032 a
1623 3979 1888 4033 Vandalis.

584 4045 926 4117 PSersaonis,
958 4057 1013 4100 ut
1038 4049 1258 4117 conjecit
1282 4049 1499 4109 Savaro,
1522 4064 1583 4102 ex
1612 4048 1823 4103 Victore
1843 4048 2066 4117 Vitensi,

516 4115 597 4183 qui
629 4131 748 4184 eum
775 4113 1042 4169 Genserici
1076 4113 1210 4183 regis
1231 4129 1508 4184 cognatum
1540 4129 1710 4172 vocat.
1826 4167 1828 4169 .

587 4194 608 4220 α
653 4182 724 4236 De
743 4184 964 4238 classico
987 4187 1035 4236 in
1062 4182 1286 4238 Africam
1305 4182 1584 4252 Maioriani
1611 4196 1882 4252 apparatu,
1906 4202 2059 4253 quem

518 4253 760 4305 Sidonius
792 4255 864 4303 sic
896 4254 1118 4315 extollit,
1162 4265 1216 4306 ut
1239 4270 1356 4305 cum
1391 4257 1813 4320 Agamemnonis,
1845 4255 2053 4317 Xerxis,

519 4319 730 4371 Antonii
761 4330 815 4371 et
838 4321 1130 4388 Cleoiiatrre
1175 4319 1453 4388 navalibus
1481 4323 1646 4388 copiis
1673 4323 1913 4374 conferre
1954 4339 2059 4376 non

520 4388 741 4447 dubitet,
774 4387 1009 4438 scribunt
1051 4387 1352 4453 Procopius,
1387 4386 1577 4438 Itlatius
1607 4397 1656 4440 et
1695 4390 2057 4443 Cassiodorus.

522 4453 808 4520 Procopius
832 4469 956 4505 sane
987 4456 1268 4507 maximum
1295 4456 1582 4508 exercitum
1624 4456 1784 4509 fuisse
1816 4466 2059 4510 testatur.

524 4526 589 4592 At
620 4523 746 4574 tanti
779 4533 998 4576 conatus
1028 4526 1203 4577 irritus
1247 4523 1339 4576 fuit
1367 4534 1613 4587 eventus;
1645 4526 1762 4592 quia
1805 4541 1895 4592 per
1940 4542 2061 4592 pro.

522 4591 718 4663 ditores
742 4593 1046 4663 commoniti
1077 4593 1310 4655 Vandali,
1337 4608 1495 4663 naves
1525 4596 1574 4646 in
1604 4591 1855 4660 portubus
1874 4595 2062 4663 llispa-

524 4662 642 4730 nim,
677 4660 974 4730 priusquam
1006 4662 1290 4726 solvi-rent,
1317 4662 1659 4730 diripuerunt.
1686 4665 1756 4717 lta
1783 4660 2061 4719 frustratus

521 4729 930 4785 belliVandalici
964 4747 1053 4798 spe
1104 4729 1433 4799 Majorianus.
1477 4734 1580 4785 Nec
1623 4744 1797 4788 tamen
1845 4739 2060 4789 omnino

523 4799 800 4853 fruSIratus
830 4820 843 4852 :
875 4803 991 4870 quia
1044 4801 1377 4859 Gensericus.
1411 4813 1466 4854 ut
1508 4815 1686 4857 auctor
1725 4813 1806 4858 est
1848 4805 2056 4871 Idalios,

517 4881 700 4938 pacem
725 4871 788 4921 ab
810 4886 871 4924 eo
902 4882 1075 4938 postea
1105 4873 1247 4938 petiit
1276 4882 1327 4922 et
1353 4873 1665 4938 impetravit.

590 4936 614 4972 ἀ
651 4937 884 4993 Romano
903 4936 957 4994 et
987 4936 1248 4992 Africano.
1279 4936 1526 5006 Sperabat
1560 4944 1783 4996 l'utnrum
1812 4944 2058 4997 Sidonius

520 5017 576 5058 nt
599 5009 876 5080 quieritus
902 5014 1291 5075 postActiacatn
1319 5026 1538 5077 pugnam
1558 5013 1848 5078 illeopatrte
1869 5030 2054 5080 regno.

522 5093 618 5140 quo.
647 5078 759 5140 ejus
790 5079 974 5141 fuerat,
1009 5080 1143 5131 idem
1170 5095 1305 5131 nunc
1335 5092 1473 5132 esset
1499 5081 1802 5144 Genserico,
1829 5078 2054 5145 boc'est,

517 5157 575 5196 ut
606 5162 668 5217 eo
700 5149 832 5200 victo
859 5165 1117 5211 cmsoque,
1149 5148 1318 5200 Africa
1361 5149 1408 5200 in
1453 5151 1716 5216 Majoriani
1752 5162 2059 5217 potestatem

523 5216 738 5267 veniret.
773 5220 906 5270 Inter
936 5221 1115 5270 eadem
1147 5218 1284 5285 enim
1335 5232 1515 5285 regna,
1568 5216 1814 5272 Ιὶυηιειήὶε
1859 5222 2061 5274 scilicet

522 5286 761 5348 Al‘ris‘q'ne
789 5298 1053 5339 certamen
1091 5304 1100 5336 :
1135 5301 1226 5355 par
1254 5283 1518 5338 Genserici
1557 5289 1708 5341 luxus
1736 5299 1788 5342 et
1818 5290 2057 5355 '(jleoiia-

522 5364 634 5414 traz,
670 5371 762 5406 nec
796 5360 963 5407 minor
991 5354 1256 5420 Maioriani
1287 5355 1446 5406 virtus
1476 5372 1627 5420 quam
1661 5359 1896 5425 Augusti.

590 5433 612 5457 ο
639 5427 781 5486 Quml
814 5440 966 5491 supra
996 5426 1216 5474 obscure
1249 5427 1435 5486 positit,
1469 5429 1587 5478 vires
1616 5444 1675 5479 ea:
1696 5430 1920 5491 gentibus
1964 5427 2055 5474 ad-

521 5493 658 5561 tinus,
691 5495 810 5556 quid
845 5496 908 5544 sit
939 5494 1164 5559 explicat
1193 5492 1526 5545 barbararum
1559 5498 1784 5561 gentium
1816 5511 1930 5561 rpite
1959 5496 2056 5546 sub

523 5558 565 5609 Μ
601 5559 617 5622 j
646 5565 786 5614 uani
814 5563 972 5629 signis
1013 5558 1163 5616 erant
1191 5565 1533 5615 enumeratio.
1567 5558 1638 5617 ’1η
1683 5567 1762 5617 bis
1795 5558 1863 5618 Ba
1896 5573 2057 5618 tarnte

1745 221 1986 280 SIDONII
2029 220 2470 279 APOLLINANS

2105 337 2149 391 Α
2179 332 2307 396 Qua:
2337 331 2587 399 prodesse
2616 329 2843 398 probat:
2875 344 2978 386 non
3008 331 3168 386 tantis
3191 333 3360 403 major
3379 335 3583 392 Atrides

2087 4294 2137 4351 D

3301 141 3312 149 .

3357 163 3424 179 ..ι

3522 181 3540 209 ζ’
3707 193 3721 206 ο

3582 241 3590 256 ι

3301 141 3312 149 ε

3357 163 3424 179 ..1

3522 181 3721 209 t‘_-

2176 426 2514 495 Carpathium
2545 426 2675 479 texit
2697 425 2914 492 ratibus,
2947 440 3066 479 curn
3099 427 3316 483 Doricus
3341 428 3509 484 bustis

2178 515 2373 583 Sigeas
2402 522 2650 581 rapturus
2675 527 2825 581 opes,
2857 513 3092 568 Rbtrteia
3121 515 3308 570 clausit

2179 606 2428 674 Pergama
2454 620 2470 668 ;
2500 619 2598 658 nec
2626 613 2779 658 tantae
2807 604 2997 659 Sestim
3021 603 3300 673 iuncturus
3324 606 3509 674 Abydo

2175 695 2378 749 Xerxes
2404 694 2592 748 classis
2618 704 2753 758 erat,
2787 694 3013 748 tumidas
3032 709 3154 748 cum
3180 704 3439 750 sterneret
3463 695 3640 761 undas,

2175 783 2242 836 Et
2272 791 2486 851 pontum
2515 782 2616 837 sub
2640 793 2800 852 p-mte
2826 783 2998 848 daret,
3029 798 3150 837 cum
3180 792 3362 851 stagna
3393 786 3610 851 superbo

2175 871 2364 940 irrupit
2388 881 2639 926 temerata
2665 871 2849 941 gradu,
2886 881 3174 941 turmzeque
3199 871 3496 941 frequentes

2175 961 2599 1032 Hellespontiaco
2625 963 2979 1028 persultavere
3005 962 3281 1030 profundo.

2172 1053 2278 1107 Nec
2303 1054 2380 1107 sic
2404 1052 2665 1106 Leucadio
2689 1052 2872 1106 classis
2899 1053 3176 1108 Mareotica
3203 1063 3356 1122 portu

2172 1143 2409 1195 Actiacas
2432 1139 2704 1194 abscondit
2729 1155 2912 1210 aquas,
2938 1143 2990 1194 in
3020 1141 3152 1196 bella
3182 1141 3357 1196 mariti

2178 1233 2307 1286 Dum
2336 1232 2475 1286 venit
2502 1245 2532 1283 a
2563 1231 2753 1285 Pbarlo
2777 1231 2965 1286 dotalis
2992 1234 3140 1286 turba
3164 1231 3381 1300 Canopo
3410 1252 3427 1291 :

2170 1321 2300 1376 Cum
2333 1323 2501 1390 patrio
2527 1321 2799 1389 Cleopatra
2826 1323 2970 1376 ferox
2997 1323 3317 1377 circumdata
3348 1326 3523 1388 sistro,

2173 1412 2333 1466 Milite
2357 1412 2436 1465 vel
2464 1412 2613 1478 piceo
2641 1412 2806 1465 fulvas
2833 1422 3047 1465 onerata
3074 1413 3302 1477 carinas,

2169 1499 2329 1571 32E.
2355 1500 2542 1554 Dorida
2574 1499 2814 1554 diffusam
2845 1513 3108 1568 premeret
3135 1501 3456 1558 Ptolemcide
3476 1518 3610 1571 gaza.

2173 1593 2282 1644 lloc
2311 1602 2364 1646 tu
2395 1607 2498 1646 non
2525 1592 2669 1646 cultu
2697 1606 2916 1661 pugnas,
2945 1593 3036 1646 sed
3067 1607 3214 1647 more
3243 1593 3494 1662 priorum,

2102 1675 2144 1730 Β
2175 1681 2289 1735 Dite
2319 1683 2485 1748 magis
2509 1679 2670 1746 ferro,
2700 1683 2889 1735 merito
2915 1681 2998 1736 cui
3026 1681 3265 1751 subiacet
3290 1697 3474 1736 aurum

2172 1772 2355 1826 Divitis
2381 1773 2548 1840 ignavi
2573 1790 2587 1824 :
2621 1772 2748 1827 tales
2774 1787 2840 1826 ne
2868 1788 3061 1839 sperne
3086 1773 3333 1836 rebelles,

2171 1861 2233 1914 Et
2261 1861 2306 1916 si
2338 1877 2439 1914 non
2469 1861 2630 1924 acies,
2659 1862 2909 1914 decorant
2940 1872 3112 1917 tamen
3143 1863 3237 1917 ista
3263 1863 3567 1932 triumphos.

2169 1950 2274 2004 Nec
2301 1965 2384 2004 me
2414 1949 2652 2018 Lagasam
2675 1951 2893 2017 stirpem
2920 1965 3240 2006 memorasse
3268 1954 3459 2023 pigebit

2171 2040 2345 2094 llostis
2363 2042 2428 2094 ad
2450 2041 2744 2108 exemplum
2771 2043 2926 2095 vestri
2951 2059 2965 2092 :
2989 2057 3212 2110 namque
3231 2057 3455 2112 auguror
3473 2043 3501 2080 ⁸
3522 2045 3664 2099 isdem

2169 2133 2362 2200 ltegnis
2387 2133 2645 2187 fortunam
2677 2131 2920 2199 similem,
2950 2147 3066 2186 cum
3097 2133 3248 2188 luxus
3278 2136 3328 2187 in
3356 2136 3440 2188 illa

2168 2224 2321 2279 Parte
2343 2224 2413 2278 sit
2440 2223 2676 2292 aequalis,
2708 2239 2802 2276 nec
2830 2223 2978 2290 pejor
2999 2222 3176 2278 ϐεβαι-
3205 2223 3256 2278 in
3289 2226 3409 2281 ista.

2171 2322 2194 2350 ο
2224 2313 2370 2367 Ilicet
2401 2312 2720 2380 aggrederis,
2753 2313 2890 2378 quod
2919 2312 3091 2366 nullus
3120 2322 3358 2382 tempore
3386 2324 3560 2368 nistro

2167 2404 2430 2471 Augustus
2454 2401 2625 2470 potuit
2655 2418 2667 2452 :
2702 2401 2923 2470 rigidum
2945 2403 3301 2470 septemplicis
3330 2402 3444 2457 lstri

2167 2495 2364 2557 Agmen
2391 2492 2442 2546 in
2468 2506 2612 2545 arma
2655 2493 2824 2557 rapis;
2853 2505 2972 2544 nam
3000 2491 3251 2560 quidquid
3301 2491 3564 2560 languidus
3588 2491 3679 2545 axis

2165 2583 2389 2638 Cardine
2425 2582 2668 2639 Sithonio
2691 2582 2792 2636 sub
2822 2581 3077 2636 Parrhase
3104 2583 3325 2650 parturit
3355 2598 3492 2649 ursa,

2169 2675 2277 2727 lloc
2301 2683 2466 2727 totum
2493 2685 2578 2727 tua
2600 2674 2745 2741 signa
2769 2685 2920 2742 pavet
2945 2692 2957 2724 :
2989 2674 3257 2741 Bastarna,
3276 2675 3499 2737 ,Suevus,

2169 2763 2488 2828 Pannonius,
2519 2762 2740 2826 Neurus,
2770 2762 3004 2825 Chunus,
3038 2761 3188 2829 Geta,
3221 2765 3410 2828 Dacus,
3440 2764 3637 2826 Alanus,

2168 2838 2523 2917 Belronotbus,
2553 2852 2751 2921 Rugus,
2783 2853 3102 2920 Burgundio,
3136 2852 3322 2916 Vesus,
3355 2854 3531 2915 Alites,

2170 2943 2379 3006 Bisalta,
2402 2941 2775 3010 Ostrogothus,
2808 2941 3106 3006 Procustes,
3149 2940 3416 3005 Sarmata,
3449 2940 3672 3002 Moschus,

2089 3007 2133 3067 (ἶ
2168 3033 2294 3086 Post
2320 3035 2525 3101 aquilas
2558 3007 2754 3088 venere
2781 3043 2928 3096 tuas;
2959 3033 3050 3087 tibi
3080 3033 3270 3088 militat
3295 3033 3464 3087 omnis

2165 3125 2448 3188 Caucasus,
2478 3135 2530 3177 et
2553 3125 2815 3195 Scythicas
2842 3135 2995 3191 putor
3023 3124 3328 3179 Tanaiticus
3355 3125 3521 3178 undae.

2164 3217 2297 3283 Quid
2329 3217 2484 3271 faciat
2505 3217 2710 3271 fortuna
2732 3218 2863 3271 viri?
2889 3232 3224 3285 quascunque
3255 3221 3498 3277 minatur,

2167 3307 2269 3359 llas
2299 3306 2510 3359 tremuit
2533 3307 2640 3373 jam
2668 3306 2830 3358 Roma
2853 3319 3038 3356 manus
3062 3319 3077 3354 :
3105 3304 3264 3356 modo
3283 3304 3510 3371 principe
3533 3300 3614 3356 sub
3634 3309 3672 3354 ts

2163 3395 2239 3447 Ne
2268 3403 2482 3456 metuat,
2519 3407 2678 3459 prope
2710 3407 2865 3457 parva
2890 3399 3056 3459 putat,
3089 3390 3188 3444 nisi
3209 3393 3404 3444 serviat
3429 3391 3519 3455 illi,

2163 3483 2312 3544 Quod
2345 3481 2515 3532 timuit
2537 3489 2785 3547 regnante
2813 3480 2936 3534 alio.
2965 3478 3079 3533 Jam
3100 3492 3273 3534 castra
3303 3480 3558 3544 movebas,

2166 3571 2231 3623 Et
2258 3580 2305 3624 te
2335 3569 2556 3624 diversis
2584 3570 2844 3637 stipabant
2870 3569 3031 3622 millia
3054 3569 3216 3638 signis
3245 3588 3259 3622 :

2165 3661 2184 3702 ί
2215 3664 2535 3734 Obsequium
2571 3678 2704 3731 gens
2730 3677 2830 3716 una
2858 3670 3030 3730 negat,
3061 3677 3179 3731 quae
3205 3679 3374 3731 nuper
3398 3664 3463 3718 ab
3491 3663 3604 3718 Istro

2166 3854 2323 3908 supra
2349 3840 2556 3895 Daciam
2583 3838 2737 3893 sedes
2770 3835 3087 3908 habuerunt,
3116 3850 3219 3908 non
3253 3836 3434 3908 procul
3473 3852 3500 3890 a
3528 3834 3669 3888 Roxo-

2165 3905 2316 3976 lanis,
2343 3911 2530 3979 quibus
2558 3910 2606 3979 in
2642 3909 2917 3963 Tiburtina
2947 3905 3140 3979 ﬁliani
3174 3905 3519 3979 inscriptione
3537 3917 3669 3971 copu-

2165 3980 2337 4034 lantur
2360 3975 2378 4033 Ξ
2407 3980 2541 4048 apud
2568 3978 2919 4048 Capitolinum
2947 3978 3072 4048 item
3098 3975 3148 4048 in
3173 3975 3368 4048 Marco:
3401 3975 3669 4048 llorutuco-

2163 4050 2360 4104 loniam
2390 4041 2600 4104 centum
2632 4041 2846 4100 millium
2873 4047 2924 4099 in
2950 4046 3227 4100 Thraciam
3257 4047 3307 4098 in
3338 4041 3668 4099 Romanosolo
3766 4091 3767 4096 η

2166 4121 2470 4172 translatam
2497 4134 2525 4171 a
2553 4117 2723 4171 Probo
2753 4123 3049 4170 memorant
3076 4113 3357 4182 Vopiscus.
3385 4123 3440 4170 et
3463 4113 3669 4167 Zosimi
3766 4113 3767 4177 ι

2165 4188 2256 4262 lib.
2282 4203 2319 4241 ι.
2342 4189 2510 4254 Supra
2532 4187 2627 4238 lios
2657 4187 2834 4262 Nenri,
2863 4181 3198 4262 Eurysthenis
3226 4184 3373 4262 fonte
3394 4193 3447 4262 et
3471 4181 3666 4262 famosa

2162 4255 2212 4307 in
2245 4257 2393 4321 lupos
2420 4252 2825 4321 metatnorpliosi
2857 4252 3076 4306 nobiles.
3105 4252 3372 4308 Licentius
3397 4255 3449 4308 in
3473 4252 3668 4306 camino

2161 4323 2225 4375 ad
2256 4325 2599 4387 Augustinum
2630 4339 2643 4373 ι

2281 4377 2491 4461 εοῖειίιὶο
2515 4411 2717 4469 Neuros,
2735 4410 2900 4461 bruma
2924 4408 3194 4458 sectaberis
3213 4407 3398 4457 istrum.
3764 4377 3765 4449 l

2160 4522 2608 4596 Alit:e_vi_dentur,
2635 4535 2766 4596 quos
2793 4521 2988 4596 Plinius
3015 4521 3211 4596 AlutasA
3230 4521 3287 4596 in
3297 4519 3513 4596 _lllyrico
3531 4515 3665 4596 noni-

2161 4604 2270 4646 nat.
2319 4591 2621 4643 Bellonotos
2663 4591 2817 4645 etiam
2864 4592 2913 4644 in
2956 4593 3148 4644 castris
3185 4589 3361 4642 Attilae
3388 4593 3606 4642 numerat
3624 4589 3664 4634 il
3762 4621 3763 4646 l

2163 4629 2928 4731 ῖίεἶὶιᾉεῖγὶίὲΐέξῖῖιεῗῑῖἔῑεςὲἕέ)
2957 4629 3164 4728 "aras
3185 4629 3474 4731 Ἠᾇιὶῖηῖδ
3501 4655 3581 4731 iis
3605 4667 3663 4731 γι.
3761 4629 3763 4721 Ι

2159 4721 2474 4806 ἐρυεῖᾆέιεηι
2504 4739 2557 4783 et
2599 4730 2799 4806 Bisalta;
2823 4726 3055 4806 Scythiae
3107 4729 3307 4806 populi.
3327 4741 3480 4806 supra

2159 4797 2306 4855 cbos.
2340 4801 2612 4855 Procustes
2637 4799 2792 4852 Attici
2822 4797 3040 4852 latronis
3071 4812 3262 4853 nomen
3290 4797 3388 4853 luit
3405 4811 3496 4852 seu
3521 4797 3662 4866 potin

2158 4887 2469 4939 cognomen,
2515 4869 2668 4938 124
2701 4883 2737 4939 νει
2779 4884 2834 4920 re
2879 4868 3112 4939 ductum,
3145 4878 3200 4921 ttt
3231 4865 3661 4939 narrat_DiodorttI
3760 4889 3761 4939 η

2161 4899 2469 4939 υἷ’ΒΙΙυΙΙΙΕΙΙν
2712 4899 2737 4917 ιι
2781 4899 2834 4920 lC
2879 4899 3112 4928 υυυιυιιι.
3145 4899 3200 4921 ιιι
3232 4899 3408 4922 "IIICI
3450 4899 3661 4923 Ινψνῑν

2161 4942 2252 4993 lib.
2280 4957 2312 4992 v
2353 4941 2542 4993 licrurn
2592 4938 2956 5005 Antiquarum.
3006 4938 3255 4992 Sidonius
3297 4937 3470 5008 gentis
3505 4944 3660 4992 nomen
3759 4899 3761 4991 Α

2159 5013 2299 5063 facit.

2177 5097 2190 5106 ·’
2232 5079 2249 5118 τ
2294 5081 2620 5134 Hunnorum.
2647 5075 2852 5139 opinor,
2882 5089 3011 5144 quos
3039 5075 3230 5136 triplici
3259 5085 3380 5130 nota
3422 5073 3659 5144 designat;

2157 5149 2292 5215 quod
2324 5149 2388 5200 ab
2418 5147 2548 5199 Istro
2576 5137 2811 5209 profecti,
2836 5137 2972 5211 quod
2996 5146 3046 5198 in
3075 5143 3275 5215 Italiam
3297 5137 3659 5215 redeantfqﬂl

2157 5213 2383 5272 dominis
2412 5231 2500 5282 per
2524 5215 2657 5286 bella
2685 5223 2897 5286 careant
2922 5229 2937 5269 :
2968 5229 3084 5286 quae
3119 5213 3294 5268 omnia
3331 5214 3659 5286 ΔΗιιιιιιὶῃοξξ·

2158 5290 2371 5341 veniunt
2400 5272 2424 5337 ε’
2444 5286 2528 5351 qui
2561 5282 2608 5333 in
2637 5283 2828 5335 Italiam
2857 5272 3034 5351 paucis
3062 5292 3184 5337 ante
3221 5281 3376 5340 annis
3399 5272 3658 5352 ωαλιιιῌι

2157 5348 2510 5426 ιχρηεωηιηὲξι
2557 5362 2673 5420 post
2717 5348 2892 5426 Attilae
2933 5360 3259 5426 mortem,_t_tt
3304 5348 3656 5426 Jonas-dy?

2157 5425 2350 5477 Geticis
2380 5422 2563 5483 refert,
2610 5431 2721 5474 orta
2772 5425 2907 5474 inter
2936 5422 3109 5475 Attilae
3161 5421 3296 5475 tilias
3337 5421 3655 5476 conlatione.

2158 5493 2278 5545 dmn
2311 5494 2566 5560 imperare
2592 5492 2807 5557 cupiunt
2829 5506 3033 5560 omnes,
3056 5489 3232 5560 simul
3272 5489 3656 5560 imperitior?

2159 5563 2358 5628 didere,
2386 5547 2705 5631 'pulsique'a
2747 5558 2958 5632 Cepi-tis
2989 5547 3506 5630 e'Panuonia,'juxta
3541 5547 3654 5608 liii“

3757 5145 3759 5263 φ

3755 5381 3757 5535 l

3751 5885 3753 6009 ι
