3818 6226
149 238 226 296 ϐἸῖ
1536 228 1861 287 CARMINA.

146 349 319 405 licttulit
345 346 651 401 indomitum
681 345 839 399 solito
868 342 1206 399 truculentior
1234 356 1444 409 agmen,

145 442 257 509 Quod
281 438 494 491 dominis
520 452 615 507 per
640 437 772 491 bella
802 446 967 500 caret,
1001 435 1294 501 po,-uloquc
1321 432 1549 501 superbo

142 532 305 587 Tuldila
328 528 624 596 plectendas
647 530 699 581 in
731 528 908 599 praelia
933 527 1164 594 suggerit
1192 527 1315 579 iras.

145 624 215 675 Hic
237 632 281 674 tu
308 620 386 673 vis
416 620 579 673 armis
607 620 811 687 positis,
840 619 1026 673 iterum
1059 633 1202 671 arma
1234 626 1515 670 retractas.

143 708 393 763 Bistonides
418 708 578 762 veluti
608 708 858 761 Ciconum
887 721 1006 759 cum
1038 706 1171 759 forte
1195 706 1406 775 pruinas

140 798 265 868 335
290 796 495 866 Ogygiis
521 796 787 877 complent
810 796 1029 863 thyasis,
1051 810 1146 849 seu
1169 794 1463 850 Strimonos
1484 793 1644 855 arvis,

142 890 222 939 Seu
246 901 296 939 se
324 901 410 952 per
436 886 750 953 Rhodopen,
776 899 868 938 seu
891 900 991 952 qua
1020 885 1292 938 nimbosus
1324 886 1373 936 in
1402 898 1581 951 :cquor

143 976 284 1029 Volvit
312 976 661 1044 Hyperboreis
691 977 741 1029 in
769 976 1011 1028 cautibus
1035 974 1262 1033 Ismarus
1292 975 1560 1047 llebrum

144 1066 216 1118 Dat
239 1080 414 1119 somno
441 1079 570 1133 vaga
600 1066 773 1129 turba,
802 1064 960 1118 simul
990 1064 1176 1117 lassata
1204 1066 1482 1132 quiescunt

142 1155 287 1223 Orgia,
314 1164 365 1209 et
388 1154 452 1208 ad
488 1155 706 1209 biforem
737 1155 919 1209 reboat
948 1168 1046 1208 nec
1070 1153 1192 1209 tibia
1224 1154 1425 1208 flatum.

143 1244 218 1298 Vis
245 1245 442 1313 requies
472 1262 486 1299 :
514 1244 624 1312 iam
654 1254 809 1312 ponte
835 1244 1016 1313 ligant,
1040 1252 1177 1298 rotat
1200 1243 1391 1298 enthea
1415 1241 1651 1310 thyrsum

144 1335 361 1399 Bassaris,
390 1344 443 1389 et
467 1336 687 1390 maculis
714 1332 999 1406 Erythras:
1022 1334 1270 1395 nebridos
1291 1334 1532 1398 horrens,

144 1426 315 1480 Excitat
340 1425 592 1495 Odrysios
615 1428 681 1481 ad
712 1427 938 1481 marcida
966 1434 1205 1499 tympana
1227 1433 1441 1493 mystas.

142 1516 202 1569 Tu
228 1525 389 1582 tamen
420 1516 558 1570 banc
584 1516 761 1584 dim-rs
788 1528 1017 1586 pinnam,
1048 1513 1140 1568 sed
1176 1512 1445 1580 sanguinis
1471 1520 1654 1564 auctor

142 1605 341 1674 Ilajoris,
369 1607 493 1660 dum
523 1588 717 1676 parcis,
744 1620 860 1659 eras
883 1622 897 1657 :
928 1620 1031 1658 non
1057 1603 1269 1672 pertulit
1296 1603 1432 1661 ultra

3181 244 3282 302 67d

1666 344 1718 402 Α
1745 346 1846 395 Aut
1876 357 1988 409 res,
2011 351 2099 396 aut
2129 343 2370 412 populus,
2397 347 2581 402 castris
2610 349 2766 403 modo
2792 350 3018 410 clausus.
3044 367 3087 412 a.
3114 359 3217 407 ric-o

1749 431 1841 485 Vel
1869 433 1967 485 snb
1995 434 2127 500 pelle
2147 434 2284 501 jacet
2316 454 2329 489 :
2362 451 2456 490 nos
2484 437 2604 491 anni
2636 441 2884 493 vertimus
2912 456 3080 496 usum.

1743 521 1891 588 Quod
1914 521 2065 590 jubet
2092 523 2193 590 hic,
2223 526 2301 579 lex
2334 526 2491 581 rebus
2519 528 2646 593 erit;
2674 544 2776 583 non
2811 530 3036 586 flectitur
3059 551 3287 603 unquam

1744 610 1771 650 δ
1799 614 2060 679 Acceptis,
2092 616 2442 685 damnumque
2472 627 2635 686 putat,
2668 620 2712 672 si
2740 623 2988 689 temporis
3013 627 3117 677 iras

1745 700 1838 756 Vel
1868 718 1962 770 per
1988 703 2176 758 damna
2201 706 2376 770 timet;
2402 723 2501 774 qua
2544 709 2710 761 dicam
2742 722 2895 777 gente
2926 721 3183 777 creatum,

1744 792 1907 857 Quem
1933 793 2125 864 Scytha
2154 810 2257 848 non
2284 798 2487 863 patior?
2515 798 2663 865 cujus
2690 799 2768 853 lac
2792 801 2993 869 tigridis
3021 804 3196 857 infans

1746 882 1968 937 Hircana
1998 884 2097 937 sub
2122 900 2250 952 rupe
2275 885 2448 939 bibit?
2474 900 2589 955 quae
2616 890 2830 947 sustulit
2856 891 3010 944 istum

1746 974 1859 1030 Axe
1885 991 2004 1030 meo
2031 978 2242 1045 gravior
2265 978 2455 1033 tellus?
2486 994 2551 1032 en
2578 981 2771 1041 vertice
2798 974 3008 1037 summo

1746 1064 1996 1132 Algetttes
2022 1067 2159 1132 cogit
2190 1074 2410 1131 turmas,
2443 1083 2507 1123 ac
2532 1066 2725 1139 frigora
2753 1071 2908 1138 ridet,

1748 1154 1879 1208 Dum
1907 1157 2055 1210 solus
2078 1157 2194 1224 plus
2216 1166 2391 1212 mente
2412 1159 2582 1223 calet;
2613 1174 2729 1217 cum
2754 1162 2972 1217 classica
3002 1165 3139 1233 regis

1748 1248 1925 1302 Arctoi
1952 1262 2222 1316 sequerer,
2252 1249 2471 1304 Romani
2502 1251 2753 1319 principis
2782 1269 2949 1316 arma,

1747 1336 2149 1406 Ctesareumque
2176 1340 2339 1394 larem
2366 1340 2489 1394 lusu
2518 1349 2729 1408 torpere
2756 1345 2978 1410 perenni

1751 1427 2072 1480 Audieram:
2102 1426 2343 1483 dominos
2370 1429 2439 1483 nil
2469 1430 2813 1497 prodestjsse
2842 1434 3067 1500 priores,

1751 1516 1808 1571 Si
1835 1533 1924 1570 res
1952 1516 2035 1572 hic
2061 1532 2269 1587 quoque
2295 1518 2444 1571 fortis
2468 1529 2600 1574 erat.
2634 1520 2828 1588 Maiora
2857 1536 3127 1591 parantem

1742 1606 1959 1673 'Dicere,
1988 1609 2054 1661 de
2076 1609 2291 1674 scepqu
2316 1609 2493 1663 verbis
2517 1609 2763 1685 accendis
2784 1612 3003 1666 amaris.
3095 1617 3101 1622 '

144 1696 233 1750 Hoc
256 1711 344 1761 pro
369 1707 421 1751 te
448 1698 567 1764 plus
607 1703 756 1748 cauta
784 1709 987 1758 manus,
1020 1703 1357 1760 vestrumque
1398 1691 1646 1761 pudorem
1680 1675 1725 1733 Β
1818 1695 2063 1763 Quisquis
2086 1709 2167 1761 es,
2194 1696 2420 1765 oppositi
2448 1684 2638 1752 metuis
2663 1699 2753 1767 qui
2778 1698 2977 1753 lubrica
3002 1682 3161 1765 clivi,

140 1787 325 1852 Sprevit
352 1802 447 1856 pro
474 1788 661 1855 vobis;
690 1785 843 1855 primi
867 1786 1007 1841 cadit
1038 1786 1205 1839 hostia
1231 1785 1374 1847 belli,

140 1874 342 1943 Quisque
367 1875 582 1929 rebellis
606 1885 747 1939 erat;
776 1873 1004 1939 prtedam
1028 1890 1235 1941 quoque
1260 1872 1447 1927 dividis
1474 1873 1597 1936 illis,

141 1964 261 2020 tiens
287 1965 467 2020 devota
501 1965 693 2036 quibus
723 1966 908 2033 fuerat,
938 1979 1056 2033 qua:
1076 1964 1256 2018 territa
1287 1965 1450 2018 servit

143 2053 383 2123 Exemplo,
412 2054 605 2123 gaudet
630 2059 817 2122 pretio.
853 2051 1146 2108 Pharsalica
1169 2053 1347 2106 Cresar
1482 2056 1483 2059 “

144 2134 481 2214 Αππιίιειεω,
511 2143 714 2221 subitas
744 2143 881 2198 ferro
907 2144 1229 2212 compescuit
1260 2143 1365 2196 iras
1391 2158 1406 2194 :

143 2235 229 2289 Sed
250 2250 336 2290 sua
364 2237 598 2292 membra
627 2250 836 2300 secans,
864 2246 917 2290 et
940 2252 1094 2289 causa
1119 2236 1256 2290 mole
1284 2244 1517 2298 coactus,

145 2324 288 2379 Flevit
307 2340 437 2394 quos
468 2326 706 2394 perimit;
734 2328 923 2380 vestris
952 2325 1064 2379 haec
1095 2325 1299 2395 proficit
1326 2324 1487 2379 armis

144 2412 345 2482 Seditio;
374 2414 721 2485 quodcunque
744 2415 920 2483 iubes,
948 2416 1042 2468 nisi
1073 2416 1326 2469 barbarus
1350 2416 1516 2478 audit,

144 2505 223 2559 llic
242 2506 391 2574 cadit,
419 2515 479 2560 ut
506 2506 661 2561 miles
686 2508 885 2560 timeat.
916 2516 941 2543 ³·
971 2507 1084 2560 Jam
1113 2515 1347 2573 tempore
1376 2508 1573 2561 brumae

146 2595 280 2664 Alpes
306 2610 644 2659 marmoreas,
668 2608 825 2663 atque
848 2597 1178 2650 occurrentia
1205 2597 1387 2663 iuncto
1414 2607 1419 2611 '

144 2685 258 2739 Son
284 2687 418 2754 polo,
450 2699 713 2753 rupesque
738 2684 877 2747 vitri,
907 2681 1205 2753 siccamque
1228 2688 1487 2741 minantes

148 2774 228 2828 [‘er
245 2774 478 2842 scopulos
501 2773 752 2843 pluviam,
781 2773 981 2843 primus
1010 2775 1144 2841 pede
1164 2775 1354 2842 carpis,
1386 2783 1438 2843 et
1466 2773 1601 2828 idem

148 2864 340 2918 lubrica
366 2866 635 2933 praemisso
662 2862 839 2917 firmas
865 2865 1079 2932 vestigia
1104 2874 1279 2918 conto.

148 2954 361 3021 Ceperat
389 2956 453 3007 ad
480 2953 627 3019 rupis
652 2954 902 3015 medium,
925 2970 1040 3021 qua
1062 2955 1283 3008 maxima
1314 2953 1461 3008 turba
1484 2964 1586 3019 est,

147 3044 329 3098 lntcruo
355 3044 598 3112 squalere
619 3044 757 3112 gi-lu,
786 3045 921 3113 quod
944 3045 1078 3099 colle
1099 3046 1290 3112 supino

148 3132 349 3187 Arctatis
374 3134 620 3195 conclusa
646 3135 759 3197 viis,
790 3143 996 3203 reptare
1025 3134 1213 3203 rigenti

147 3221 239 3275 Non
264 3232 461 3291 primat
483 3223 715 3279 revoluta
737 3224 850 3278 solo
874 3243 886 3277 :
916 3226 1023 3278 fors
1051 3238 1183 3279 unus
1207 3223 1387 3278 abillo

148 3312 361 3378 Agmine,
386 3322 662 3367 canentem
689 3313 845 3382 cujus
872 3322 985 3367 rota
1013 3315 1233 3368 triverat
1263 3316 1469 3378 Istrum,

149 3402 394 3456 Exclamat
424 3421 437 3456 :
466 3403 684 3459 Gladios
710 3407 871 3473 malo,
898 3414 953 3459 et
978 3406 1213 3459 siilemtte
1237 3406 1411 3473 quieta

150 3491 284 3563 326
305 3491 452 3559 Quod
476 3492 639 3562 frigus
668 3494 734 3548 de
763 3502 935 3549 morte
961 3494 1133 3557 venit;
1164 3510 1277 3549 mea
1308 3504 1488 3564 torpor
1510 3497 1665 3551 inerti

151 3582 353 3648 Ietnbra
380 3586 554 3654 rigore
594 3584 754 3653 ligat;
783 3585 1009 3653 quodam
1047 3587 1173 3640 mihi
1203 3601 1395 3656 corpus
1423 3588 1664 3642 adustum

152 3671 357 3743 Frigoris
385 3676 505 3744 igne
527 3675 697 3744 perit;
726 3676 996 3744 sequimur
1021 3678 1137 3729 sine
1166 3676 1270 3730 line
1295 3677 1458 3731 labori

151 3760 407 3818 las-tantem
428 3763 709 3833 juvenem;
734 3763 970 3833 quisquis
992 3762 1309 3817 fortissimus
1336 3765 1421 3817 ille
1449 3772 1552 3827 est,

151 3922 327 3977 Pontici
356 3922 516 3977 maris
539 3921 605 3974 ad
628 3920 741 3974 lstri
764 3918 896 3973 ostia
918 3918 1289 3973 consederunt.
1322 3917 1515 3971 [lorum
1538 3931 1666 3984 ergo

152 3993 439 4045 seditionem
467 3990 738 4043 rebellium
765 3988 910 4041 caede
945 4001 1323 4054 compressam,
1353 3985 1665 4039 dissimilem

152 4059 247 4123 eius
266 4058 338 4112 ait
362 4058 521 4111 fuisse
537 4104 541 4107 τ
559 4072 679 4125 quae
707 4057 758 4110 in
785 4058 974 4109 castris
996 4056 1219 4110 Caesaris
1242 4054 1433 4125 accidit
1469 4054 1671 4108 deseri.

152 4129 372 4192 biturque
396 4142 425 4178 a
456 4123 667 4178 Lucano
710 4125 802 4178 lib.
827 4139 859 4176 v
886 4125 1193 4188 Pharsalici,
1218 4123 1336 4191 quia
1370 4124 1664 4177 Ctesariana

152 4196 352 4248 militum
380 4202 496 4248 erat
519 4194 895 4255 Romanorum,
918 4208 1136 4260 quorum
1163 4194 1373 4246 interitu
1394 4194 1508 4258 ejus
1527 4192 1668 4245 vires

153 4264 500 4317 minuebantur
526 4281 541 4315 '.
571 4263 683 4316 hac
704 4264 1066 4325 barbarorum,
1094 4275 1225 4329 quos
1243 4262 1550 4329 obsequium
1576 4263 1665 4316 dc-

155 4339 415 4385 lrectantes
454 4331 522 4385 ad
566 4333 787 4385 milituut
838 4343 1090 4385 terrorem
1137 4332 1287 4396 plecti
1314 4332 1550 4396 iuvabat.
1597 4331 1667 4383 Ita

156 4399 371 4466 "sontis,
415 4404 622 4455 tametsi
682 4403 735 4454 in
785 4400 1048 4469 Maioriani
1097 4400 1331 4454 exercitu
1376 4402 1672 4461 merebant,

156 4470 327 4526 milites
356 4486 461 4533 non
479 4479 665 4534 vocat;
694 4471 810 4537 quia
841 4470 1032 4523 milites
1052 4473 1262 4536 proprie
1289 4480 1407 4522 sunt
1430 4469 1670 4532 Romani,

156 4550 198 4590 et
226 4555 253 4592 a
289 4540 527 4595 barbaris
565 4539 903 4591 auxiliaribus
946 4538 1313 4605 ftederatisque
1351 4539 1676 4606 distinguun-

157 4614 229 4660 tur
253 4627 269 4665 ε
291 4619 346 4662 ιιι
372 4609 581 4662 novella
612 4608 955 4662 Valentiniani
996 4608 1062 4660 de
1098 4607 1304 4660 reddito
1345 4607 1465 4673 jure
1502 4622 1676 4660 armo-

159 4689 257 4746 rum
287 4694 303 4727 :
332 4675 575 4746 Magister
594 4677 805 4746 militum
832 4677 1132 4746 Sigist'ttllus
1154 4685 1256 4726 tant
1281 4677 1496 4727 militum
1520 4694 1673 4742 quant

158 4743 485 4808 [adth
513 4745 773 4796 tuitionem
793 4744 993 4796 urbibus
1013 4761 1071 4795 oc
1093 4745 1342 4797 littoribus
1363 4760 1461 4797 non
1481 4746 1673 4797 desinat

158 4812 390 4876 ordinare,
411 4822 467 4865 et
494 4812 741 4866 Sidonius
764 4814 874 4879 ipse
904 4814 1098 4879 passim
1127 4814 1176 4865 in
1203 4814 1459 4878 epistolis.

217 4887 242 4948 ἦ
276 4882 402 4934 liinc
422 4881 670 4948 cognosci
700 4891 887 4946 potest,
910 4882 1049 4948 quod
1071 4882 1221 4935 initio
1244 4882 1444 4947 prmlati
1470 4896 1675 4943 sumus,

160 4944 478 5016 Maiorianum
492 4944 771 5002 consulem
800 4944 942 5001 anno
972 4950 1079 5015 iant
1115 4944 1349 5002 vertente
1376 4952 1425 5001 in
1454 4950 1674 5002 Galliam

161 5017 366 5070 venisse.
408 5018 474 5070 Et
500 5031 627 5069 vero
650 5030 713 5069 ex
741 5016 854 5083 ejus
897 5019 1112 5071 novellis
1150 5028 1352 5071 constat
1389 5020 1542 5071 illum
1577 5018 1675 5069 Ra-

164 5097 314 5139 venna
343 5100 449 5139 non
491 5093 615 5138 ante
657 5084 774 5137 idus
811 5086 1137 5138 Novembres
1180 5087 1506 5139 discessisse.
1550 5086 1677 5149 Quse

163 5163 314 5209 autem
342 5154 576 5221 sequitur
602 5152 812 5221 Scytha:
842 5154 1021 5207 militis
1048 5157 1116 5207 ob
1142 5154 1323 5207 Cinisii
1368 5156 1560 5206 montis
1589 5156 1677 5221 (de

164 5221 405 5277 hoceoim
435 5222 634 5289 sermo)
663 5235 905 5284 saperum
951 5223 1067 5287 gelu
1108 5225 1473 5287 conquerentis
1509 5225 1679 5273 incre-

164 5292 305 5357 patio,
335 5306 425 5346 seu
452 5306 600 5360 gem:
629 5304 714 5343 res
732 5299 838 5360 est,
864 5305 952 5342 seu
984 5293 1096 5360 lictn
1125 5292 1172 5341 in
1198 5293 1411 5356 gratiam
1440 5290 1678 5355 Maioria-

165 5360 229 5424 ni,
249 5378 310 5416 eo
333 5359 554 5428 spectat,
584 5370 641 5413 ut
659 5359 916 5414 eximiam.
944 5360 995 5409 in
1021 5359 1108 5410 illo
1148 5360 1490 5425 imperatoria:
1520 5360 1679 5409 virtu-

166 5428 224 5482 tis
260 5432 481 5486 indolem
531 5430 874 5482 demonstret.
918 5428 1089 5491 Quare
1140 5442 1257 5479 eum
1307 5428 1483 5487 Attila,
1526 5443 1678 5490 quem

167 5499 395 5568 Arctoum
426 5514 602 5568 regem
647 5505 829 5568 vocat,
856 5496 1076 5568 aliisque
1097 5494 1356 5568 Scythicis
1386 5514 1415 5568 (ι
1438 5499 1504 5547 im
1532 5496 1676 5568 (ξεινί-

170 5565 253 5623 bus
274 5571 400 5638 suis,
428 5564 679 5624 adversus
706 5565 893 5634 frigora
921 5573 975 5619 et
1016 5565 1217 5618 labores
1245 5565 1463 5632 duratis,
1489 5580 1517 5617 a
1544 5564 1674 5631 Sryv

1751 1787 1954 1855 Frange
1978 1798 2150 1841 cutem
2182 1787 2455 1854 pendentis
2482 1802 2653 1855 aqum,
2680 1799 2703 1828 θ
2726 1790 3033 1858 scalptoque
3060 1793 3226 1847 levata

1749 1878 1827 1932 Sit
1856 1877 1947 1930 tibi
1977 1876 2185 1946 lympha
2212 1877 2426 1946 gradus,
2455 1887 2638 1947 turpes
2658 1877 2865 1946 depone
2891 1880 3163 1947 querelas;

1656 1966 1659 1969 ⁷
1751 1967 1867 2020 Otia
1896 1966 2059 2035 frigus.
2080 1966 2309 2022 habent:
2342 1968 2571 2036 nunquid
2599 1968 2727 2022 mihi
2759 1970 2992 2024 membra
3019 1970 3269 2025 biformis

1753 2056 1916 2126 llylrei
1948 2066 2129 2111 natura
2155 2058 2337 2111 dedit?
2366 2074 2489 2111 num
2518 2058 2744 2127 Pegasus
2766 2060 2868 2113 alis

1754 2146 1964 2212 Adiuvit
1991 2145 2242 2214 quidquid
2272 2146 2524 2219 gradior?
2554 2161 2854 2213 pennasque
2875 2148 3069 2202 volanti

1754 2236 1854 2291 Dat
1876 2235 2049 2288 Calais
2075 2234 2338 2303 Zetusque
2365 2236 2515 2297 mihi,
2541 2250 2696 2303 quem
2724 2237 2968 2304 ninguida
2996 2238 3169 2290 ceinis

1755 2326 2053 2380 Calcantetn
2079 2324 2186 2393 jant
2214 2325 2367 2378 dorsa
2393 2325 2539 2395 iugi?
2570 2340 2665 2379 vos
2691 2326 2881 2391 frigora
2911 2327 3189 2394 frangunt,

1760 2415 1865 2468 Vos
1890 2416 2075 2481 Alpes;
2101 2413 2315 2481 jamjam
2343 2414 2579 2467 studeam
2606 2428 2826 2483 pensare
2852 2417 3091 2483 pruinas,

1759 2503 2011 2559 distantem
2038 2502 2135 2555 sub
2162 2503 2313 2571 Syrte
2335 2501 2491 2556 dabo.
2522 2501 2612 2556 Sic
2638 2502 2843 2572 agmina
2870 2518 3001 2557 voce

1760 2594 1947 2662 Erigis,
1977 2593 2322 2663 exemploque
2350 2593 2510 2657 levas,
2540 2595 2844 2661 primusque
2870 2594 3079 2647 labores

1759 2687 1914 2756 327
1932 2685 2244 2752 Agim-deris
2264 2698 2599 2753 quoscunque
2614 2683 2797 2752 iubes;
2821 2694 2929 2738 tum
2945 2693 3136 2738 caetera
3156 2697 3304 2751 paret

1758 2776 1930 2829 Turba
1961 2776 2145 2836 libens,
2171 2775 2330 2827 servit
2358 2774 2581 2841 propriis
2610 2789 2728 2827 cum
2755 2774 2955 2842 legibus
2978 2784 3180 2827 auctor.

1831 2861 1857 2899 ιι
1882 2863 1982 2929 Qui
2013 2862 2101 2917 tibi
2134 2874 2383 2931 praeterea
2413 2864 2661 2927 comites,
2699 2872 3028 2930 quantusque
3055 2864 3307 2931 magister

1768 2953 1987 3014 Militiae,
2012 2961 2239 3005 vestrum
2270 2960 2385 3019 post
2409 2965 2501 3004 vos
2528 2950 2615 3019 qui
2646 2951 2895 3019 compulit
2920 2966 3128 3021 agmen,

1688 3013 1735 3074 C
1763 3045 1866 3100 Sed
1899 3013 2001 3097 non
2033 3013 2289 3096 invitunti
2317 3042 2505 3109 dignus
2528 3013 2615 3110 qui
2644 3013 2856 3096 cede-ret
2882 3013 2972 3097 uni

1762 3134 1907 3206 Sylla
1933 3134 2065 3197 acie,
2096 3133 2249 3200 genio
2279 3130 2490 3195 Fabius,
2522 3131 2712 3198 pietate
2742 3130 3002 3194 Metellus,

1760 3225 1961 3294 Appius
1987 3224 2216 3292 eloquio,
2248 3221 2298 3276 vi
2327 3220 2561 3285 Fulvius,
2590 3230 2708 3276 arte
2728 3220 3002 3274 Camillus.

1765 3326 1790 3353 ε
1811 3314 1866 3370 Si
1894 3313 2213 3383 praefecturae
2239 3318 2464 3380 quantus
2491 3310 2796 3364 moderetur
2825 3311 3081 3381 honorem

1768 3405 1857 3459 Vir
1878 3418 2104 3472 quaeras,
2134 3401 2304 3456 tendit
2333 3399 2538 3469 patulos
2564 3416 2662 3468 qua
2688 3399 2855 3454 Gallia
2883 3400 3035 3453 lines.
3104 3454 3105 3457 η

1765 3495 1866 3549 Vis
1902 3494 2081 3548 habuit
2108 3504 2284 3569 mores
2312 3491 2532 3554 simila,
2564 3491 2646 3545 cui
2680 3497 2813 3569 teste
2838 3502 3047 3555 senatu,

1768 3587 1823 3640 ln
1851 3600 1910 3640 se
1936 3586 2094 3637 etiam
2123 3591 2344 3636 tractum
2374 3582 2708 3636 commiserat
2732 3575 2915 3651 Ulpins
2943 3597 3148 3638 ensem.

1721 3746 1725 3751 ἢ
1765 3675 1863 3739 Qui
1888 3666 2051 3725 dictat
2077 3669 2235 3724 modo
2252 3668 2370 3737 jura
2398 3668 2567 3733 Getis,
2594 3670 2692 3722 sub
2718 3669 2895 3737 judice
2921 3678 3100 3747 vestro

1767 3764 1989 3819 Pellitos
2015 3774 2196 3815 ravum
2230 3772 2523 3826 praeconem
2551 3758 2770 3826 suscipit
2797 3744 2984 3813 hostis.

1729 3935 1733 3939 ε
1771 3916 1859 3969 tha
1890 3919 2240 3971 comparatur.
2278 3906 2900 3977 Atthiiorianusilrliciti
2922 3908 3128 3977 l'arbari
3159 3908 3303 3971 igua-

1766 3986 1905 4037 viam
1933 3982 2128 4043 ridens,
2162 3985 2280 4045 post
2304 3976 2549 4045 hibernas
2576 3975 2782 4043 Alpium
2826 3975 3059 4044 pruinas,
3092 3977 3302 4031 astiviis

1764 4052 2019 4122 Syrtium,
2040 4065 2147 4107 uno
2166 4044 2420 4122 tendebat
2444 4044 2679 4122 ardores,
2707 4048 2805 4099 hoc
2835 4055 2918 4100 est
2956 4055 3069 4112 post
3088 4058 3302 4102 summa

1766 4112 1956 4178 frigora
1985 4112 2217 4172 summos
2241 4117 2445 4167 calores
2470 4112 2723 4178 praedicit.

1868 4138 1956 4173 ora
1985 4138 2217 4172 summus
2241 4138 2445 4167 catum
2470 4138 2723 4178 precatur.

1831 4138 1865 4229 ﬁ
1906 4190 1958 4241 Ιιι
1984 4185 2239 4256 aliquibus
2261 4183 2601 4256 editionihuf,
2621 4182 2665 4235 Α
2683 4182 2874 4256 ereptis.

1842 4270 1865 4299 ε
1890 4252 2087 4311 Savaro
2114 4264 2167 4309 et
2192 4252 2446 4315 Labbeus,
2474 4254 2759 4318 scalptoque
2784 4255 2993 4320 ﬂuento.

1842 4327 1868 4365 ἀ
1896 4326 2152 4394 Principis
2196 4323 2442 4394 laudibus
2480 4322 2638 4388 trium
2675 4321 2789 4394 eius
2829 4321 3077 4394 comitum
3102 4320 3307 4394 laudes

1773 4398 2037 4462 adiungit,
2076 4390 2311 4461 magistri
2340 4392 2561 4462 militum
2583 4430 2609 4462 ,_
2646 4390 2872 4462 praefecti
2903 4390 3151 4456 prattorio
3181 4391 3308 4462 Gal-

1773 4459 1983 4527 liarum,
2026 4473 2077 4517 et
2107 4459 2249 4516 Petri
2273 4460 2504 4529 magistri
2528 4459 2864 4529 epistolarum
2902 4475 2917 4512 :
2957 4474 3111 4527 quem
3139 4460 3309 4513 solum

1776 4536 2048 4597 nominat,
2090 4532 2156 4585 de
2193 4531 2309 4583 aliis
2346 4527 2558 4595 quinam
2599 4527 2793 4582 fuerint
2827 4528 3187 4581 divinandum.
3234 4529 3311 4582 De

1774 4606 2022 4671 magistro
2049 4602 2189 4654 enim
2220 4597 2438 4671 militum
2467 4601 2627 4664 qttmri
2656 4605 2846 4671 potest,
2874 4611 2978 4671 _an_
2996 4597 3310 4671 Ricimerem

1774 4664 2058 4739 itttevltigat,
2089 4666 2579 4739 quem‘magistrum
2610 4668 2828 4739 militum
2853 4666 2925 4739 in
2966 4664 3106 4716 Italia
3150 4664 3312 4739 fuisse

1775 4734 1967 4795 docenti
1994 4734 2213 4791 novella:
2234 4735 2551 4800 Maioriani;
2585 4750 2648 4786 an
2680 4735 3047 4799 Nepotianum,
3078 4734 3166 4801 qui
3195 4748 3311 4801 maf-

1773 4804 1933 4876 gister
1977 4808 2194 4859 militum
2244 4804 2347 4858 hoc
2396 4805 2687 4870 itetnauno
2732 4804 2782 4857 itt
2813 4802 2976 4856 Gallia
3016 4803 3205 4855 dicitur
3244 4800 3314 4854 ab

1775 4878 1940 4932 ldatio
1966 4883 2162 4926 nostro.
3317 4902 3319 4904 .

1848 4958 1871 4983 ο
1893 4945 1989 5010 Qui
2021 4941 2268 4995 Basilium
2297 4940 2601 5007 przrfectnm
2641 4938 2884 5010 praetorio
2912 4938 3187 5010 signitic.tri
3217 4951 3312 4999 pu-

1776 5008 1932 5077 tant,
1960 5029 2058 5063 non
2090 5010 2507 5075 animadvertunt
2536 5010 2791 5077 Basilium_
2812 5008 2968 5059 Itali;e
3009 5008 3307 5077 praefectum

1776 5074 1963 5143 fuisse;
2011 5080 2095 5132 hic
2123 5094 2247 5132 vero
2274 5080 2358 5147 agi
2385 5074 2452 5131 de
2485 5080 2732 5142 prmfecto
2763 5075 3066 5147 Galliarum.
3106 5074 3312 5147 Certior

1777 5154 1996 5205 fortasse
2042 5143 2341 5219 conjectura
2377 5148 2527 5217 125
2579 5148 2727 5199 fuerit
2772 5146 2839 5197 de
2889 5143 3313 5219 Magno-Narbo-

1778 5220 1946 5281 nensi,
1978 5209 2620 5288 cujus'pruafecttirﬁe'jam
2646 5223 2841 5288 erecta!
2872 5209 3229 5288 πινιιιίηἱιηῐι.
3260 5225 3313 5288 I,

1776 5278 2055 5355 epistfll;
2080 5286 2129 5336 in
2157 5278 2314 5351 epulo
2344 5278 2647 5355 hlajoriani,
2694 5283 2789 5333 hoc
2828 5292 2906 5333 est
2942 5278 3165 5355 triennio
3195 5287 3315 5344 post

1779 5348 1915 5408 hunc
1946 5348 2331 5421 panegyricum.
2385 5348 2837 5421 Gothorumvero
2879 5364 3015 5421 rex,_
3045 5348 3154 5421 qui_
3182 5361 3315 5411 pnu-

1776 5414 1966 5545 fectuir'li
1994 5414 2130 5541 ἰιὲᾱὲ
2152 5422 2508 5487 reverebatur,
2532 5418 2888 5493 Theodericus
2906 5416 3101 5484 iunior,
3125 5414 3190 5469 de
3212 5429 3319 5483 quo

1777 5502 1943 5545 θυιδιο
1966 5506 2009 5543 a'
2065 5527 2079 5543 .

1777 5494 2009 5561 epistola'
2023 5494 2079 5543 2.
