3818 6226
54 303 132 356 ﬁxi

53 413 264 477 Quaerere
292 411 405 479 plus
436 413 709 478 homines;
745 413 865 467 tidit
893 409 942 468 te
962 404 1206 482 frangere
1230 413 1452 478 Leucas,

50 502 166 555 Trux
191 503 434 570 Auguste,
460 503 702 568 Pharon;
729 503 848 557 dum
878 504 1130 558 classicus
1154 505 1296 558 Actia
1319 505 1470 559 miles

49 589 213 658 Stagna
232 591 417 656 quatit,
446 591 782 660 profugisque
806 591 965 646 bibax
993 591 1249 647 Antonius
1267 594 1429 647 armis

49 681 278 734 incestam
306 687 496 735 vacuat
524 682 693 748 patrio
720 682 1055 737 Ptolemzeida
1083 698 1264 752 regno.

47 770 255 838 Cumque
284 771 428 838 prius
451 784 700 838 quererer
722 771 905 826 stricto
931 772 994 827 de
1021 772 1235 827 cardine
1260 774 1458 839 mundi,

46 859 151 912 Sum
180 859 329 913 limes
360 874 499 913 nunc
527 860 636 928 ipsa
661 859 809 913 mihi.
835 861 960 914 Pius
989 876 1193 916 summe
1218 863 1457 928 deorum,

45 950 152 1002 Sum
169 949 308 1018 justo
339 949 431 1002 tibi
460 951 569 1002 visa
598 961 801 1017 petens,
829 951 967 1018 quod
999 952 1272 1006 Parthicus
1301 955 1438 1006 uitro

44 1049 61 1074 ⁸
91 1040 320 1093 Restituit
345 1055 462 1093 mea
484 1039 630 1108 signa
658 1054 836 1108 pavor,
869 1043 1138 1108 positaque
1160 1042 1289 1095 tiara

45 1128 226 1183 Funera
252 1127 562 1183 Crassorum
586 1128 745 1193 ﬂevit,
772 1129 894 1184 dum
921 1142 1125 1200 purgat,
1157 1140 1210 1185 et
1227 1132 1348 1186 hinc
1365 1133 1492 1200 jam,

45 1217 160 1270 l‘roh
183 1217 339 1271 dolor
355 1219 368 1270 !
387 1231 608 1272 excusso
631 1218 804 1287 populi
822 1217 941 1287 jure
967 1229 1124 1288 atque
1153 1229 1390 1285 senatus,

41 1306 165 1370 Quod
194 1307 361 1370 timui,
405 1305 600 1361 incurri
631 1321 646 1360 :
675 1321 792 1362 sum
824 1316 929 1362 tota
954 1309 1004 1362 in
1041 1310 1298 1378 principe,
1332 1319 1439 1364 tota

41 1396 291 1464 Principis,
323 1405 380 1450 et
407 1397 477 1451 fio
497 1396 727 1452 lacerum
757 1399 823 1452 de
847 1395 1058 1453 Caesare
1084 1414 1325 1468 regnum,

40 1485 141 1548 Qua:
165 1484 424 1553 quondam
452 1487 630 1553 regina
651 1485 743 1541 fui.
767 1485 1100 1556 Capreasque
1121 1487 1320 1552 Tiberi,

43 1577 90 1628 Et
110 1575 294 1644 caligas
314 1575 449 1641 Caii,
473 1576 655 1632 Claudi
677 1584 898 1632 censura
919 1590 1094 1632 secuta
1120 1587 1217 1642 est,

41 1664 91 1716 Et
116 1666 184 1718 rir
210 1673 382 1720 morte
409 1665 548 1720 Nero
575 1669 729 1720 tristi.
765 1665 954 1721 Pisone
977 1666 1260 1721 verendum

40 1753 223 1808 Galbam
246 1756 445 1810 sternis
470 1754 629 1820 Otho,
658 1755 874 1821 speculo
906 1755 994 1823 qui
1032 1755 1250 1823 pulcher
1275 1753 1456 1809 haberi

40 1839 146 1897 Dum
172 1856 372 1913 captas,
402 1861 502 1916 ego
529 1847 696 1915 turpis
721 1858 864 1901 eram
891 1863 904 1900 :
934 1847 1065 1901 mihi
1096 1846 1237 1901 foeda
1260 1846 1436 1901 Vitelli

39 1934 187 1989 intulit
211 1936 470 2006 ingluvies
492 1947 753 2002 ventrem,
787 1938 875 2007 qui
899 1948 1133 2007 tempore
1160 1953 1322 2008 parvo

43 2023 250 2091 izegnans
268 2039 394 2079 sero
421 2026 582 2094 perit;
610 2026 801 2081 lassam
831 2040 949 2096 post
978 2027 1206 2098 inclytus
1225 2027 1387 2081 armis

41 2111 169 2182 334
192 2111 547 2184 Vespasianus
569 2115 747 2172 habet.
770 2117 918 2172 Titus
944 2116 1097 2171 hinc:
1121 2128 1240 2186 post
1267 2117 1404 2171 hunc
1431 2131 1559 2186 quo-

1154 2205 1276 2276 [que
1307 2206 1485 2258 frater.

41 2286 138 2342 Post
156 2304 305 2358 quem
339 2291 654 2361 tranquillus
674 2291 758 2346 vix
781 2307 866 2349 me
891 2293 1016 2348 mihi
1045 2294 1264 2348 reddere
1286 2293 1454 2348 Nerva

44 2376 198 2448 Capit,
222 2380 473 2451 adeptivo
501 2382 667 2436 factus
687 2382 752 2438 de
780 2384 986 2438 Caesare
1003 2383 1188 2453 major.

43 2465 190 2538 liipius
216 2471 338 2528 inde
361 2472 525 2536 venit,
553 2488 656 2542 quo
681 2471 958 2528 formidata
988 2473 1273 2529 Sicambris

41 2556 286 2626 Agrippina
315 2558 435 2625 luit,
465 2559 640 2624 fortis,
662 2560 798 2628 pius,
828 2561 1049 2630 integer,
1075 2576 1216 2616 acer.

41 2641 186 2698 Talem
206 2656 357 2715 capta
384 2661 593 2716 precor.
626 2646 906 2715 Trajanum
936 2648 1114 2703 nescio
1142 2650 1185 2702 si
1215 2649 1334 2718 quis

39 2730 327 2800 Equiparet,
356 2735 414 2788 ni
441 2734 549 2788 fors
572 2719 762 2788 iterum
794 2743 871 2801 tu,
897 2733 1088 2802 Gallia,
1121 2737 1316 2803 mittas,

40 2822 113 2886 Qui
137 2826 319 2880 vincat.
346 2826 618 2898 Lacrymaa
647 2841 830 2881 vocem
860 2827 1101 2883 clausere
1125 2829 1410 2896 precantis,

41 2913 88 2967 Et
106 2915 334 2985 quidquid
366 2927 614 2988 superest
643 2918 813 2972 luctus
842 2932 1011 2989 rogat.
1044 2919 1286 2988 Undique
1313 2920 1432 2973 cmli

39 3002 287 3076 Assurgunt
323 3022 598 3077 proceres,
641 3007 799 3072 Mars,
836 3007 1044 3080 Cypris,
1077 3008 1351 3073 Romulus,
1380 3015 1433 3062 et
1462 3006 1549 3075 qui

39 3095 253 3150 Auctores
273 3097 365 3149 tibi
397 3096 566 3149 Roma
593 3096 705 3150 dei:
732 3096 840 3164 jam
874 3098 1050 3151 mitior
1080 3097 1190 3164 ipsa

39 3179 264 3252 Flectitur,
293 3195 452 3255 atque
482 3185 587 3240 iras
617 3194 820 3240 veteres
846 3186 1091 3241 Saturnia
1118 3187 1299 3240 donat.

41 3271 291 3345 biuppiter
319 3277 421 3330 ista
453 3275 654 3329 refert:
685 3273 870 3328 Fatum
899 3291 1000 3342 quo
1030 3287 1211 3328 cuuc:a
1239 3283 1506 3342 reguntur,

40 3361 217 3432 Quoque
243 3381 362 3434 ego,
396 3380 506 3420 non
529 3363 673 3418 licuit
694 3363 896 3432 frangi;
921 3373 1001 3417 sat
1022 3363 1160 3416 celsa
1185 3361 1426 3416 laborant

39 3453 232 3522 Semper,
253 3466 308 3510 et
327 3455 497 3510 elatas
524 3460 707 3507 nostro
735 3451 802 3507 de
831 3465 1046 3505 munere
1071 3452 1209 3505 vires

41 3548 58 3576 ι
79 3541 236 3597 invidit
255 3542 470 3598 fortuna
495 3542 630 3606 sibi;
659 3542 752 3597 sed
784 3543 1002 3610 concipe
1031 3555 1246 3611 magnos

41 3626 293 3700 Quanquam
322 3631 490 3686 fracta
516 3631 737 3686 animos.
763 3632 817 3685 Si
859 3640 908 3686 te
939 3631 1202 3685 Porsenna
1232 3631 1405 3685 soluto

41 3713 131 3770 Plus
155 3720 394 3775 timuitde
423 3730 583 3789 ponte
608 3729 856 3785 tremens,
885 3721 929 3775 si
965 3721 1155 3775 mtenia
1186 3730 1335 3790 capta

41 3799 123 3858 llox
143 3806 319 3864 Brenni
350 3811 537 3865 videre
565 3809 768 3879 fugam;
799 3813 839 3865 si
865 3813 1090 3882 denique
1117 3812 1284 3866 dirum

41 3893 324 3968 Annibalem,
350 3898 539 3968 juncto
567 3909 721 3952 terra:
748 3901 972 3969 cmiique
1002 3902 1248 3964 tumultu,

45 3975 352 4051 lleppulimus,
378 4002 500 4040 cum
531 3995 696 4040 castra
729 3989 830 4040 tuis
851 3989 956 4055 jam
981 3991 1218 4057 proxima
1250 3990 1412 4042 muris

42 4067 225 4137 litarent,
251 4075 456 4130 Collina
483 4075 675 4129 fulmen
703 4091 797 4143 pro
826 4086 968 4130 turre
997 4080 1244 4142 cucurrit,

42 4159 290 4226 Atque‘illic
318 4165 510 4219 iterum
536 4164 709 4218 timuit
735 4174 916 4219 natura
950 4177 1222 4234 paventem

41 4247 132 4303 Post
151 4250 415 4322 Phlegram
449 4268 678 4323 pugnare
707 4255 924 4319 Jovem;
951 4258 1209 4324 torpentia
1240 4258 1363 4312 tolle

1412 278 1730 364 tantum.

1562 392 1567 397 ’
1583 420 1632 480 Α
1663 414 1904 483 Lumina,
1937 414 2197 470 detersam
2219 428 2447 473 mentem
2476 419 2644 487 caligo
2674 420 2950 491 re'inqnat.

3090 311 3194 364 682

1663 505 1738 558 Te
1766 505 1955 559 mirum
1984 514 2066 560 est
2092 506 2261 560 vinci:
2293 507 2508 574 incipies
2535 523 2651 562 cum
2681 509 2910 574 vincere.
2940 511 3132 568 mirum

1663 593 1775 648 Non
1802 596 1922 659 erit,
1943 604 2106 664 utque
2128 596 2218 651 tibi
2238 606 2408 664 pateat
2436 612 2539 665 quo
2560 599 2774 666 surgere
2797 600 3010 655 tandem

1666 684 1822 737 Fessa
1854 684 2010 738 modo
2037 686 2225 753 possis,
2260 686 2438 753 paucis
2458 700 2734 754 cognosce,
2761 687 2984 741 docebo.

1733 771 1759 810 δ
1791 775 1881 828 Est
1903 775 2052 843 mihi,
2079 791 2192 844 qua:
2222 775 2369 830 Latio
2390 791 2447 830 se
2473 777 2725 845 sanguine
2756 779 2888 831 tollit
2911 779 3199 845 alumnam,

1664 859 1841 915 Tellus
1861 864 1999 916 clara
2025 865 2171 926 viris,
2203 864 2284 918 cui
2314 879 2416 918 non
2447 865 2592 919 dedit
2616 867 2808 934 optima
2839 867 3096 936 quondam

1662 949 1816 1020 335
1847 952 2038 1005 Rerum
2064 952 2234 1021 epifex
2261 962 2445 1008 natura
2473 970 2681 1023 parem;
2711 956 2965 1011 fecundus
2988 957 3057 1010 ab
3075 958 3205 1014 urbe

1664 1038 1830 1092 Poilet
1857 1053 2000 1107 ager,
2032 1041 2200 1107 primo
2227 1042 2314 1108 qui
2339 1042 2418 1095 vix
2449 1044 2738 1110 proscissus
2759 1048 2976 1110 aratro,’

1662 1125 1877 1182 Semina
1901 1126 2045 1180 tarda
2072 1128 2197 1192 sitit,
2229 1130 2308 1183 vel
2339 1130 2633 1184 luxuriante
2648 1131 2873 1199 iuvenco

1664 1215 1865 1270 Arcana
1896 1217 2114 1284 exponit
2144 1219 2340 1286 piceam
2364 1219 2676 1289 pinguedine
2697 1222 2925 1291 glebam.

1663 1306 1966 1362 Assurrexit
1991 1308 2129 1372 huic,
2161 1311 2304 1363 coxit
2325 1311 2462 1378 quod
2494 1311 2722 1365 torridus
2746 1312 2957 1380 Auster,

1663 1395 1916 1448 Niliacum
1943 1395 2299 1465 Libycumque
2325 1399 2528 1463 solum;
2559 1400 2849 1470 collataque
2874 1415 3082 1471 semper

1662 1482 1820 1536 Arida
1848 1476 2136 1552 Mygdoniae
2154 1484 2465 1538 damnarunt
2487 1486 2712 1555 Gargara
2743 1488 2924 1544 falces.

1661 1569 1863 1636 Apulus
1889 1579 1941 1624 et
1969 1569 2190 1626 Calaber
2213 1574 2408 1626 cessit:
2440 1587 2562 1641 spes
2593 1577 2742 1629 unica
2772 1592 2965 1646 rerum,

1665 1658 1830 1722 Hanc,
1853 1663 2109 1726 Arverne,
2131 1662 2331 1728 colens,
2363 1664 2486 1717 nulli
2512 1664 2641 1731 pede
2668 1667 2808 1720 cedit
2829 1670 2880 1720 in
2907 1670 3098 1734 armis,

1589 1749 1634 1808 B
1663 1745 1884 1814 Quosvis
1906 1749 2068 1804 vincis
2093 1765 2228 1818 equo
2256 1769 2266 1802 :
2300 1754 2445 1806 testis
2468 1749 2594 1807 mihi
2620 1754 2842 1809 Cmsaris
2861 1766 2978 1810 esto

1663 1840 1759 1894 llic
1786 1841 2001 1893 nimium
2027 1841 2252 1896 Fortuna
2284 1858 2497 1911 pavens,
2527 1860 2644 1899 cum
2669 1847 2800 1901 colle
2823 1848 3064 1916 repulsus

1662 1928 1950 2000 Gergoviae,
1983 1933 2170 1986 castris
2192 1934 2338 1987 miles
2365 1935 2447 1988 vix
2478 1937 2668 1990 re5titit
2696 1937 2841 2005 ipsis.

1661 2019 1767 2073 llos
1795 2035 1891 2088 ego
1915 2029 2018 2074 tam
2052 2021 2210 2076 fortes
2241 2025 2401 2086 volui,
2429 2025 2522 2080 sed
2550 2025 2739 2080 cedere
2757 2027 2967 2081 Avitum

1662 2108 1791 2162 Dum
1824 2109 1916 2163 tibi
1947 2110 2108 2163 Roma
2137 2126 2289 2180 paro;
2316 2114 2495 2166 rutilat
2518 2114 2599 2168 cui
2622 2117 2846 2169 maxima
2868 2116 3062 2170 dudum

1657 2197 1943 2252 Stemmata
1970 2201 2298 2267 complexum
2323 2217 2566 2271 germen;
2598 2205 2824 2273 palmata
2846 2209 3078 2262 cucurrit

1656 2287 1757 2341 Per
1788 2302 2031 2354 proavos,
2053 2291 2324 2357 gentisque
2361 2305 2490 2355 sum,
2515 2302 2565 2346 te
2596 2302 2747 2360 teste,
2787 2295 3039 2366 Philagri,

1657 2374 1908 2428 Patricius
1938 2378 2234 2444 resplendet
2259 2392 2412 2447 apex.
2445 2381 2546 2434 Sed
2575 2385 2744 2449 portio
2763 2396 2953 2452 quanta
2978 2398 3060 2440 est

1657 2463 1777 2518 ιιωε
1807 2464 2016 2519 laudum
2049 2466 2260 2522 laudare
2285 2471 2499 2537 patres?
2518 2485 2650 2539 quos
2670 2472 2865 2541 quippe
2887 2477 3094 2531 curules

1658 2555 1720 2607 Et
1751 2556 2084 2622 praefecturas
2103 2569 2309 2612 constat
2332 2559 2522 2616 debere
2546 2564 2742 2631 nepoti.

1654 2637 1790 2697 Sunt
1815 2644 1952 2710 aliis,
1980 2659 2072 2713 per
2092 2660 2219 2714 quos
2246 2660 2304 2701 se
2329 2649 2606 2718 posthuma
2635 2650 2799 2719 jactet
2822 2653 2990 2722 origo,

1655 2734 1719 2786 Et
1747 2732 1975 2800 priscum
2008 2735 2168 2790 titulis
2192 2746 2438 2792 numeret
2469 2748 2494 2776 ο
2522 2754 2688 2808 genus
2712 2742 2863 2809 alter,
2885 2741 3055 2808 Avite,

1653 2822 1904 2877 Nobilitas
1927 2832 1981 2877 tu
2010 2823 2155 2878 solus
2182 2839 2325 2879 avos.
2359 2826 2507 2882 Libet
2537 2829 2695 2882 edere
2719 2831 2850 2884 tanti

1653 2913 1810 2968 Gesta
1839 2914 1956 2977 viri,
1978 2923 2031 2968 et
2060 2913 2278 2982 primam
2303 2917 2480 2984 paucis
2509 2931 2819 2985 percurrere
2847 2922 3028 2976 vitam.

1721 3001 1961 3055 Solverat
1991 3003 2042 3056 in
2074 3012 2276 3071 partum
2306 3019 2557 3084 generosa
2586 2992 2847 3076 puerpera
2864 3009 2999 3064 casti

1511 3141 1514 3144 λ
1576 3083 1620 3144 C
1654 3092 1862 3147 Ventris
1892 3106 2059 3148 onus:
2091 3092 2366 3149 manifesta
2393 3083 2539 3168 dedit
2571 3111 2690 3151 mox
2720 3097 2865 3166 signa
2898 3098 3057 3155 futuri

1650 3181 1926 3250 Principis,
1958 3197 2018 3236 ac
2044 3191 2203 3236 totam
2234 3183 2400 3238 fausto
2426 3173 2611 3253 trepidi
2636 3186 2795 3255 patris
2814 3187 2985 3242 aulam

1651 3270 1864 3337 implevi
1896 3275 2144 3338 augurio;
2177 3271 2299 3325 licet
2330 3271 2465 3325 idem
2499 3275 2712 3340 grandia
2743 3278 2850 3328 nati

1650 3357 1896 3423 Culparet
1925 3358 2048 3420 fata,
2076 3365 2130 3410 et
2159 3359 2302 3423 pueri
2325 3359 2429 3425 jam
2463 3375 2621 3424 regna
2653 3361 2874 3416 videret.

1651 3446 1754 3501 Sed
1783 3447 1882 3500 sibi
1912 3446 2250 3500 commissum
2280 3457 2424 3500 tanto
2447 3449 2542 3502 sub
2571 3451 2787 3518 pignore
2811 3465 3035 3508 cernens

1647 3536 1821 3589 Mundi
1850 3535 2164 3604 depositum,
2191 3551 2256 3589 ne
2277 3537 2400 3605 quid
2432 3536 2522 3590 tibi
2550 3538 2713 3590 ltoma
2738 3551 2948 3607 periret,

1647 3626 1805 3696 336
1831 3625 1970 3679 Juvit
1989 3625 2252 3679 fortunam
2281 3627 2457 3700 studio
2483 3646 2493 3679 :
2519 3628 2762 3682 lactentia
2794 3632 3019 3699 primum

1647 3717 1876 3769 Membra
1905 3716 2049 3770 dedit
2083 3716 2312 3779 nivibus,
2335 3715 2660 3785 glaciemque
2696 3718 2714 3753 ί
2741 3719 2976 3788 irrepere
3000 3721 3190 3789 plantis

1645 3808 1825 3870 «Ιιιδείῑ,
1852 3816 1904 3861 et
1927 3807 2129 3860 attritas
2154 3821 2369 3874 parvum
2399 3806 2571 3861 ridere
2600 3808 2833 3874 pruinas.

1647 3901 1929 3962 Surgentes
1950 3897 2072 3948 anni
2101 3896 2258 3948 Musis
2287 3895 2597 3959 formantur,
2625 3905 2676 3950 et
2704 3897 2794 3949 illo

1644 3988 1758 4051 Quo
1786 3986 2040 4039 Cicerone
2067 3993 2218 4038 tonas
2245 4001 2258 4036 :
2286 3984 2467 4037 didicit
2495 4000 2702 4053 quoque
2725 3987 2859 4040 facta
2886 3997 3092 4042 tuorum

1646 4081 1778 4130 Ante
1808 4080 1995 4130 ducum
2019 4093 2032 4140 ;
2060 4075 2238 4129 didicit
2261 4089 2478 4144 pugnas,
2511 4075 2748 4143 libroque
2777 4079 2960 4146 relegit

1645 4167 1768 4233 Qua:
1791 4176 2000 4236 gereret
2028 4177 2245 4233 campo;
2273 4166 2470 4233 primus
2495 4167 2579 4218 vix
2615 4176 2850 4233 coeperat
2877 4184 2996 4223 esse

1645 4258 1719 4310 Ex
1750 4257 1944 4310 infante
1969 4271 2118 4325 puer,
2152 4257 2384 4310 rabidam
2415 4271 2531 4310 cum
2560 4256 2694 4311 forte
2720 4261 2951 4313 cruentis

88 4410 350 4490 'Quidam,
387 4425 449 4470 ut
486 4425 608 4470 ante
650 4417 849 4490 monui,
887 4416 1075 4490 Sapor,
1115 4427 1169 4490 ut
1214 4433 1318 4490 pro
1355 4420 1538 4487 quovis
1567 4417 1618 4480 D
1643 4417 1853 4490 aeribus
1885 4416 2119 4490 infestam
2144 4431 2258 4490 esse
2285 4419 2373 4470 ait.
2401 4418 2615 4471 invidia:
2636 4435 2762 4488 ergo
2789 4425 3026 4490 imputat,
3048 4424 3188 4490 qunti

40 4473 298 4554 Parthorum
336 4473 472 4554 rege
509 4496 748 4553 ponatur.
796 4473 1042 4540 Restituit
1065 4473 1227 4540 'enim'
1268 4473 1531 4542 Phraates.

42 4544 195 4626 ﬂorem
215 4568 338 4609 vero
364 4544 624 4623 ponendae
655 4557 801 4626 tiara:
826 4556 893 4626 ἱιι⁸
917 4557 1152 4624 supplice
1181 4559 1322 4610 cultu
1358 4573 1534 4625 regum

41 4623 297 4693 tiaratorum
326 4626 620 4693 expressit
665 4625 819 4678 etiam
864 4623 1050 4680 Cicero
1096 4641 1189 4693 pro
1231 4623 1439 4686 Sextio,
1486 4637 1536 4678 et

41 4682 298 4768 Plutarch
322 4692 376 4747 in
404 4682 655 4768 Pompeio
672 4694 996 4768 _de'i‘igrane
1021 4714 1032 4746 :
1054 4682 1144 4768 ξίὲιὶ
1165 4696 1300 4754 τέλος
1324 4699 1388 4753 ὡς
1410 4682 1534 4768 ἦρός

43 4753 152 4838 αιξτὸν
164 4755 265 4838 ἦξρι
291 4753 560 4838 ξομπήῐονζ
584 4753 872 4833 ἀφελόμενοῖ-
897 4769 981 4822 τὴν
1005 4763 1191 4836 κίδαριν
1213 4753 1413 4838 ὥρμησε
1441 4753 1536 4837 ἱερὰ

41 4826 112 4874 τίη
130 4825 272 4880 ποδῶν
295 4825 472 4886 Gaium.

92 4886 388 4965 ‘lleliquum
437 4913 623 4964 poema
655 4897 706 4951 in
739 4899 882 4954 Jovis
918 4901 1154 4955 oratione
1182 4902 1534 4965 consumitur,

41 4958 319 5036 “ﬂlupiler
338 4958 454 5032 ipse
480 4968 735 5034 designati
767 4984 792 5020 a
822 4985 878 5021 se
912 4972 1156 5036 principis
1184 4971 1366 5023 laudes
1387 4958 1536 5023 exse-'-

45 5031 454 5104 ιιυὶιιιεηςὶιιςνᾴυε
495 5031 736 5104 patriam,
773 5031 954 5104 genus,
1002 5031 1404 5096 institutionem.
1451 5055 1532 5089 res

45 5105 140 5175 1498
155 5095 384 5175 bullaque
412 5095 612 5175 gestas,
649 5095 850 5173 impevrii
882 5095 1105 5175 denique
1133 5123 1160 5160 a
1192 5108 1353 5162 Gallis
1379 5095 1532 5158 delati

45 5160 248 5218 nimia
273 5160 544 5224 describit.

97 5239 114 5268 ε
139 5233 462 5311 Aliinatura,
503 5239 595 5292 sed
643 5239 769 5292 illud
797 5243 989 5295 rectius
1027 5253 1170 5310 puto.
1204 5244 1427 5311 Elegans
1456 5242 1533 5292 rii-

45 5305 169 5382 Slllm:
192 5303 666 5382 Iagnarumppum
698 5311 902 5382 eversio
928 5303 1113 5364 aliena:
1144 5303 1532 5382 vulgovtnvidia:

47 5367 162 5423 lllbtli
184 5367 327 5427 Iolét.
350 5367 702 5440 Apollodorus
721 5379 979 5430 comicus:

121 5452 235 5526 πρᾷς.
255 5454 429 5526 Ἰάϐτδ
462 5453 685 5526 λαμπρξν
714 5453 930 5526 Aram;
957 5457 1203 5524 βιάζεται.

121 5520 289 5592 We
313 5520 584 5581 δ’ἕκιὶνοὺς
603 5520 693 5582 ὀὓς
720 5520 781 5577 ἄν’
798 5520 990 5592 ύψὼσέι
1019 5520 1178 5593 eum.

47 5586 243 5654 Sldonius
264 5599 521 5654 fortunam
565 5600 727 5666 ipsam
758 5586 854 5654 sibi
895 5586 1145 5670 invidere,
1180 5604 1386 5670 suisque
1416 5616 1526 5656 tnu-

266 5690 526 5750 Parma.
572 5687 762 5749 LVlii

1645 4488 1703 4540 P.
1727 4486 1891 4566 Syrus
1915 4488 2106 4567 levitati
2130 4505 2140 4537 :
2181 4487 2342 4552 Levis,
2369 4490 2564 4554 inquit,
2599 4500 2670 4540 est
2696 4486 2897 4558 fortuna
2924 4504 2944 4540 :
2974 4486 3078 4541 cito'
3107 4507 3185 4544 rc-

1642 4557 1797 4626 poscit
1817 4557 1950 4624 quod
1973 4557 2126 4608 dedit.

1711 4641 1736 4680 ἀ
1768 4643 1906 4696 Aviti
1939 4642 2121 4708 patria,
2173 4643 2412 4694 Arverni.
2459 4642 2740 4709 Gregorius
2771 4645 2964 4696 Turon.
2996 4647 3087 4699 lib.
3123 4663 3182 4706 tt,

1641 4713 1696 4765 11
1726 4729 1738 4763 :
1770 4715 1941 4762 Auitus
1965 4726 2090 4760 unus
2120 4727 2180 4761 ea:
2206 4710 2530 4780 senatoribus,
2553 4720 2671 4762 etut
2699 4712 2840 4763 valde
2867 4716 3185 4780 manifestum

1638 4791 1729 4843 est,
1757 4781 1875 4831 civis
1904 4780 2171 4829 Arvernus.
2207 4779 2257 4828 in
2277 4778 2527 4829 Arvernis
2555 4779 2657 4830 duo
2688 4782 2853 4832 laudat
2884 4801 2894 4834 :
2919 4778 3018 4836 soli
3043 4785 3185 4838 ferti~

1637 4851 1854 4911 litatetn,
1883 4846 1949 4898 de
1977 4860 2074 4908 qua
2105 4847 2296 4897 dictum
2326 4845 2411 4896 lib.
2447 4861 2516 4907 tv,
2547 4849 2699 4914 epist.
2729 4853 2816 4913 21,
2849 4864 2900 4904 et
2940 4854 3178 4906 bellicam

1636 4920 1898 4993 virtutem,
1933 4915 2081 4993 cujus
2113 4923 2270 4993 testes
2299 4914 2454 4993 etiam
2480 4915 2676 4993 Graeci,
2697 4923 2882 4993 quibus
2907 4923 3184 4993 Ἀρούερνοι

1633 4986 2156 5053 ἔθνοςμαχιμὼτατον,
2177 4983 2391 5035 Arverni
2410 4999 2534 5056 gens
2559 4983 2974 5056 bellicosissima,
3000 4983 3183 5042 «tic'nn-

1638 5063 1736 5124 tur.
1787 5056 2430 5124 Sidontuswargumcntum
2459 5123 2464 5124 ί
2490 5055 2631 5107 ducit
2680 5073 2705 5107 a
2748 5059 3018 5124 Gergovia:
3047 5060 3182 5110 obsi-

1635 5123 1809 5179 dione.
1843 5136 1868 5170 a
1901 5135 1998 5194 qua
2028 5121 2424 5194 Cms‘ari-incum
2456 5123 2649 5191 ingenti
2673 5128 2819 5178 clade
2847 5121 3178 5194 repulerunt,

1639 5199 1693 5240 ut
1728 5201 1901 5239 narrat
1932 5189 2109 5240 Cmsar
2133 5189 2241 5255 ipse
2267 5191 2357 5242 lib.
2390 5207 2479 5243 vit.

1709 5259 1859 5325 130
1903 5266 1925 5292 θ
1962 5258 2130 5310 [θεας
2164 5267 2314 5311 antea
2360 5259 2693 5327 depravatus,
2747 5273 2798 5316 et
2836 5263 2947 5314 sine
2982 5277 3175 5325 sensu;

1636 5339 1793 5385 nunc,
1827 5336 1882 5379 ut
1907 5329 2174 5378 restitutus
2205 5337 2303 5389 est,
2339 5332 2610 5395 perspicua
2643 5341 2763 5384 sunt
2797 5333 2988 5381 utnuia.
3025 5333 3084 5380 ΑΙ
3111 5333 3173 5390 is,

1634 5397 1818 5462 inquit,
1860 5397 2034 5448 decori
2071 5406 2124 5448 et
2156 5397 2338 5459 gloria:
2368 5399 2471 5448 sint
2500 5399 2763 5464 majores:
2799 5409 2848 5449 tu
2888 5400 3175 5460 tunjorilitls

1635 5468 1757 5583 linis,
1787 5468 2022 5527 quamvis
2046 5465 2370 5527 clarissimis,
2403 5471 2653 5531 prtcluces
2693 5487 2702 5518 :
2743 5483 2834 5535 per
2859 5477 2908 5519 te
2931 5469 3001 5518 illi
3027 5473 3174 5520 uobi-

1639 5537 1647 5583 l
1677 5543 1866 5583 tantur.

1639 5537 1866 5584 litantur.

1703 5602 1720 5638 ί
1752 5602 1979 5657 Savarus
2008 5609 2061 5654 cl
2091 5599 2346 5666 Lahbeus,
2378 5603 2668 5668 irrumpere.

2897 5711 2974 5766 22
