3818 6226
87 382 164 440 535
515 443 520 448 _
1425 370 1744 436 canum.

92 497 272 549 Vulnere
297 496 376 549 vel
405 495 449 549 si
472 496 593 565 quis
620 495 833 566 plangit,
859 494 940 549 cui
962 493 1112 548 ﬂesse
1134 495 1333 563 perisse
1360 503 1460 556 est,

86 589 141 640 Ac
163 586 283 640 ferro
303 599 575 652 perarasse
599 601 781 655 genas,
813 586 1057 652 vultuque
1084 583 1273 638 minaci

84 675 222 726 Rubra
245 674 544 729 cicatricum
562 675 779 742 vestigia
807 673 1093 727 defodisse.

85 763 236 816 illustri
257 763 359 831 jam
387 773 495 816 tum
524 763 749 816 donatur
772 761 945 816 celsus
973 761 1196 825 honore,

81 851 326 918 Squameus
347 861 403 905 et
428 851 597 904 rutilis
625 849 906 904 etiamnum
931 848 1086 902 livida
1107 848 1282 903 cristis

80 940 158 992 Ora
181 954 377 1008 gerens.
408 948 435 976 ι
461 936 560 991 Vix
588 952 733 992 arma
758 935 973 992 domum
998 936 1262 991 sordentia
1282 937 1472 991 castris

81 1029 364 1092 Ilettulerat;
396 1041 527 1080 nova
558 1023 692 1080 bella
719 1026 928 1091 iterum,
955 1034 1287 1093 pugnamque
1312 1026 1410 1079 sub
1447 1025 1574 1092 ipsis

78 1118 166 1170 iam
192 1119 362 1186 patria:
391 1115 560 1169 muris
579 1114 844 1184 periturus
867 1122 1162 1169 commovet
1183 1113 1369 1168 hostis.

78 1205 269 1259 Litorius
297 1201 574 1272 Scythicos
599 1205 804 1272 equites
831 1211 940 1257 tum
969 1203 1123 1270 forte,
1145 1203 1173 1242 ι’
1204 1204 1419 1257 subacto

79 1296 230 1349 Celsus
252 1294 577 1358 Aremorico,
609 1293 848 1348 Geticum
874 1292 1111 1359 rapiebat
1137 1293 1190 1346 in
1211 1303 1397 1360 agmen

79 1385 157 1437 Per
175 1392 351 1446 terras,
381 1385 636 1445 Arverne,
669 1390 816 1445 tuas;
847 1381 934 1450 qui
959 1380 1198 1449 proxima
1219 1391 1437 1449 quaeque

79 1474 308 1534 Discat-su.
338 1470 584 1535 ﬂammis,
615 1468 776 1532 ferro,
801 1469 1027 1535 feritate,
1049 1462 1246 1544 rapinis

79 1557 317 1626 Delebant,
347 1569 372 1598 ο
401 1560 542 1628 pacis
567 1558 804 1613 fallentes
833 1571 1024 1611 nomen
1054 1559 1229 1620 inane,

77 1648 211 1715 llujus
234 1657 338 1701 tum
368 1647 619 1701 famulum
648 1646 857 1714 quidam
886 1643 1228 1698 truculentior
1254 1642 1436 1696 borum

78 1736 170 1789 Mox
193 1735 415 1790 feriende
436 1735 588 1798 feris;
618 1735 720 1788 ruit
747 1733 854 1796 ille,
878 1741 932 1785 et
959 1733 1123 1785 tristia
1152 1731 1256 1786 fata

79 1824 386 1882 Commendat
408 1824 619 1882 domino
641 1825 864 1892 absenti,
899 1822 1202 1894 partemque
1225 1823 1449 1880 futuram

83 1915 300 1969 Vindicta:
328 1916 562 1968 moriens
589 1913 824 1983 Stygium
843 1922 936 1981 Spe
965 1919 1138 1982 portat
1166 1914 1233 1968 ad
1256 1928 1488 1970 amnem.

80 2005 128 2056 Et
139 2005 234 2071 jam
261 2005 395 2057 fama
425 2005 536 2067 viro
559 2013 727 2058 turres
755 2014 1036 2074 portasque
1059 2007 1246 2071 tuenti,

81 2090 234 2145 intuitu
264 2092 465 2160 pavida:
492 2092 657 2161 plebis
678 2095 872 2161 perfert
899 2096 1073 2148 scelus
1104 2104 1299 2150 actum.

81 2181 334 2244 Excutitur,
371 2189 556 2248 restat,
583 2182 763 2251 pallet,
793 2183 965 2248 rubet,
998 2186 1138 2251 alget
1164 2191 1218 2237 et
1235 2184 1404 2251 ardet,

81 2275 139 2326 Ac
161 2271 361 2326 sibimet
390 2272 581 2326 multas
605 2271 806 2325 vultum
835 2275 1033 2326 variata
1061 2285 1155 2340 per
1175 2282 1334 2327 unum

81 2362 142 2414 Ira
165 2361 278 2416 facit
297 2362 494 2426 facies;
519 2362 605 2416 vel
633 2364 718 2431 qui
742 2377 857 2416 mos
885 2376 1034 2430 smpe
1049 2363 1268 2428 dolenti,

83 2453 179 2506 Plus
204 2465 338 2507 amat
366 2455 714 2517 exstinctum;
746 2454 954 2508 tandem
983 2455 1302 2522 prorumpit,
1331 2463 1387 2509 et
1412 2467 1576 2517 arma,

83 2541 208 2610 339
231 2545 386 2596 Arma
421 2543 628 2607 fremit,
664 2543 972 2610 pinguisque
1008 2542 1293 2596 etiamnum
1330 2547 1582 2607 sanguine

421 2681 430 2691 .
1322 2631 1512 2702 [fertur

85 2720 254 2788 Lorica,
283 2723 504 2775 obtusus
536 2736 626 2789 per
647 2721 871 2774 barbara
898 2721 1112 2776 vulnera
1142 2729 1346 2788 contus,

82 2815 222 2875 Atque
246 2813 341 2864 sub
366 2811 596 2864 assiduis
623 2811 866 2864 dentatus
892 2811 1123 2866 caedibus
1144 2812 1306 2865 ensis.

85 2896 268 2952 Includit
284 2912 436 2952 suras
455 2898 644 2963 ocreis,
670 2900 930 2966 capitique
954 2901 1231 2954 micantem

83 2985 271 3053 lmpouit
295 2987 522 3056 galeam,
555 2987 724 3041 fulvus
751 2989 832 3041 cui
861 2989 1048 3042 crescit
1075 2987 1124 3041 in
1148 2989 1308 3042 altum

85 3073 245 3139 (limus,
273 3085 326 3128 et
353 3075 541 3129 iratam
565 3075 823 3142 iaculatur
852 3076 1048 3130 vertice
1077 3076 1267 3129 lucem.

86 3159 135 3248 lit
155 3164 247 3225 jam
268 3162 472 3216 scandit
497 3177 713 3230 equum,
736 3162 1001 3230 vulsisque
1026 3179 1055 3216 a
1081 3165 1296 3248 cardine
1317 3163 1482 3232 portis

87 3247 284 3314 Emicat;
308 3250 559 3304 assistunt
585 3249 730 3303 socio
756 3249 1021 3318 virtusque
1040 3251 1308 3316 dolorque,

87 3337 137 3390 Et
158 3338 310 3404 pudor
331 3353 347 3404 ;
372 3347 601 3392 armatas
627 3338 732 3405 pilo
760 3339 890 3406 petit
916 3339 1133 3406 impiger
1160 3340 1290 3403 alas,

87 3423 334 3493 Pngnando
363 3441 585 3495 pugnam
614 3440 874 3495 quaerens,
900 3425 1242 3494 pavidumque
1270 3437 1364 3494 per
1397 3439 1582 3494 agmen

86 3512 330 3583 liciturum
352 3517 566 3570 interitu
594 3523 918 3583 compensat,
950 3514 1088 3584 quod
1111 3514 1234 3569 latet
1258 3530 1409 3568 unus.

87 3601 155 3656 Sic
179 3603 452 3675 Phrygium
479 3604 740 3658 Emathia
766 3604 1018 3659 victorem
1047 3603 1261 3672 cuspide
1295 3617 1518 3673 poscens

87 3689 319 3757 Eacides,
341 3707 483 3747 caeso
503 3692 697 3746 luctum
724 3691 940 3746 frenavit
966 3693 1154 3756 amico,

91 3779 167 3834 Per
187 3791 372 3835 mortes
395 3789 490 3845 tot,
519 3781 696 3849 Troja,
729 3790 865 3845 tuas,
886 3780 992 3848 jam
1023 3781 1139 3834 vilia
1164 3794 1256 3849 per
1274 3794 1332 3834 se

88 3869 274 3938 Agmina
297 3880 578 3926 contentus
605 3886 777 3936 ruere,
800 3872 1137 3940 strictumque
1167 3886 1258 3938 per
1288 3871 1489 3939 amplos

90 3955 317 4014 Exserere
341 3959 572 4028 gladium
599 3960 813 4027 populos
839 3975 852 4012 :
882 3971 1026 4012 natat
1050 3962 1234 4013 obruta
1261 3961 1413 4012 tellus

88 4044 340 4116 Sanguine,
370 4047 601 4115 dumque
629 4032 837 4100 hebetat
865 4049 1013 4101 turba
1032 4062 1188 4114 grave
1208 4046 1385 4100 cmdua
1404 4047 1585 4103 telum.

142 4205 164 4232 ι
181 4195 597 4260 Burgundionico
616 4194 754 4247 bello
779 4196 1030 4248 successit
1051 4177 1324 4249 Gothicam
1342 4197 1579 4260 alterum,

87 4278 182 4332 cum
203 4263 385 4318 eodem
422 4263 799 4332 Theodori-icui:
836 4264 972 4332 quod
1013 4269 1171 4331 cmpit
1213 4265 1280 4318 ab
1319 4264 1587 4319 obsidione

3097 387 3195 438 685

1596 497 1648 556 Α
1675 491 1878 546 Absens
1901 489 1954 544 in
1981 499 2169 545 cuncto
2188 491 2287 545 sibi
2310 492 2643 562 vulnerejam
2674 494 2812 548 cadt
2831 494 3040 548 llector.

1741 579 1980 634 Proditus
2007 593 2062 635 ut
2089 582 2316 646 tandem,
2344 583 2472 636 tanti
2501 585 2586 649 qui
2605 595 2760 637 causa
2788 587 3059 651 tumultus,

1627 687 1630 690 ’
1673 666 1845 736 inquit
1866 669 2067 735 Avitus,
2092 670 2222 739 Age,
2252 670 2492 738 Scythica
2513 673 2704 725 nutrite
2733 673 2828 726 sub
2856 683 3025 741 arcto,

1673 757 1768 824 Qui
1797 758 1947 824 furis,
1969 769 2023 814 et
2048 775 2188 815 casso
2214 770 2414 815 tantum
2440 761 2528 829 qui
2554 762 2670 816 fidis
2691 763 2876 816 inermi
2897 804 2914 827 ,

1671 845 2004 914 Congredere
2025 857 2230 902 armato
2260 863 2274 901 :
2305 850 2522 903 multum
2555 850 2646 904 tibi
2679 853 2917 918 praestitit
2945 853 3023 907 ira

1669 932 1782 987 iam
1811 948 1948 999 mea,
1975 937 2208 990 concessi
2236 950 2481 1006 pugnam,
2504 939 2768 1009 jubeoque
2793 942 3003 995 resistas
3039 957 3056 994 :

1669 1022 1967 1077 Certantem
1992 1033 2250 1078 mactasse
2269 1024 2436 1092 juvat.
2468 1025 2556 1079 Sic
2580 1027 2737 1093 fatur,
2766 1039 2818 1082 et
2846 1045 3029 1099 aequor

1671 1110 1884 1166 Prosilit
1904 1111 1957 1166 in
1986 1113 2213 1168 medium
2239 1130 2253 1164 :
2285 1127 2381 1167 nec
2402 1128 2504 1168 non
2533 1115 2674 1170 ferus
2702 1118 2911 1174 advenit
2936 1120 3123 1175 hostis.

1673 1199 1741 1254 Ut
1767 1201 1985 1267 primum
2016 1209 2195 1269 pectus
2215 1202 2298 1255 vel
2319 1195 2557 1258 cominus
2577 1218 2667 1257 ora
2693 1206 2854 1261 tulere
2869 1248 2884 1269 ,

1674 1287 1768 1340 ilic
1790 1287 1866 1341 ira
1893 1289 2086 1351 tremit,
2116 1290 2201 1342 ille
2229 1298 2388 1343 metu.
2419 1291 2532 1344 Jam
2558 1302 2743 1346 cetera
2776 1296 2922 1349 turba

1675 1376 1902 1430 Diversis
1922 1377 2148 1444 trepidat
2170 1378 2325 1442 votis,
2355 1379 2630 1448 variosque
2658 1396 2749 1450 per
2773 1382 2906 1437 ictus

1671 1465 1868 1519 Pendet
1885 1466 1952 1520 ab
1977 1476 2194 1531 eventu;
2221 1468 2314 1521 sed
2341 1479 2611 1537 postquam
2644 1473 2804 1539 prima
2823 1515 2836 1539 ,
2865 1475 3121 1540 secunda,

1672 1554 1950 1623 Tertiaque
1966 1563 2080 1609 acta
2099 1565 2209 1609 rota
2230 1564 2328 1620 est,
2363 1559 2504 1611 venit
2521 1574 2664 1630 ecce,
2692 1571 2744 1616 et
2767 1562 2904 1616 celsa
2925 1574 3194 1619 cruentum

1672 1643 1828 1713 3&0
1854 1636 2091 1698 Perfora’t'
2118 1646 2260 1698 hasta
2289 1646 2485 1712 virum,
2516 1658 2630 1714 post
2654 1658 2708 1702 et
2734 1637 2954 1706 confinia
2983 1653 3127 1708 dorsi

1673 1736 1822 1789 Cedit
1848 1736 2131 1790 transfosso
2157 1745 2334 1804 ruptus
2364 1737 2442 1790 bis
2472 1749 2682 1804 pectore
2710 1739 2890 1795 thorax
2915 1759 2928 1794 :

1603 1823 1646 1881 B
1675 1823 1736 1877 Et
1761 1821 1885 1876 dum
1915 1838 2007 1891 per
2033 1823 2288 1890 duplicem
2318 1825 2527 1892 sanguis
2554 1827 2801 1894 singultat
2830 1829 3055 1897 hiatum,

1677 1912 1891 1966 Dividua
1915 1913 2196 1980 ancipitem
2220 1898 2526 1980 carpserunt
2557 1915 2766 1970 vulnera
2796 1918 2972 1972 vitam.

1746 2001 1865 2055 Huic
1893 2010 2011 2068 post
2034 2012 2177 2068 gesta
2206 2001 2335 2066 viri,
2364 2010 2525 2056 temet
2553 2002 2681 2073 Styx
2706 2003 2859 2058 livida
2888 2015 3070 2074 testor,

1676 2090 1984 2144 intemerata
2015 2089 2142 2143 mihi
2171 2086 2198 2125 ά
2227 2089 2502 2157 prtefectus
2524 2089 2642 2158 jura
2669 2093 2879 2161 regebat
2905 2111 2918 2146 :

1675 2175 1741 2230 Et
1767 2186 1922 2246 caput
1952 2176 2050 2230 hoc
2078 2177 2290 2231 sibimet
2312 2177 2479 2231 solitis
2507 2179 2708 2234 defessa
2738 2181 2903 2236 ruinis

1675 2266 1841 2319 Gallia
1867 2266 2176 2333 suscipiens,
2207 2267 2386 2321 Getica
2413 2268 2637 2334 pallebat
2662 2269 2727 2324 ab
2754 2271 2849 2325 ira.

1677 2353 1756 2408 Nil
1788 2369 1962 2422 prece,
1992 2355 2062 2407 nil
2093 2356 2279 2420 pretio,
2308 2356 2381 2408 nil
2413 2358 2576 2411 milite
2605 2359 2796 2414 fractus
2825 2364 3008 2431 agebat

1677 2441 1856 2496 Aetius
1869 2459 1889 2507 ;-
1912 2452 2066 2509 capto
2097 2451 2348 2496 terrarum
2378 2443 2564 2496 damna
2598 2449 2841 2510 patebant

1678 2530 1876 2584 Litorio
1895 2571 1909 2594 ,
1939 2530 1990 2584 in
2024 2530 2361 2597 Rhodanum,
2394 2534 2632 2600 proprios
2661 2534 2946 2600 producere
2973 2538 3102 2592 fines

1679 2617 2020 2674 Theudoridae
2050 2619 2235 2684 fixum,
2267 2612 2364 2672 nec
2388 2628 2501 2672 erat
2531 2636 2756 2688 pugnare
2782 2638 3012 2687 necesse,

1680 2709 1782 2764 Sed
1816 2711 2039 2779 migrare
2063 2709 2237 2773 Getis;
2274 2710 2506 2764 rabidam
2539 2719 2658 2764 trux
2691 2722 2897 2779 asperat
2931 2716 3059 2768 iram

1684 2797 1878 2864 Victor,
1908 2799 2043 2866 quod
2067 2800 2231 2851 sensit
2255 2798 2551 2867 Scythicum
2580 2815 2673 2869 pro
2705 2805 2959 2858 moenibus
2981 2806 3198 2879 hostem,

1682 2885 1938 2953 Imputat,
1966 2893 2020 2938 et
2047 2885 2176 2937 nihil
2205 2896 2286 2938 est
2314 2888 2540 2951 gravius,
2569 2888 2611 2940 si
2641 2888 2853 2942 forsitan
2886 2907 3109 2957 unquam

1685 2964 1906 3027 Vincere
1932 2972 2225 3040 contingat,
2258 2972 2480 3041 trepido.
2516 2973 2792 3042 Postquam
2831 2977 3053 3047 undique
3089 2984 3194 3034 nul-

2997 3070 3124 3140 [lum

1607 3151 1653 3212 C
1686 3151 2015 3215 Praesidium,
2045 3153 2362 3221 ducibusque
2386 3154 2487 3207 tuis
2512 3155 2606 3220 nil,
2631 3155 2816 3221 Roma,
2843 3161 3077 3216 relictum
3102 3173 3196 3230 est,

1688 3240 1897 3306 Foedus,
1927 3240 2096 3308 Avite,
2129 3256 2315 3305 novas;
2347 3257 2539 3296 saevum
2570 3255 2654 3298 tua
2686 3246 2866 3315 pagina
2895 3264 3069 3318 regem

1687 3330 1841 3384 Lecta
1870 3331 2076 3394 domat;
2104 3331 2322 3397 jussisse
2349 3341 2430 3384 sat
2456 3343 2536 3385 est
2567 3343 2635 3394 te.
2664 3337 2798 3401 quod
2829 3349 2974 3405 rogat
2999 3342 3161 3397 orbis.

1686 3419 1912 3473 Credent
1940 3420 2036 3471 hoc
2066 3434 2288 3486 unquam
2317 3429 2518 3486 gentes,
2551 3423 2833 3490 populique
2859 3427 3047 3480 futuri?

1688 3508 1882 3563 Littera
1910 3507 2126 3560 Romani
2158 3518 2356 3569 cassat,
2384 3507 2519 3575 quod
2548 3507 2767 3565 barbare
2783 3511 2972 3566 .vincis.

1688 3600 1811 3654 Jura
1849 3599 2006 3667 igitur
2035 3598 2199 3662 rexit;
2232 3599 2591 3666 namque‘boc
2627 3615 2831 3670 quoque
2867 3618 2960 3671 par
2996 3604 3122 3670 fuit,
3153 3616 3202 3667 ut

1845 3749 1849 3752 λ
3013 3695 3141 3767 [tum

1688 3785 1933 3839 Asscrtor
1963 3783 2110 3836 fieret
2141 3782 2346 3850 legum,
2375 3784 2458 3849 qui
2491 3798 2624 3838 nunc
2648 3784 2748 3840 exit
2772 3796 2979 3848 auctor;

1690 3875 1765 3926 Ne
1791 3873 1989 3924 dandus
2019 3873 2222 3939 populis
2251 3873 2511 3938 princeps,
2539 3883 2720 3938 caput,
2753 3875 3104 3942 induperator,

1687 3958 1861 4012 Cmsar
1887 3966 1941 4011 et
1970 3962 2249 4024 Augustus,
2282 3960 2446 4010 solum
2479 3961 2583 4011 fera
2617 3961 2792 4026 praelia
2823 3971 3019 4018 nosset.

1758 4047 1872 4099 Jam
1904 4046 2221 4112 praefectura:
2251 4044 2549 4109 perfunctus
2577 4046 2804 4099 culmine
2835 4049 3039 4100 tandem
3100 4114 3102 4116 ν

1689 4193 2094 4274 Alamannorum
2122 4208 2209 4246 rex
2239 4194 2597 4274 scriptumrest
2621 4211 2714 4264 pro
2741 4197 3042 4269 Alanorum,
3074 4209 3208 4274 quod

1693 4263 1835 4314 Erici
1862 4263 2096 4316 monachi
2125 4277 2307 4315 versus
2329 4265 2535 4315 docent.

87 4329 383 4401 liarbonensi
404 4346 544 4385 anno
563 4331 701 4394 456,
741 4329 943 4384 Tolosre
982 4329 1249 4399 peractum
1287 4344 1396 4396 est,
1437 4345 1589 4401 capto
1617 4332 1665 4390 Ι)
1745 4341 1794 4401 ξ
1821 4331 1894 4382 De
1919 4335 2012 4383 hac
2040 4332 2360 4401 auxiliarium
2393 4332 2690 4385 llmmorum
2726 4337 2971 4401 perﬁdia,
3024 4351 3074 4394 et
3113 4343 3210 4394 ho-

89 4398 278 4466 Litorio,
307 4408 362 4454 et
384 4415 512 4469 pace
539 4401 823 4466 composita
853 4398 1059 4455 439.7fn
1091 4405 1188 4455 hoc
1210 4403 1346 4457 bello
1374 4398 1583 4458 Hunno-

89 4483 181 4541 tutu
204 4473 398 4541 auxilio
439 4483 562 4523 usos
589 4469 854 4541 ‘Romanos
903 4479 1154 4531 testantur
1177 4471 1417 4541 Prosper.
1457 4473 1582 4526 Cas-

87 4537 334 4601 siodorus,
369 4537 662 4593 .Iornandes
685 4541 1038 4593 (at-Salvianus
1070 4541 1158 4593 lib.
1189 4557 1258 4594 vn
1298 4537 1362 4594 (le
1410 4542 1588 4595 Provi-

88 4605 256 4662 dentia.
292 4609 493 4662 florum
536 4622 661 4673 ergo
705 4619 899 4662 turmas
934 4625 1048 4662 cum
1080 4613 1145 4662 ab
1171 4610 1455 4663 Armoricis
1494 4625 1586 4677 per

89 4677 325 4745 Arvernos
351 4678 571 4732 duceret
593 4677 1010 4745 Litorius,atque
1038 4678 1110 4730 illi
1139 4679 1354 4730 barbara
1386 4679 1588 4732 feritate

88 4743 366 4800 Arverniam
391 4753 675 4809 vastarent,
694 4758 904 4799 exortus
928 4743 1008 4799 est
1032 4747 1167 4799 Aviti
1200 4750 1248 4799 in
1280 4748 1395 4800 illos
1425 4749 1589 4813 impe-

88 4820 172 4883 tus,
192 4824 241 4883 et
262 4815 535 4883 singulare
553 4825 669 4866 cum
700 4815 884 4868 lluuno
909 4816 1082 4881 equite
1106 4824 1364 4883 certamen
1395 4856 1407 4877 ,
1448 4816 1586 4882 quod

89 4893 110 4930 ι
127 4879 326 4936 Sidonio
346 4879 492 4935 tanta
523 4897 706 4949 pompa
728 4879 1058 4937 describitur.
1092 4881 1216 4946 Quae
1259 4879 1479 4949 quidem
1505 4883 1589 4934 Si-

89 4950 249 5013 gonius
268 4951 320 5003 in
352 4951 500 5003 libris
522 4953 588 5004 de
614 4951 907 5004 Οοώάυηιῖε
946 4954 1163 5016 imperio
1184 4992 1197 5014 ,
1229 4965 1328 5002 non
1364 4953 1498 5002 inale
1523 4949 1588 5000 ad

89 5029 256 5070 annum
287 5019 388 5073 457
421 5018 620 5071 refert:
652 5022 873 5085 pessime
902 5029 1073 5072 autem
1111 5019 1451 5084 direptionem
1491 5019 1589 5070 Ar-

90 5085 349 5151 veruicarn,
383 5101 502 5152 qua:
530 5087 727 5141 llunnis
749 5089 1014 5141 tribuenda
1044 5097 1176 5150 erat,
1209 5088 1392 5140 Gothis
1420 5086 1588 5154 impu-

92 5159 176 5225 l_:_t_t;
204 5165 251 5225 et
280 5167 468 5225 versus
496 5159 672 5225 hosce,
701 5159 790 5223 qui
834 5161 898 5210 de
936 5157 1091 5210 Avito
1128 5157 1304 5225 scripti
1354 5166 1493 5218 sunt,
1525 5155 1589 5207 ad

92 5219 454 5290 'l'beodoricum
479 5219 771 5290 detorquet.

149 5287 306 5362 Nam
339 5287 721 5362 monuimus‘in
759 5292 1068 5361 panegyrico
1099 5293 1364 5362 Maioriani
1407 5290 1591 5350 Armo-

94 5354 210 5429 rit'oa
234 5357 538 5429 rebellionis
563 5372 719 5429 causa
747 5354 942 5414 crebro
964 5377 992 5412 a
1032 5354 1275 5416 Romanis
1313 5361 1588 5429 appetitus.

93 5423 218 5482 Nunc
238 5443 363 5496 ergo
391 5442 422 5479 a
451 5425 649 5496 Litmjo
675 5429 903 5490 subacti;
935 5440 1046 5496 post
1063 5432 1239 5485 decem
1270 5423 1475 5484 circiter
1503 5446 1594 5481 un-

95 5509 174 5566 nos
190 5497 254 5550 ab
273 5493 450 5562 A'ctio,
469 5509 561 5566 per
580 5493 916 5566 Eucharicom
930 5493 1100 5565 regem
1120 5501 1422 5566 Alanorum,
1442 5513 1592 5562 quem

96 5565 250 5620 uicos
273 5562 596 5621 edomandos
624 5563 855 5628 immisit,
897 5562 1026 5619 teste
1061 5567 1364 5625 Constantio
1402 5564 1452 5618 in
1484 5568 1592 5617 \‘ito

95 5633 402 5694 ἣδεταιιηί
431 5635 520 5689 lib.
554 5649 619 5697 tt.
650 5649 765 5698 cap.
812 5634 872 5699 5.
921 5635 1018 5691 etsi
1074 5650 1138 5691 eo
1180 5637 1296 5692 loco
1345 5635 1594 5692 mendose

1691 4399 1797 4452 stili
1836 4400 2190 4468 grassatioue,
2229 4401 2464 4468 queritur
2504 4403 2623 4454 item
2673 4399 2915 4460 Paulinus
2947 4399 3034 4459 lib.
3070 4425 3115 4460 \‘l
3146 4411 3211 4462 do

1688 4468 1802 4522 Vita
1830 4467 1884 4522 S.
1914 4461 2154 4524 Martini”:

1904 4601 2017 4648 Cum
2041 4602 2196 4663 subito
2219 4601 2454 4660 pavefacta
2476 4609 2622 4663 metu.
2646 4607 2866 4660 graviore
2895 4603 3090 4663 periclo,

1909 4659 2229 4707 Auxiltatorcs
2253 4669 2496 4719 pateretur
2517 4659 2886 4709 Gallia'tlhunos.

1727 4722 1874 4790 132
1908 4729 2019 4790 [fiam
2043 4729 2218 4776 SOt‘illm
2243 4731 2348 4787 quis
2371 4728 2497 4790 ferre
2521 4735 2681 4790 queat.
2712 4733 2787 4788 qui
2808 4730 2967 4779 durior
2988 4733 3176 4785 hostis?

1911 4788 2094 4844 Exstet,
2119 4797 2167 4835 et
2189 4801 2423 4834 annexum
2449 4788 2597 4836 foedus
2616 4789 2802 4837 feritate
2825 4794 3067 4852 repellat?

1761 4949 1785 4988 δ
1811 4952 2084 5004 Renovatze
2111 4965 2227 5021 cum
2255 4952 2582 5008 Theoderico
2613 4957 2748 5021 pacis
2793 4958 2998 5011 Iaudem
3043 4961 3213 5014 tribuit

1690 5020 1864 5095 Avito,
1899 5032 2002 5095 tum
2028 5019 2270 5095 praefecto
2299 5026 2540 5095 pra‘torio
2560 5019 2863 5078 Galliarum.
2895 5029 3054 5095 Hujus
3077 5031 3214 5081 enim

1691 5091 1916 5161 maxime
1957 5089 2140 5141 litteris
2185 5090 2426 5161 inflexum
2470 5094 2532 5143 atl
2575 5110 2752 5160 pacem
2797 5106 2914 5161 post
2952 5089 3214 5149 victoriam

1691 5172 1836 5230 suam
1866 5157 1969 5230 ait,
2001 5166 2106 5208 tum
2139 5160 2359 5222 scilicet,
2390 5176 2506 5213 cum
2539 5157 2761 5215 Litorius
2796 5157 2970 5217 comes
3006 5165 3092 5230 qui
3128 5180 3213 5216 se-

1689 5226 1858 5278 cunda
1910 5227 1976 5278 ab
2012 5229 2163 5279 Aetio
2190 5239 2449 5292 potestate
2483 5231 2680 5284 ilutmis
2719 5226 3060 5284 auxiliaribus
3091 5247 3216 5297 prau-

1692 5302 1823 5357 crat,
1853 5309 2019 5362 pugna
2045 5311 2160 5348 cum
2189 5297 2370 5350 Gothis
2393 5299 2454 5350 ad
2472 5300 2712 5352 Tolosam
2741 5312 2932 5353 temere
2959 5313 3214 5361 conserta,

1693 5364 1861 5416 victus
1887 5373 2169 5430 captusque
2199 5368 2431 5419 eamdem
2466 5370 2644 5421 urbem
2679 5369 2927 5430 llOrliUl",
2963 5379 3015 5419 ut
3041 5371 3213 5420 seribit

1694 5431 1982 5502 Salvianus,
2010 5449 2162 5499 quam
2198 5450 2260 5487 eo
2287 5436 2370 5486 die
2402 5439 2650 5488 victorem
2673 5452 2726 5489 se
2756 5438 3058 5488 intraturum
3091 5453 3212 5502 prm-

1696 5501 1940 5570 sumpsit,
1979 5503 2210 5566 captivus
2257 5503 2492 5562 intravit,
2525 5519 2688 5565 anno,
2723 5513 2774 5555 ut
2817 5506 2919 5570 jam
2969 5501 3211 5556 indicavi-

1697 5584 1839 5630 mus.
1883 5569 2002 5625 439.
2039 5571 2208 5636 Quare
2253 5572 2306 5626 in
2354 5574 2591 5628 eumdem
2637 5569 2825 5627 incidit
2850 5573 2985 5626 Aviti
3031 5573 3213 5642 praefe-

1698 5649 1863 5693 ctura.
