3818 6226
619 275 720 330 εετ

619 384 686 438 Se
713 382 929 437 dederat
955 383 1092 449 ruri;
1124 397 1388 451 nunquam
1415 390 1588 436 tamen
1615 382 1719 436 otia
1736 424 1750 448 ,
1780 393 2043 447 nunquam

617 470 820 525 Desidia
849 470 1096 538 imbellis,
1124 471 1461 540 studiumque
1491 481 1546 545 et
1571 485 1698 524 cura
1727 469 1905 539 quieto

619 561 890 613 Armorum
920 573 1166 627 semper;
1194 567 1222 596 ⁸
1247 560 1423 614 subito
1445 573 1564 613 cum
1589 569 1741 627 rupta
1767 557 1988 620 tumultu

618 647 888 701 Barbaries
915 655 1050 702 totas
1080 648 1132 702 in
1162 657 1213 703 te
1239 648 1625 702 translunderat
1650 656 1841 711 arctos,

615 737 767 808 341
796 739 995 802 Gallia;
1024 753 1309 808 pugnacem
1341 738 1538 805 Rugum
1567 738 1851 790 comitante
1880 735 2104 799 Gelono,

614 826 810 893 Gepida
838 835 954 880 trux
979 828 1238 894 sequitur,
1266 825 1294 865 1³
1324 826 1546 896 Scyrum
1574 824 1870 893 Burgundio
1897 825 2070 898 cogit;

611 913 849 980 Chunus,
882 914 1210 981 Bellonotus,
1239 913 1464 979 Neurus,
1496 914 1773 977 Basterna,
1805 913 2085 982 Toringus,

617 1006 914 1070 Bructerus,
947 1006 1127 1059 ulvosa
1154 1019 1310 1073 quem
1338 1005 1417 1058 vel
1447 1006 1465 1036 ⁸
1492 1003 1643 1057 Nicer
1669 1003 1837 1056 abluit
1864 1001 2030 1065 unda,

617 1095 913 1162 Prorumpit
945 1094 1209 1155 Francus;
1233 1091 1425 1148 cecidit
1450 1091 1556 1144 cito
1579 1099 1720 1144 secta
1749 1089 1957 1158 bipenni

619 1185 859 1238 Ilercinia
889 1183 941 1236 in
971 1183 1176 1246 lintres,
1203 1190 1256 1236 et
1283 1180 1518 1234 Rhenum
1548 1181 1713 1233 texuit
1748 1178 1891 1233 alno.

631 1275 694 1328 Et
717 1276 825 1342 jam
855 1273 1096 1328 terriﬁcis
1123 1272 1396 1326 dilfuderat
1424 1273 1582 1328 Attila
1613 1272 1798 1325 turmis

620 1365 674 1417 In
704 1377 917 1431 campos
945 1377 1023 1425 se,
1055 1362 1206 1430 Relga
1225 1402 1242 1427 ,
1274 1369 1421 1425 tuos;
1448 1362 1534 1414 vix
1567 1361 1790 1429 liquerat
1814 1359 1974 1428 Alpes

619 1453 821 1516 Aetius,
854 1462 1008 1508 tenue
1035 1462 1087 1506 et
1114 1467 1288 1505 rarum
1313 1452 1427 1506 sine
1458 1451 1624 1504 milite
1650 1451 1848 1504 ducens

621 1540 796 1594 Robur
825 1541 884 1615 in
907 1540 1113 1593 auxiliis
1139 1540 1374 1615 Geticum
1403 1539 1539 1592 male
1565 1538 1812 1593 credulus
1841 1552 2025 1607 agmen

622 1613 884 1682 Incassum
918 1613 1491 1698 propriis—prmsumens
1516 1628 1696 1682 adfore
1724 1629 1932 1682 castris.

619 1706 840 1773 Nuntius
868 1729 921 1772 at
947 1729 1219 1789 postquam
1249 1719 1517 1774 ductorem
1553 1720 1810 1788 perculit,
1843 1719 2056 1782 Hunnus

617 1806 729 1859 Jam
769 1820 929 1875 prepe
957 1813 1313 1874 contemptum
1350 1807 1577 1875 propriis
1612 1807 1666 1859 in
1705 1806 1916 1860 sedibus
1953 1807 2154 1860 hostem

621 1898 932 1964 Exspectare
957 1897 1138 1961 Getas,
1167 1905 1357 1959 versat,
1376 1910 1530 1964 vagus
1559 1896 1734 1950 omnia
1761 1909 1939 1949 secum

617 1986 875 2049 Consilia,
905 1997 958 2039 et
988 1996 1214 2040 mentem
1241 1999 1482 2040 curarum
1513 1985 1756 2039 ﬂuctibus
1781 1994 1952 2054 urget.

620 2076 852 2130 Tandem
883 2079 1145 2129 cunctanti
1171 2076 1309 2129 sedit
1335 2077 1591 2130 sententia
1610 2118 1624 2141 ,
1652 2076 1848 2130 celsum

621 2166 858 2219 Exorare
887 2167 1053 2218 virum
1075 2205 1089 2228 ,
1118 2159 1460 2230 collectisque
1484 2165 1725 2218 omnibus
1754 2179 1854 2218 una

621 2254 965 2322 Principibus,
993 2269 1170 2307 coram
1198 2256 1415 2323 supplex
1446 2253 1522 2308 sic
1551 2255 1740 2308 talibus
1769 2255 1903 2306 iniit.

691 2346 864 2409 Orbis,
894 2345 1065 2407 Avite,
1093 2345 1257 2409 salus,
1284 2345 1368 2398 cui
1395 2358 1499 2398 non
1529 2358 1664 2397 nova
1693 2344 1858 2411 gloria
1884 2356 2022 2396 nunc
2045 2351 2152 2408 est,

621 2433 770 2498 Quod
800 2443 946 2502 rogat
974 2433 1188 2496 Aetius;
1215 2432 1459 2494 voluisti,
1489 2442 1538 2485 et
1569 2447 1675 2485 non
1702 2439 1854 2485 nocet
1881 2430 2045 2484 hostis
2071 2448 2084 2482 ε

624 2532 646 2559 ο
679 2521 799 2574 Vis?
828 2520 1071 2588 prodest;
1102 2520 1301 2572 inclusa
1329 2527 1475 2572 tenes
1502 2527 1576 2572 tot
1603 2521 1762 2572 millia
1792 2528 1970 2581 nutu,-

622 2609 686 2661 Et
715 2608 920 2677 populis
947 2607 1141 2662 Geticis
1165 2607 1276 2660 sola
1303 2616 1386 2661 est
1413 2617 1497 2660 tua
1526 2609 1691 2675 gratia
1718 2607 1888 2662 limes.

623 2697 813 2750 Inlensi
841 2710 1051 2763 semper
1080 2695 1248 2761 nobis,
1277 2710 1463 2764 pacem
1492 2695 1583 2749 tibi
1612 2704 1880 2763 prmstant.

623 2783 873 2839 Victrices
902 2785 918 2837 i
949 2798 1129 2852 prome
1163 2785 1362 2852 aquilas
1389 2801 1403 2836 :
1433 2784 1536 2846 fac,
1564 2785 1784 2852 optime,
1811 2785 2024 2840 Chunos

622 2874 847 2939 Quorum
877 2873 1010 2928 forte
1036 2875 1174 2942 prior
1199 2875 1316 2942 fuga
1346 2888 1440 2926 nos
1464 2883 1803 2927 concusserat
1824 2874 1950 2927 olim
1970 2914 1986 2940 ,

624 2963 708 3015 Bis
735 2964 898 3017 victor
923 2961 1173 3032 prodesse
1200 2962 1345 3014 mihi.
1378 2961 1467 3017 Sie
1493 2963 1648 3026 tatus,
1681 2969 1734 3014 et
1763 2962 1851 3016 ille

625 3054 887 3109 Pollicitus
912 3062 1119 3120 votum,
1150 3054 1270 3108 lecit
1293 3068 1460 3122 spem.
1492 3053 1734 3107 Protinus
1763 3051 1885 3107 inde

626 3144 885 3208 Advolat,
912 3154 965 3199 et
992 3143 1212 3197 famulas
1241 3144 1292 3196 in
1323 3144 1499 3211 praelia
1525 3143 1750 3196 concitat
1776 3143 1899 3197 iras.

625 3238 773 3292 ibant
801 3235 993 3305 pellita:
1022 3245 1141 3303 post
1164 3234 1382 3289 classica
1412 3234 1632 3288 Romula
1661 3242 1864 3298 turmas,

627 3325 705 3382 Ad
731 3339 920 3380 nomen
947 3333 1193 3380 currente
1216 3324 1379 3389 Geta;
1409 3323 1558 3378 timet
1581 3337 1688 3377 :ere
1712 3320 1890 3376 vocari

697 3554 723 3582 ι
750 3545 946 3612 Duplex
973 3543 1071 3597 alia
1101 3545 1290 3612 legatio
1319 3544 1483 3612 Aviti,
1507 3542 1658 3612 Prior
1680 3542 1749 3594 ad
1775 3541 2159 3612 Theudoricum

631 3610 897 3678 eumdem,
933 3626 1050 3666 cum
1093 3610 1322 3666 irruente
1363 3611 1415 3664 in
1459 3611 1680 3665 Galliam
1723 3611 1878 3664 Attila
1921 3610 2160 3662 Tolosam

631 3685 763 3735 Aetii
793 3691 970 3749 regatu
1001 3682 1259 3748 prolectus
1284 3688 1391 3742 est,
1425 3688 1484 3737 ut
1523 3679 1722 3734 Gothos
1765 3681 1818 3732 in
1849 3679 1972 3733 belli
2017 3679 2159 3731 Ilun-

632 3753 732 3802 nici
759 3752 1060 3803 societatem
1090 3751 1427 3813 pertraheret.

703 3819 730 3857 ι)
764 3820 960 3884 Vulgati
1003 3819 1124 3870 olim
1148 3858 1162 3876 .
1202 3817 1407 3870 Scotum
1431 3833 1449 3869 :
1496 3817 1670 3884 scripti
1705 3816 1910 3870 Scerum
1953 3817 2155 3885 legunt,

631 3896 719 3939 aut
748 3887 1012 3951 Scoerum,
1042 3886 1180 3954 quod
1225 3901 1319 3953 pro
1360 3886 1525 3953 Scyro
1563 3889 1628 3938 ab
1665 3885 1968 3952 antiquariis
2002 3887 2159 3938 scribi

631 3957 869 4018 solitum,
900 3965 954 4007 ut
982 3971 1184 4022 goerum
1211 3970 1304 4021 pro
1334 3970 1508 4021 gyrum
1538 3955 1670 4020 apud
1701 3955 2006 4006 Ausonium.
2031 3954 2161 4021 Scy-

635 4038 722 4076 ros
772 4033 942 4076 autem
992 4022 1285 4090 Scythicam
1336 4033 1574 4089 gentem,
1624 4022 1906 4074 Alanorum
1961 4031 2154 4086 partem

633 4091 789 4144 fuisse
817 4092 967 4144 docet
994 4091 1308 4153 Jornandes,
1343 4106 1537 4156 eosque
1565 4099 1680 4156 post
1719 4091 1892 4141 Attilre
1937 4098 2153 4141 mortem

634 4161 685 4210 in
711 4159 885 4212 Ματθία
906 4159 1222 4221 consedisse,
1247 4169 1352 4211 tum
1376 4170 1550 4225 postea
1575 4159 1860 4210 Odoacrem
1887 4160 1934 4208 in
1963 4159 2156 4226 Italiam

637 4237 861 4278 SCCGIOS.

709 4304 729 4330 ε
762 4293 928 4357 Olim,
961 4293 1153 4359 inquit,
1194 4291 1442 4346 cumtibi
1483 4292 1729 4344 victorem
1771 4291 2150 4343 Theodericum

641 4360 702 4410 ad
742 4375 917 4426 pacem
949 4358 1141 4411 hortari
1187 4359 1361 4424 libuit,
1406 4358 1555 4410 desiit
1585 4373 1806 4411 nocere:
1839 4373 1974 4410 nunc
2011 4361 2055 4411 si
2085 4362 2160 4410 vis

644 4430 826 4478 iterum
856 4442 1056 4493 rogare.
1092 4429 1318 4494 proderit
1345 4427 1450 4480 suis
1480 4427 1709 4478 auxiliis:
1726 4427 1812 4479 Sic
1839 4442 1962 4491 ergo
1991 4429 2164 4492 legen-

641 4497 760 4556 dus,
788 4504 840 4546 et
879 4497 1266 4562 distinguendus
1311 4496 1391 4547 hic
1439 4495 1597 4547 locus.
1639 4495 1763 4546 Nam
1809 4495 2061 4546 sententia
2110 4495 2160 4547 in

641 4563 859 4626 vulgatis
893 4564 1030 4615 nulla
1057 4573 1185 4614 erat.
1218 4563 1321 4616 Nec
1352 4564 1521 4615 minus
1547 4563 1754 4627 elegans
1781 4564 2005 4615 clausula
2038 4577 2158 4613 ora-

641 4630 815 4691 tionis,
859 4645 958 4696 qua
1003 4639 1144 4697 optat
1188 4631 1396 4683 llunnos
1434 4632 1520 4697 qui
1567 4632 1700 4683 bello
1745 4631 1995 4693 Gothico,
2040 4645 2157 4684 cum

638 4698 920 4750 auxiliares
958 4708 1165 4759 essent,
1202 4700 1319 4750 victi
1364 4710 1674 4761 nocuerant,
1706 4701 1969 4765 cladisque
2016 4698 2158 4750 Lito-

641 4768 796 4817 rianm
827 4773 1064 4817 auctores
1099 4765 1213 4832 fuga
1257 4779 1346 4818 sua
1388 4765 1618 4831 fuerant,
1651 4785 1785 4820 nunc
1828 4783 1942 4820 cum
1984 4769 2160 4820 hostes

638 4844 786 4902 sunt,
815 4835 998 4885 iterum
1026 4834 1338 4902 vinci_atque
1368 4835 1435 4884 ita
1462 4835 1537 4886 bis
1558 4839 1720 4887 victos
1752 4837 2014 4902 prodesse.

711 4901 736 4936 ά
773 4903 936 4953 Varro
977 4902 1109 4966 apud
1149 4898 1486 4970 Censorinum
1520 4905 1581 4951 de
1623 4904 1705 4954 die
1745 4898 1896 4956 natali
1937 4918 2050 4970 cap.
2098 4906 2158 4957 l7

640 4980 847 5031 narrat,
879 4970 1085 5021 audisse
1111 4982 1166 5020 se
1202 4983 1262 5018 ex
1298 4968 1466 5019 Vettio
1502 4983 1723 5034 augure,
1749 4976 1788 5021 si
1818 4974 1887 5022 ita
1915 4968 2065 5034 esset,
2108 4981 2160 5022 ut

642 5044 891 5090 traderent
932 5037 1152 5088 historiri
1192 5036 1252 5086 de
1287 5035 1484 5086 Romuli
1524 5036 1669 5087 Urbis
1699 5041 1964 5090 solidanda:
1993 5043 2161 5104 auspi-

641 5110 757 5169 ciis,
789 5123 847 5157 ac
888 5107 950 5159 12
987 5105 1257 5156 vulturibus
1294 5104 1524 5169 quoniam
1564 5105 1657 5155 1‘20
1701 5122 1854 5156 annos
1899 5111 2159 5159 incolumis

657 5179 932 5252 {riclerisset
969 5171 1182 5252 papulas
1223 5171 1491 5252 Roma-nus,
1531 5173 1596 5248 ad
1634 5172 2156 5252 I‘fltIOperrenturum.

641 5192 931 5294 frwlertsset
969 5192 1182 5252 Populus
1223 5192 1491 5231 Montanus,
1531 5192 1595 5221 aa
1634 5192 1756 5226 l'n'aUU
1794 5192 2156 5238 perventurum.

665 5243 802 5308 iujus
830 5244 1052 5295 vaticmii
1085 5254 1338 5291 memores
1373 5240 1852 5308 RomaniLAlarico
1884 5243 1932 5290 in
1967 5242 2158 5294 Italiam

653 5306 892 5375 irruente,
925 5321 978 5363 ut
1008 5309 1316 5361 Claudianus
1340 5309 1404 5360 de
1445 5308 1578 5358 bello
1619 5306 1793 5359 Getico
1830 5309 2036 5369 scribit,
2066 5310 2159 5361 Ur-

715 5467 730 5494 ‘
755 5465 1037 5516 Iladrianus
1062 5460 1291 5511 Valesius
1317 5459 1430 5510 Rer.
1460 5457 1688 5509 Francic.
1716 5458 1802 5505 lih.
1823 5474 1871 5519 ν,
1900 5473 2012 5522 pag.
2038 5458 2159 5517 ⁵2⁸21,

648 5536 794 5584 scribi
826 5534 926 5582 vult
963 5531 1123 5580 Vicer.
1163 5526 1312 5593 (Vide
1345 5527 1470 5580 infra
1500 5535 1670 5577 notant
1704 5526 1766 5575 ad
1803 5541 1959 5577 carm.
1992 5525 2086 5588 9.5,
2121 5541 2166 5577 ν.

1862 266 2102 323 ειυοξυι
2140 297 2146 321 λ

2258 263 2583 319 lLLINARIS
3690 263 3781 321 688

2185 380 2232 436 Α
2263 371 2421 443 352
2457 373 2696 435 Dirutus,
2737 371 3078 442 opprobrium
3117 385 3224 424 non
3264 370 3508 424 damnum
3550 369 3778 424 barbam

2641 501 2654 518 η
3457 457 3711 528 [horrens0

2257 549 2364 603 nos
2386 549 2450 602 ad
2481 548 2613 602 bcIla
2645 547 2805 602 trahit
2831 555 2940 602 tum
2966 546 3074 614 jam
3100 561 3224 618 spes
3247 546 3391 601 orbis
3417 549 3617 609 Avitus.

2255 639 2348 693 Vel
2377 639 2486 707 jam
2519 640 2775 707 privatus,
2813 638 2896 692 vel
2927 636 3117 709 adhuc.
3146 635 3232 692 Sic
3255 639 3494 692 cinnama
3523 639 3684 704 busto,

2255 727 2416 782 Collis
2450 726 2708 796 Erythrmi
2747 737 2961 792 portans
2996 726 3276 780 Phcebeius
3305 728 3438 792 ales,

2251 817 2491 871 Concitat
2515 831 2676 871 omne
2707 817 2882 869 avium
2920 817 3142 886 vulgus:
3174 816 3476 870 famulantia
3503 826 3712 871 currum

2253 906 2506 973 Agmina,
2543 917 2596 957 et
2633 914 2888 974 angustus
2923 919 3122 981 pennas
3153 920 3257 958 non
3290 905 3517 972 explicat
3548 921 3655 960 aer.

2327 993 2354 1030 ά
2389 993 2502 1048 Jam
2533 1009 2696 1063 prope
2730 995 2831 1046 lata
2867 997 2937 1048 tui
2971 995 3210 1049 bissenas
3234 995 3461 1049 vulturis
3493 995 3600 1049 alas

2253 1087 2594 1154 Complebant
2628 1087 2756 1153 (scis
2779 1103 3004 1156 namque
3025 1096 3141 1144 tuos
3160 1126 3178 1155 ,
3199 1089 3326 1154 scis,
3355 1090 3538 1153 Roma,
3570 1089 3782 1154 labores)

2260 1185 2282 1213 ο
2317 1178 2520 1230 Aetium
2552 1177 2794 1230 Placidus
2820 1178 3076 1230 mactavit
3112 1179 3330 1231 semivir
3363 1193 3545 1233 amens

2260 1265 2459 1333 Vixque
2484 1275 2574 1318 tuo
2604 1265 2904 1332 impositum
2935 1265 3088 1333 capiti
3111 1265 3352 1321 diadema
3371 1309 3388 1334 ,
3422 1268 3634 1326 Petroni
3659 1291 3670 1324 :

2257 1356 2400 1409 illico
2433 1356 2718 1420 barbaries,
2749 1370 2849 1410 nec
2877 1370 2984 1410 non
3010 1355 3109 1409 sibi
3142 1365 3295 1424 capta
3329 1359 3498 1412 videri

2256 1446 2420 1499 Roma
2462 1445 2626 1508 Getis,
2663 1446 2921 1512 tellusque
2957 1459 3054 1504 suo
3089 1459 3303 1499 cessura
3337 1445 3533 1513 furori,

2256 1533 2512 1598 Raptores
2547 1546 2642 1586 ceu
2678 1535 2811 1586 forte
2845 1532 2983 1600 lupi,
3016 1533 3132 1600 quis
3167 1548 3296 1586 nare
3330 1536 3504 1603 sagaci

2262 1621 2515 1674 Monstrat
2552 1622 2684 1674 odor
2713 1622 2957 1690 pinguem
2993 1622 3189 1676 clausis
3223 1623 3290 1675 ab
3329 1625 3547 1678 ovilibus
3587 1639 3773 1684 auram.

2187 1709 2232 1767 Β
2261 1711 2500 1779 lrritant,
2536 1721 2830 1779 acuuntque
2863 1711 3076 1778 famem,
3117 1720 3432 1782 portantque
3458 1717 3648 1782 rapina:

2255 1799 2312 1854 In
2348 1803 2493 1855 vultu
2525 1802 2781 1870 speciem,
2816 1802 2992 1868 patulo
3017 1801 3210 1869 jejunia
3241 1804 3376 1858 rictu

2257 1890 2558 1954 Falleutes;
2585 1891 2692 1958 jam
2723 1890 2937 1958 jamque
2971 1898 3119 1944 tener
3155 1904 3249 1959 spe
3287 1892 3548 1962 frangitur
3575 1905 3753 1962 agnum

2257 1984 2425 2048 Atque
2454 1969 2646 2034 absens
2675 1981 2830 2034 avido
2863 1981 3085 2048 crepitat
3114 1981 3221 2050 jam
3255 1985 3434 2050 prmda
3467 1986 3656 2053 palato.

2327 2072 2462 2138 Quin
2498 2081 2553 2126 et
2583 2073 2922 2126 Aremoricus
2954 2072 3174 2142 piratam
3205 2073 3412 2129 Saxona
3449 2085 3638 2131 tractus

2256 2163 2542 2232 Sperabat,
2569 2165 2652 2218 cui
2691 2165 2831 2232 pelle
2854 2164 3020 2219 salum
3053 2166 3263 2220 sulcare
3302 2168 3605 2221 Britannum

2256 2254 2453 2319 Ludus,
2479 2264 2532 2308 et
2562 2265 2742 2308 assuto
2778 2254 3021 2321 glaucum
3052 2270 3194 2310 mare
3233 2256 3451 2326 ﬁndere,
3470 2248 3655 2312 lembo.

2255 2342 2488 2396 Francus
2520 2342 2838 2397 Germanum
2870 2343 3095 2412 primum
3115 2383 3131 2408 ,
3169 2345 3484 2415 Belgamque
3507 2345 3769 2402 modum

2256 2433 2564 2499 Sternebat,
2593 2434 2935 2504 Rhenumque
2968 2436 3120 2491 ferox
3153 2438 3446 2493 Alamanne
3481 2440 3686 2494 bibebas

2256 2522 2505 2577 Romanis
2534 2522 2687 2591 ripis,
2717 2533 2770 2577 et
2802 2535 3022 2593 utroque
3054 2527 3311 2590 superbus
3342 2528 3395 2580 in
3433 2541 3560 2596 agro

2262 2609 2281 2649 ί
2321 2612 2413 2665 Vel
2442 2612 2593 2676 civis,
2621 2612 2703 2668 vel
2731 2613 2897 2666 victor
2923 2627 3061 2668 eras.
3086 2614 3191 2668 Sed
3222 2615 3426 2681 perdita
3453 2630 3668 2674 cernens

2255 2698 2535 2753 Terrarum
2568 2699 2770 2767 spatia,
2807 2701 3054 2768 princeps
3085 2701 3194 2771 jam
3230 2702 3509 2770 ﬂeximus,
3537 2716 3686 2757 unum

2255 2791 2406 2857 Quod
2442 2792 2540 2845 luit
2571 2791 2622 2845 in
2663 2793 2853 2858 rebus,
2891 2793 3230 2863 peditumque
3261 2798 3766 2870 equitumquemagi-

3565 2895 3720 2940 ιιι-πω

2256 2969 2332 3022 Te
2363 2969 2492 3029 sibi.
2523 2969 2696 3034 Avite,
2728 2970 2895 3039 legit:
2933 2972 3108 3026 collati
3137 2987 3319 3027 rumor
3352 2886 3569 3029 honoriE

2185 3046 2229 3106 C
2262 3058 2461 3112 Invenit
2488 3060 2798 3126 agricolam,
2830 3058 2950 3114 ﬂexi
2980 3061 3103 3116 dum
3136 3060 3271 3115 forte
3299 3062 3492 3131 ligonis

2261 3147 2484 3202 Exercet
2521 3147 2736 3212 dentes,
2774 3148 2854 3202 vel
2891 3148 3064 3216 pando
3092 3164 3289 3217 pronus
3316 3160 3496 3203 aratro

2261 3235 2416 3304 353
2438 3236 2604 3290 Vertit
2635 3237 2958 3290 inexcoctam
2986 3253 3082 3306 per
3106 3239 3317 3306 pinguia
3347 3238 3532 3307 jugera
3564 3239 3770 3309 glebam,

2269 3324 2359 3378 Sic
2393 3325 2654 3392 quondam
2686 3324 2753 3377 ad
2787 3327 2971 3393 patrias
3011 3339 3098 3380 res
3129 3324 3323 3379 fractas
3356 3340 3557 3396 pauper
3584 3336 3737 3380 arator

2262 3543 2344 3595 bis
2370 3544 2574 3597 ruinam
2603 3543 2937 3608 metuebam,
2958 3543 3055 3597 etsi
3081 3557 3337 3598 annorum
3369 3559 3643 3599 numerum
3667 3560 3770 3597 non-

2260 3610 2382 3664 dum
2411 3613 2701 3680 explerant.
2738 3612 2941 3676 Jupiter
2968 3611 3282 3666 Sidonianus
3307 3614 3516 3680 augurii
3552 3625 3770 3667 eventum

2261 3683 2359 3732 sub
2387 3680 2520 3733 Aetii
2558 3693 2611 3733 et
2642 3680 2987 3733 Valentiniani
3025 3681 3221 3739 eadem
3262 3681 3572 3746 impendere
3603 3683 3769 3734 denun-

2262 3749 2385 3828 tiat,
2410 3763 2511 3817 quo
2540 3759 2771 3828 tempore
2795 3749 2923 3803 urbs
2959 3751 3122 3802 Roma
3149 3749 3294 3803 mille
3322 3751 3586 3804 ducentos
3615 3749 3764 3818 paucis

2265 3823 2417 3870 annis
2446 3827 2764 3871 excesserat.
3792 3823 3793 3830 ‘

2337 3895 2360 3921 ο
2386 3886 2612 3956 Tempus
2647 3894 2820 3949 notat,
2855 3899 3169 3956 causamque
3205 3884 3554 3956 delatiAvito
3587 3897 3674 3955 per
3694 3879 3793 3956 Ifr-N

2267 3956 2494 4006 tronium
2542 3955 2836 4023 Maximum,
2865 3952 3421 4023 militite'magisterii.
3461 3952 3613 4008 Casu
3651 3952 3764 4007 enim

2187 4048 2238 4104 ο
2265 4032 2380 4088 post
2418 4023 2554 4104 Aetii
2588 4037 2766 4104 necem
2796 4019 3162 4102 Valentiniano
3177 4019 3369 4104 ,icum‘
3394 4024 3650 4104 blaximnus
3675 4035 3770 4096 per?

2266 4104 2444 4155 puram
2473 4090 2755 4160 induisset,
2784 4092 3030 4144 continuo
3058 4093 3226 4145 exorti
3254 4092 3454 4160 suntiin
3478 4091 3642 4146 Gallia
3665 4090 3766 4142 varii

2263 4167 2434 4228 motus
2481 4156 2801 4228 Gothorum,
2846 4159 3137 4228 Saxonum,
3190 4159 3344 4228 133
3369 4159 3791 4228 Francorumiet‘

2264 4226 2686 4305 Alamanporum.
2733 4227 2810 4280 Ad
2850 4241 2998 4305 quos_
3026 4225 3462 4305 scidandoitjuihil
3513 4225 3791 4305 consilum

2260 4293 2426 4364 visum
2457 4294 2704 4364 Maximo,
2723 4292 2881 4364 quam
2900 4304 2955 4345 ut
2976 4295 3182 4345 Avitum
3207 4292 3437 4360 peditum
3457 4295 3763 4364 equitumque

2260 4374 2352 4427 per
2379 4361 2573 4411 Gallias
2602 4363 2900 4427 magistrum
2929 4369 3148 4413 crearet.

2338 4426 2354 4464 ῐ
2389 4426 2792 4480 Alamannorum
2820 4429 2960 4480 enim
2997 4429 3148 4481 sedes
3187 4429 3236 4480 in
3265 4427 3454 4482 Suevia
3493 4437 3633 4483 trans
3659 4427 3766 4480 Rhe-

2263 4510 2404 4546 num.
2439 4496 2583 4548 Nunc
2615 4497 2793 4549 Rheno
2839 4497 3069 4562 traiecto.
3096 4497 3393 4549 citeriorem
3435 4510 3650 4564 quoque
3679 4494 3762 4547 Rw

2265 4578 2532 4632 manorum
2573 4567 2735 4632 ripam
2776 4563 3108 4617 infestabant.
3149 4564 3322 4632 Itaque
3367 4564 3421 4617 in
3455 4563 3578 4628 bac,
3609 4563 3656 4632 id
3679 4569 3789 4632 est“

2263 4631 2313 4711 in
2354 4605 2898 4711 Gallicanafvictores,
3043 4605 3358 4711 Germanica
3404 4605 3578 4711 quam:
3605 4605 3789 4711 dulluin‘

2262 4700 2574 4759 incoIehaut.
2599 4702 2739 4755 cives
2761 4710 2929 4754 erant.
2957 4701 3058 4755 Sed
3091 4716 3192 4755 non
3223 4701 3385 4754 multo
3418 4699 3540 4766 post
3561 4700 3613 4755 ia
3638 4699 3764 4755 Galli-

2258 4783 2439 4838 canam
2468 4785 2672 4836 quoque
2695 4771 3071 4838 immigrarunt,
3103 4779 3365 4837 tutamque
3391 4771 3537 4824 illam
3566 4769 3762 4838 laxitas

2261 4833 2616 4906 Sequanorum
2662 4833 2864 4904 partem
2909 4833 3227 4905 occuparunt
3263 4833 3464 4906 qua:
3509 4833 3761 4906 Rbeao__ad

2261 4901 2437 4958 Juram
2469 4922 2629 4972 usque
2663 4901 2895 4959 montem
2928 4901 3244 4971 porrigitur:
3280 4901 3364 4958 cui
3403 4915 3463 4960 et
3492 4919 3638 4972 non
3668 4901 3764 4958 Ah-

2263 4975 2483 5025 mannize
2514 4967 2702 5025 nomen
2734 4967 2985 5026 fecerunt.
3019 4967 3094 5025 De
3109 4988 3208 5039 qua
3237 4973 3454 5040 quidem
3479 4967 3761 5040 ϐἱιὴιειιιι
3785 4967 3787 5040 ὶ

2259 5042 2572 5112 εθυᾼϐειιῇείι
2605 5037 3210 5112 Αιδιιιοηιιίθ-ε-,ιυιιιᾲὸμίῥ
3256 5037 3453 5112 passim
3475 5080 3491 5104 ,
3523 5049 3625 5112 tum
3659 5037 3758 5112 Grc-

2260 5110 2435 5174 gorius
2465 5111 2782 5162 Turonensis
2821 5111 2871 5161 in
2905 5104 3016 5161 Vita
3052 5104 3424 5174 SS.“Lupisi,ni
3454 5119 3510 5163 et
3535 5105 3758 5174 Romanii

2262 5171 2364 5228 ῖιια
2399 5176 2623 5228 Jurensis
2663 5179 2841 5228 deserti
2879 5187 3091 5238 secreta,
3130 5192 3242 5245 qua
3264 5171 3419 5229 inter
3456 5171 3760 5245 Bargumlisul

2262 5246 2702 5312 Alamanniamque
2729 5247 2843 5310 sita,
2869 5247 3114 5298 Aventicw
3133 5248 3368 5312 adjacent
3389 5245 3596 5300 ciuitati.

3783 5373 3785 5527 Υ

2265 5460 2411 5595 ita.)
2453 5463 2673 5517 Bttnth
2712 5463 2974 5518 Sirmoud.
3015 5463 3203 5529 editor,
3248 5460 3458 5528 prmfat.
3605 5449 3762 5516 lout-Ii
