3818 6226
578 92 674 148 691

648 210 923 279 Postquam
951 211 1000 264 in
1028 210 1302 265 concilium
1329 208 1591 266 seniorum
1623 207 1762 262 venit
1783 207 1985 261 honora

577 299 876 366 Pauperies,
909 301 1153 368 pacisque
1181 299 1335 353 simul
1359 311 1454 352 rex
1484 296 1635 350 verba
1666 297 1900 365 poposcit
1927 314 1941 348 :

575 391 685 442 Dux
714 392 817 442 ait:
843 397 866 426 ι
895 390 1168 458 Optassem
1197 389 1378 456 patriis
1404 401 1619 443 securus
1646 387 1696 440 in
1725 387 1866 440 arvis

575 477 859 531 Emeritam
888 478 1055 532 fateor
1079 492 1287 546 semper
1316 478 1504 531 fovisse
1532 476 1782 545 quietem,

572 569 649 621 Ex
669 583 771 636 quo
798 567 826 606 δ
853 569 1052 622 militiae
1080 578 1199 638 post
1228 569 1402 622 munia
1430 567 1579 630 trina,
1609 566 1891 635 superbum

570 656 900 710 Praefectura:
924 657 1124 725 apicem
1146 669 1330 724 quarto
1355 656 1458 723 jam
1494 656 1717 708 culmine
1747 653 1877 706 rexi.

569 746 671 800 Sed
698 746 818 799 dum
853 761 937 800 me
965 747 1129 800 nostri
1160 745 1403 814 princeps
1430 744 1583 797 modo
1613 743 1865 795 Maximus
1890 741 2033 796 orbis

568 831 831 900 Ignarum,
863 835 1154 900 absentem,
1186 847 1457 901 procerum
1489 839 1603 899 post
1634 829 1776 884 mille
1804 829 2061 898 repulsas,

572 921 653 974 Ad
682 922 833 977 lituos
861 930 978 991 post
998 923 1112 991 jura
1138 931 1308 989 vocat,
1333 923 1596 990 voluitque
1621 919 1824 976 sonoris

567 1008 869 1066 Praeconem
901 1021 1106 1064 mutare
1134 1010 1290 1074 tubis,
1319 1009 1735 1078 promptissimus
1759 1007 1893 1067 istud

567 1098 780 1166 Arripni
808 1098 1055 1163 ofﬁcium,
1077 1113 1170 1153 vos
1191 1114 1292 1166 quo
1312 1097 1511 1166 legatus
1539 1098 1757 1154 adirem.

567 1187 788 1241 Foedera
821 1189 984 1253 prisca
1014 1202 1217 1255 precor,
1249 1202 1362 1256 qua:
1388 1201 1525 1242 nunc
1550 1201 1698 1239 meus
1727 1187 1812 1239 ille
1837 1194 2059 1249 teneret,

565 1277 843 1330 Jussissem
873 1278 916 1331 si
939 1277 1091 1342 forte,
1116 1291 1299 1340 senex,
1338 1276 1420 1330 cui
1452 1289 1658 1342 semper
1681 1276 1888 1329 Avitum

566 1365 722 1435 35.6
744 1366 944 1421 Sectari
965 1367 1197 1421 crevisse
1227 1366 1351 1430 fuit;
1376 1373 1598 1443 tractare
1624 1365 1855 1424 solebam

565 1456 670 1508 nes
694 1455 900 1510 Geticas
928 1455 1084 1509 olim:
1112 1456 1212 1509 scis
1233 1464 1284 1509 te
1306 1457 1536 1509 nescisse
1559 1456 1860 1522 frequenter

564 1547 692 1607 Quae
717 1546 880 1608 suasi,
909 1547 1004 1598 nisi
1029 1546 1180 1598 facta.
1202 1545 1394 1599 Tamen
1423 1545 1632 1598 fortuna
1659 1546 1886 1613 priorem

563 1635 805 1701 Abripnit
832 1635 1075 1701 genium;
1105 1635 1257 1701 periit
1290 1633 1633 1702 quodcunque
1662 1633 1922 1698 merebar,

563 1723 691 1776 Cum
714 1724 948 1790 genitore
975 1731 1064 1775 tuo
1094 1733 1116 1761 ο
1144 1722 1435 1776 Narbonem
1462 1722 1579 1782 tabe
1608 1722 1832 1778 solutum

562 1811 830 1866 Ambierat
855 1812 930 1879 (tu
955 1825 1140 1878 parvus
1163 1810 1325 1878 eras),
1351 1795 1656 1877 trepidantia
1677 1809 1892 1878 cingens

563 1899 744 1961 liiillia,
774 1899 823 1950 in
848 1898 1063 1953 infames
1081 1899 1184 1965 jam
1210 1899 1421 1966 jamque
1449 1907 1692 1965 coegerat
1716 1912 1893 1961 escas;

563 1989 675 2041 1am
707 1989 872 2042 tristis
895 1991 1117 2058 propriae
1144 1988 1387 2042 credebat
1415 1987 1595 2042 defore
1624 1988 1832 2056 pricdze,

562 2078 614 2130 Si
645 2078 852 2132 clausus
882 2077 1102 2132 fortasse
1129 2081 1294 2147 perit;
1324 2093 1439 2132 cum
1471 2086 1646 2132 nostra
1672 2079 1912 2146 probavit

562 2167 804 2231 Consilia,
833 2178 884 2220 et
912 2166 1092 2236 refugo
1113 2167 1303 2220 laxavit
1332 2167 1521 2220 moenia
1545 2167 1698 2220 bello.

562 2255 740 2321 Teque
769 2255 936 2321 ipsum
961 2254 1103 2324 (sunt
1127 2268 1248 2308 ecce
1274 2255 1449 2321 senes)
1479 2254 1576 2305 hoc
1605 2261 1816 2320 pectore
1842 2252 2004 2308 fotum

562 2343 656 2396 Ilze
683 2343 889 2397 ﬂentem
914 2352 1126 2396 tenuere
1149 2357 1354 2409 manus,
1381 2343 1426 2397 si
1454 2342 1670 2398 forsitan
1691 2332 1846 2397 altrix

561 2430 637 2485 Te
667 2430 815 2495 mihi,
844 2446 958 2484 cum
984 2431 1171 2496 nolles,
1205 2431 1499 2484 lactandum
1529 2431 1752 2487 tolleret.
1789 2431 1923 2485 Ecce

562 2521 814 2585 Advenio,
839 2531 890 2575 et
913 2523 1066 2590 prisci
1093 2530 1272 2590 repeto
1296 2521 1450 2576 modo
1477 2524 1664 2591 pignus
1690 2523 1901 2577 amoris.

562 2609 616 2660 Si
645 2609 733 2662 tibi
765 2611 901 2663 nulla
934 2610 1085 2674 lldes,
1114 2611 1252 2663 nulla
1274 2602 1354 2664 est
1374 2611 1662 2665 reverentia
1686 2611 1872 2678 patris,

563 2701 582 2751 I
606 2700 786 2764 durus,
816 2714 1100 2768 pacemque
1125 2716 1270 2767 nega.
1297 2701 1591 2770 Prorumpit
1617 2702 1682 2754 ab
1708 2701 1850 2753 omni

561 2788 794 2840 Murmur
822 2790 1073 2843 concilio:
1099 2790 1436 2861 fremitusque
1461 2801 1513 2846 ct
1540 2792 1715 2861 prielia
1744 2792 2015 2854 damnans,

563 2875 816 2927 Seditiosa
839 2881 944 2934 cici
971 2881 1275 2934 concordem
1303 2881 1448 2933 turba
1480 2883 1772 2935 tumultum.
1827 2884 1848 2894 ”

634 2965 762 3018 Tum
794 2983 880 3019 rex
903 2967 1123 3021 effatur:
1156 2968 1180 3004 τί
1212 2969 1433 3032 Dudum,
1465 2969 1567 3023 dux
1592 2972 1802 3040 inclyte,
1832 2973 1983 3039 CIIIth

563 3054 784 3109 Poscere
804 3065 855 3109 te
884 3071 1060 3123 pacem
1088 3066 1338 3123 nostram,
1360 3073 1474 3111 cum
1497 3074 1684 3125 cogere
1714 3061 1880 3126 possis

562 3145 863 3208 Servitium,
891 3146 1096 3199 trahere
1123 3162 1182 3199 ac
1212 3150 1427 3215 populos
1457 3148 1506 3200 in
1531 3149 1660 3201 bella
1688 3157 1936 3214 sequaces

561 3232 639 3286 Ne
668 3246 840 3298 quaeso
869 3234 1112 3286 invidiam
1136 3236 1301 3300 patrio
1330 3236 1455 3287 mihi
1486 3237 1695 3288 nomine
1723 3238 1929 3287 inuras:

563 3320 694 3386 Quid
723 3335 944 3385 mereor,
977 3323 1016 3372 si
1041 3323 1176 3372 nulla
1205 3322 1396 3387 iubes?
1426 3323 1648 3376 suadere
1677 3309 1773 3376 sub
1792 3325 1881 3376 illo

563 3413 710 3473 Quod
735 3418 963 3474 poteras,
984 3409 1137 3462 modo
1164 3411 1293 3462 velle
1319 3419 1399 3463 sat
1417 3418 1517 3472 est,
1543 3412 1811 3476 solumque
1833 3423 2080 3480 moratur,

563 3497 708 3562 Quod
739 3497 939 3562 cupias,
962 3499 1187 3550 nescisse
1216 3497 1399 3550 Getas:
1429 3499 1554 3551 mihi
1580 3499 1794 3552 Romula
1823 3501 2013 3554 dudum

561 3587 663 3641 Per
689 3593 738 3639 te
764 3585 880 3652 jura
908 3587 1144 3652 placent:
1180 3601 1500 3654 parvumque
1531 3589 1764 3641 ediscere
1789 3588 1944 3655 jussit

564 3673 639 3727 Ad
669 3686 750 3725 tua
777 3675 930 3726 verba
962 3684 1123 3741 pater,
1153 3675 1303 3728 docili
1336 3691 1436 3742 quo
1467 3678 1629 3742 prisca
1661 3678 1885 3730 Maronis

564 3762 807 3818 Carmine
841 3764 1065 3815 molliret
1093 3764 1359 3831 Scythicos
1389 3765 1512 3817 milii
1539 3766 1720 3832 pagina
1749 3777 1939 3819 mores.

559 3850 670 3902 .lam
700 3866 877 3917 pacem
917 3862 1021 3904 tum
1049 3854 1182 3907 velle
1209 3855 1397 3917 doces;
1430 3857 1518 3907 sed
1549 3858 1774 3927 percipe,
1805 3873 1920 3924 quae
1948 3858 2014 3911 sit

560 3937 796 3997 Conditio
825 3939 1079 4008 obsequii,
1109 3941 1279 3994 forsan
1311 3952 1421 3996 rata
1450 3954 1598 4010 pacta
1624 3945 1882 4012 probabis.

1819 90 2055 146 smoau
2096 90 2532 149 arommms
2597 72 2600 76 ’
3634 97 3726 156 tm

2132 213 2179 269 Δ
2209 207 2361 280 347
2394 210 2608 275 Testor,
2639 209 2805 266 Roma
2822 250 2836 274 ,
2861 218 3006 266 tuum
3035 211 3185 266 nobis
3206 209 3506 266 venerabile
3529 226 3726 280 numen,

2207 297 2272 350 Et
2291 301 2490 354 socium
2513 299 2580 353 de
2607 299 2769 354 Marte
2795 313 2980 368 genus,
3017 299 3098 353 vel
3119 300 3367 370 quidquid
3394 298 3464 352 ab
3490 315 3620 368 aevo,

2202 384 2306 454 (Nil
2335 396 2384 440 te
2411 387 2634 439 mundus
2661 387 2818 440 habet
2838 387 3045 451 melius,
3078 388 3149 440 nil
3173 388 3284 455 ipsa
3309 386 3520 458 senatu)

2201 475 2281 529 Me
2303 491 2481 544 pacem
2511 491 2728 532 servare
2752 478 2867 543 tibi,
2895 477 2978 530 vel
3006 478 3139 531 velle
3159 478 3372 532 abolere

2200 566 2329 632 Quae
2356 573 2536 620 noster
2559 567 2795 634 peccavit
2813 580 2960 628 avus,
2993 582 3149 635 quem
3179 565 3349 620 fuseat
3373 566 3427 620 id
3452 581 3632 631 unum,

2199 655 2349 719 Quod
2379 664 2449 719 te,
2479 656 2660 719 Roma,
2690 656 2863 726 capit:
2890 655 2983 710 sed
3011 656 3084 709 dii
3114 657 3158 708 si
3187 664 3307 710 vota
3334 656 3647 722 secundant,

2200 746 2398 799 Excidii
2426 746 2617 800 veteris
2636 747 2831 800 crimen
2854 761 3080 816 purgare
3107 746 3301 802 valebit

2202 834 2339 890 Ultio
2365 835 2658 903 praesentis,
2684 837 2728 889 si
2755 843 2833 900 tu,
2864 835 2966 890 dux
2997 836 3208 906 inclyte,
3235 837 3404 890 solum

2197 923 2416 991 Augusti
2437 923 2625 978 subeas
2650 938 2861 978 nomen.
2887 925 3019 991 Quid
3041 925 3237 980 lumina
3260 925 3477 980 ﬂectis?

2199 1011 2418 1066 Invitum
2442 1014 2555 1080 plus
2582 1026 2701 1067 esse
2725 1012 2912 1076 decet;
2946 1028 3051 1066 non
3079 1013 3312 1081 cogimus
3333 1013 3498 1078 istud,

2197 1101 2296 1155 Sed
2326 1111 2696 1175 contestamur.
2721 1101 2897 1154 Romae
2924 1115 3037 1154 sum
3063 1110 3114 1156 te
3139 1103 3272 1156 duce
3295 1103 3519 1171 amicus,

2197 1188 2438 1255 Principe
2463 1199 2512 1243 te
2533 1189 2682 1242 miles
2703 1204 2720 1254 ;
2741 1203 2957 1257 regnum
2985 1203 3087 1242 non
3112 1189 3348 1258 praeripis
3374 1189 3493 1256 ulli,

2196 1279 2301 1332 Nec
2326 1279 2595 1346 quisquam
2620 1278 2790 1331 Latias
2816 1281 3074 1346 Augustus
3096 1279 3324 1347 possidet
3343 1292 3522 1333 area:

2194 1367 2306 1432 Qua
2330 1374 2476 1420 vacat
2497 1365 2636 1430 aula,
2670 1376 2756 1419 tua
2793 1374 2908 1420 est:
2939 1377 3125 1433 testor,
3156 1382 3258 1421 non
3283 1367 3478 1421 sufﬁcit
3507 1368 3639 1424 istud

2194 1455 2270 1509 Ne
2298 1470 2531 1514 noceam,
2558 1465 2714 1523 atque
2740 1463 2828 1507 tuo
2855 1455 2952 1507 lioc
2972 1455 3167 1508 utinam
3189 1455 3488 1510 diademate
3513 1456 3601 1510 ﬁat

2123 1544 2168 1604 B
2195 1544 2262 1598 Ut
2290 1543 2482 1612 prosim
2505 1546 2518 1598 l
2541 1543 2761 1597 suadere
2789 1557 2964 1599 meum
2993 1552 3109 1606 est,
3137 1558 3255 1596 nam
3284 1543 3452 1598 Gallia
3470 1544 3516 1598 si
3545 1555 3596 1599 te

2195 1629 2537 1698 Compulerit,
2567 1645 2683 1698 qua:
2705 1629 2830 1698 jure
2859 1639 3047 1698 potest,
3081 1631 3169 1684 tibi
3193 1640 3373 1699 pareat
3399 1632 3570 1698 orbis,

2195 1720 2270 1773 Ne
2295 1728 2492 1788 pereat.
2515 1720 2682 1786 Dixit,
2711 1721 3008 1790 pariterque
3037 1722 3087 1776 in
3107 1722 3265 1776 verba
3294 1724 3457 1791 petita

2194 1810 2293 1865 Dat
2319 1819 2547 1865 sanctam
2576 1825 2693 1878 cum
2721 1811 2880 1865 fratre
2906 1811 3083 1864 ﬁdem.
3109 1821 3133 1848 ο
3157 1812 3412 1876 Discedia,
3443 1813 3616 1870 Avite.

2192 1899 2426 1965 Moestus,
2445 1901 2531 1968 qui
2561 1901 2735 1954 Gallos
2759 1899 2924 1953 scires
2951 1913 3054 1952 non
3081 1913 3235 1966 posse
3261 1900 3446 1963 latere,

2193 1989 2324 2054 Quid
2353 1989 2550 2056 possint
2578 1989 2778 2042 servire
2805 1987 2950 2040 Getae
2973 1995 3023 2038 te
3047 1987 3279 2054 principe
3303 2002 3318 2049 ;
3349 2002 3575 2058 namque

2190 2077 2403 2130 Civibus
2426 2086 2482 2128 ut
2509 2078 2671 2142 patuit
2700 2076 2932 2144 trepidis,
2963 2085 3017 2130 te
3041 2075 3238 2134 fcedera
3267 2077 3423 2140 ferre,

2191 2165 2484 2218 Occurrunt
2513 2164 2730 2226 alacres,
2759 2165 3041 2232 ignaroque
3071 2174 3192 2217 ante
3223 2165 3448 2218 tribunal

2189 2255 2472 2308 Sternunt:
2501 2235 2659 2320 utque
2684 2255 2811 2306 satis
2837 2252 3046 2305 sibimet
3075 2268 3353 2306 numerosa
3384 2255 3558 2310 coisse

2189 2339 2440 2394 Nobilitas
2469 2341 2580 2394 visa
2608 2350 2706 2406 est,
2736 2355 2889 2408 quam
2918 2338 2935 2378 ί
2968 2353 3092 2393 saxa
3124 2341 3312 2394 nivalia
3343 2340 3486 2396 Cotti

2191 2430 2522 2496 Despectam,
2549 2429 2706 2482 variis
2732 2442 2828 2483 nec
2853 2443 2956 2482 non
2983 2444 3136 2497 quam
3168 2430 3402 2498 partibus
3421 2429 3586 2491 ambit

2190 2519 2446 2588 Tyrrheni
2472 2518 2740 2588 Rhenique
2767 2519 2954 2587 liquor,
2985 2519 3066 2573 vel
3093 2519 3242 2586 longa
3271 2529 3296 2565 ε
3327 2519 3556 2587 Pyrenei

2189 2608 2354 2674 Quam
2379 2607 2498 2677 juga
2527 2609 2593 2660 ab
2625 2609 2852 2677 llispano
2881 2609 3136 2662 seclusam
3160 2607 3279 2673 jure
3303 2616 3575 2667 coercent,

2189 2697 2500 2767 Aggreditur
2526 2698 2686 2752 nimio
2707 2713 2948 2752 curarum
2977 2696 3208 2765 pondere
3238 2696 3440 2750 tristem

2190 2790 2434 2846 Gaudens
2465 2788 2613 2842 turba
2639 2791 2805 2841 virum
2827 2804 2841 2850 ;
2862 2802 3134 2856 procerum
3160 2797 3265 2838 tum
3293 2784 3554 2838 maximus
3571 2795 3705 2843 unus,

2115 2870 2159 2930 C
2189 2881 2346 2951 358
2375 2881 2566 2948 Dignus
2596 2880 2683 2948 qui
2711 2880 2887 2946 patria:
2911 2892 3187 2944 personam
3216 2885 3472 2938 sumeret,
3509 2874 3633 2927 inﬁt.

2256 2972 2418 3035 Quam
2444 2982 2539 3021 nos
2565 2983 2657 3042 per
2679 2969 2850 3020 varios
2869 2967 3060 3023 dudum
3089 2969 3288 3025 fortuna
3318 2965 3552 3027 labores,

2191 3059 2434 3125 Principe
2462 3061 2558 3111 sub
2586 3072 2766 3123 puero,
2794 3058 2980 3111 laceris
3005 3064 3134 3120 terat
3163 3069 3344 3120 aspera
3385 3054 3547 3106 rebus
3566 3091 3582 3110 ,

2188 3147 2316 3198 Fors
2337 3146 2682 3212 longum,dux
2699 3144 3213 3211 magne,queri,cum
3241 3143 3436 3207 quippe
3456 3141 3706 3196 dolentum

2188 3237 2412 3290 Maxima
2441 3249 2561 3302 pars
2587 3235 2762 3294 fueris,
2796 3233 2975 3300 patriae
3002 3233 3124 3289 dum
3155 3234 3370 3285 vulnera
3403 3233 3588 3300 lugens

2189 3322 2635 3377 Sollicitudinibus
2654 3321 3053 3375 vehementibus
3071 3322 3368 3389 exagitaris.

2188 3411 2290 3463 llas
2317 3411 2466 3462 nobis
2493 3412 2627 3462 inter
2654 3409 2829 3462 clades
2856 3422 2918 3462 ac
2946 3402 3122 3461 funera
3153 3407 3354 3470 mundi,

2186 3500 2322 3552 Mors
2349 3499 2539 3552 vixisse
2568 3475 2697 3561 fuit;
2740 3498 2832 3555 sed
2860 3499 2980 3549 dum
3006 3512 3096 3563 per
3121 3497 3275 3550 verba
3307 3506 3583 3563 parentum

2183 3590 2398 3657 Ignavas
2423 3587 2640 3641 colimus
2662 3586 2820 3653 leges,
2844 3592 3180 3651 sanctumque
3196 3591 3448 3651 putamus

2186 3680 2314 3734 Rem
2342 3685 2572 3731 veterem
2596 3690 2686 3742 per
2711 3675 2899 3728 damna
2926 3674 3099 3741 sequi:
3131 3673 3458 3741 portavimus
3487 3672 3705 3727 umbram

2185 3768 2412 3836 Imperii,
2443 3767 2650 3834 generis
2678 3766 2909 3819 contenti
2936 3764 3073 3828 ferre
3100 3765 3290 3817 vetusti
3529 3771 3532 3776 '

2187 3857 2248 3908 Et
2277 3856 2419 3918 vitia,
2446 3869 2505 3906 ac
2533 3854 2736 3908 solitam
2770 3846 2947 3905 vestiri
2981 3853 3178 3904 murice
3203 3862 3415 3918 gentem

2189 3945 2331 3998 More
2359 3944 2522 4013 magis
2551 3957 2703 4010 quam
2724 3944 2842 4009 jure
2868 3941 2968 4008 pali
2995 3958 3010 4006 ;
3039 3941 3426 4008 promptissima
3455 3952 3621 4005 nuper

630 4076 656 4103 ι
679 4069 826 4141 Aviti
871 4070 1038 4141 oratio
1081 4069 1155 4141 sic
1207 4071 1372 4141 eft‘icta
1397 4109 1412 4131 ,
1449 4073 1616 4141 __quasi
1665 4074 1830 4124 adhuc
1878 4074 2072 4128 viveret
2100 4074 2146 4131 D
2173 4075 2238 4126 ab
2261 4073 2465 4126 Alarico
2493 4073 2773 4124 admissum
2800 4111 2815 4136 ,
2843 4074 3127 4132 Genserici,
3161 4074 3246 4140 qui
3285 4073 3483 4127 Urbem
3515 4087 3605 4141 per
3626 4084 3706 4126 eos

559 4136 829 4204 Maximus,
856 4135 920 4187 de
946 4138 1090 4204 cujus
1121 4137 1327 4187 interitu
1357 4135 1620 4188 nihildum
1648 4153 1912 4204 cognorat.

631 4202 656 4240 δ
678 4203 812 4252 Cave
837 4217 952 4252 cum
985 4202 1044 4253 iis
1073 4206 1263 4254 sentias
1298 4207 1383 4269 qui
1414 4220 1474 4256 ex
1503 4207 1597 4256 hoc
1626 4202 1737 4258 loco
1766 4210 1968 4261 Avitum
2003 4219 2080 4262 ter

561 4271 862 4335 magistrum
890 4270 1125 4340 militum,
1144 4283 1324 4336 quater
1342 4271 1636 4337 prmfectum
1661 4277 1899 4340 prmtorio
1923 4277 2078 4330 luisse

561 4350 894 4403 augurantur.
936 4338 1107 4404 Neque
1149 4342 1284 4390 enim
1317 4341 1413 4392 hoc
1448 4342 1611 4401 dicit;
1659 4338 1747 4394 Sed
1801 4344 1930 4404 sibi,
1960 4359 2077 4398 cuiu

560 4406 746 4468 ιιὶιιιὶρί
772 4404 876 4476 jam
920 4407 1055 4476 bello
1083 4421 1184 4457 non
1221 4407 1330 4458 sine
1373 4409 1582 4460 honoris
1615 4410 1759 4462 titulo
1787 4413 2075 4476 militasset,

561 4483 744 4538 quarto
773 4475 885 4522 loco
911 4473 1262 4538 przrfecturam
1291 4477 1551 4541 obtigise
1575 4479 1682 4540 Qua
1713 4481 1905 4530 ratiOue
1935 4491 1986 4531 et
2013 4473 2077 4534 de

562 4541 1111 4613 magisteriamilitum
1157 4541 1327 4592 dicere
1366 4560 1500 4597 nunc
1541 4556 1763 4609 poterat,
1799 4548 1977 4613 quinto
2021 4567 2077 4603 se

561 4612 697 4662 izlaiu
729 4608 949 4660 culmine
979 4608 1248 4671 adeptum;
1275 4625 1366 4660 nec
1389 4608 1556 4664 tamen
1579 4629 1760 4666 sensus
1789 4608 1926 4668 esset
1954 4620 2078 4670 Avi-

562 4690 667 4730 tum
698 4675 968 4742 quinquies
1000 4676 1296 4741 magistrum
1331 4679 1504 4730 luisse.
1628 4682 1635 4683 “

632 4757 651 4781 ε
686 4744 832 4796 Initio
861 4743 977 4794 belli
1005 4742 1224 4803 Gottiici,
1259 4753 1312 4795 ut
1339 4746 1526 4798 dietum
1552 4757 1651 4808 est,
1676 4765 1809 4802 anno
1830 4752 2075 4809 456.1%-

559 4831 659 4879 que
705 4815 848 4885 enim~
871 4813 1142 4885 obscurum
1182 4823 1260 4885 est
1297 4814 1365 4885 de
1399 4828 1454 4864 ea
1482 4817 1745 4867 obsidione
1779 4821 1856 4885 agi
1886 4822 1949 4872 de
1979 4837 2075 4885 qua

559 4885 799 4947 Prosper,
833 4880 1076 4941 Isidorus,
1106 4881 1292 4931 I’uulns
1320 4882 1564 4932 diaconus
1591 4895 1638 4933 et
1668 4887 1773 4942 alii,
1800 4880 1912 4936 eum
1946 4902 1971 4935 a
1996 4880 2078 4937 Li-

561 4951 693 5001 torio
715 4951 902 5000 c0mite
925 4947 1071 4999 [auiis
1096 4952 1321 5012 periculo
1346 4950 1614 5000 liberatum
1641 4952 1927 5003 Narbonem
1953 4958 2077 5005 scri-

560 5018 706 5067 bunt.
724 5017 900 5067 Avitus
921 5018 1137 5068 oonsilio
1168 5034 1259 5067 sui)
1283 5018 1500 5070 Solutam
1525 5035 1550 5070 a
1574 5020 1892 5071 Theoderico
1921 5020 2078 5074 fuisse

561 5084 879 5135 obsidionem
909 5099 1296 5138 COUIttlettitir;ll.

628 5152 1016 5203 dTIlCOdOf‘lCIlS
1040 5156 1185 5203 Avito
1207 5172 1302 5205 non
1327 5157 1487 5205 solum
1513 5170 1707 5220 pacem,
1724 5171 1898 5205 verum
1922 5156 2075 5207 etiam

563 5216 679 5267 belli
708 5221 946 5269 adversus
981 5221 1122 5269 γωδ
1145 5222 1234 5271 ilo~
1263 5216 1560 5275 societatem
1591 5224 1825 5287 spondet,
1860 5225 2075 5275 simodo

558 5299 611 5357 se
638 5286 1017 5357 imperatorum,
1039 5301 1248 5336 vacante
1274 5306 1360 5351 per
1389 5294 1584 5339 Maximi
1612 5286 1800 5340 (modum
1826 5293 1957 5345 aula,
1981 5293 2071 5343 (Ιο-

564 5350 647 5408 ligi
681 5352 911 5408 patiatur.
950 5354 1014 5403 ita
1046 5358 1176 5404 enim
1211 5350 1315 5408 iure
1355 5371 1405 5407 ut
1441 5361 1564 5410 lion)
1589 5375 1614 5403 ιδ
1648 5371 1788 5411 vetus
1821 5361 2069 5412 excidiintt

2180 4142 2292 4195 dies
2319 4142 2503 4192 iterum
2530 4142 2799 4206 spoliarat,
2834 4142 3057 4191 vindicta
3083 4144 3339 4206 expietur.

2251 4213 2272 4238 ⁸
2297 4208 2552 4260 Ambiisse
2575 4222 2850 4274 purpuram
2880 4208 3086 4259 Avitum
3127 4221 3227 4259 non
3257 4207 3563 4260 dissimulat
3585 4206 3702 4260 Gre-

2177 4277 2353 4342 gorius
2382 4272 2585 4327 Turon.‘
2610 4272 2697 4326 lib.
2728 4290 2785 4333 ιι,
2816 4289 2929 4341 cap.
2962 4277 3044 4336 ii,
3088 4289 3185 4326 nec
3233 4274 3382 4326 abest
3411 4275 3482 4328 ab
3513 4289 3573 4325 ea
3601 4288 3707 4327 sen-

2178 4345 2336 4397 tentia
2365 4344 2497 4410 quod
2525 4343 2706 4395 scribit
2738 4342 2958 4396 Isidorus
2982 4382 2996 4405 ,
3019 4343 3404 4395 Theodericum
3446 4344 3602 4395 Avito
3625 4355 3706 4395 suc

2178 4414 2350 4466 mendi
2385 4411 2663 4479 imperialis
2713 4410 2898 4479 fastigii
2948 4426 3066 4463 cum
3095 4410 3259 4463 Gallis
3283 4410 3546 4462 auxilium
3579 4424 3702 4479 pne;

2177 4483 2371 4534 buisse.
2422 4481 2564 4532 Ilanc
2607 4477 2732 4547 ergo
2760 4477 2926 4531 labem
2967 4489 3024 4532 ut
3069 4481 3209 4532 elnat
3246 4479 3535 4542 Sidonius,
3569 4477 3705 4548 135

2179 4551 2449 4614 imperium
2506 4560 2692 4601 tumsto
2739 4559 2790 4600 et
2837 4549 2996 4600 invito
3050 4548 3276 4600 defatum
3349 4548 3705 4614 ingestumque

2173 4620 2414 4670 al‘tirmut.
2447 4617 2559 4669 Jam
2590 4617 2783 4682 pr.elati
2811 4631 2990 4668 sumus
3007 4631 3070 4668 ex
3102 4617 3282 4676 ldatio,
3306 4619 3530 4669 Avitum
3555 4615 3703 4668 Toto-

2174 4702 2244 4738 s;e
2274 4689 2516 4754 primum,
2537 4685 2725 4738 deinde
2751 4685 2941 4737 Arelati
2974 4687 3259 4754 Augustum
3288 4683 3458 4754 fuisse
3482 4683 3704 4750 appella-

2175 4752 2301 4805 tum.
2333 4754 2479 4819 Quod
2508 4769 2625 4805 cum
2665 4754 2881 4806 Sidonio
2926 4754 3175 4805 cohaeret.
3205 4752 3414 4804 Tolosa:
3454 4767 3622 4814 enim,
3649 4761 3698 4800 ut

2177 4832 2336 4885 pilel,
2364 4832 2473 4873 acta
2503 4832 2625 4874 sunt
2649 4837 2762 4887 qum
2799 4822 2864 4872 de
2899 4821 3033 4872 Aviti
3076 4834 3192 4871 cum
3222 4819 3563 4887 Theoderico
3586 4831 3702 4874 con-

2174 4904 2376 4954 gressu,
2408 4886 2816 4955 capessendique
2850 4888 3050 4955 imperii
3076 4887 3309 4955 consiiiis
3337 4886 3600 4940 hactenus
3625 4901 3701 4955 ce-

2176 4953 2330 5017 cinit;
2369 4953 2668 5010 coni-ionem
2716 4953 2842 5008 vero
2891 4954 3101 5008 Gallica:
3150 4954 3463 5024 nobilitatis,
3515 4968 3616 5024 qua
3655 4953 3701 5004 in

2175 5027 2338 5075 reditu
2370 5036 2614 5088 exceptus
2660 5029 3095 5091 inauguratusque
3126 5023 3467 5087 describitur,
3502 5023 3556 5076 in
3584 5025 3704 5076 Are-

2178 5092 2452 5142 latensium
2475 5104 2640 5143 castro
2665 5094 2854 5145 coiisse
2886 5107 3007 5143 mox
3037 5093 3264 5145 docebit.
3591 5138 3596 5143 .

2251 5158 2267 5193 ί
2295 5161 2450 5222 Alpes
2479 5160 2661 5212 (Initia:
2686 5177 2696 5210 :
2734 5162 2820 5212 Sed
2855 5163 3032 5210 harum
3058 5163 3272 5212 nomine
3293 5161 3536 5227 reliquas
3555 5157 3702 5227 etiam

2178 5227 2390 5292 intelligi
2440 5229 2599 5278 voluit
2659 5244 2770 5292 qua:
2817 5227 3028 5278 Galliam
3079 5229 3143 5279 ab
3209 5227 3355 5279 Italia
3407 5225 3700 5280 Secludunt.

2177 5294 2555 5410 Ctilt.i:rl:_au;f3ttt
2587 5297 2766 5347 media:
2793 5307 2908 5348 sunt
2939 5293 3076 5350 inter
3103 5293 3284 5349 Graias
3317 5304 3366 5348 et
3399 5294 3700 5348 Maritiutas.

2249 5371 2269 5404 κ
2299 5367 2331 5410 Α
2365 5377 2414 5410 ll.
2497 5377 2640 5410 nrcnc

2249 5371 2269 5404 κ
2299 5361 2414 5418 Alii,
2453 5361 2656 5420 Pyrene,
