3818 6226
1439 199 1764 256 CARMINA.

119 313 202 376 ima
221 307 387 376 percita
413 321 531 361 cum
555 306 708 362 ducis
735 307 937 376 Pelasgi

110 381 231 468 ﬂliret
251 399 442 454 rabidos
462 399 643 468 virago
666 405 868 462 tauros,

113 495 238 550 stum
263 490 447 553 territa,
469 504 588 543 cum
618 501 746 544 suus
762 487 1001 552 colonus,

113 565 310 650 pinguis
333 579 512 634 domiti
533 589 678 632 satos
705 576 952 638 molares,

127 669 236 728 satas
261 667 620 723 tremebundus
647 667 784 719 inter
805 664 1015 728 herbas,

119 763 212 820 scre
229 761 272 814 in
297 769 518 826 segetem
550 765 789 824 stuperet
818 756 1028 807 hostem

137 846 402 917 agitantibus
430 847 554 899 hinc
583 852 638 899 et
667 845 788 898 hinc
817 843 991 896 aristis
1012 885 1027 910 ,

127 931 170 992 ra
194 934 432 990 belliferas
451 933 670 986 madere
698 931 897 1000 glebas,

119 1017 255 1076 nosos
271 1021 416 1076 viridi
444 1034 637 1075 cruore
665 1019 872 1072 fratres.

134 1129 177 1168 in
199 1112 272 1165 hic
297 1113 608 1178 terrigenam
637 1108 818 1176 loquar
840 1107 1136 1173 cohortem,

111 1203 230 1270 pixto
254 1215 394 1269 mage
416 1199 647 1253 vividam
671 1211 897 1263 veneno,

115 1295 288 1362 Tprmter
310 1289 538 1358 speciem
572 1288 729 1342 modo
756 1296 1045 1353 carentem,

120 1389 197 1446 pes
221 1381 514 1448 corporibus
545 1379 886 1432 voluminosis

115 1459 269 1536 [Alte
290 1481 533 1536 squamea
563 1481 717 1520 crura
748 1465 1092 1534 porrigentes,

125 1557 271 1632 estigia
297 1558 442 1611 fauce
464 1555 798 1609 desinebant.

121 1645 314 1718 Horme:
341 1644 561 1712 triplicis
588 1657 778 1712 procax
801 1643 1068 1710 juventus,

132 1750 238 1788 nem
258 1734 380 1802 pede
408 1729 685 1802 praterens
713 1733 911 1798 voraci,

110 1824 232 1880 lebat
254 1827 476 1894 capitum
501 1824 758 1895 stupenda
782 1838 999 1894 gressu;

112 1923 190 1972 Nm
215 1913 419 1969 classica
443 1915 716 1968 numinum
741 1914 1016 1981 sonabant,

113 2003 281 2076 {contra
307 2007 531 2060 tonitrus
559 2004 858 2060 resibilante

130 2092 216 2152 ibat
238 2109 450 2164 superos
474 2094 618 2168 ciere
643 2095 839 2162 planta.

110 2182 323 2256 EPhlegra:
347 2184 478 2255 legis
507 2182 758 2251 ampliata
778 2194 922 2247 rura,

117 2271 258 2330 ldum
286 2271 506 2325 volitant
533 2285 629 2339 per
654 2279 794 2323 astra
817 2277 1042 2336 montes,

127 2356 192 2421 ius,
217 2357 406 2424 Pelion,
434 2359 591 2424 Ossa,
624 2357 898 2425 Olympus,
928 2355 1130 2422 Othris,

119 2446 287 2524 lsilvis,
315 2446 578 2515 gregibus,
604 2445 752 2510 feris,
777 2445 998 2513 pruinis,

145 2573 158 2600 ,
177 2534 410 2600 fontibus,
435 2533 664 2602 oppidis,
691 2531 848 2585 levati

111 2623 292 2688 patrum
319 2621 636 2690 spatiosiore
662 2621 866 2674 dextra.

111 2695 206 2776 lion
231 2711 308 2764 hic
335 2711 576 2765 Herculis
596 2711 828 2764 excolam
861 2711 1088 2776 labores,

111 2809 205 2870 sua,
224 2814 397 2866 cerva,
419 2801 528 2865 leo,
560 2800 724 2868 gigas,
747 2800 996 2864 Amazon,

110 2871 194 2964 ﬁes,
219 2897 408 2957 taurus,
445 2889 607 2958 Eryx,
638 2904 779 2953 aves,
804 2889 994 2957 Lycus,
1027 2887 1128 2954 fur,

119 2984 186 3044 us,
206 2976 337 3046 Libs,
353 2978 497 3046 juga,
531 2993 704 3046 poma,
735 2981 898 3045 virgo,
927 2992 1162 3046 serpens,

110 3075 134 3136 β
156 3064 356 3120 Thraces
377 3069 520 3136 equi,
555 3067 718 3120 boves
742 3068 926 3135 lbera},

118 3143 212 3238 iter
234 3159 436 3226 ﬂuvius,
478 3161 625 3213 canis
647 3159 919 3224 triformis,

125 3249 303 3317 ilusque
329 3249 480 3317 polus
509 3249 685 3316 polum
707 3247 979 3302 dederunt.

110 3336 155 3414 μ
179 3336 252 3390 hic
274 3338 416 3390 Elida
447 3337 676 3392 nobilem
707 3337 968 3406 quadrigis
989 3378 1004 3401 ,

110 3426 144 3491 It
164 3433 320 3478 notam
339 3426 516 3480 minus
538 3427 705 3480 amnis
732 3441 796 3479 ex
827 3439 1006 3478 amore

110 3508 460 3587 llprosequar,
494 3526 552 3570 ut
575 3531 666 3584 per
689 3517 788 3569 ima
821 3517 961 3583 ponti

110 3596 195 3675 με
215 3603 348 3672 ﬂuat,
380 3615 540 3673 atque
569 3607 912 3658 transmarina

110 3692 224 3761 ictus
249 3695 394 3748 cadat
422 3695 564 3748 unda
595 3695 913 3761 coniugales.

120 3781 242 3845 hhic
266 3783 570 3838 Tantaleam
597 3784 804 3835 domum
836 3793 1087 3845 retexam,

110 3850 300 3937 iixtum
331 3871 555 3937 Pelopea
586 3884 677 3934 per
707 3878 973 3935 parentem
1005 3877 1088 3921 est

164 3954 281 4009 facta
307 3972 477 4020 soror,
518 3971 755 4023 novoque
777 3965 1010 4010 monstro

147 4057 213 4116 em
237 4045 411 4113 genuit
442 4055 591 4113 pater
621 4055 883 4112 nepotem.

149 4133 182 4198 5
205 4133 281 4186 Nil
313 4145 559 4187 maestum
592 4135 676 4186 hic
700 4135 934 4198 canitur;
960 4149 1059 4188 nec
1089 4135 1407 4189 esculentam

114 4208 423 4295 Ilpangimus
452 4223 517 4276 ad
544 4223 727 4290 dapem
756 4225 1020 4292 Thyestae,

112 4312 165 4382 [is
187 4312 394 4366 crimine
416 4313 508 4382 qui
538 4312 696 4365 miser
721 4316 916 4367 voratis

30 4587 153 4847 Ε

30 4847 151 5120 Ι

30 5120 182 5395 Ε

157 5362 182 5395 li

142 4483 277 4532 truta.
298 4473 340 4527 si
366 4488 478 4527 rem
507 4481 732 4539 spectas,
762 4473 1055 4541 gigantibus
1078 4472 1296 4540 duplex;
1329 4471 1371 4524 si
1395 4489 1487 4528 nu-

112 4543 184 4609 μ.
207 4543 390 4608 triplex
425 4561 438 4593 :
462 4545 580 4609 quia
607 4545 738 4608 pube
764 4551 915 4595 tenus
939 4543 1174 4594 homines
1195 4550 1367 4607 erant,
1391 4558 1490 4596 ca:-

116 4610 412 4678 rerpentes;
462 4610 556 4663 sed
600 4610 836 4674 geminus
879 4613 1068 4677 cuique
1117 4625 1334 4678 serpens
1398 4629 1490 4676 pio

153 4690 181 4727 ο
204 4679 405 4742 pedum.
451 4679 581 4730 llinc
611 4679 787 4730 formae
830 4682 1046 4743 triplicis
1091 4680 1214 4731 dicti
1245 4679 1482 4744 Sidonio,

157 4744 384 4813 aPelori
410 4747 631 4813 gigantis
661 4762 687 4797 a
719 4748 876 4800 Marte
921 4749 1099 4810 occisi,
1125 4748 1312 4800 animm
1333 4747 1487 4800 Clan-

143 4823 158 4884 ς
186 4812 331 4884 Atque
358 4812 668 4866 uuo’ternas
694 4819 882 4867 animos
916 4818 1152 4882 inter/icit
1187 4820 1285 4866 ictu
1317 4835 1327 4866 :
1365 4819 1482 4884 quia

133 4875 178 4950 lu
205 4875 414 4950 pedibus
441 4891 611 4941 erant,
643 4886 789 4935 tertia
824 4887 874 4936 in
899 4875 1100 4950 reliquo
1129 4901 1370 4949 corpore.

167 4947 313 4998 rculis
351 4951 556 5002 labores
588 4951 798 5004 vicenos
842 4947 1027 5006 ternos
1061 4947 1349 5012 enumerat,
1392 4969 1484 5005 nec

151 5019 472 5086 rescarmine
492 5018 584 5086 ⁸15.
611 5019 738 5072 Nam
771 5022 834 5072 1'2
865 5023 949 5084 qui
977 5023 1324 5079 celebrantur,
1353 5037 1485 5086 prtu-

131 5096 199 5156 t‘ac
238 5083 448 5150 legitimi
482 5084 707 5150 fuerunt,
755 5092 818 5140 ab
862 5083 1154 5156 Eurystheo
1201 5083 1480 5154 imperati:

176 5151 281 5226 bos,
312 5168 429 5226 quae
467 5156 691 5226 πάρεργα
731 5164 824 5209 τῶν
865 5151 1014 5210 diﬁcia
1059 5159 1223 5211 Grazci
1273 5151 1478 5217 vocant,

157 5233 198 5272 ι.
227 5222 324 5281 Sed
353 5220 658 5280 ἄθλουςίιὺὸ
699 5225 810 5276 loco
842 5228 900 5278 ll
940 5237 1135 5278 tantum
1168 5241 1487 5277 commemo-

182 5290 260 5357 [iat
294 5291 504 5342 stabulo
532 5293 913 5360 praetermisso,
945 5296 1077 5360 quod
1125 5296 1288 5360 ipsum
1327 5294 1484 5344 etiam

157 5362 213 5411 tis
229 5360 485 5434 probasse
511 5359 700 5434 dicitur
722 5359 1076 5434 _Eury51bcusr;
1107 5359 1331 5434 πάρεργα
1363 5375 1485 5434 vero

130 5427 335 5497 tquibus
362 5429 510 5495 gigas
538 5437 618 5497 est
646 5427 965 5497 Halcyoneus
986 5471 1000 5493 ,
1051 5427 1243 5494 hosp'es'
1270 5427 1482 5486 Busiris,

110 5495 330 5567 luimus,
366 5497 492 5565 juga
527 5495 686 5564 Calpe
726 5495 785 5552 et
822 5498 1007 5566 Abyla,
1049 5502 1190 5567 virgo
1236 5498 1481 5558 llcsionc,

3047 197 3154 256 698

1549 311 1600 368 Α
1629 307 1812 361 Vivum
1845 308 2152 377 pignoribus
2178 309 2279 364 fuit
2304 310 2603 384 sepulcrum
2634 325 2651 364 :

1622 395 1757 450 Cum
1787 406 1904 464 post
1932 398 2026 451 has
2049 399 2231 468 epulas
2249 408 2468 468 repente
2487 399 2637 454 ﬂexis

1620 484 1772 538 Titan
1803 486 2038 541 curribus
2065 488 2308 542 occidens
2331 488 2397 542 ad
2426 495 2622 552 ortum,

1619 573 1904 628 Convivam
1931 574 2152 643 fugeret,
2181 575 2318 630 diem
2339 575 2559 645 fugaret.

1688 663 1795 718 Nec
1819 662 1993 734 Phryx
2017 674 2192 733 pastor
2216 666 2316 719 erit
2341 665 2433 720 tibi
2461 663 2733 735 legendus,

1624 752 1945 808 Decrescens
1974 755 2056 808 cui
2086 754 2376 824 Dindymon
2395 756 2566 810 reciso
2729 773 2734 778 ’

1619 842 1808 896 Fertur
1831 845 2027 899 vertice
2057 845 2284 899 texuisse
2305 845 2566 910 classem;

1619 932 1746 984 Cum
1771 933 1925 1000 jussu
1951 933 2174 988 Veneris
2202 934 2574 1002 patrocinantis

1617 1021 1810 1076 Terras
1835 1023 2096 1090 Ochalias,
2129 1033 2184 1078 et
2215 1025 2501 1094 hospitales

1621 1109 1816 1175 Raptor
1843 1110 2195 1180 depOpulatus-
2216 1121 2296 1166 est
2314 1112 2579 1182 Amyclas,

1617 1196 1852 1250 Praedam
1884 1209 2026 1253 trans
2053 1199 2266 1268 pelagus
2291 1209 2476 1269 petens
2501 1214 2795 1269 sequacem.

1615 1285 1718 1337 Sed
1745 1299 1843 1338 nec
1873 1287 2144 1354 Pergama,
2175 1303 2274 1343 nec
2298 1289 2535 1344 decenne
2561 1290 2780 1346 bellum.

1615 1371 1721 1426 Nec
1740 1387 1907 1428 saevas
1927 1376 2334 1442 Agamemnonis
2359 1376 2643 1446 phalangas
2673 1394 2688 1433 ;

1614 1461 1718 1515 Nec
1745 1463 1969 1531 periuria
2002 1479 2289 1532 persequar
2314 1465 2547 1533 Sinonis,

1614 1554 1720 1606 Arx
1750 1569 1853 1622 quo
1880 1554 2112 1609 Palladio
2137 1555 2304 1609 dicata
2331 1556 2504 1625 signo,

1542 1637 1591 1697 B
1618 1641 1813 1697 Pellaei
1842 1654 2067 1698 reserata
2096 1645 2388 1714 proditore,

1613 1730 1916 1786 Portantom
1949 1733 2147 1799 pedites
2168 1748 2355 1802 equum
2385 1734 2602 1804 recepit.

1682 1821 1798 1875 Non
1825 1823 1908 1876 hic
1937 1823 2164 1877 Maeonia:
2192 1824 2328 1894 stylo
2354 1839 2605 1893 camenae,

1615 1910 1640 1948 ά
1665 1912 1805 1968 Civis
1834 1914 2158 1983 Dulichiique
2186 1915 2530 1985 Thessalique

1614 2003 1872 2058 Virtutem
1902 2006 2294 2074 sapentiamque
2314 2020 2492 2061 narro.

1612 2092 1844 2158 Quorum
1869 2095 1953 2148 hic
1981 2095 2188 2149 Peliaco
2216 2104 2428 2162 putatur
2449 2103 2623 2157 antro.

1610 2182 1832 2247 Venatu,
1861 2183 2071 2248 ﬂdibus,
2101 2183 2345 2251 palmstra
2376 2193 2430 2238 et
2457 2184 2656 2251 herbis,

1609 2268 1719 2325 Sub
1748 2271 2091 2340 Saturnigena
2122 2285 2248 2326 sene
2276 2271 2562 2326 institutus.

1614 2362 1744 2415 Dum
1775 2377 1913 2416 nunc
1941 2361 2104 2416 lustra
2135 2370 2311 2417 terens
2339 2377 2468 2430 puer
2497 2361 2745 2427 ferarum,

1611 2450 1813 2504 Passim
1842 2465 1935 2519 per
1964 2451 2194 2505 Pholoen
2214 2451 2355 2518 jacet
2377 2451 2634 2519 nivosam,

1607 2540 1754 2594 Nunc
1783 2542 2104 2610 praesepibus
2126 2542 2386 2596 accubans
2413 2541 2619 2606 amatis,

1529 2693 1532 2696 ἢ
1608 2629 1810 2682 Dormit
1837 2631 2045 2684 mollius
2076 2631 2126 2684 in
2152 2631 2279 2698 juba
2307 2629 2560 2697 magistri.

1608 2718 1766 2787 356
1792 2718 1915 2772 Inde
1943 2717 2248 2787 Scyriadum
2271 2718 2424 2770 datus
2450 2716 2679 2784 parenti,

1607 2806 1776 2859 Falstn
1798 2806 2006 2859 nomina
2029 2806 2306 2873 pertulisse
2336 2804 2570 2870 Pyrrhae,

1607 2896 1776 2962 Atque
1815 2896 1951 2949 inter
1980 2895 2177 2948 tetricm
2205 2894 2395 2948 choros
2419 2893 2686 2948 Minerva.

1527 2965 1573 3026 Ο
1611 2984 1856 3038 Occultos
1886 2968 2071 3052 νεηεῆ
2102 2992 2301 3036 rotasse
2328 2983 2558 3052 thyrsos.

1605 3074 1879 3127 Postremo
1905 3072 1966 3124 ad
1991 3071 2235 3140 Phrygiae
2261 3084 2452 3124 sonum
2477 3071 2674 3139 rapina:

1602 3162 1820 3218 Tractus
1846 3160 2084 3214 laudibus
2117 3160 2354 3214 llectoris
2379 3159 2640 3213 trahendi.

1672 3252 1769 3306 Ast
1797 3251 1962 3315 illum,
1994 3251 2074 3304 cui
2100 3250 2316 3317 contigit
2343 3258 2614 3317 paternam

1602 3339 1854 3406 Quartum
1878 3347 1998 3408 post
2022 3340 2246 3393 Ithacam
2275 3338 2446 3392 redire
2469 3339 2716 3402 lustrum,

1605 3428 1715 3482 Nec
1738 3429 1974 3498 Smyrnae
2006 3429 2130 3482 satis
2150 3428 2378 3496 explicat
2405 3427 2669 3480 volumen.

1603 3519 1732 3574 Nam
1761 3521 1876 3588 quis
1901 3521 2209 3574 continuare
2236 3521 2401 3588 possit
2429 3520 2548 3572 illos

1599 3611 1740 3676 Quos
1762 3619 1899 3664 terra
1926 3621 1980 3664 et
2006 3610 2188 3679 pelago
2209 3609 2324 3663 tulit
2349 3608 2592 3663 labores?

1599 3699 1824 3765 Raptum
1853 3699 2159 3759 Palladium,
2192 3708 2461 3764 repertum
2489 3696 2769 3759 Achillem,

1595 3785 1817 3851 Captum
1850 3785 2165 3852 prmpetibus
2196 3785 2392 3837 Dolona
2426 3784 2633 3852 plantis,

1594 3871 1660 3924 Et
1682 3873 1860 3923 Rhmsi
1887 3871 2066 3924 niveas
2095 3873 2240 3938 prius
2269 3872 2564 3938 quadrigas.

1594 3959 1785 4011 Xanthi
1816 3973 1969 4024 quam
1994 3958 2231 4011 biberent
2261 3959 2472 4021 ﬂuenta,
2502 3956 2732 4012 tractas?

1593 4047 1838 4111 Ereptam
1869 4061 2074 4114 quoque
2103 4062 2256 4114 quem
2289 4047 2417 4099 deus
2448 4056 2717 4112 patronus,

1591 4135 1902 4198 Philocteta,
1929 4137 2015 4189 tibi
2042 4137 2185 4191 dedit
2209 4135 2546 4205 pharetram?

1598 4225 1806 4290 Ajacem
1839 4225 2198 4280 Telamonium
2222 4226 2502 4287 furentem,

1518 4297 1566 4354 D
1597 4315 1747 4380 Quod
1771 4331 1887 4371 sese
1907 4326 2028 4372 ante
2057 4329 2194 4372 rates
2222 4326 2406 4385 agente
2429 4328 2637 4370 causam

1599 4476 1822 4528 luctator
1845 4474 2029 4525 ﬂuvlus
2058 4471 2317 4525 Achelous
2349 4485 2363 4520 :
2395 4469 2593 4534 reliqua
2620 4475 2739 4521 sunt
2768 4465 2989 4525 notiora.

1670 4555 1690 4580 ε
1726 4545 1774 4595 ld
1803 4544 1992 4594 rectius
2019 4554 2170 4607 quam
2208 4537 2342 4606 quod
2373 4539 2422 4590 in
2455 4537 2695 4607 vulgatis,
2746 4546 2910 4607 notant
2958 4537 3130 4593 nimis.

1596 4613 1794 4664 Elidem
1834 4612 1904 4661 ait
1936 4603 2237 4660 non'minus'
2280 4615 2450 4657 notam
2477 4605 2594 4657 eSse
2631 4619 2692 4656 ex
2743 4603 2990 4656 fabulosis
3033 4609 3128 4660 Al-

1597 4683 1711 4746 phei
1736 4690 1785 4732 et
1813 4679 2082 4729 Arethusae
2109 4675 2372 4746 amoribus
2402 4688 2554 4746 quam
2578 4689 2639 4746 ex
2662 4672 2797 4725 ludis
2814 4673 3122 4746 Olympicis.

1597 4743 1940 4811 Utrorumqne
1985 4746 2218 4794 meminit
2271 4744 2425 4811 etiam
2474 4743 2752 4793 Lucianus.
2796 4743 2896 4795 Sed
2938 4745 3126 4809 Alphel

1592 4819 1757 4868 amnis
1786 4809 2030 4872 fabulam,
2067 4812 2278 4879 ’Δλφειοῦ
2301 4809 2485 4881 ἔρωτα,
2513 4814 2594 4863 καὶ
2622 4811 2798 4881 ὕφαλον
2825 4811 3125 4880 ἀποδημίαν,

1590 4902 1689 4937 nun
1717 4885 1921 4941 Eliacuz,
1949 4891 2003 4952 ut
2029 4883 2260 4952 πρώτους
2281 4880 2376 4952 τῷν
2400 4880 2678 4952 ἶΟλνμπίωὺ
2707 4883 3002 4952 ἀγωᾼνιστλάς,
3034 4881 3126 4936 sed

1591 4953 1850 5005 Arcadicos
1907 4947 2086 4999 tribuit
2136 4947 2466 5016 mythologia:
2517 4947 2632 5001 ieo
2683 4947 2816 5013 quod
2868 4949 3121 5013 Alpheus,

1598 5022 1748 5088 133
1777 5021 1893 5070 licet
1932 5017 2076 5088 Elida
2108 5018 2440 5088 prmtcrlluat,
2474 5016 2643 5070 fontes
2671 5027 2840 5070 tamen
2866 5021 3125 5082 primunt-

1589 5086 1687 5156 Qui:
1714 5101 1919 5137 cursum
1951 5086 2174 5156 ducitex
2209 5086 2447 5156 Arcadia.

1655 5155 1678 5189 ά
1715 5155 1909 5218 Ulyssis
1930 5165 1981 5205 et
2012 5155 2247 5205 Achillis.
2296 5153 2490 5206 Verum
2521 5154 2736 5206 Achillis
2780 5160 2922 5219 gesta
2957 5151 3121 5202 levius

1590 5224 1804 5282 delibat,
1838 5238 1930 5272 nec
1977 5223 2113 5274 aliud
2156 5223 2359 5287 attingit
2404 5238 2556 5290 quam
2605 5224 2716 5285 eius
2757 5218 2852 5273 sub
2900 5218 3124 5290 Chirone

1589 5296 1845 5342 Centauro
1871 5292 2251 5352 educationem,
2281 5300 2334 5342 et
2361 5289 2606 5343 latentem
2641 5293 2772 5340 inter
2813 5289 3124 5355 Lycomedis

1590 5360 1720 5412 lilias
1752 5374 1969 5420 moram,
1999 5374 2112 5458 qua:
2132 5361 2392 5428 Ἀχιλλέως
2426 5362 2472 5410 ἐν
2504 5361 2664 5434 Σκύρῳ
2695 5358 3018 5426 παρθένευσις
3049 5358 3124 5407 dl-

1590 5436 1666 5458 nlo
1700 5427 1924 5458 Inninnn
1996 5429 2010 5458 I
2043 5429 2190 5458 Ιυοαῖο
2239 5437 2420 5458 anns-us
2471 5427 2735 5458 hicine-Iam
2767 5429 2874 5458 faro
2916 5426 3119 5458 aminnr-

1590 5436 1668 5478 cta
1699 5427 1943 5478 Luciano.
1996 5426 2423 5497 Ulyssis'contra
2471 5426 2736 5477 liistOriam
2766 5429 2874 5476 fere
2915 5426 3119 5497 univer~

1590 5510 1722 5565 sani,
1765 5504 1869 5552 tum
1901 5497 2022 5552 belli
2063 5493 2172 5552 tum
2216 5510 2475 5560 errorum,
2500 5502 2738 5548 accurate
2772 5493 3117 5562 persequitur.
