3818 6226
43 305 118 359 705
1349 297 1668 356 cantum.

449 411 610 484 333
644 408 919 466 canum
949 409 1017 465 x.
1077 402 1082 408 ‘

105 535 330 580 νωιτιο
352 537 684 577 ΕΡΠἮΔΙΔΙΙΙ
713 534 916 575 ιιοιιιαιο
944 535 1008 572 ΕΤ
1037 533 1220 572 ΙΒΕΒΙᾹΞ
1249 531 1410 572 υιετι.

39 636 280 692 Flucticolae
301 649 418 689 cum
447 633 583 688 festa
609 647 770 686 nurus
793 632 1034 700 Pagastua
1061 644 1153 696 per
1184 637 1334 682 antra

87 726 203 790 ltupe
223 723 312 776 sub
334 719 599 776 Emathia
636 719 816 773 Pelion
843 718 1090 784 explicuit
1115 733 1129 780 ;

40 809 298 878 Angustabat
320 809 532 862 humum
559 791 804 875 superum
826 807 950 859 satis
977 806 1144 871 ampla
1181 802 1442 871 supellex,

87 899 327 951 Certabant
352 899 512 965 gazis,
537 896 659 951 hinc
687 896 856 966 polus,
889 896 1010 948 hinc
1037 894 1276 963 pelagus.

40 985 308 1052 [iacebatque
331 983 542 1047 choros,
568 983 720 1037 viridi
749 997 911 1051 prope
941 991 1108 1036 tectus
1128 982 1343 1044 amictu,

85 1072 280 1125 Certtleae
299 1073 450 1139 pallae
471 1074 716 1126 concolor
743 1073 856 1140 ipse
879 1086 1052 1126 socer.

39 1159 219 1228 Nympha
236 1175 438 1229 quoque
459 1162 510 1213 in
531 1161 789 1214 thalamos
812 1161 1026 1213 veniens
1047 1159 1112 1212 de
1132 1158 1332 1227 gurgite
1352 1154 1508 1222 nuda,

89 1250 238 1302 iestiti
261 1251 416 1314 cepit
438 1251 674 1303 membra
701 1249 884 1302 timere
911 1249 1030 1302 viri.

41 1335 136 1392 Tum
157 1338 315 1390 divum
331 1337 627 1407 quicunque
654 1337 852 1402 aderat,
883 1346 1083 1390 terrore
1111 1342 1340 1399 remoto,

84 1428 178 1492 Quo
202 1429 309 1495 quis
333 1428 565 1495 pollebat
585 1427 706 1481 lusit
738 1427 790 1481 in
821 1427 1012 1479 ofﬂeio.

39 1517 226 1586 iuppiter
248 1519 420 1572 emisit
442 1518 674 1585 tepidum
694 1519 805 1571 sine
821 1517 1050 1585 pondere
1076 1515 1291 1577 fulmen,

87 1609 137 1660 Et
155 1607 292 1672 dixit,
317 1608 507 1660 melius
531 1621 672 1660 nunc
694 1605 948 1675 Cytherea
975 1605 1129 1658 calet.

39 1695 178 1748 Pollux
204 1702 304 1747 tum
324 1704 486 1748 castu
508 1692 767 1758 laudatus,
793 1694 973 1746 Castor
997 1692 1234 1758 habenis,

85 1781 226 1834 Pallas
250 1789 355 1833 tum
385 1781 581 1845 cristis,
613 1782 755 1835 Delia
780 1790 890 1835 tum
922 1781 1204 1849 pharetris.

42 1871 199 1924 Alcides
220 1869 379 1935 clava,
412 1870 620 1924 Mavors
644 1881 748 1923 tum
781 1871 903 1924 lusit
931 1871 982 1924 in
1020 1871 1189 1938 hasta,

85 1958 216 2011 Arcas
245 1968 346 2011 tum
375 1959 544 2027 virga,
575 1959 790 2014 nebride
818 1969 926 2013 tum
956 1961 1214 2013 Brom‘us.

41 2045 106 2100 llic
125 2057 168 2100 et
193 2047 504 2116 Pimpliadas
524 2049 798 2102 induxerat
824 2052 1053 2116 optimus
1083 2051 1339 2119 Orpheus,

86 2135 294 2200 Chordis,
319 2150 473 2199 voce,
499 2151 676 2203 manu,
709 2138 1047 2204 carminibus,
1075 2139 1309 2192 calamis.

44 2227 302 2281 imbitiosus
328 2228 531 2296 Hymen
557 2236 694 2282 totas
721 2229 790 2284 ibi
818 2229 1043 2282 contulit
1071 2239 1214 2283 artes
1239 2245 1252 2281 :

89 2315 164 2379 Qui
184 2331 278 2370 non
303 2318 536 2385 ingenio,
569 2318 678 2372 fors
705 2320 899 2388 placuit
924 2322 1100 2388 genio.

45 2401 302 2458 Fescennina
339 2415 518 2459 tamen
542 2422 647 2460 non
677 2418 798 2461 sunt
829 2409 1075 2476 admissa,
1118 2409 1418 2478 priusquam

93 2492 285 2548 Intonuit
310 2495 467 2549 solita
494 2508 674 2549 noster
697 2497 883 2563 Apollo
905 2497 1038 2565 lyra.

467 2605 629 2676 θεά
667 2607 936 2660 canum
966 2606 1055 2660 XI.

159 2701 184 2730 ⁸
207 2707 594 2749 ΕΡΠἭΔΙιΔΙΙῦΙ
621 2710 823 2749 IUBICIO
851 2710 915 2748 ΒΤ
942 2711 1126 2749 ΙΒΕΒΙΒ
1156 2709 1365 2749 ωετυιι.

45 2799 146 2853 inter
167 2802 389 2873 Cyaneas
417 2803 678 2873 Ephyren
702 2805 970 2858 cacumina
1003 2816 1180 2858 cautes
1197 2845 1212 2870 ,

45 2889 123 2952 Qua
140 2904 279 2961 super
305 2892 524 2946 Idalium
558 2893 693 2946 levat
719 2893 959 2947 Oritbion
990 2893 1041 2946 in
1079 2893 1296 2946 aethram

47 2974 166 3030 Exesi
191 2978 292 3032 sale
317 2979 514 3032 montis
541 2995 691 3048 apex,
712 2981 800 3033 ubi
828 2981 958 3034 forte
982 2989 1250 3048 vagantem

45 3063 141 3117 Dum
165 3065 296 3135 fugit,
323 3065 514 3121 etiiin
544 3069 776 3138 trepidus
798 3069 1139 3138 Symplegada
1185 3069 1388 3136 Tipliis,

46 3155 174 3222 Atque
197 3151 549 3210 recurrentem
576 3159 917 3211 ructatum‘ad
941 3171 1095 3211 rauca
1116 3157 1352 3221 Maleam,

45 3241 196 3299 Exitio
218 3245 552 3302 Isthmiacum
584 3247 793 3316 pelagus
823 3248 1187 3302 claudentibus
1223 3247 1320 3301 alis

45 3335 252 3391 Satorum
274 3339 337 3393 de
359 3353 494 3407 rupe
513 3338 688 3401 sinus;
716 3353 819 3407 quo
846 3353 984 3406 saepe
1017 3353 1247 3402 recessu,

47 3423 111 3477 Sic
131 3433 351 3496 tanquam
384 3437 501 3480 toto
532 3435 680 3481 coeat
707 3427 772 3482 de
794 3430 988 3482 lumine
1014 3430 1156 3494 caeli,

47 3511 236 3568 Arctatur
258 3517 477 3570 collecta
503 3515 638 3579 dies,
669 3517 1019 3586 tremulasque
1047 3534 1138 3585 per
1166 3519 1332 3573 undas

47 3599 284 3672 Insequitur
305 3613 512 3658 secreta
535 3605 650 3657 vadi
677 3622 692 3668 ;
725 3608 1092 3660 transmittitur
1116 3608 1224 3661 alto

49 3685 244 3744 Perfusus
264 3692 548 3760 splendore
573 3693 728 3756 latex,
759 3694 994 3762 miroque
1015 3696 1181 3748 relatu

49 3772 234 3846 Lympha
259 3779 388 3834 bibit
410 3781 602 3847 solem,
635 3781 880 3848 tenuique
904 3784 1094 3835 inserta
1126 3784 1319 3836 ﬂuento

49 3861 233 3918 Perierat
253 3868 418 3921 arenti
449 3867 598 3920 radio
618 3868 704 3919 lux
725 3868 859 3920 sicca
889 3869 1162 3934 liquorem.

95 3953 287 4008 Profecit
303 3957 480 4008 studio
504 3956 726 4022 spatium
751 3971 766 4018 ;
797 3971 914 4009 nam
944 3957 1190 4012 Lemnius
1218 3959 1322 4012 illic

97 4080 232 4135 'Jsm
256 4084 432 4155 monui
465 4083 530 4135 ad
582 4086 853 4149 epistolam
907 4086 991 4150 i6,
1025 4089 1112 4141 lib.
1159 4107 1225 4155 tv,
1259 4091 1525 4145 Ruricium

51 4145 151 4227 hunc
166 4163 272 4227 esse
289 4151 375 4218 qui
404 4145 876 4227 posteaepiscOpus
899 4145 989 4208 fuit
1011 4145 1364 4220 Lemovicum;
1391 4162 1526 4227 quod

49 4215 96 4295 tie
118 4215 685 4295 seniore'accipiendurn
707 4215 806 4274 est.
839 4226 945 4275 Duo
966 4226 1102 4278 enim
1152 4227 1306 4295 hujus
1349 4215 1526 4282 ca'the-

49 4283 127 4336 dra
149 4287 386 4341 antistites
421 4283 616 4340 Ruricii
640 4290 813 4359 fuere,
838 4307 1054 4356 quorum
1074 4283 1401 4359 alteralteri,
1430 4300 1529 4350 hoc

48 4360 205 4432 estavo
229 4370 387 4432 nepos
409 4359 680 4432 successit.
715 4357 1024 4432 Fortunatus
1057 4364 1142 4432 lil).
1179 4379 1225 4415 tv
1256 4357 1528 4432 utrumque

50 4430 126 4470 uno
148 4427 431 4493 complexus
459 4429 542 4479 est
566 4427 859 4495 epitapitio;
891 4428 940 4480 in
966 4447 1066 4498 quo
1095 4431 1204 4485 haec
1231 4444 1345 4500 post
1383 4427 1482 4488 alia
1510 4450 1524 4487 :

139 4531 292 4597 Ruricii
310 4537 494 4596 gemini
521 4536 679 4597 ﬂores,
707 4540 875 4597 quibus
897 4542 1168 4590 Aniciorum

187 4592 343 4642 Juncta
363 4594 600 4655 parentali
621 4592 822 4646 culmine
848 4600 990 4648 itania
1016 4602 1118 4650 fuit.

139 4653 261 4724 Actu,
283 4653 470 4724 mente,
489 4655 786 4724 gr_a_du,_spe,
811 4671 1015 4724 nom-ne,
1042 4664 1272 4722 sanguine
1294 4665 1424 4724 nexi,

194 4711 432 4763 ”xsuitant
450 4711 637 4775 pariter
650 4711 913 4777 'hinc'avus,
932 4711 1040 4769 inde
1066 4711 1228 4782 nepos.

181 4845 296 4910 ergo
350 4833 631 4910 Sidonius1
654 4851 786 4910 cum
831 4854 1038 4893 uxorem
1085 4845 1217 4910 apud
1270 4846 1530 4899 Arvernos

51 4893 510 4972 duceret,_'nuptiale_
548 4893 695 4972 143
725 4906 823 4959 hoc
869 4923 1077 4962 carmen
1120 4893 1530 4966 rcecini—ti.viiii-xit

211 4964 446 5045 lberiam,
475 4964 933 5047 Oll‘I-IIIVETIiMnObiiiﬂ
951 4979 1043 5047 viri
1077 4978 1261 5030 ﬁliam:
1289 4997 1401 5047 qure
1427 4964 1527 5032 ste-ﬁ

53 5029 135 5112 culi
150 5034 368 5112 euris'se
395 5029 602 5112 postea,
633 5049 688 5092 ut
709 5041 818 5112 _Deo
845 5029 1133 5112 religiosius
1156 5029 1398 5106 serviret.
1425 5029 1522 5101 una

55 5105 140 5175 gitti
182 5097 622 5175 Ruricio—marito
676 5097 968 5175 abdicavit:
1027 5125 1082 5164 ut
1123 5097 1532 5170 docetttvitiaustﬂi

56 5157 250 5236 Rejensis
275 5171 428 5236 epist.
451 5171 486 5224 6
512 5181 566 5224 et
593 5173 643 5224 7.

73 5295 84 5308 ι
105 5227 128 5266 δ
346 5236 590 5317 Graecum
609 5251 872 5296 accentum
894 5256 1099 5299 secutus
1120 5258 1218 5310 est,
1248 5264 1345 5301 non
1371 5267 1530 5317 quan-

73 5303 232 5358 ιιιιεωε
329 5305 545 5358 thtooici
567 5317 736 5358 autem
765 5317 1038 5358 marmoris
1057 5318 1197 5358 mlnr
1218 5328 1295 5358 ρςι
1339 5334 1530 5358 nnrnn-

260 5303 545 5385 Ethiopici
567 5317 1038 5385 a_utem.ma_rm‘oris
1057 5303 1299 5369 color'est
1339 5303 1530 5385 purpu-

59 5379 164 5453 reus.
186 5369 565 5453 lnpanegjrico
588 5376 846 5453 Maioriani
873 5398 884 5430 :
914 5380 1093 5434 Nativa
1130 5398 1325 5436 exustas
1341 5369 1529 5453 22min}:

61 5451 234 5502 Imm
254 5457 432 5512 rupes;
458 5451 515 5497 et
537 5458 662 5495 saxa
688 5448 895 5513 genuino
924 5453 1091 5516 fucata
1121 5448 1401 5521 conchylio,
1434 5457 1522 5508 lib.

3032 304 3133 358 706

1528 415 1578 472 Α
1604 410 1710 466 Ceu
1740 411 1987 482 tempium
2015 411 2138 466 lusit
2165 413 2372 478 Veneri,
2401 413 2702 483 fulmenque
2725 415 3044 484 relinquens,

1607 500 1701 554 ilic
1729 502 2051 569 ferrugineus
2071 501 2286 554 fumavit
2307 516 2447 568 saepe
2470 502 2780 570 Pyracmon,

1604 587 1698 640 Hic
1723 587 1852 656 lapis
1873 595 1952 641 est
1973 588 2038 641 de
2066 589 2294 654 quinque
2317 587 2464 653 locis,
2495 589 2626 659 dans
2655 590 2887 656 quinque
2911 591 3138 659 colores,

1607 674 1635 714 δ
1660 655 1920 744 Ethiops,
1945 676 2214 744 Phrygius,
2237 675 2434 740 Parius,
2460 655 2683 742 Poenhs,
2706 677 3066 743 Lacedaemon,

1604 761 1924 829 Purpureus,
1955 763 2153 824 viridis,
2180 763 2495 826 maculosus,
2524 764 2752 817 eburnus
2775 776 2828 818 et
2853 765 3026 821 albus.

1605 850 1785 903 Postes
1815 851 2125 919 chrysoiithi
2163 852 2334 906 fulvus
2357 852 2651 919 diﬂulgurat
2677 853 2854 920 ardor,

1606 937 1880 1000 Mirrhina,
1903 937 2277 1005 sardonyches,
2299 938 2642 1007 amethystus,
2670 940 2866 1007 Iberus,
2894 942 3068 1010 iaspis.

1608 1024 1784 1092 ludus,
1816 1026 2161 1092 Calchidicus,
2193 1027 2490 1095 Scythicus,
2523 1027 2773 1096 beryllus,
2803 1029 3036 1097 achates,

1608 1118 1869 1171 Attollunt
1897 1118 2128 1185 duplices
2152 1118 2352 1186 argenti
2380 1118 2590 1171 cardine
2625 1118 2817 1182 valvas,

1557 1249 1563 1253 .
1609 1205 1708 1259 Per
1730 1221 1860 1273 quas
1887 1208 2070 1260 inclusi
2099 1207 2267 1261 lucem
2290 1209 2456 1260 vomit
2481 1206 2664 1260 umbra
2702 1207 2977 1274 smaragdi.

1608 1294 1764 1364 365
1791 1293 1990 1347 Limina
2015 1309 2223 1349 crassus
2248 1308 2388 1364 onyx
2439 1302 2656 1362 crustat,
2686 1303 2996 1363 propterque
3019 1294 3142 1362 ιιςα.

2895 1383 3078 1454 lcinthi

1611 1470 1813 1527 Cmrula
1837 1469 2152 1524 concordem
2189 1471 2386 1524 faciunt
2420 1471 2472 1524 in
2500 1481 2681 1539 stagna
2711 1473 2963 1526 colorem.

1613 1560 1855 1614 Exterior
1875 1573 1976 1611 non
2004 1566 2211 1626 compta
2244 1557 2401 1621 silex,
2434 1560 2526 1612 sed
2557 1559 2815 1626 prominet
2837 1560 2942 1614 alte

1613 1650 1782 1715 Asper
1804 1649 1869 1701 ab
1898 1647 2108 1700 assiduo
2134 1645 2462 1714 lympharum
2489 1647 2705 1699 verbere
2730 1662 2937 1713 pumex.

1508 1721 1513 1725 ⁷
1545 1730 1591 1788 Β
1619 1739 1865 1791 lnteriore
1901 1737 2018 1789 loco
2040 1735 2305 1788 simulavit
2331 1735 2582 1789 Mulciber
2608 1751 2736 1788 auro
3016 1741 3042 1755 ’

1619 1829 1898 1880 Exstantes
1920 1825 2020 1880 late
2048 1824 2314 1893 scopulos,
2344 1833 2498 1893 atque
2517 1834 2629 1879 arte
2664 1826 2908 1894 magistra

1617 1915 1634 1945 ⁸
1657 1913 1852 1981 Ingenti
1882 1913 2023 1966 cultu
2050 1921 2252 1966 natura:
2277 1912 2464 1965 inculta
2496 1913 2693 1967 fefellit.

1618 2002 1748 2056 Iluic
1777 2002 1924 2071 operi
1953 2001 2222 2064 insistens,
2243 2001 2378 2068 quod
2411 2002 2629 2056 necdum
2648 2011 2860 2056 noverat
2881 2001 2985 2069 illa,

1616 2090 1742 2156 Quae
1771 2104 1864 2157 pro
1885 2087 2182 2142 Leniniacis
2202 2089 2467 2144 damnavit
2496 2091 2630 2144 furta
2653 2091 2871 2144 catenis.

1688 2177 1982 2246 Squameus
2012 2179 2111 2231 huc
2133 2177 2336 2240 Triton,
2368 2179 2588 2247 duplicis
2617 2179 2844 2233 conﬁnia
2877 2177 3017 2231 dorsi

1617 2271 1730 2335 Qua
1771 2276 1979 2332 coeunt,
2011 2265 2167 2335 supra
2194 2269 2487 2322 sinuamina
2515 2270 2704 2323 tortilis
2725 2270 2846 2334 alvi,

1619 2361 1761 2425 inter
1787 2373 1950 2428 aquas
1973 2359 2142 2411 calido
2169 2359 2408 2426 portabat
2432 2359 2589 2412 corde
2612 2359 2848 2412 Dionem.

1621 2449 1725 2504 Sed
1749 2450 1935 2516 premit
1964 2447 2170 2515 adjecto
2197 2447 2448 2501 radiantis
2477 2447 2709 2516 pondere
2731 2445 2948 2500 conchae

1621 2537 1863 2593 Semiferi
1892 2538 2102 2591 Galatea
2133 2537 2288 2602 latus,
2317 2537 2452 2605 quod
2481 2537 2662 2604 pollice
2684 2537 2786 2591 Iiito

1625 2627 1801 2687 Vellit.
1834 2638 1885 2680 et
1911 2627 2114 2680 occulto
2139 2627 2361 2695 spondet
2402 2627 2658 2679 connubia
2690 2636 2852 2680 tactu.

1622 2716 1754 2770 Tum
1781 2714 2014 2784 gaudens
2041 2723 2312 2782 torquente
2334 2715 2475 2781 joco,
2497 2716 2732 2768 subridet
2755 2726 2955 2770 amator

1537 2825 1548 2832 υ
1624 2807 1872 2870 Vulnere,
1898 2806 2112 2874 jamque
2135 2820 2280 2858 suam
2305 2807 2534 2873 parcenti
2561 2807 2722 2874 pistre
2746 2807 2988 2875 ﬂagellat.

1630 2896 1774 2949 Pone
1801 2895 1950 2958 subit,
1971 2894 2156 2946 turmis
2181 2893 2514 2960 ﬂagrantibus
2536 2908 2718 2961 agmen
2751 2897 3019 2947 Amorum.

1629 2983 1720 3035 iI‘c
1747 2982 1956 3034 cohibet
1984 2971 2225 3048 delphina
2252 2982 2408 3045 rosis,
2427 2981 2683 3050 viridique
2705 2982 2931 3050 juvenco

1550 3048 1597 3112 ο
1625 3073 1719 3126 ilic
1749 3079 1948 3133 vectus,
1975 3071 2163 3137 spretis
2190 3069 2383 3138 pendet
2425 3084 2518 3138 per
2553 3048 2748 3125 cornua
2773 3071 2956 3138 frenis,

1629 3161 1689 3214 IIi
1715 3171 1912 3213 stantes
1939 3168 2079 3210 motu
2108 3160 2349 3221 titubant,
2380 3159 2656 3228 plantaque
2692 3160 2921 3213 madenti

1625 3249 1912 3311 Labuntur,
1944 3247 2249 3313 firmantque
2279 3246 2464 3314 pedum
2491 3249 2703 3315 vestigia
2735 3249 2927 3315 pinnis.

1627 3336 1720 3390 Illa
1750 3343 2024 3402 recurvato
2051 3333 2332 3386 demiserat
2356 3349 2443 3388 ora
2471 3337 2664 3388 lacerto

1627 3425 1798 3480 Mollia
1823 3440 1836 3476 :
1864 3423 2163 3476 marcebant
2190 3422 2364 3485 violm,
2396 3423 2706 3491 graviorque
2731 3437 2922 3492 sopore

1628 3521 1868 3587 Coeperat
1892 3519 2069 3570 attritu
2095 3516 2276 3569 ﬂorum
2306 3517 2625 3571 descendere
2653 3520 2852 3572 cervix.

1628 3609 1782 3664 Solus
1813 3608 1878 3662 de
1905 3621 2122 3661 numero
2149 3606 2387 3670 fratrum,
2415 3607 2500 3675 qui
2530 3605 2793 3674 pulchrior
2818 3605 2906 3658 ille
2930 3613 3032 3667 est,

1630 3700 1816 3752 Deerat
1842 3697 2020 3757 Amor,
2054 3695 2174 3746 dum
2207 3693 2333 3747 festa
2363 3705 2505 3762 parat
2536 3693 2876 3748 celeberrima
2907 3693 3090 3754 Gallis,

1633 3794 1655 3821 ο
1686 3785 1811 3847 Quae
1837 3796 1988 3834 socer
2009 3781 2316 3844 Ommatius,
2345 3796 2644 3850 magnorum
2673 3783 2838 3848 major
2860 3795 3090 3846 avorum,

1630 3871 1970 3937 i’atriciaaque
1995 3884 2157 3935 nepos
2179 3871 2364 3937 gentis,
2397 3879 2550 3932 naue,
2580 3885 2875 3936 generoque

1632 3957 1838 4010 Excolit
1866 3955 2110 4023 auSpiciis
2135 3957 2314 4008 faustis
2340 3973 2352 4006 :
2379 3958 2468 4012 sed
2497 3957 2638 4009 fulsit
2667 3966 2720 4009 ut
2748 3957 2835 4010 ille

1629 4103 1685 4151 II,
1714 4103 1797 4154 ep.
1827 4087 2133 4157 ‘2.Phrygii,
2160 4089 2366 4157 hoeest
2391 4086 2676 4152 Sinnadici,
2703 4089 2953 4157 puniceas
2971 4100 3022 4145 et
3044 4107 3157 4146 ma-

1628 4158 1859 4210 culosus.
1889 4156 2084 4208 Statius
2111 4155 2161 4207 in
2193 4155 2382 4208 Balneo
2409 4158 2610 4210 Etrusci
2638 4175 2651 4210 :

1719 4244 1932 4306 Purpura
1954 4244 2070 4300 sola,
2091 4257 2205 4291 cavo
2232 4245 2449 4306 Phrygiae
2473 4260 2610 4304 quam
2633 4247 2861 4295 Sinnados
2883 4255 3018 4296 antro

1719 4304 1826 4364 Ipse
1851 4306 2115 4352 cruentavit
2133 4304 2615 4354 maculis'lucentibus
2642 4306 2769 4366 Atys.

1631 4384 1766 4458 ξπἰί
1795 4385 1963 4458 albus.
1986 4453 1996 4458 _
2021 4384 2074 4458 In
2124 4386 2291 4458 Burgo
2323 4386 2518 4458 Leontii
2545 4406 2561 4458 εί
2589 4389 2887 4440 Gaudentem
2903 4393 3011 4458 jam
3038 4391 3150 4440 nolo

1636 4452 1823 4572 Padron.
1872 4453 2049 4505 Punici
2096 4468 2189 4506 seu
2218 4454 2472 4508 Numidici
2518 4457 2796 4510 eburneus.
2842 4452 3158 4524 Panegyrico

1636 4536 1694 4572 eo
1732 4536 1844 4572 em:

1631 4536 1812 4575 000811]
1830 4537 1844 4573 2

2054 4606 2310 4654 Nomadum
2333 4608 2453 4666 lapis
2474 4610 2659 4657 additur
2692 4612 2809 4666 istis,
2849 4651 2852 4655 .

1817 4667 2074 4724 Antiquum
2099 4668 2332 4714 menditus
2357 4671 2490 4714 ebur.

1631 4745 1870 4800 Laconici
1911 4741 2112 4796 viridis.
2162 4736 2471 4798 Prudentius
2509 4748 2559 4799 in
2590 4747 2955 4815 Symmachum
2979 4748 3013 4801 εὶ
3035 4789 3048 4803 .

1753 4842 1867 4898 Quae
1889 4841 2054 4888 viridis
2077 4840 2547 4890 Lacedaemonmabet
2566 4843 2896 4906 maculosaque
2920 4849 3103 4896 Sinnas.

1638 4920 1833 4974 Statius
1863 4935 1873 4970 :
1905 4918 2001 4970 Hic
2034 4920 2161 4969 dura
2201 4919 2451 4972 Laconum
2499 4940 2624 4975 saxa
2661 4926 2836 4980 virent.
2882 4929 2954 4980 De
2984 4931 3162 4983 iisdem

1637 4990 1876 5040 omnibus
1905 4987 1954 5038 in
1986 4987 2154 5050 Burgo
2182 4987 2406 5041 Leontii.

1705 5068 1723 5092 ε
1752 5056 1929 5108 Iberiae
1976 5057 2242 5122 patenad
2285 5072 2435 5122 quem
2479 5069 2559 5112 est
2598 5061 2797 5115 Sidonii
2836 5077 3040 5115 carmen
3075 5065 3158 5114 l7.

1640 5124 1801 5189 ilujus
1827 5121 2308 5194 nomenhuricitts,
2345 5133 2402 5176 ut
2443 5143 2558 5178 mos
2598 5141 2728 5194 erat,
2761 5133 2808 5184 in
2852 5132 2957 5183 [ilio
2988 5140 3159 5194 postea

1639 5188 1923 5242 renovavit.
1968 5188 2096 5259 Filio
2136 5194 2272 5242 enim
2303 5195 2543 5247 Utnrnatii
2586 5188 2770 5250 nomen
2813 5188 3070 5259 imposuit,
3101 5207 3154 5251 ut

1638 5260 1816 5310 videre
1843 5265 1922 5326 est
1948 5259 1996 5308 in
2026 5258 2136 5322 ejus
2163 5260 2377 5326 epiStola
2410 5263 2492 5326 18,
2517 5265 2606 5317 lib.
2638 5278 2746 5326 t,~et
2770 5267 2852 5317 27.
2887 5258 2973 5316 lib.
3007 5282 3060 5317 II.
3086 5268 3159 5319 Ex

1635 5328 1818 5389 quibus
1864 5324 1960 5376 hoc
2001 5327 2158 5396 etiam
2196 5324 2448 5396 colligere
2482 5324 2594 5396 ’eSt,
2640 5324 2947 5386 Ommatium
3000 5334 3150 5385 tiliurr

1635 5403 1778 5470 palr_e
1819 5397 2108 5470 superstite
2145 5394 2195 5470 in
2241 5394 2436 5454 clerum
2465 5394 2727 5466 allectum,
2773 5401 3159 5470 presbyter-ique

1633 5462 1792 5527 gradu
1824 5468 2059 5516 ornatum
2087 5462 2265 5520 fuisse.

110 5549 124 5579 '
163 5551 383 5612 Barthius
429 5557 492 5634 in_
526 5552 806 5627 adversam,
847 5575 961 5629 pag.
1002 5561 1156 5629 l356,
1187 5565 1306 5632 legit
1331 5568 1690 5632 iugeniicultu.
