3818 6226
69 441 147 493 709
1453 432 1752 488 CARMINA
1763 468 1778 484 .

1611 541 1663 599 Α
1756 536 1854 590 llic
1879 535 2046 600 capita
2066 572 2082 600 ,
2112 543 2166 588 ut
2189 532 2384 599 vivam,
2417 541 2471 587 tu
2492 534 2620 588 mihi
2648 533 2774 590 tollo
2794 535 2915 589 tria.

66 556 119 611 Fs
143 554 226 604 hoc
253 547 546 602 barbaricis
574 546 758 599 abacta
787 544 998 613 plectris

61 643 238 709 Spernit
264 638 576 707 senipedem
601 636 791 707 stylum
816 635 1018 696 Thalia,
1066 638 1076 643 '

64 735 121 786 Et
143 745 235 800 quo
259 739 282 766 ι
312 728 623 798 septipedes
652 727 791 780 videt
819 733 1084 794 patronos.

62 822 229 874 FrIlCBS
255 833 316 872 oc
331 832 438 871 eos
469 827 594 870 tuns
621 825 676 869 et
698 828 869 876 aures,

63 912 362 976 felicemque
391 907 526 960 libet
553 919 741 959 vocare
767 917 974 968 nasum,

59 1000 135 1051 Cui
159 1012 252 1050 non
277 996 425 1060 allia,
460 994 793 1062 sordidaque
818 1006 983 1059 cepte,

62 1089 254 1140 Ructant
281 1097 437 1138 mane
467 1098 611 1138 novo
639 1081 820 1136 decem
847 1090 1148 1148 apparatus.

59 1178 197 1241 Quem
223 1190 327 1228 non
350 1183 410 1227 ut
434 1172 670 1227 vetulum
700 1171 861 1239 patris
887 1177 1179 1236 parentem,

59 1263 359 1331 nutricisque
385 1261 588 1324 virum,
611 1258 695 1312 die
717 1272 815 1312 nec
843 1266 983 1320 orto,

61 1351 138 1403 Tot
166 1350 392 1416 tantique
423 1355 615 1415 petunt
637 1345 790 1399 simul
817 1344 1087 1412 Gigantes,

59 1438 182 1502 Quod
211 1438 295 1490 vix
323 1435 540 1490 Alcinoi
571 1436 740 1488 culina
771 1433 949 1487 ferret.

61 1528 144 1582 Sed
161 1529 264 1595 jam
294 1527 444 1581 Musa
479 1534 639 1590 tacet,
669 1533 912 1590 tenetque
934 1522 1165 1575 habenas

61 1617 218 1670 Paucis
243 1614 699 1684 hendecasyllabis
717 1613 909 1680 jocata.

63 1703 82 1742 δ
100 1705 165 1760 Ne
195 1705 473 1775 quisquam
501 1713 732 1770 satyram
761 1700 842 1753 vel
871 1701 966 1752 hos
994 1705 1222 1750 vocaret.

592 1808 871 1864 CARMEN
911 1806 1044 1860 XIII.

93 1911 108 1936 ί
140 1917 428 1957 EPIGMIIIA
467 1914 568 1963 QUO
605 1916 668 1952 AB
705 1913 1031 1952 IIII’ERATORB
1068 1909 1354 1950 IIAJORIANO
1390 1907 1550 1948 TRIUM

357 1985 588 2024 εΑΡιτυιι
626 1981 888 2022 ιιειιευιυιι
927 1981 1156 2019 Ροετυιηι
1167 1980 1276 2038 νιτ.

66 2060 558 2127 Amphitrioniadem
588 2059 825 2126 perhibet
852 2059 1149 2112 veneranda
1179 2065 1412 2110 vetustas

121 2151 238 2205 Dum
261 2151 467 2205 relevat
491 2159 681 2212 terras,
707 2147 1056 2215 promeruisse
1078 2144 1243 2214 polos.

70 2241 241 2296 Etlicet
265 2242 316 2295 in
341 2240 487 2294 nuda
513 2250 692 2295 torvus
717 2237 1033 2306 confregerit
1056 2239 1173 2289 ulna

123 2332 204 2386 llle
227 2329 479 2386 Cleonem
504 2341 712 2400 guttura
738 2344 894 2383 rauca
935 2329 1077 2381 lene.

72 2420 121 2472 Et
145 2436 438 2491 quanquam
467 2419 676 2474 ardenti
705 2419 876 2487 gladio
903 2417 1256 2477 vixstraverit
1281 2414 1520 2483 hydram,

125 2509 241 2563 Cum
265 2509 511 2578 duplices
533 2517 738 2578 pareret
760 2508 973 2560 vulnere
1007 2521 1149 2558 mors
1177 2506 1376 2557 animas
1404 2520 1418 2552 :

72 2599 202 2667 370
245 2598 640 2666 Captivumque
689 2595 863 2649 ferens
921 2594 1050 2648 silva
1106 2608 1169 2647 ex
1223 2588 1594 2660 Erymanthide

1179 2680 1490 2748 [monstrum

126 2773 394 2828 Exarmata
426 2772 525 2826 feri
565 2771 739 2825 riserit
762 2784 852 2824 ora
881 2768 1009 2823 suis.

73 2859 291 2930 Collaque
313 2860 669 2929 ﬂammigenae
701 2858 1003 2924 dirumpens
1034 2857 1228 2910 fumida
1255 2854 1385 2910 furis

127 2951 345 3004 Tandem
363 2949 598 3003 directas
623 2947 836 3016 jusserit
874 2948 950 3000 ire
979 2946 1139 3001 boves
1163 2963 1175 2997 :

74 3037 270 3102 Taurus;
296 3052 484 3105 cerva,
517 3038 682 3106 gigas,
712 3037 923 3112 hospes,
950 3037 1195 3100 luctator,
1223 3035 1454 3088 Amazon
1473 3073 1489 3100 ,

129 3127 265 3192 Cres,
289 3129 468 3190 canis,
493 3113 807 3194 Hesperides
827 3127 930 3193 sint
958 3128 1276 3179 monimenta
1304 3125 1421 3178 viri.

75 3210 197 3266 Nulla
227 3224 403 3267 tamen
436 3213 558 3266 fuso
585 3213 726 3280 prior
753 3223 833 3266 est
858 3214 1098 3281 Geryone
1118 3228 1319 3282 pugna,

136 3303 222 3358 Uni
248 3305 602 3373 tergeminum
625 3303 709 3356 cui
755 3303 871 3356 tulit
898 3303 984 3356 ille
1007 3313 1181 3371 caput.

77 3394 176 3449 llaec
200 3396 468 3464 quondam
501 3393 740 3458 Alcides;
769 3402 822 3448 at
848 3402 900 3446 tu
929 3386 1232 3463 Tirynthius
1261 3393 1423 3460 alter,

130 3482 221 3537 Sed
251 3485 505 3552 princeps
532 3482 706 3550 magni
728 3481 951 3536 maxima
973 3497 1099 3535 cura
1131 3483 1253 3546 Dei,

78 3570 217 3635 Quem
241 3573 406 3625 draco
423 3611 440 3637 ,
464 3585 652 3625 cervus
673 3611 688 3636 ,
718 3586 842 3639 aper
861 3610 876 3634 ,
907 3571 1120 3637 paribus
1140 3587 1352 3626 sensere
1373 3574 1594 3643 sagittis,

133 3656 251 3712 Cum
278 3659 414 3712 dens
432 3702 447 3725 ,
476 3673 597 3711 cum
627 3658 770 3712 virus
788 3699 805 3725 ,
828 3674 946 3712 cum
975 3657 1088 3727 fuga
1121 3660 1192 3713 nil
1214 3661 1394 3716 valuit.

81 3743 321 3816 Geryones
349 3761 454 3802 nos
477 3761 597 3802 esse
625 3756 767 3816 puta,
787 3756 1179 3817 monstrumque
1213 3751 1460 3804 tributum
1485 3767 1500 3805 :

135 3959 155 3985 ι
171 3949 469 4020 Burgundio
489 3950 720 4020 septiges,
737 3948 828 4001 lib.
861 3963 933 4020 t_x,
956 3949 1197 4020 epi_s_t._ad
1227 3949 1599 4016 Lampridium.

82 4016 223 4070 Varro
251 4016 692 4070 {hebdomadam
717 4059 731 4080 ,
776 4017 984 4068 modum
1027 4016 1155 4067 dixit
1184 4033 1441 4069 summum
1472 4023 1601 4075 ado-

81 4086 285 4139 lescendi
337 4085 557 4136 humani
603 4084 836 4151 corporis
884 4086 1309 4151 septemrpedes.
1360 4086 1601 4142 Einartus

81 4162 229 4222 tamen
269 4153 473 4222 justum
517 4150 872 4222 ce_n_suil.Sic
900 4151 1045 4222 enim
1082 4150 1146 4201 de
1188 4150 1374 4204 Carolo
1418 4155 1599 4222 Magno

80 4219 279 4274 scribit:
305 4220 524 4290 Statura
555 4219 650 4286 fuit
678 4219 930 4277 eminenti,
964 4234 1075 4285 qua:
1104 4229 1264 4290 tamen
1282 4223 1475 4290 justam
1500 4219 1596 4277 non

81 4291 332 4341 excederet.
385 4286 526 4357 Nam
564 4297 746 4357 septem
790 4303 993 4338 suorum
1033 4287 1214 4354 pedum
1255 4286 1597 4357 proceritatem

80 4371 174 4406 eum
196 4365 387 4408 cbnstat
421 4355 652 4408 habuisse
675 4356 906 4423 ﬁgurant.

141 4423 161 4461 δ
185 4424 248 4479 L't
272 4425 520 4479 Paeonius
543 4464 558 4485 ,
599 4424 663 4477 de
692 4438 793 4492 quo
834 4424 920 4476 lib.
953 4439 968 4476 ι
997 4423 1214 4490 epistola
1252 4425 1329 4477 ll.
1364 4427 1440 4480 Eo
1464 4429 1603 4483 enim

83 4492 264 4546 alludit.
297 4496 477 4560 Quare
507 4493 770 4558 hlajoriani
804 4493 1126 4560 temporibus
1154 4493 1264 4545 haec
1289 4497 1566 4550 scribebat.

141 4571 161 4632 ὲ
216 4561 290 4615 De
358 4563 463 4615 hoc
512 4562 748 4632 duplicis
803 4562 955 4614 metri
1035 4572 1219 4623 acuto,
1260 4564 1603 4632 elegantiun

82 4631 444 4698 epigrammate
492 4630 702 4698 dubium
751 4645 852 4682 non
891 4639 970 4682 est
1001 4633 1125 4697 quin
1175 4631 1455 4696 Majoriano
1495 4630 1603 4689 tum

82 4697 292 4751 oblatum
340 4701 415 4751 sit
442 4712 560 4751 cum
599 4699 641 4750 is
685 4697 988 4764 Lugdunum
1030 4706 1145 4763 post
1175 4710 1434 4765 receptam
1464 4703 1603 4757 illam

85 4768 473 4839 urbem‘venit.
523 4768 629 4839 Qua
682 4767 748 4818 de
796 4781 853 4818 re
905 4767 1232 4839 dicluAm_e_st
1270 4768 1321 4839 in
1369 4772 1604 4839 Panegy-

87 4834 219 4902 rico:
253 4834 506 4887 Remedia
549 4835 856 4902 tributorum
896 4843 1016 4886 sunt
1042 4834 1394 4902 indulgentias.
1429 4834 1604 4891 Enno-

84 4901 184 4955 dius
208 4903 260 4956 in
285 4904 403 4955 Vita
440 4901 709 4967 Epiphattii
742 4920 753 4953 ;
781 4901 943 4953 Fessis
983 4903 1116 4954 urbis
1145 4903 1501 4959 habitatoribus
1530 4923 1608 4958 re-

84 4970 343 5043 mediorum
391 4968 632 5043 utilitate'
656 4972 924 5043 prospexit.
955 4970 1100 5043 _Nam
1147 4972 1337 5043 directa
1364 4974 1606 5043 legatione

86 5037 142 5087 ad
169 5035 446 5090 Odoacrem
465 5035 781 5105 quinquennii
810 5039 1109 5090 vacationem
1129 5041 1374 5102 ﬁscaliunt
1398 5035 1603 5096 tributo-

85 5118 182 5181 rem
203 5107 506 5181 impetravit.
529 5105 708 5181 Capita
725 5120 942 5181 quorum
959 5108 1462 5181 remedinmqumrit,
1485 5120 1606 5163 sunt

88 5172 280 5226 tributa
303 5187 426 5241 quas
455 5173 508 5241 in
546 5172 756 5240 singula
781 5175 950 5241 capita
993 5172 1372 5229 indicebantur.
1406 5178 1604 5232 Glossae

88 5239 646 5318 letamL‘Tribu-lttmi
681 5239 957 5318 capitulum
984 5283 1000 5306 ,
1043 5247 1385 5318 _s‘_1_r_tntpét)tato;
1439 5248 1599 5318 φόρος.

89 5304 440 5386 Panegyristes
479 5306 679 5386 diditus
701 5325 718 5361 :
742 5304 946 5377 Septem
983 5304 1144 5364 millia
1168 5304 1385 5374 capitum
1414 5304 1604 5386 rantur-

91 5376 164 5440 sti,
187 5376 414 5444 quartam
443 5376 656 5442 amplius
703 5376 890 5440 partem
932 5387 1210 5431 nostrorum
1246 5395 1493 5432 censuum.
1523 5382 1605 5436 Si-

92 5443 258 5519 donius
283 5446 422 5519 tria,
467 5457 707 5519 quaesuo
751 5445 830 5497 vel
855 5459 1066 5499 suorum
1111 5448 1318 5501 nomine
1361 5448 1601 5516 debebat,

93 5511 175 5580 tibi
198 5513 390 5566 remitti
431 5511 676 5580 postulat.

151 5575 176 5617 ⁴
210 5582 338 5635 Hinc
379 5575 564 5633 videre
604 5588 682 5633 est
708 5582 1104 5648 quinquennalia
1135 5623 1149 5644 ,
1188 5583 1485 5634 dt'cellllalla
1513 5624 1525 5646 ,
1554 5592 1606 5636 et

95 5659 258 5724 uetera
285 5651 335 5702 id
356 5661 554 5724 genus,
593 5661 691 5702 non
716 5651 1034 5724 ineuntensed
1068 5660 1273 5724 peracto
1295 5651 1458 5724 ultimi
1476 5653 1596 5702 anni

95 5718 263 5771 circulo
291 5718 556 5773 celebrari
595 5728 888 5774 consuesse.
919 5718 1065 5781 Quod
1100 5719 1247 5773 docet
1277 5719 1429 5771 etiam
1463 5720 1603 5772 locus

1617 1874 1666 1932 B

3104 415 3223 473 ’710

1757 691 1863 744 llas
1884 690 2102 756 supplex
2124 687 2352 741 famulus
2378 700 2562 754 preces
2587 686 2816 750 dicavit,

1663 779 2015 846 Responsum
2043 775 2320 844 opperiens
2346 775 2485 842 pium
2511 790 2574 828 ac
2600 775 2846 842 salubre,

1687 868 1756 922 Ut
1784 868 1970 922 reddas
1996 867 2236 936 patriam,
2260 866 2521 934 simulque
2549 868 2743 935 vitam,

1687 958 1995 1025 Lugdunum
2022 971 2314 1010 exonerans
2342 957 2452 1010 suis
2482 956 2666 1009 ruinis.

1687 1048 1799 1100 Hoc
1820 1059 1868 1100 te
1894 1046 2138 1100 Sidonius
2167 1054 2285 1098 tuus
2315 1053 2578 1111 precatur.

1687 1135 1776 1190 Sic
1808 1146 1858 1189 te
1887 1135 2102 1189 Sidonio
2129 1139 2336 1188 recocta
2364 1132 2519 1198 fuco,

1690 1225 1879 1278 Multos
1903 1238 2130 1292 purpura
2165 1220 2354 1276 vestiat
2380 1235 2471 1288 per
2497 1233 2683 1274 annos.

1690 1312 1821 1366 Sicd
1852 1315 2018 1366 lustro
2050 1310 2253 1378 imperii
2291 1310 2534 1377 perennis
2559 1316 2711 1373 aeto,

1689 1400 2107 1468 Quinquennalia
2134 1399 2360 1453 fascibus
2384 1397 2646 1452 dicentur.

1687 1488 1777 1543 Sic
1796 1490 1922 1555 ripa:
1955 1487 2179 1555 duplicis
2208 1495 2416 1540 tumore
2445 1486 2645 1549 fracto,

1690 1580 1945 1633 Detonsus
1973 1575 2244 1630 Vachalim
2266 1575 2412 1629 bibat
2432 1575 2726 1630 Sicamber.

1689 1665 1836 1733 Quod
1866 1665 1909 1718 si
1935 1663 2223 1718 contuleris
2247 1671 2337 1717 tuo
2365 1674 2534 1731 poeta:
2559 1702 2575 1727 ,

1691 1755 1926 1808 Mandem
1965 1754 2229 1822 perpetuis
2255 1751 2472 1820 legenda
2501 1750 2682 1815 lastis;

1693 1846 2026 1912 Quaecunque
2054 1842 2279 1912 egregiis
2298 1842 2439 1911 geris
2473 1841 2768 1908 triumphis.

1690 1935 1831 1990 Nam.
1852 1947 1989 1986 nunc
2010 1932 2152 1986 Musa
2177 1931 2365 2000 loquax
2393 1938 2532 1985 tacet
2563 1929 2782 1994 tributo,

1691 2025 1844 2094 371
1874 2023 2000 2089 Quae
2031 2035 2126 2090 pro
2145 2019 2366 2090 Virgilio
2403 2019 2784 2086 Terentioque,

1693 2113 1973 2168 Sextantes
1995 2111 2123 2180 legit
2149 2112 2435 2178 unciasque
2464 2108 2573 2162 lisci
2596 2148 2612 2173 ,

1693 2211 1717 2239 °
1759 2203 2082 2272 Marsyaeque
2105 2201 2254 2254 timet
2278 2214 2488 2253 manum
2513 2212 2576 2253 ac
2597 2198 2891 2265 rudentem,

1692 2291 1786 2357 Qui
1812 2290 1993 2344 thbi
2020 2304 2083 2343 ex
2112 2288 2235 2342 odio
2255 2288 2551 2342 vetustiore

1689 2378 1837 2432 Nunc
1864 2377 2143 2445 suspendia
2170 2376 2376 2428 vatibus
2404 2375 2655 2428 minatur.

2001 2485 2245 2539 Sidonius
2279 2481 2296 2520 τ
2324 2482 2553 2536 Polemio
2580 2497 2670 2535 suo
2689 2481 2925 2535 salutem.

1763 2598 1898 2652 Dum
1941 2606 2051 2665 post
2106 2594 2461 2665 profectionem
2503 2602 2660 2656 tuam,
2704 2591 2770 2643 mi
2819 2589 3035 2658 Polemi,
3079 2595 3234 2658 frater

1691 2688 2053 2752 amantissime,
2076 2699 2264 2737 mecum
2287 2682 2540 2752 granditer
2559 2692 2754 2749 reputo,
2775 2680 3008 2748 quatinus
3035 2679 3087 2732 in
3113 2689 3238 2732 vols

1693 2777 1793 2830 tuis
1822 2774 2104 2844 philosOphi
2145 2772 2432 2841 fescennina
2454 2779 2704 2822 cantarem
2728 2813 2742 2836 ,
2767 2770 2978 2836 obrepsit
2999 2769 3202 2820 materia
3220 2806 3236 2833 ,

1692 2882 1791 2934 qua
1811 2866 2021 2917 decursa
2052 2864 2199 2931 facile
2219 2860 2443 2930 dignosci
2464 2868 2489 2905 α
2520 2858 2647 2911 valet
2665 2900 2679 2923 ,
2713 2859 2871 2927 magis
2900 2873 2977 2909 me
3001 2858 3241 2910 doctrina!

1692 2971 1844 3023 quam
1887 2968 2052 3006 cauete
2090 2961 2187 3012 tute
2240 2951 2470 3002 habuisse
2522 2949 2786 3001 rationem.
2835 2947 3034 3001 Omissa
3077 2949 3242 3017 itaque

1695 3043 2002 3116 epithalamii
2029 3040 2376 3104 teneritudine,
2405 3055 2492 3107 per
2507 3039 2808 3107 asperrimas
2834 3025 3166 3106 philosOphiw
3190 3046 3241 3091 et

1693 3131 2111 3186 salebrosissimas
2138 3128 2335 3197 regulas
2353 3126 2538 3196 stylum
2560 3128 2709 3179 traxi.
2736 3127 2959 3193 Quarum
2979 3127 3092 3178 talis
3116 3126 3240 3178 ordo
3265 3154 3267 3156 -

1697 3233 1787 3288 est,
1811 3233 1863 3275 ut
1873 3223 1980 3274 sine
1993 3220 2220 3290 plurimis
2246 3219 2381 3270 novis
2402 3218 2558 3271 verbis
2575 3233 2703 3285 quia,
2718 3219 2930 3287 praefata
2937 3232 3062 3284 pace
3083 3217 3242 3284 pluri-

1696 3329 1889 3367 morum
1911 3311 2246 3379 eloquentum,
2264 3309 2642 3377 specialitertibi
2664 3320 2710 3360 et
2730 3308 3108 3373 complatonicis
3142 3312 3242 3359 tuis

1695 3412 1815 3455 nota
1848 3411 1999 3464 sunt,
2030 3415 2176 3469 nugax
2202 3403 2324 3466 ipsa
2355 3413 2454 3451 non
2483 3397 2729 3449 valuerint
2755 3396 2998 3463 expediri.
3037 3394 3236 3448 Videris

1694 3503 1860 3544 utrum
1883 3505 2029 3543 aures
2056 3489 2386 3558 quorumdam
2426 3503 2512 3557 per
2545 3487 2847 3555 imperitiam
2878 3495 3059 3538 temere
3096 3501 3234 3538 men-

1697 3581 1878 3633 tionem
1921 3579 2112 3642 centri,
2145 3577 2512 3647 proportionis,
2543 3577 2912 3639 diastematum,
2950 3574 3235 3639 climatum,

1701 3671 1774 3723 vel
1804 3669 1831 3706 ιι
1857 3671 2124 3733 mirarum,
2167 3666 2491 3735 epithalamio
2524 3666 2881 3718 conducibilem
2923 3681 3024 3718 non
3052 3676 3242 3728 patent.

1705 3761 1846 3815 Illud
1871 3769 2004 3814 certe
2037 3759 2288 3812 consulari
2318 3759 2421 3810 viro
2468 3771 2578 3811 vere
2617 3772 2817 3828 magno,
2846 3756 3108 3826 quastorio
3139 3757 3242 3808 uiro

1708 3955 1990 4009 Marcellini
2041 3955 2150 4007 15:
2189 3953 2390 4004 Arelate
2437 3951 2643 4001 hiemem
2693 3964 2843 4015 agens
2897 3947 3242 4005 Constantius.

1705 4033 1813 4091 post
1852 4021 2294 4091 theatrales‘ludos
2329 4020 2746 4091 atque_circeitses
2777 4016 3041 4091 ambitioso
3065 4015 3243 4091 "editos

1704 4081 1950 4158 apparatu
1997 4090 2060 4141 Α.
2219 4101 2274 4158 vr
2322 4081 2719 4158 idusoctobres,
2766 4084 2849 4158 qui
2880 4081 3092 4158 iintperii
3128 4083 3242 4158 eiut

1702 4148 1888 4210 anitum
1907 4158 1973 4210 30
1999 4156 2310 4208 terminabat.
2336 4153 2582 4220 Designat
2604 4152 2741 4204 enim
2774 4148 3099 4220 tricennalia.
3123 4148 3239 4201 Ca:-

1704 4239 1870 4280 terum
1912 4225 2062 4294 145
2095 4219 2682 4294 MajOrianusquiutnm
2712 4219 2916 4286 imperii
2944 4232 3138 4294 annqu
3161 4224 3244 4269 at-

1703 4298 1814 4363 tigit
1865 4287 2061 4349 tamam
2089 4334 2103 4356 ,
2135 4287 2239 4346 non
2287 4287 2531 4345 absolvit.
2563 4287 2736 4352 Quare
2763 4301 2911 4341 cassa
2939 4287 3087 4342 luere
3115 4294 3236 4341 vola

1703 4365 1921 4419 Sidonii.

1773 4443 1796 4470 ο
1837 4435 2053 4499 Marsyae
2100 4437 2268 4484 statua
2307 4437 2420 4483 erat
2457 4426 2672 4499 ingloro
2709 4426 2966 4499 Romano,
2997 4423 3060 4477 ad
3085 4437 3242 4499 quam

1710 4501 1825 4554 lites
1876 4491 2178 4568 agebantur,
2237 4499 2463 4568 deiqua
2501 4496 2739 4568 lloratius
2767 4510 2802 4559 ι,
2837 4491 3145 4549 Sermonuut
3184 4491 3240 4560 6,

1703 4565 1951 4625 obeundus
1984 4570 2222 4636 Marsya;
2243 4576 2294 4622 et
2319 4565 2567 4620 Martialis
2599 4578 2655 4628 tt,
2679 4565 2745 4619 6b
2773 4578 2790 4623 ;

2180 4719 2298 4767 Fora
2322 4721 2484 4768 litibus
2507 4720 2662 4765 omnia
2687 4718 2891 4775 fervent,

1974 4779 2080 4837 Ipse
2105 4788 2261 4839 potest
2283 4780 2382 4826 ﬁert
2405 4779 2583 4838 Marsya
2605 4779 2886 4831 causidicus.

1705 4902 1841 4958 Scite
1862 4914 1986 4968 ergo
2010 4901 2286 4970 Marsyam,
2312 4899 2412 4951 hoc
2437 4907 2518 4966 ἰι
2539 4899 2908 4970 vadimonium,
2935 4899 3031 4954 sibi
3048 4911 3232 4970 poetae,

1707 4973 1749 5024 si
1805 4970 1994 5022 tributa
2035 4968 2234 5019 differat
2265 5006 2279 5029 ,
2340 4968 2676 5036 metuendum
2727 4968 2836 5030 ait,
2880 4971 3016 5036 quod
3049 4968 3241 5035 ‘poetis

1709 5051 1916 5158 pinge.-
1946 5037 2236 5104 Apollinem
2265 5034 2352 5102 qui
2390 5035 2528 5088 victo
2555 5035 2691 5104 pelle
2735 5034 2986 5104 detraxit,
3020 5034 3242 5093 infestus

1709 5122 1746 5158 SI
1846 5119 2040 5158 :trsvas.

1706 5117 1772 5160 stt
1795 5117 2040 5172 Marsyas.

1778 5174 1795 5210 ί
1839 5169 2068 5225 Polemio
2085 5169 2250 5223 eidem
2276 5171 2540 5226 biennium
2560 5172 2667 5239 jam
2690 5175 2934 5239 praelecto
2950 5172 3238 5228 Galliarum

1707 5251 1879 5308 postea
1903 5239 2109 5308 scripsit
2133 5244 2406 5304 epistolam
2436 5241 2520 5302 14,
2550 5241 2640 5293 lib.
2666 5258 2718 5302 v,
2749 5257 2814 5295 ex
2847 5259 2945 5307 qua
2975 5243 3151 5294 itidem
3182 5255 3241 5294 ιιι

1704 5307 1765 5362 ex
1792 5310 1884 5360 hac
1916 5309 2022 5373 ipsa
2041 5345 2053 5367 ,
2083 5307 2363 5362 Platonicae
2395 5308 2734 5376 philosophiae
2756 5313 3044 5364 studiosum
3078 5308 3238 5363 fuisse

1705 5386 1879 5443 patet:
1918 5385 1973 5426 ut
2001 5389 2101 5428 non
2145 5375 2407 5445 immerito
2449 5375 2694 5432 Sidonius
2730 5381 2779 5431 ιιι
2824 5377 3094 5445 pangendo
3123 5379 3240 5444 ejus

1706 5445 2081 5522 epithalamio,
2119 5444 2254 5522 .dnm
2312 5446 2728 5522 philosomticum
2782 5444 2968 5522 lemma
3027 5456 3235 5522 tractat,

1705 5515 1819 5582 ejus
1869 5512 2217 5582 seddoctrinte
2257 5515 2428 5581 potius
2469 5529 2626 5582 quam
2665 5530 2834 5569 causa:
2863 5517 3114 5569 rationein
3147 5515 3240 5569 ba-

1707 5581 1881 5632 buis‘se
1905 5580 2066 5632 dicat.

1777 5655 1801 5728 ξ
1842 5648 2034 5728 ξεινίαιτο
2054 5661 2106 5728 et
2138 5649 2396 5728 Labbeus,
2425 5653 2627 5707 valeret.

1777 5707 1801 5744 δ
1845 5716 1963 5771 Vide
1996 5717 2125 5772 infra
2148 5707 2530 5777 adnot-‘tibnetn
2553 5725 2614 5777 ad
2645 5736 2779 5778 vcrs.
2807 5722 2895 5779 66.
