3818 6226
106 196 198 249 713

1477 190 1798 246 CARMINA.

3085 231 3088 233 λ
3169 194 3267 244 γη

105 305 399 377 Porphyrion
424 305 651 376 Pangaea
672 303 826 373 rapit,
854 302 1243 372 Rhodopenque
1263 301 1618 356 Adamasthor
1644 306 1691 362 Α
1720 300 1776 354 Si
1803 313 1934 368 quos
1958 313 2083 369 ergo
2111 299 2314 370 chelys,
2337 301 2380 354 si
2407 315 2543 369 quos
2570 302 2702 370 lyra,
2729 301 2852 356 tibia
2874 302 2918 355 si
2945 316 3077 368 quos

104 398 376 467 Strymonio
404 412 523 451 cum
556 397 700 450 fonte
729 395 884 459 levat,
914 395 1235 462 veniensque
1260 408 1490 462 superne

105 488 282 541 intorto
305 485 531 539 calidum
559 483 834 552 restinguit
861 483 1074 536 ﬂumine
1102 481 1323 535 fulmen.

105 575 194 629 Hic
219 575 374 629 Pallas
399 575 636 628 Pallanta
666 573 814 643 petit,
845 573 929 626 cui
952 573 1194 639 Gorgone
1218 571 1328 625 visa

105 666 285 720 Invenit
312 664 540 718 solidum
566 663 674 731 jam
704 663 883 716 lancea
913 661 1059 715 tarda
1088 660 1330 714 cadaver.

104 756 247 827 375
281 755 371 809 Hic
405 754 644 809 Lemnon
685 765 780 822 pro
814 751 980 806 fratre
1015 751 1195 805 Mimas
1234 755 1418 802 contra
1461 745 1625 814 aegida

1303 835 1553 905 [turquet,

103 935 475 1004 impulsumque
503 931 672 1002 quatit
692 927 1007 1001 jaculabulis
1032 927 1200 982 insula
1228 926 1442 982 ctelum.

103 1024 352 1078 Plurimus
378 1021 467 1076 hic
497 1022 744 1075 Briareus
766 1019 1018 1089 populoso
1044 1030 1265 1086 corpore
1293 1023 1506 1084 pugnat,

102 1114 372 1181 Cognatam
405 1114 624 1179 portans
652 1111 841 1174 aciem,
867 1107 955 1163 cui
983 1105 1180 1161 vertice
1203 1105 1269 1158 ab
1296 1118 1400 1158 uno

102 1204 286 1256 Cernas
312 1200 536 1256 ramosis
565 1201 766 1269 palmas
795 1198 1041 1251 fruticare
1061 1195 1294 1249 lacertis.

103 1288 203 1342 Nec
230 1289 426 1357 species
447 1289 589 1344 solas
615 1287 886 1354 monstris,
914 1284 1060 1338 dedit
1095 1294 1208 1338 arte
1231 1284 1459 1337 furorem

103 1378 364 1445 Mulciber,
398 1387 558 1448 atque
582 1378 724 1447 ipsas
751 1376 924 1430 timuit
946 1387 1076 1443 quas
1103 1373 1330 1427 ﬁnxerat
1358 1373 1482 1425 iras.

105 1466 301 1520 Hastam
327 1467 513 1522 dextra
542 1473 707 1532 tenet,
749 1479 916 1533 nuper
940 1477 1094 1531 quam
1125 1469 1150 1497 ἰ
1179 1461 1317 1516 valle
1345 1458 1634 1528 Aracynthi

107 1556 215 1625 Ipsa
243 1556 335 1609 sibi
357 1557 528 1624 posita
550 1555 722 1610 Pallas
747 1553 1009 1622 protraxit
1033 1551 1189 1604 oliva.

106 1645 211 1698 lloc
237 1653 452 1699 steterat
476 1643 652 1712 genio,
683 1656 841 1710 super
869 1649 925 1695 ut
949 1640 1163 1708 vestigia
1193 1638 1328 1693 diva:
1408 1693 1411 1699 ,

109 1732 352 1786 Labeates
379 1737 560 1786 teneat
576 1728 898 1785 Marathonia
918 1729 1078 1784 bacca
1109 1737 1355 1795 trapetas.

170 1823 260 1876 Hic
278 1823 379 1875 duo
403 1821 595 1890 templa
622 1822 836 1886 micant,
865 1834 1085 1890 quorum
1114 1819 1470 1888 supereminet
1501 1833 1634 1872 unus

107 1913 169 1967 Ut
189 1911 404 1976 meritis,
435 1911 513 1964 sic
541 1909 668 1964 sede
689 1910 853 1976 locus,
882 1910 969 1978 qui
995 1909 1357 1963 continet‘alta

105 2003 404 2057 Scrutantes
432 2001 636 2054 ratione
661 2002 824 2064 viros,
853 1998 977 2066 quid
1007 1997 1246 2052 machina
1275 1997 1415 2061 coeli,

107 2091 236 2158 Quid
264 2091 435 2156 tellus,
465 2089 591 2159 quid
621 2089 759 2143 fossa
786 2087 964 2152 maris,
993 2087 1115 2155 quid
1142 2085 1378 2140 turbidus
1405 2099 1517 2148 aer,

108 2179 237 2247 Quid
263 2179 428 2234 noctis
458 2178 696 2247 lucisque
724 2178 887 2242 vices,
919 2175 1042 2244 quid
1075 2183 1343 2228 menstrua
1372 2173 1509 2227 luna:

110 2268 421 2320 Incrementa
450 2271 655 2334 parent,
687 2263 900 2317 totidem
928 2277 1020 2316 cur
1047 2261 1236 2315 damna
1261 2269 1562 2330 sequantur.

111 2357 247 2408 ilicet
272 2353 357 2407 hic
383 2352 576 2406 summi
599 2351 834 2406 resident
860 2360 1059 2419 septem
1087 2352 1371 2418 sapientes,

112 2441 558 2497 lnnnmerabilium
581 2440 864 2508 primordia
887 2439 1342 2508 philosophorum.

113 2534 293 2588 Thales
319 2532 498 2586 Mileto
526 2531 736 2599 genitus
761 2529 1054 2584 vadimonia
1085 2529 1316 2598 damnat,

112 2623 298 2692 Lyndie
324 2630 376 2676 tu
405 2619 659 2675 Cleobule
686 2618 840 2688 jubes
860 2619 1048 2675 modus
1078 2623 1305 2688 Optimus
1333 2629 1388 2673 ut
1412 2620 1498 2683 sit,

112 2711 181 2765 Tu
209 2711 466 2766 meditans
511 2717 678 2763 totum
708 2709 927 2764 decoras
961 2708 1252 2765 Periandre
1287 2709 1599 2777 Corinthon,

116 2800 302 2854 Atticus
327 2799 449 2854 inde
478 2799 642 2854 Solon
672 2813 739 2854 ne
763 2799 885 2868 quid
915 2798 1069 2853 nimis
1097 2801 1350 2870 approbat
1377 2816 1560 2868 unum,
1595 2829 1599 2834 ι

115 2887 336 2944 Prieuaze
365 2889 474 2954 Bia,
506 2888 706 2962 plureis
735 2888 812 2941 ais
841 2902 958 2941 esse
989 2889 1265 2957 malignos,

116 2973 182 3050 Tn
211 2976 452 3045 Mitylene
481 2985 629 3046 satus
648 2978 918 3044 cognoscis
951 2976 1148 3030 Pittace
1177 2987 1402 3045 tempus,

117 3063 324 3118 Noscere
351 3078 468 3117 sese
496 3064 667 3131 ipsum
695 3063 880 3116 Chilon
905 3064 1161 3132 Spartane
1186 3065 1431 3119 docebas.

119 3153 301 3207 Asserit
330 3153 414 3207 hic
433 3151 641 3207 Samius
660 3161 774 3221 post
794 3153 944 3206 docta
977 3155 1181 3208 silentia
1209 3156 1359 3208 lustri

119 3227 443 3314 Pythagoras,
475 3242 698 3298 solidum
730 3243 974 3312 princeps
1001 3244 1140 3313 quod
1164 3245 1363 3300 musica
1390 3248 1638 3301 mundum

120 3335 400 3406 Temperet,
430 3344 484 3391 et
512 3336 672 3390 certis
697 3343 1009 3388 concentum
1039 3335 1225 3390 reddat
1250 3336 1316 3390 ab
1343 3337 1522 3401 astris,

120 3422 366 3493 Signaque
388 3424 644 3479 Zodiacus
673 3439 789 3493 qua:
817 3425 1042 3480 circulus
1070 3441 1167 3482 axe
1190 3442 1436 3496 supremo

121 3511 263 3582 376
276 3514 444 3568 Terna
463 3523 649 3582 quater
666 3514 874 3577 retinet,
897 3517 1107 3582 praprio
1126 3530 1228 3569 non
1249 3530 1462 3571 currere
1476 3527 1638 3585 mutu,

121 3599 292 3669 Aquis
319 3602 454 3657 inter
481 3616 541 3655 se
564 3601 746 3670 Spatiis
772 3612 943 3656 tamen
969 3618 1086 3658 esse
1115 3605 1303 3658 locata.

121 3689 335 3761 Fixaque
361 3691 615 3761 signifero
644 3693 837 3760 pariter
864 3707 1071 3762 quoque
1100 3708 1292 3748 cernua
1315 3694 1458 3760 ferri,

121 3775 537 3848 Pmcipunmque
565 3781 721 3834 etiam
747 3790 947 3848 septem
978 3797 1101 3849 vaga
1133 3784 1304 3835 sidera
1331 3797 1537 3836 cantum

122 3867 240 3922 ilinc
254 3870 398 3932 dare,
417 3869 679 3935 perfectus
697 3882 943 3920 numerus
966 3868 1099 3933 quod
1123 3877 1339 3935 uterque
1361 3870 1640 3924 habeatur:

122 3956 219 4008 Hoc
245 3970 462 4009 numero
488 3955 776 4019 affirmans,
808 3954 907 4008 hoc
929 3955 1116 4009 ordine
1143 3965 1326 4011 cuncta
1355 3961 1537 4014 rotari.

122 4043 342 4096 Falciferi
366 4043 392 4080 δ
415 4045 624 4098 Cronon
657 4046 733 4098 ire
758 4043 901 4098 senis
931 4059 1024 4112 per
1050 4061 1252 4100 summa
1279 4049 1538 4116 polorum,

123 4131 283 4189 Martis
311 4137 646 4205 contiguum,
668 4136 842 4192 medio
868 4138 1018 4201 Jove,
1046 4153 1261 4207 pergere
1293 4140 1455 4205 sidus,

123 4220 236 4276 Post
259 4223 375 4289 bos,
397 4224 506 4292 jam
533 4233 717 4293 quarto
739 4238 797 4279 se
823 4224 1036 4280 flectere
1063 4228 1272 4281 tramite
1298 4229 1484 4297 solem,

123 4309 196 4366 Sic
217 4313 474 4382 placidam
501 4313 729 4381 Paphien
759 4328 971 4370 servare
997 4314 1249 4370 diastema
1271 4318 1532 4386 quintum,

123 4403 386 4458 Arcadium
416 4415 588 4469 sexto,
621 4404 796 4458 lunam
822 4406 900 4460 sic
924 4405 1052 4460 orbe
1082 4419 1329 4473 supremo

127 4503 144 4528 ε
166 4493 262 4548 Ter
282 4493 448 4549 denas
471 4493 669 4561 tropico
694 4509 855 4562 prope
875 4508 1087 4549 currere
1115 4495 1323 4550 climate
1348 4497 1524 4552 miras.

127 4743 135 4756 ‘
185 4680 208 4709 ι
237 4673 430 4756 Montis
465 4671 678 4726 Boeotiae
702 4689 714 4722 :
734 4672 873 4725 unde
902 4672 1247 4740 Aracyntbias
1277 4674 1392 4727 dea.
1424 4674 1656 4730 illiianus

124 4747 166 4792 ἓν
191 4747 350 4812 φήμξπε

251 4829 404 4880 κλῦθί
430 4849 513 4896 μοι
542 4831 738 4898 εὐχάων
757 4831 1074 4903 ’Δρακυνθιάς
1097 4832 1407 4904 εὐπατέρεια.

187 4935 213 4974 ι’
233 4943 468 5010 «ivga-ra
496 4941 694 5010 Κρόνου,
723 4940 772 4992 id
803 4951 883 4993 est
909 4941 1114 4994 Saturni
1144 4942 1368 4994 stellam.

189 5006 456 5085 {Quidam
485 5006 664 5085 niwrrns
708 5019 982 5085 reponunt,
1031 5014 1204 5085 μοίρας
1230 5028 1242 5063 :
1277 5020 1332 5085 ut
1359 5012 1653 5085 apnd_Cen-

127 5076 340 5144 sorinum
367 5087 486 5140 cap.
513 5073 565 5144 ξ.
599 5075 888 5144 thuidem
916 5079 983 5129 ita
1013 5073 1096 5130 res
1115 5073 1454 5144 'exigcbat,'et
1473 5081 1651 5133 Grmca

127 5143 490 5212 diphthongus.
509 5142 622 5212 Sed
651 5142 717 5193 de
739 5144 834 5194 hoc
855 5160 1046 5209 genere
1072 5148 1342 5210 scripturae
1364 5142 1516 5212 Supra
1540 5164 1655 5200 car-

130 5214 255 5266 mine
280 5211 313 5264 9
351 5211 460 5277 jam
491 5210 686 5262 dictum
716 5219 796 5261 est
822 5213 884 5262 ad
916 5214 1276 5265 hecatombion.
1321 5210 1453 5267 Sunt
1480 5227 1653 5268 autem

132 5290 282 5357 μοῖραι
305 5292 358 5333 et
380 5283 535 5357 μυρίᾳ
562 5277 1122 5357 Graecisastronomis,
1145 5299 1259 5357 qua:
1284 5294 1452 5357 partes
1483 5288 1658 5350 signo-

134 5346 252 5414 rum,
296 5359 351 5403 et
381 5346 592 5414 'gt‘adus
617 5346 834 5399 Latinis.
885 5346 1190 5400 Ambrosius
1229 5346 1653 5406 in'hexaeméron

134 5419 164 5471 ι
183 5435 196 5472 :
217 5416 278 5471 In
298 5417 505 5489 triginta
519 5415 882 5489 portiunculaa,
906 5433 1027 5489 quas
1048 5418 1254 5489 μερίδας
1273 5430 1462 5480 vocant,
1484 5438 1659 5473 unam-

135 5484 655 5558 quamque—duodecim
681 5484 880 5536 illorum
906 5484 1208 5539 distributor!
1240 5489 1534 5553 portionem.

350 5578 623 5646 Paeon.
669 5574 880 5635 LVIII.

1725 387 1992 442 Ediderint
2023 402 2140 442 cum
2170 403 2299 444 voce
2323 390 2527 454 modos,
2562 392 2831 459 exemplar
2852 391 2919 443 ad
2953 392 3094 445 istud

1723 476 2053 540 Ponderibus
2081 477 2285 546 positis,
2313 482 2564 546 quantum
2597 481 2867 548 proporio
2893 482 3099 544 suadet,

1723 566 2004 619 Intervalla
2032 567 2178 636 sequi
2204 568 2407 635 septeni
2438 567 2630 622 sideris
2650 568 2777 621 edit.

1727 654 2058 708 Harmoniam
2085 654 2265 709 dicens
2295 655 2472 720 etiam,
2505 656 2642 724 quod
2672 665 2894 724 quatuor
2921 656 3033 709 istis

1724 746 1813 801 Sic
1838 746 2056 800 seeleant
2083 746 2345 800 elementa
2374 748 2566 810 modis,
2590 756 2646 800 ut
2675 747 2907 815 pondere
2933 745 3134 815 magnis

1727 839 1809 894 Sit
1837 840 1984 893 locus
2009 838 2230 893 inferior
2257 853 2271 890 ε
2296 836 2467 892 media
2495 837 2680 891 tellure
2703 838 2840 906 quod
2869 847 3042 891 autent

1726 927 1963 981 Perfecta
1993 925 2221 980 medium
2252 933 2352 990 est,
2384 924 2547 979 imum
2578 933 2722 994 patet
2747 941 2867 982 esse
2897 929 3130 990 rotundi,

1733 1017 1865 1072 Hinc
1895 1015 2029 1081 ﬁeri,
2055 1027 2110 1070 ut
2142 1025 2330 1070 terram
2364 1016 2532 1072 levior
2559 1018 2912 1086 superemicet
2940 1017 3140 1082 undas;

1728 1109 1900 1164 Altior
1929 1109 2010 1163 his
2033 1122 2241 1177 quoque
2266 1106 2354 1171 sit,
2384 1108 2471 1174 qui
2502 1107 2684 1175 purior
2707 1107 2900 1161 eminet
2923 1123 3044 1170 aer;

1728 1200 1912 1254 Omnia
1936 1198 2213 1253 concludat
2235 1196 2427 1253 coelum
2453 1198 2672 1275 levitate
2698 1211 2979 1266 suprema,

1731 1288 1961 1342 Pendeat
1988 1296 2041 1342 et
2067 1297 2231 1341 totum
2260 1283 2418 1341 sim'ul
2445 1287 2547 1341 hoc
2568 1287 2634 1341 ab
2654 1287 2856 1355 origine
2880 1287 3068 1341 centri.

1799 1376 1990 1431 Thales
2018 1376 2101 1430 hic
2128 1376 2284 1429 etiam
2312 1377 2548 1429 numeris
2575 1374 2832 1444 perquirit
2857 1385 2908 1428 et
2934 1377 3112 1440 astris,

1738 1465 2003 1519 Refectum
2035 1473 2090 1517 ut
2115 1463 2318 1526 thbi,
2346 1475 2443 1517 nec
2473 1476 2574 1516 non
2597 1462 2840 1530 lunaeque
2869 1463 3103 1521 laborem

1731 1553 1945 1608 Nuntiet
1973 1547 2240 1615 anterius;
2272 1551 2363 1605 sed
2397 1552 2556 1605 rebus
2584 1551 2768 1605 inutile
2798 1553 2942 1620 ponit

1669 1631 1711 1688 Β
1740 1642 2079 1709 Principium,
2108 1641 2230 1694 dum
2256 1640 2425 1695 credit
2453 1640 2602 1709 aquis
2629 1640 2917 1695 subsistere
2948 1643 3218 1697 mundum.

1732 1729 1896 1798 Hujus
1921 1729 2159 1798 discipuli
2183 1742 2333 1784 versa
2356 1736 2438 1783 est
2470 1730 2748 1794 sententia,
2778 1729 2958 1785 d'cens

1735 1819 2008 1887 Principiis
2030 1819 2252 1888 propriis
2281 1833 2489 1888 semper
2518 1833 2604 1874 res
2643 1835 2875 1889 quasque
2903 1824 3088 1875 creari.

1733 1909 1888 1977 377
1914 1907 2123 1976 Singula
2151 1907 2237 1975 qui
2262 1907 2517 1976 quosdam
2548 1907 2718 1962 fontes
2745 1909 2977 1964 deCernit
3002 1910 3196 1967 habere

1735 1997 2010 2051 Eternum
2040 1997 2283 2066 irriguos,
2309 2009 2371 2050 ac
2400 2011 2573 2050 rerum
2600 2000 2799 2051 semine
2830 1997 3032 2066 plenos,

1740 2085 1891 2139 ilunc
1919 2087 2077 2139 etiam
2104 2085 2340 2154 sequitur
2365 2085 2452 2154 qui
2478 2085 2690 2155 gignere
2711 2097 2896 2141 cuncta
2925 2088 3140 2155 putabat

1741 2176 1888 2229 Hunc
1910 2190 2106 2238 aerem,
2139 2175 2436 2251 pariterque
2458 2176 2587 2230 deos
2618 2177 2696 2231 sic
2720 2184 2957 2230 autumat
2986 2186 3150 2233 ortos.

1737 2271 1962 2332 Quartus
1984 2267 2326 2335 Anaxagoras
2355 2266 2628 2321 Thaletica
2655 2268 2897 2336 dogmata
2929 2281 3123 2324 servat.

1743 2355 1847 2411 Sed
1875 2355 2110 2409 divinum
2137 2354 2368 2408 animum
2398 2354 2578 2422 sentit,
2611 2355 2700 2423 qui
2725 2356 2904 2410 fecerit
2931 2357 3132 2411 orbem.

1744 2447 1926 2500 Junior
1955 2446 2076 2500 huic
2095 2446 2309 2514 junctus
2336 2444 2531 2500 residet
2557 2446 2795 2516 collega;
2823 2447 2914 2501 sed
2939 2447 3077 2502 idem

1743 2537 2013 2590 Materiam
2039 2537 2241 2589 cunctis
2269 2536 2524 2589 creaturis
2549 2551 2668 2590 aera
2695 2536 2937 2600 credens,

1742 2626 1952 2681 Iudicat
1981 2625 2100 2679 inde
2131 2626 2298 2680 Deum
2327 2625 2526 2682 faceret
2551 2641 2654 2694 quo
2680 2638 2867 2682 cuncta
2895 2628 3098 2683 tulisse.

1742 2714 1865 2768 Post
1892 2713 1988 2767 hos
2011 2713 2272 2767 Arcesilas
2297 2713 2470 2767 divina
2511 2724 2684 2768 mente
2708 2724 2938 2782 paratam

1740 2799 1963 2870 Conjicit
1992 2800 2126 2854 hanc
2151 2800 2686 2866 molem,-confectam
2715 2802 2947 2869 partibus
2973 2804 3075 2857 illis

1742 2892 1882 2958 Quas
1906 2898 2110 2945 atomos
2137 2899 2289 2945 vocat
2314 2890 2426 2955 ipse
2454 2889 2611 2944 lcves.
2636 2889 2664 2926 (³
2695 2890 2962 2945 Socratica
2998 2903 3117 2961 post
3142 2895 3280 2952 hunc

1743 2982 1897 3036 Secta
1927 2981 2107 3048 micat,
2132 2994 2248 3049 quae
2275 2979 2342 3034 de
2372 2987 2569 3032 natura:
2600 2977 2831 3047 pondere
2859 2981 3090 3050 migrans

1744 3074 1823 3127 Ad
1856 3087 2026 3127 mores
2058 3074 2326 3126 hominum
2359 3071 2616 3126 limandos
2647 3073 2911 3152 transtulit
2941 3089 3113 3129 usum.

1745 3164 1890 3216 lianc
1918 3173 2112 3216 sectam
2136 3165 2414 3230 perhibent
2434 3175 2692 3214 summum
2718 3164 3014 3219 excoluisse
3037 3166 3276 3233 Platona,

1742 3250 1847 3305 Sed
1877 3251 2067 3317 triplici
2100 3250 2356 3302 formasse
2385 3248 2561 3311 modo,
2589 3249 2713 3302 dum
2736 3249 2936 3316 primus
2960 3260 3012 3305 et
3040 3268 3174 3308 unus

1743 3338 1965 3407 Physica
1993 3337 2075 3391 vel
2105 3337 2293 3405 logico,
2327 3336 2551 3406 logicum
2582 3335 2665 3392 vel
2688 3337 2865 3406 jungit.
2887 3339 2954 3392 ad
2985 3339 3157 3394 ethos.

1744 3425 1954 3481 Invenit
1976 3426 2062 3480 hic
2089 3427 2332 3494 princeps
2361 3425 2483 3494 quid
2514 3425 2680 3494 prima
2709 3429 2935 3481 essentia
2962 3429 3120 3484 distct
3161 3486 3163 3488 .

1745 3519 1790 3573 A
1819 3532 2022 3572 summo
2044 3527 2299 3587 sextoque
2327 3517 2492 3582 bono;
2515 3531 2634 3571 cum
2663 3503 2890 3587 denique
2917 3534 3040 3574 saxa

1747 3609 1864 3664 Sint
1892 3617 2114 3673 tantum,
2150 3608 2456 3676 penitusque
2499 3607 2628 3660 nihil
2669 3606 2768 3661 nisi
2812 3621 2930 3662 esse
2967 3625 3028 3677 pr
3047 3609 3288 3665 thentur:

1747 3701 1990 3755 Proxima
2019 3698 2322 3763 succedant,
2351 3697 2537 3765 quibus
2565 3711 2685 3751 esse
2713 3705 2766 3750 et
2796 3698 2973 3752 vivere
2991 3712 3289 3768 promptum

3097 3787 3220 3857 [εει.

1747 3873 1954 3930 Addere
1983 3874 2097 3943 quis
2121 3873 2288 3942 possis
2315 3871 2386 3925 nil
2415 3871 2638 3942 amplius
2660 3871 2848 3926 arbore
2873 3879 2925 3926 et
2949 3872 3150 3939 herba;
3211 3933 3217 3936 Α

1747 3964 1922 4017 Tertia
1949 3963 2019 4016 sit
2047 3975 2318 4030 pecorum,
2348 3975 2568 4029 quorum
2593 3975 2710 4014 esse
2737 3969 2790 4014 et
2816 3961 2994 4017 vivere
3020 3971 3163 4017 motu

1748 4054 1860 4107 Non
1887 4062 2030 4106 caret
2053 4061 2107 4106 et
2133 4065 2321 4114 sensu;
2352 4050 2600 4103 mortales
2627 4059 2812 4117 quarta
2833 4051 3025 4105 deinde

1748 4141 2016 4209 Respieiat
2042 4139 2240 4194 factura
2271 4152 2416 4202 suos,
2444 4137 2633 4204 quibus
2662 4152 2799 4203 esse,
2828 4141 3048 4204 moveri,

1751 4233 1963 4294 Vivere,
1995 4245 2114 4285 cum
2141 4243 2297 4284 sensu
2325 4226 2504 4289 datur,
2531 4235 2584 4280 et
2608 4227 2962 4292 supereminet
2989 4227 3114 4282 illud

1672 4295 1727 4356 D
1751 4323 1898 4390 Quod
1927 4321 2154 4390 sapiunt,
2182 4332 2411 4387 veroque
2437 4317 2615 4370 valent
2642 4317 2938 4371 discernere
2964 4319 3148 4374 falsum
3179 4338 3192 4372 :

1751 4414 1942 4479 Quinta
1971 4419 2238 4466 creaturas
2263 4419 2483 4473 superas
2511 4405 2797 4466 subSIantia
2823 4406 3028 4472 prodat,

1753 4502 1892 4567 Quas
1921 4498 2128 4566 quidam
2158 4495 2338 4548 dixere
2357 4493 2502 4558 deos,
2535 4492 2654 4560 quia
2686 4507 2906 4560 corpora
2932 4506 3142 4548 sumant

1829 4672 1855 4710 ἀ
1882 4670 2172 4727 Secundam
2205 4667 2463 4734 produxit,
2495 4677 2553 4721 ut
2581 4667 2894 4721 Prudentius
2924 4668 3117 4737 hymno
3152 4673 3215 4727 lo
3245 4676 3292 4728 in

1756 4740 2116 4809 Hippocrratica
2143 4740 2400 4809 tertiam:
2432 4738 2560 4809 quia
2581 4738 2630 4789 in
2672 4737 2912 4791 Socrates
2942 4749 2992 4792 et
3016 4740 3298 4808 Hippocra-

1755 4806 1840 4863 tes
1867 4806 2079 4861 'easdem
2120 4807 2496 4873 producebant,
2527 4806 2765 4876 Graecum
2797 4806 3294 4876 accentitm‘secuti,

1755 4881 2028 4998 Σῳκῆάτης,
2057 4879 2408 4949 Ἱπποκράτης.
2457 4876 2527 4929 lla
2558 4875 2698 4930 enim
2728 4884 2779 4928 et
2809 4876 3150 4930 Maximianus
3187 4875 3294 4934 cie;

1755 4964 1835 4998 ριςι
1918 4961 1932 4998 ξ

1753 4961 1932 5018 giat:

1846 5033 1947 5082 Hoc
1964 5045 2154 5092 quoque
2187 5033 2406 5080 virtutum
2431 5033 2659 5093 quondam
2684 5034 2942 5079 certamine
2967 5045 3190 5092 magnum

1903 5095 2147 5141 So.ratem
2172 5094 2372 5152 palmam
2395 5095 2720 5153 promeruisse
2746 5093 2921 5139 terunt.

1758 5215 1823 5267 Et
1856 5213 2099 5266 Paulinus
2129 5221 2314 5266 auctor
2345 5211 2686 5266 Ettcltarislici
2721 5228 2730 5261 :
2764 5211 3009 5278 Dogmam
3039 5213 3298 5280 Socrams,

1757 5293 1804 5334 et
1844 5281 2020 5334 bellica
2063 5281 2310 5346 plasmata
2356 5281 2583 5332 Homeri.
2648 5281 2810 5340 Hujus
2854 5284 3058 5345 generis
3110 5293 3159 5334 et
3202 5287 3300 5338 alia

1761 5352 1949 5420 passim
1994 5349 2129 5418 apud
2173 5350 2441 5402 Sidonium
2486 5368 2497 5401 :
2542 5359 2599 5420 tit
2638 5347 2972 5420 Agtltiopset
3029 5351 3302 5418 Euripides

1762 5415 2042 5486 penultima
2083 5420 2231 5484 longa
2260 5435 2271 5468 :
2298 5421 2506 5481 Aratus,
2542 5415 2836 5486 Plimdonis,
2889 5415 3170 5486 diastema,
3199 5439 3303 5474 ma-

1763 5483 1947 5554 thesis,
1977 5483 2281 5554 Heraclitus,
2309 5488 2589 5556 sapphirus
2615 5483 2795 5540 eadem
2821 5483 2986 5538 brevi.

2946 5573 3022 5634 23
