3818 6226
132 264 201 316 m
794 196 797 199 I
1475 236 1794 293 CARMINA.

1630 410 1633 413 ν
1646 352 1696 410 Α
1722 346 1867 412 Quod
1896 354 2073 400 noster
2094 344 2243 413 jubet
2265 342 2352 395 ille
2374 354 2554 403 senex,
2578 340 2665 408 qui
2686 352 2786 392 non
2817 336 2963 406 piger
2982 336 3153 389 hausit

128 370 373 442 Agricolam
397 369 669 435 contingat
696 378 868 427 avum,
903 361 1193 428 doceatque
1229 364 1444 424 nepotes

127 463 213 516 Non
235 459 364 512 abavi
392 457 580 520 solum,
609 454 701 509 scd
730 453 811 507 avi
840 464 1047 521 quoque
1071 449 1293 525 iungere
1324 445 1512 498 fasces.
1576 472 1577 475 η
1636 473 1639 476 ν

126 553 348 605 'fexuerat
373 556 546 600 tamen
574 556 628 599 et
666 541 992 610 chlamydes,
1030 538 1217 607 quibus
1242 535 1333 590 ille
1375 530 1621 600 magister

127 639 204 693 Per
225 635 526 689 Tartesiacas
556 637 870 699 conspectus
907 626 1171 696 splenduit
1196 625 1378 687 urbes,

126 731 176 783 Et
196 727 359 796 quibus
376 724 591 793 ingesta:
618 721 716 775 sub
741 728 975 786 tempore
997 716 1320 786 praefecturae
1364 776 1365 779 η

126 816 426 882 Conspicuus,
454 819 664 867 sanctas
690 822 748 864 se
770 806 941 862 reddit
980 805 1202 874 praesule
1232 804 1392 872 leges.

125 908 327 959 Attamen
356 903 404 955 in
434 900 612 954 trabea
636 907 906 967 segmento
932 896 1127 950 luserat
1149 893 1278 956 alto,
1358 964 1369 971 η

130 992 252 1058 Quod
278 989 457 1060 priscis
488 988 691 1041 illustre
721 985 868 1039 toris.
899 982 1149 1038 lthacesia
1182 980 1407 1051 primum

126 1082 306 1145 Fabula,
337 1076 662 1144 Dulichiique
684 1074 822 1128 lares
845 1073 1157 1139 formantur,
1188 1080 1240 1125 et
1270 1070 1433 1137 ipsam

127 1169 385 1236 Penel0pen
413 1166 587 1221 tardas
620 1166 751 1220 texit
775 1166 1044 1219 distexere
1074 1162 1219 1216 telas.

124 1259 344 1312 'l‘aanaron
373 1256 458 1310 hic
487 1256 704 1322 frustra,
734 1255 814 1309 bis
839 1262 987 1322 rapta
1010 1250 1252 1319 coajuge,
1281 1248 1458 1317 pulsat

125 1347 269 1400 Thrax
297 1344 501 1408 fidibus,
533 1346 698 1413 legem
722 1350 995 1410 postquam
1023 1336 1297 1393 temeravit
1318 1334 1528 1396 Averni,

128 1437 179 1491 Et
196 1436 422 1505 prodesse
450 1443 659 1503 putans,
692 1434 878 1485 iterum
902 1444 1003 1483 non
1027 1426 1237 1495 respicit
1266 1423 1501 1477 umbram

131 1526 203 1578 Hic
226 1532 366 1578 vovet
394 1524 601 1576 Alceste
627 1520 841 1589 prmlato
863 1516 1085 1584 conjuge
1109 1515 1263 1566 vitam

128 1614 355 1679 Rumprre
387 1628 399 1663 :
433 1625 590 1678 quam
628 1621 814 1663 cernas
843 1606 1122 1659 Parcarum
1154 1602 1345 1656 vellere
1368 1600 1421 1655 in
1449 1600 1562 1669 ipso

128 1700 330 1752 Nondum
362 1706 658 1766 pernetam,
687 1695 793 1747 fato
820 1700 1097 1762 praestante
1125 1692 1362 1745 salutem.

129 1794 203 1844 llic
224 1807 313 1845 nox
337 1799 574 1843 natarum
604 1788 760 1841 Danai
786 1787 992 1841 lucebat
1025 1787 1077 1840 in
1107 1799 1258 1848 auro,

132 1881 476 1949 Quinquaginta
507 1893 660 1933 enses
688 1877 892 1947 genitor
919 1876 1108 1946 quibus
1131 1875 1321 1943 impius
1348 1882 1513 1940 aptat,

136 1970 188 2022 Et
206 1969 283 2021 dnl
304 1968 619 2022 concordem
643 1966 901 2020 discordia
930 1966 1073 2034 jussa
1103 1966 1348 2017 furorem.

134 2058 259 2113 Solus
277 2057 697 2124 Hypermnestrre
723 2064 962 2108 servatus
990 2067 1207 2106 munere
1233 2051 1473 2119 Lynceus
1562 2054 1571 2071 ‘

131 2147 309 2216 Ell‘ugit,
338 2145 563 2214 aspicias
588 2144 729 2197 illam
761 2142 863 2197 sibi
890 2157 1044 2210 parva
1068 2149 1366 2210 paventem,

131 2234 179 2286 Et
199 2249 279 2301 pro
304 2233 520 2287 dimisso
540 2239 742 2284 tantum
769 2229 964 2297 pallere
983 2228 1187 2281 marito.

131 2321 316 2390 Jamque
332 2322 516 2375 Jovem
544 2321 596 2373 in
620 2319 817 2381 formas
844 2326 1026 2381 mutat,
1050 2318 1239 2387 quibus
1268 2316 1358 2371 ille
1388 2325 1566 2371 tenere

132 2408 255 2477 380
294 2409 708 2479 Mnemosynem,
758 2406 1040 2474 Europam,
1090 2405 1353 2469 Semelen,
1412 2404 1631 2467 Ledam,

1188 2492 1559 2566 [Cynosuram,

134 2581 351 2652 Serpens,
382 2584 499 2650 bos,
527 2584 746 2648 fulmen,
774 2597 994 2653 cygnus,
1023 2583 1273 2653 Dictynna
1299 2582 1521 2639 sblebat.

137 2671 321 2742 Jamque
356 2688 486 2744 opus
515 2674 567 2728 in
595 2683 793 2728 turrem
840 2675 1049 2737 Danaae,
1078 2673 1412 2742 pluviamque
1442 2672 1635 2727 metalli

133 2760 236 2823 Ibat,
261 2776 310 2816 et
331 2764 411 2818 hic
431 2765 535 2817 alio
562 2759 790 2817 stillabat
815 2762 1052 2831 Juppiter
1071 2777 1223 2817 auro.

135 2848 236 2903 Cum
263 2854 397 2920 virgo
425 2852 689 2920 aspiciens
717 2853 845 2906 vidit
871 2853 1141 2907 Tritonida
1163 2866 1319 2909 verso

136 2934 337 3006 Lumine,
361 2939 661 2993 doctisenas
686 2951 922 3007 spectare
946 2940 1194 2993 libentius
1220 2950 1360 2992 artes
1390 2955 1402 2986 τ

137 3023 395 3079 Commutat
418 3038 679 3080 commota
710 3042 912 3089 manus,
945 3043 1007 3080 ac
1033 3029 1221 3094 pollice
1248 3028 1404 3080 docto

138 3112 320 3181 Pingere
345 3125 367 3151 ι
395 3116 689 3181 philosophi
715 3114 979 3168 victricem
1012 3117 1025 3145 ί
1050 3115 1210 3167 Laida
1239 3114 1419 3182 εωρὶι,

138 3201 238 3263 Qua:
263 3201 430 3271 Cynici
462 3217 553 3270 per
580 3212 754 3253 menta
784 3201 901 3265 feri,
931 3217 1220 3270 rugosaque
1246 3202 1399 3267 colla,

139 3286 265 3356 Rupit
283 3291 540 3343 odoratam
568 3290 819 3343 redolenti
847 3289 1045 3359 forcipe
1076 3290 1309 3343 barbam.

138 3375 329 3431 Subrisit
353 3379 543 3443 Pallas,
567 3388 815 3447 castoque
845 3380 954 3434 bmc
980 3380 1179 3433 addidit
1206 3394 1299 3434 ore
1327 3397 1341 3433 :

140 3462 227 3517 Non
247 3476 411 3520 nostra
444 3469 662 3521 ulterius
694 3468 888 3521 ridebis
916 3470 1175 3537 dogmata,
1204 3472 1352 3539 virgo

140 3550 415 3623 PhilosOpho
446 3566 671 3625 nuptura
696 3573 843 3623 meo;
878 3573 1025 3627 mage
1059 3561 1297 3615 flammea
1328 3576 1563 3625 sumens,

140 3640 227 3696 Hoc
253 3657 404 3700 mater
430 3648 545 3701 sine
571 3658 708 3701 texat
734 3662 883 3716 opus.
918 3648 1183 3717 Consurge
1214 3650 1497 3718 suphorum

141 3730 378 3801 Egregium
404 3732 602 3788 Po?emi
626 3738 805 3799 delius,
838 3751 898 3789 ac
930 3752 1066 3791 nunc
1088 3738 1249 3791 stoica
1279 3739 1487 3793 tandem

140 3818 256 3875 Pone
286 3825 579 3890 supercilia,
612 3833 665 3877 et
694 3823 917 3891 Cynicos
950 3825 1177 3878 imitatus
1204 3836 1462 3890 amantes,

140 3907 328 3977 incipias
363 3913 545 3965 iterum
580 3927 795 3979 parvum
826 3914 948 3964 mihi
986 3914 1122 3965 ferre
1152 3914 1391 3967 Platona.

141 3995 392 4051 llmrentem
419 4000 505 4051 tali
533 3999 812 4066 compellat
839 4015 967 4051 voce
1006 4001 1285 4067 magister;

141 4082 276 4153 Perge
300 4086 483 4152 libens,
514 4102 612 4141 neu
647 4097 698 4141 tu
719 4089 934 4141 damnes
957 4088 1365 4158 fortassejugari

194 4301 237 4377 is
268 4304 355 4360 fuit
390 4322 554 4360 annus
595 4307 785 4360 Christi
826 4307 1168 4377 Dionysianns
1195 4309 1316 4364 ΗΒ.
1377 4311 1430 4363 in
1471 4310 1638 4364 altero

143 4371 293 4447 redire
316 4377 721 4447 Antisiodorensi
762 4371 1291 4431 eadeut'constitutio
1325 4380 1512 4433 factum
1554 4396 1645 4447 ap—

145 4442 353 4517 pellatur,
383 4446 444 4498 ab
472 4448 749 4517 liincrnaro
792 4448 1037 4499 edictum.
1070 4448 1143 4517 Ex
1176 4450 1301 4514 ipsis
1330 4462 1501 4502 autem
1531 4442 1644 4517 ejus

145 4510 307 4585 verbis,
334 4523 385 4566 ut
419 4515 719 4585 aliagdesint
740 4526 1065 4580 argumenta,
1097 4510 1243 4569 facile
1267 4527 1347 4569 est
1376 4510 1641 4585 colligere,

146 4580 372 4652 illamncc
408 4584 469 4635 ad
501 4583 896 4635 Conszantinmu
931 4594 1205 4651 tyrannum
1236 4587 1420 4637 referri
1464 4580 1639 4652 posse,

144 4658 243 4697 cum
267 4647 406 4718 hujus
444 4652 765 4718 aliorumque
793 4647 1126 4718 tyrannorum
1168 4653 1418 4704 desidiam
1462 4647 1638 4715 nutet;

148 4716 303 4785 necat]
328 4716 712 4771 Cunstantinnm
746 4716 1007 4784 hia-gnum,
1037 4720 1270 4785 quamvis
1305 4722 1386 4771 hic
1420 4724 1640 4785 primunt

148 4779 488 4853 Arelatensium
536 4789 650 4840 urbi
682 4779 1267 4840 Constantina!nonn-n
1309 4779 1639 4853 imposuerit,

151 4860 255 4918 tum
290 4850 408 4901 infra
464 4855 577 4918 ejus
642 4867 844 4907 aetatum
892 4872 992 4908 non
1051 4857 1219 4907 Solum
1268 4850 1539 4909 Petronius
1592 4850 1642 4909 et

154 4912 282 4995 ιω
320 4912 545 4995 Agricola
586 4924 1052 4995 praefectitvernm
1087 4928 1237 4977 etiam
1278 4936 1472 4993 septem
1520 4926 1641 4979 Gul-

149 4981 601 5059 ltetfovinciarum
635 4981 1016 5043 rlivisiu'fumiit.

205 5048 555 5131 'A'Dingenis._a
588 5074 689 5123 quo
730 5062 937 5111 Laidem
982 5076 1193 5113 uxorem
1233 5062 1435 5115 ductam
1470 5064 1642 5131 prodit

148 5112 387 5198 Lucianus,
408 5112 625 5198 'Atposoé
651 5131 885 5198 Ἱστορίας-
910 5145 962 5179 lt.
995 5134 1214 5197 Διογένης
1236 5134 1322 5198 μέν
1354 5133 1375 5182 ὁ
1399 5112 1640 5191 mimo,—

146 5193 347 5267 ταέσῦςην
359 5191 585 5256 μετέϐαλε
599 5198 683 5242 τοῦ
704 5191 901 5261 τρέπου,
926 5200 1051 5249 ὥστε
1071 5191 1395 5267 νᾷἡμαιλαίὸα
1408 5208 1491 5256 τήν
1510 5204 1583 5253 έτο
1598 5207 1642 5253 ί·-

147 5270 242 5321 ga.
263 5256 511 5328 ὀρχείσθω
540 5261 585 5311 τί
613 5263 709 5310 ὑπὸ
742 5263 888 5329 μέθης
918 5256 1235 5334 canculam-2
1261 5274 1336 5319 καὶ
1364 5280 1636 5339 παροινεῖν.

205 5386 213 5409 ¹
244 5382 488 5459 Fabricius
525 5386 655 5459 Bibl.
688 5388 932 5459 Gr._tom.
972 5392 1055 5449 Ill.
1098 5410 1211 5459 pag.
1243 5397 1363 5459 497,
1412 5397 1637 5450 miratur

148 5447 442 5506 Simoadum
487 5457 549 5506 ad
591 5458 725 5508 hunc
761 5457 954 5510 SidOIIit
991 5438 1631 5518 ιοὲιι”ιιί⁶ᾀ‹ιῖἷείἓιςὲἐζ’ίὲιῖἷ

148 5520 243 5573 dem
270 5518 313 5576 in
336 5538 538 5577 uxorein
560 5525 763 5577 ductam
792 5542 819 5579 a
853 5528 1074 5595 Diogene
1107 5530 1295 5599 Cynico
1318 5549 1379 5586 ex
1413 5535 1623 5587 Luetani

3154 225 3252 277 713

1721 438 1943 493 Numina
1970 436 2322 491 condcmnans
2350 432 2523 499 Anyto
2551 428 2775 497 pallente
2804 440 3082 482 venenum.

1702 512 1970 593 Dixerat;
2003 527 2096 581 ille
2127 524 2280 579 simul
2308 521 2495 590 surgit,
2524 520 2775 587 vultuque
2796 518 3034 571 modesto

1721 617 1931 673 Tetrica
1957 616 2171 671 nodosa
2198 611 2531 668 commendat
2559 608 2713 677 pallia
2739 609 2920 663 clavae.

1725 707 2011 765 Amborum
2042 711 2148 757 tum
2176 702 2297 756 diva
2323 713 2502 754 comas
2527 697 2800 752 viridantis
2830 695 2986 749 olivae

1726 794 1858 847 Pace
1889 794 2033 861 ligat,
2065 781 2225 845 nectit
2252 790 2480 850 dextras,
2510 802 2571 840 ac
2594 785 2791 841 foedera
2817 784 3050 850 mandat,

1724 880 2066 952 Nymphidius
2094 893 2210 949 quae
2238 884 2419 932 cernat
2446 888 2602 939 avus,
2632 874 2817 941 probat
2840 877 3067 943 Atropos
3085 890 3260 941 omen,

1726 970 1987 1041 Fulvaque
2012 966 2301 1023 concordes
2320 965 2613 1035 junxerunt
2645 962 2730 1016 fila
2758 962 3001 1019 Sorores.

2164 1095 2329 1164 θοι
2362 1090 2638 1147 cannea
2678 1090 2814 1143 xw.

1772 1208 1798 1247 δ
1829 1220 2239 1263 ευοηλιιιετιωυ
2266 1221 2332 1259 ΔΙ)
2370 1218 2601 1258 PAUSTUI
2633 1216 2886 1256 REIENSEM
2924 1216 3221 1257 [Ριεεορωι.

1730 1337 1984 1393 Phoebum
2011 1343 2064 1389 et
2091 1344 2170 1389 ter
2202 1341 2378 1389 ternas
2405 1333 2606 1388 decima
2636 1346 2753 1387 cum
2784 1331 2993 1388 Pallade
3013 1332 3206 1397 Musas,

1728 1427 2062 1495 Orpheaque,
2089 1434 2143 1480 et
2168 1426 2375 1481 laticem
2397 1422 2695 1478 simulatum
2726 1424 2881 1478 fontis
2905 1424 3101 1494 equini,

1730 1517 2088 1586 Ogygiamque
2110 1514 2319 1584 chelyn,
2341 1514 2468 1583 fquae
2493 1527 2619 1567 saxa
2649 1513 2891 1581 sequacia
2916 1514 3133 1569 ﬂectens

1731 1607 2002 1672 Cantibus,
2038 1606 2238 1661 auritos
2264 1605 2436 1661 erexit
2462 1605 2694 1658 carmine
2719 1618 2919 1671 muros,

1657 1684 1702 1744 Β
1730 1697 1934 1767 Sperne
1964 1697 2108 1760 fidis;
2133 1697 2298 1765 magis
2324 1695 2411 1751 ille
2436 1695 2555 1750 veni
2585 1709 2723 1750 nunc
2748 1697 2962 1767 spiritus
2980 1711 3073 1753 oro

1732 1784 2037 1840 Pontificem
2066 1783 2273 1838 dicture
2304 1790 2473 1851 tuum,
2502 1783 2590 1852 qui
2614 1791 2829 1851 pectora
2863 1784 3049 1852 priscae

1734 1871 1941 1926 intraSIi
1970 1872 2166 1936 Marias,
2199 1870 2410 1939 rapiens
2432 1884 2550 1926 cum
2582 1880 2827 1939 tympana
2853 1871 3026 1927 siccus

1733 1958 1889 2013 Israel
1910 1958 2129 2027 appensi
2156 1971 2247 2025 per
2275 1970 2501 2011 concava
2528 1957 2745 2025 gurgitis
2773 1957 2892 2020 iret,

1734 2046 2024 2116 Aggeribus
2045 2047 2269 2101 vallatus
2288 2060 2462 2115 aquae,
2485 2045 2787 2117 mediasque
2817 2061 2913 2116 per
2939 2048 3105 2103 undas

1737 2135 2103 2191 Pulverulenta
2128 2144 2271 2189 tuum
2300 2135 2553 2189 clamaret
2583 2118 2734 2188 turba
2765 2135 3108 2206 triumphum.

1735 2225 1935 2295 Quique
1969 2240 2179 2280 manum
2203 2224 2381 2279 Judith
2413 2226 2682 2280 ferientem
2710 2226 2844 2280 colla
2874 2226 3171 2285 Holofernis

1736 2314 1951 2379 Juvisti,
1981 2318 2165 2368 exciso
2187 2315 2351 2383 jacuit
2374 2328 2491 2367 cum
2519 2323 2731 2383 gutture
2754 2324 2989 2391 truncus,

1736 2405 1799 2459 Et
1825 2404 2025 2472 fragilis
2050 2404 2224 2459 valido
2251 2405 2401 2459 latuit
2432 2404 2566 2459 bene
2600 2418 2757 2459 sexus
2789 2406 2839 2459 in
2870 2406 2996 2461 ictu.

1736 2495 1995 2563 Expresso
2016 2495 2096 2550 vel
2124 2494 2212 2563 qui
2242 2493 2517 2562 complens
2540 2492 2607 2547 de
2632 2493 2823 2548 vellere
2851 2495 3066 2563 pellem,

1732 2582 2070 2651 lnliciensque
2095 2583 2284 2638 dehinc
2307 2596 2411 2637 non
2433 2592 2568 2638 tacto
2590 2582 2786 2639 vellere
2810 2594 3023 2651 terram,

1739 2671 1980 2725 Firmasti
2006 2671 2274 2739 Gedeona,
2307 2672 2442 2726 tubis
2471 2672 2666 2726 inserte
2704 2674 2929 2738 canoris,

1736 2759 1984 2829 Spiritus,
2010 2768 2063 2814 ct
2082 2760 2196 2815 solo
2219 2761 2360 2814 venit
2384 2761 2599 2814 victoria
2627 2768 2799 2814 cantu.

1736 2848 1936 2916 Quique
1957 2849 2109 2901 etiam
2138 2856 2458 2917 assumptum
2492 2848 2726 2915 pecorosi
2750 2848 2815 2902 de
2842 2864 2998 2919 grege
3023 2861 3043 2889 τ
3074 2851 3223 2907 Jesse

1738 2938 1937 2992 Afflasti
1966 2951 2163 3006 regem,
2189 2938 2424 3005 plaustro
2453 2950 2572 2990 cum
2590 2936 2817 2992 foederis
2849 2953 3025 2995 arcam

1663 3016 1708 3077 C
1740 3029 2016 3096 lmponens
2040 3027 2224 3094 hostis,
2256 3027 2398 3080 nullo
2421 3026 2728 3082 moderante
2753 3027 2999 3095 bubulco,

1740 3116 1988 3169 Proderet
2010 3117 2291 3169 obscenum
2323 3116 2548 3183 turgenti
2583 3115 2767 3182 podice
2792 3120 3051 3172 morbum.

1737 3206 1937 3272 Quique
1965 3206 2116 3258 trium
2140 3205 2399 3272 quondam
2423 3220 2699 3272 puerorum
2732 3207 2781 3258 in
2814 3210 2961 3262 fauce
2986 3212 3201 3274 sonasti,

1737 3295 1881 3357 Quos
1915 3292 1965 3344 in
1995 3290 2222 3343 Chaldaei
2253 3292 2453 3357 positos
2476 3291 2685 3345 fornace
2710 3282 2937 3360 tyranni,

1741 3381 1961 3435 Roscida
1988 3379 2259 3433 combusto
2286 3379 2560 3434 madefecit
2590 3379 2793 3433 flamma
2820 3382 3045 3437 camino.

1738 3471 1894 3540 332
1925 3469 2124 3537 Quiq::e
2153 3468 2465 3523 volubilibus
2489 3470 2797 3537 Spatiantem
2829 3474 3079 3528 tractibus
3102 3477 3204 3529 alvi

1742 3560 2023 3629 Complesti
2054 3559 2260 3623 Jonam,
2292 3567 2542 3613 resonant
2570 3559 2694 3613 dum
2724 3561 2925 3615 viscera
2957 3567 3172 3618 monstri

1745 3648 2029 3705 Introrsum
2052 3650 2305 3717 psallente
2329 3650 2464 3712 cibo,
2489 3650 2569 3703 vel
2600 3633 2827 3717 pondera
2857 3654 3053 3707 ventris

1737 3741 1929 3807 Jejuni,
1958 3739 2199 3806 plenique
2227 3750 2395 3791 tamen
2418 3747 2534 3789 vate
2559 3737 2892 3802 intemerato,

1740 3827 1927 3879 Ructat
1954 3823 2111 3877 cruda
2140 3825 2330 3886 fames;
2363 3838 2517 3892 quem
2544 3823 2941 3891 singultantibus
2966 3829 3101 3882 extis

1739 3914 1988 3967 Esuriens
2014 3911 2210 3966 vomuit
2242 3923 2499 3979 suspenso
2530 3909 2707 3965 bellua
2732 3926 2930 3967 morsu.
3144 3902 3147 3907 ’
3227 3970 3231 3984 ι

1740 4004 1941 4071 Quique
1965 4002 2153 4069 duplex
2182 3995 2657 4069 quondam‘venisti
2684 4005 2733 4055 in
2765 4010 2945 4070 peetus
2977 4004 3158 4073 Elisei,
3228 3987 3231 3990 i

1744 4092 2026 4145 Thesbiten
2058 4105 2176 4143 eum
2200 4089 2335 4142 forte
2363 4094 2539 4142 senem
2562 4088 2668 4155 jam
2693 4092 2964 4145 ﬂammeus
2993 4096 3105 4147 axis

1666 4254 1718 4313 Ι)
1810 4246 1837 4285 ι)
1870 4245 1945 4299 De
1980 4244 2182 4315 Fausto
2218 4243 2462 4315 liciorum
2503 4242 2880 4315 Apollinarium
2922 4244 3167 4315 episcopo
3196 4250 3277 4303 di-

1744 4325 1886 4370 ctum
1930 4314 1995 4366 ad
2034 4315 2184 4381 epist.
2231 4316 2283 4375 5,
2324 4312 2414 4365 lib.
2446 4327 2516 4364 Ix.
2547 4313 2605 4364 Ei
2650 4327 2796 4384 nunc
2825 4316 3017 4382 gratias
3055 4312 3162 4384 agit
3188 4319 3283 4373 du-

1744 4385 1863 4453 plici
1890 4384 1955 4436 de
1990 4380 2165 4453 causa,
2196 4392 2300 4435 tum
2341 4384 2477 4453 quod
2514 4383 2746 4453 germani
2775 4380 2949 4437 fratris
2987 4384 3065 4437 sui
3091 4380 3279 4439 adole-

1746 4450 2023 4515 scentiam,
2068 4451 2116 4504 id
2156 4452 2486 4519 estiamicam
2532 4450 2670 4519 vitiis
2719 4454 2961 4514 aetatem,
2991 4454 3281 4519 disciplina:

1744 4538 1852 4575 sua:
1880 4517 2459 4588 commissambdeliter
2491 4518 2709 4577 rexerit;
2744 4526 2847 4569 tuin
2880 4520 3017 4584 quod
3048 4517 3281 4588 seipsum

1746 4592 1904 4643 Reios
1953 4590 2074 4639 olim
2120 4585 2405 4654 profectum
2446 4593 2681 4654 amanter
2725 4587 3009 4654 exceperit,
3058 4585 3144 4642 ad'
3172 4607 3281 4644 ma-

1745 4668 1980 4721 tremque
2010 4653 2336 4704 salutandam
2363 4652 2654 4721 deduxerit.

1814 4735 1836 4761 c
1881 4720 2140 4793 Memoriae
2170 4722 2359 4793 lapsus.
2390 4720 2547 4793 David
2570 4724 2704 4793 enim
2729 4737 2903 4793 coram
2924 4738 3040 4778 arca
3070 4729 3281 4793 cecinit,

1743 4801 1795 4845 et
1816 4792 1943 4843 saltu
1957 4791 2022 4861 vit
2044 4804 2159 4861 cum
2184 4791 2266 4839 illa
2287 4789 2563 4861 exmdibus
2578 4791 2843 4861 Abinadab
2862 4795 2922 4844 ad
2939 4789 3280 4861 ObediEdon,

1745 4861 1965 4929 indeque
1989 4860 2035 4909 in
2062 4858 2241 4929 urbem
2258 4858 2485 4929 deducta
2514 4868 2612 4911 est.
2640 4860 2683 4929 ll
2716 4860 2931 4929 Regum,
2966 4878 3035 4916 vr.
3061 4866 3128 4916 At
3160 4858 3282 4917 Phi;

1745 4927 1897 4999 listmi
1937 4936 2057 4999 ante
2090 4926 2316 4999 pavidis,
2350 4927 2454 4999 imo
2483 4937 2601 4979 ante
2631 4926 2812 4981 Saulis
2849 4932 2981 4998 regis
3010 4934 3283 4999 inaugura-

1745 4997 1959 5057 tionem,
2008 4994 2143 5046 foedo
2181 4994 2271 5046 illo
2308 4996 2521 5066 vulnere
2559 4998 2813 5061 percussi,
2847 4994 3019 5050 arcam
3052 4994 3282 5066 plaustro

1744 5068 1856 5117 sine
1902 5074 2104 5115 rectore
2142 5066 2442 5114 vectandam
2487 5064 2836 5134 imposuerant
2870 5083 2882 5117 :
2913 5082 3013 5133 quo
3044 5064 3278 5134 tertipore

1743 5150 1855 5186 cum
1890 5134 1938 5183 in
1967 5146 2089 5199 agro
2117 5142 2301 5197 sponte
2332 5132 2673 5195 constitisset,
2707 5133 2845 5185 iliata
2876 5132 2954 5186 est
2985 5135 3035 5187 in
3062 5132 3275 5191 domum

1743 5203 1875 5255 Abin
1896 5202 2030 5253 :dab.
2064 5200 2079 5250 Ι
2109 5202 2327 5266 Regum,
2362 5216 2409 5252 v1
2437 5208 2490 5254 et
2520 5216 2605 5251 vti.

1742 5395 1957 5473 ’Λληθοςῐς
1988 5402 2234 5473 ’δι-στᾳρ-ἱας
2266 5399 2355 5453 lib.
2391 5414 2447 5462 ll,
2482 5402 2628 5473 quasi
2664 5416 2783 5473 v_erc
2815 5401 2909 5454 hoc
2928 5406 3275 5473 emtigisset;

1742 5484 1859 5546 cum
1903 5470 1951 5520 in
1995 5468 2058 5521 iis
2109 5468 2255 5521 libris
2301 5472 2622 5523 narrationes
2674 5470 2817 5522 ﬁctas
2858 5468 3125 5539 scripserit
3169 5468 3273 5533 l.u4

1743 5550 1939 5589 Cianus.
