3818 6226
135 371 208 424 7‘2!
1533 347 1856 412 CARMINA.
2048 417 2052 420 η

1672 469 1722 529 Α
1748 457 2188 516 Concionaturum
2217 452 2230 491 ³
2268 451 2416 522 plebs
2441 449 2624 506 sedula
2651 450 3012 517 circumsistit,

135 478 301 532 lltserit
323 478 372 532 in
400 477 601 534 calum
628 482 832 532 montes
862 489 876 528 :
903 487 1020 544 qus
1043 478 1224 528 sancta
1255 478 1280 508 ι
1308 466 1524 539 Caprasi

136 568 230 622 Vita
253 568 411 635 senis,
438 569 466 608 δ
485 567 792 639 iuvenisque
817 566 973 634 Lupi:
998 578 1114 634 quae
1139 564 1302 633 gratia
1328 572 1348 600 ε
1380 570 1580 630 patrem

135 657 298 711 llansit
323 658 680 722 Honoratum;
705 655 860 710 fuerit
878 652 902 691 ’³
928 654 1047 723 quis
1069 652 1324 707 Maximus
1351 649 1460 712 ille,

137 747 305 802 L‘rbem
332 756 386 801 tu
409 748 559 817 cujus
585 743 973 812 monachosque
1000 741 1219 796 antistes
1249 747 1302 795 et
1327 737 1490 793 abbas

137 848 155 874 ⁴
184 839 259 892 Bis
279 852 553 893 successor
577 837 687 908 agis
713 853 727 889 :
758 833 1031 890 celebrans
1051 846 1264 902 quoque
1286 827 1528 884 laudibus
1550 825 1654 878 illis

133 931 270 998 385
302 927 321 964 ί
359 927 605 982 Eucherii
634 924 894 979 venientis
924 924 1046 987 iter,
1071 932 1095 969 ις
1125 917 1390 976 redeuntis
1422 914 1599 970 Hilari.

132 1021 218 1072 Seu
241 1029 289 1070 te
309 1017 623 1070 commissus
646 1014 864 1084 populus
894 1022 1058 1079 tenet,
1083 1019 1137 1064 et
1164 1010 1335 1063 minor
1358 1004 1514 1060 audet

133 1109 197 1162 Te
219 1107 385 1161 medio
411 1105 637 1160 tumidos
661 1103 918 1171 majorum
943 1111 1179 1155 temnere
1204 1111 1400 1152 mores.

134 1202 223 1254 Seu
248 1210 299 1252 tu
319 1197 574 1252 sollicitus
601 1209 775 1257 curas,
800 1207 899 1262 qua
930 1189 1206 1259 languidus
1232 1200 1377 1249 esca,

134 1291 292 1353 Quave
317 1286 623 1356 peregrinus
644 1284 805 1347 vivat,
828 1281 950 1351 quid
975 1286 1154 1349 pascat
1180 1287 1235 1332 et
1260 1275 1427 1340 illum,

135 1378 339 1434 Lubrica
361 1392 513 1431 crura
535 1375 618 1430 cui
650 1382 828 1428 tenuat
859 1371 957 1426 sub
985 1368 1238 1437 compede
1265 1378 1465 1420 carcer.

136 1469 226 1522 Seu
252 1480 399 1535 mage
419 1464 689 1518 funeribus
714 1470 944 1515 mentem
973 1457 1258 1513 distractus
1288 1451 1593 1514 humandis,

138 1554 299 1608 Livida
322 1553 554 1608 defuncti
583 1553 626 1605 si
650 1549 894 1620 pauperis
921 1561 1040 1602 ossa
1065 1546 1327 1600 virescant

143 1644 475 1698 lnfastiditum
503 1640 610 1695 fers
642 1641 752 1708 ipse
779 1639 844 1692 ad
872 1638 1024 1690 busta
1051 1636 1294 1688 cadaver.

138 1733 229 1790 Seu
257 1743 303 1788 te
328 1732 624 1800 conspicuis
654 1726 681 1764 δ
710 1727 958 1797 gradibus
988 1722 1301 1779 venerabilis
1336 1733 1443 1774 arae

3195 342 3301 396 792

1760 545 2027 615 Expositis
2057 542 2186 611 legis
2211 540 2352 596 bibat
2383 539 2596 594 auribus
2620 546 2678 592 ut
2699 539 3038 594 medicinam.

1760 633 2019 703 Quidquid
2069 631 2222 699 agis,
2263 615 2713 699 quocunque'loci
2753 641 2851 695 es,
2905 641 3119 696 semper
3170 626 3298 681 mihi

2970 716 3235 789 [Faustus,

1767 812 1984 880 Semper
2013 808 2331 874 Honoratus,
2360 819 2570 875 semper
2593 820 2800 876 quoque
2821 805 3073 860 Maximus
3094 814 3228 861 esto.

2293 935 2572 995 CARMEN
2611 935 2768 991 XVII.

1763 1065 1969 1107 lNVlTA‘l'
2010 1050 2026 1098 t'
2062 1062 2332 1103 ouuumn
2363 1062 2414 1101 v.
2456 1060 2506 1101 c.
2548 1062 2614 1100 an
2651 1061 2895 1101 unane:
2926 1063 3049 1102 nisu
3085 1060 3302 1101 suosua.

1768 1181 2024 1248 Quattuor
2050 1186 2172 1234 ante
2201 1177 2342 1245 dies,
2370 1191 2525 1246 quam
2551 1167 2636 1231 lux
2663 1177 2879 1232 Sextilis
2903 1177 3077 1232 adusti

1836 1270 2004 1324 Prima
2034 1268 2333 1337 spiciferum
2359 1267 2589 1336 proferat
2617 1266 2748 1322 orbe
2775 1278 2949 1336 caput,

1768 1360 1963 1415 Natalis
1991 1358 2184 1412 nostris
2209 1358 2444 1413 decimus
2465 1359 2751 1428 sextusque
2776 1359 2998 1427 coletur,

1840 1449 2082 1503 Adventu
2113 1447 2236 1502 felix
2265 1447 2354 1516 qui
2385 1448 2515 1515 petit
2538 1462 2657 1503 esse
2687 1459 2796 1502 tuo.

1773 1536 1886 1592 Non
1917 1534 2007 1591 tibi
2029 1536 2302 1605 gemmatis
2332 1543 2592 1602 ponentur
2613 1535 2828 1602 prandia
2856 1537 3074 1605 mensis,

1844 1624 2092 1695 Assyrius
2114 1638 2303 1678 murex
2333 1637 2430 1678 nec
2453 1623 2545 1677 tibi
2571 1624 2734 1692 sigma
2765 1623 2930 1679 dabit.

1776 1713 1881 1769 Nec
1910 1729 2003 1784 per
2028 1711 2346 1782 multiplices
2365 1713 2528 1766 abaco
2553 1713 2864 1782 splendente
2892 1727 3142 1769 cavernas

199 1852 222 1879 ι
248 1843 412 1908 Quem
439 1831 1401 1908 religiosaeAviit:£_magistrum_habuit
1431 1829 1669 1908 llonora-
1704 1825 1748 1884 Β
1776 1834 1951 1908 stores
1982 1824 2192 1908 docent.
2233 1822 2635 1908 ifrudentiusde
2659 1824 2716 1878 S.
2739 1824 3006 1908 Hippolyti
3045 1828 3264 1908 ecclesia
3288 1865 3304 1892 ,

141 1923 213 1966 tus
249 1898 291 1964 ε’
308 1910 484 1970 rirum,
515 1898 571 1961 υἱ
613 1908 664 1960 in
710 1905 886 1959 Hilarii
911 1898 1234 1958 Arelatensis
1281 1900 1394 1952 Vita
1423 1898 1672 1970 scriptum

143 1965 232 2044 est,
251 1965 482 2048 angelica.
500 1978 554 2048 in
572 1977 754 2048 insutis
770 1973 1132 2048 conuersatione
1142 1971 1420 2048 _drgentem.
1456 1965 1676 2048 venera-
1713 1977 1722 1984 '

145 2033 386 2114 bilémﬁtt
415 2045 702 2099 Eucherius
744 2045 792 2096 in
820 2043 1000 2114 libello
1046 2041 1112 2095 de
1142 2033 1320 2093 Laude
1363 2035 1528 2091 eremi
1577 2033 1672 2098 ait,

144 2122 366 2188 gravitate
398 2114 639 2188 veteribus
668 2113 851 2188 san_etis
883 2126 1070 2188 parent.

207 2187 230 2224 δ
262 2187 497 2253 Episcopi
531 2191 710 2253 postea
738 2170 1346 2253 Tricassinijuclterius
1371 2173 1590 2253 ibidem,
1609 2170 1676 2223 de

149 2240 317 2308 Lirind
342 2240 508 2306 insula
533 2240 547 2305 Ξ
583 2250 706 2304 Ilwc
731 2250 902 2301 habuit
941 2247 1188 2300 reverendi
1213 2245 1427 2297 nominis
1456 2240 1675 2307 Lupum,

147 2325 221 2390 qui
239 2324 376 2376 nobis
397 2322 544 2374 illum
572 2335 633 2372 ex
663 2319 793 2372 tribu
819 2317 1081 2387 Benjamin
1105 2315 1304 2382 Lupum
1329 2312 1524 2365 retulit.

210 2425 230 2453 ε
263 2413 550 2468 Lirinensis
600 2410 937 2471 monasterii,
986 2413 1045 2460 ut
1090 2406 1342 2469 diximus,
1390 2411 1675 2456 auctorem.

150 2484 421 2537 Eucherius
463 2480 531 2534 de
582 2479 764 2532 eadem
793 2478 1020 2548 insulae
1045 2474 1215 2548 Digna
1252 2487 1364 2540 quae
1419 2471 1682 2548 Honorato

152 2563 336 2605 auctore
360 2550 573 2618 fundata
599 2547 698 2611 sit;
719 2561 829 2618 qua:
854 2545 980 2618 tanti
1004 2544 1216 2595 instituti
1241 2550 1435 2618 tantum
1459 2551 1601 2592 nacta
1622 2544 1683 2592 sit

156 2609 644 2687 patremfapostoliri
674 2609 878 2687 spiritus
904 2614 1068 2687 vigore
1089 2620 1161 2687 _et
1188 2611 1351 2687 cultus
1380 2609 1568 2687 honore
1596 2623 1683 2687 ra-_

153 2675 357 2740 diamem
383 2675 583 2754 :'digna
610 2675 888 2754 qua-{illum
914 2675 1208 2754 suscipiens,
1231 2679 1301 2731 ita
1326 2678 1560 2754 emitteret
1581 2691 1599 2728 :
1621 2675 1685 2754 ad

155 2756 438 2810 cathedram
477 2744 680 2807 scilicet
709 2744 1088 2814 Arelatensem,
1118 2747 1185 2803 ad
1222 2762 1378 2816 quant
1405 2745 1472 2801 ab
1501 2744 1687 2800 insulas

156 2826 388 2894 praefectu
397 2839 451 2876 ra
480 2833 693 2876 evectus
723 2828 822 2874 est.

213 2915 238 2954 ἀ
277 2913 526 2969 Honorati
578 2913 629 2965 in
678 2909 979 2964 monasterii
1026 2908 1337 2977 prmfeetura
1384 2917 1684 2977 successor,

157 2988 418 3053 episcopus
463 2981 584 3035 inde
628 2979 898 3053 Reiensis._
929 2976 1231 3053 Eucherius
1268 2978 1335 3053 d_e
1382 2976 1686 3053 Honor-ato:

159 3042 269 3106 Hac
313 3042 446 3104 nunc
484 3065 813 3103 successorem
854 3050 960 3117 ejus
1005 3057 1132 3117 tenet
1176 3044 1456 3117 Maximum
1495 3042 1690 3117 nomine

159 3123 355 3183 ciarum,
396 3119 514 3187 quia
543 3131 652 3182 post
700 3110 1080 3187 ipsum'meruit
1109 3115 1325 3187 _ascisci.
1359 3113 1583 3187 Faustus
1621 3110 1690 3187 de

160 3179 370 3242 Maximo
398 3179 418 3240 ε’
446 3179 638 3254 Dig-nus
668 3179 750 3235 cui
776 3186 967 3254 primus
986 3183 1070 3235 ille
1097 3184 1333 3254 fundator
1353 3179 1687 3254 gubernaeula

160 3257 421 3311 Lirinensis
450 3247 586 3306 nabis
617 3260 726 3320 post
765 3247 817 3304 se
855 3247 1161 3320 moderanda
1197 3247 1690 3320 contmitteret._ﬂa:c

161 3327 242 3380 ille
268 3330 318 3380 in
349 3314 797 3394 pseudepigrapba
828 3319 1035 3394 Eusebii
1054 3319 1279 3394 Emiseni
1304 3317 1516 3370 homilia
1544 3314 1686 3394 de_$.

162 3382 392 3456 Maximo,
436 3382 714 3460 quamvut'
739 3389 928 3442 Fausto
975 3387 1338 3460 vindicandam
1384 3395 1560 3460 putent
1606 3382 1691 3436 hic

162 3467 263 3530 ejus
289 3452 433 3518 locns
456 3452 592 3530 inter
618 3467 806 3530 caetera
823 3458 1116 3530 persuadet
1136 3473 1152 3512 :
1183 3452 1398 3520 Merito,
1419 3452 1609 3521 inquit,
1623 3467 1693 3530 _se

164 3523 279 3585 vobis
299 3535 508 3600 imputet
531 3529 670 3582 beata
699 3527 789 3579 illa
816 3523 980 3600 insula
1009 3542 1070 3579 ea:
1099 3529 1192 3578 hoc
1219 3541 1316 3600 uno
1355 3534 1502 3600 atque
1547 3523 1692 3600 unico

165 3589 383 3665 munere;
410 3601 522 3652 licet
562 3601 770 3650 muftum
809 3597 1058 3665 erubescat
1101 3610 1163 3648 ea:
1203 3593 1381 3665 alieno.
1420 3589 1695 3665 Signiﬁcat

165 3671 289 3722 enim
319 3660 554 3723 Lirinum
579 3667 802 3719 insulam
828 3664 958 3716 duos
981 3665 1124 3717 liciis
1150 3664 1424 3730 episcopos
1451 3660 1693 3714 dedisse:

166 3739 455 3803 Maximum,
488 3737 554 3791 de
585 3748 689 3802 quo
714 3736 829 3801 jure
876 3733 1088 3797 gloriari
1121 3732 1329 3803 possit;
1351 3739 1405 3783 et
1447 3730 1695 3782 Faustum

167 3807 321 3868 ipsum
347 3807 418 3861 de
440 3799 541 3873 quo
566 3799 855 3858 erubescat.
872 3803 999 3866 Quae
1024 3802 1182 3854 verba
1202 3800 1268 3855 de
1290 3799 1482 3853 Fausto
1508 3805 1698 3864 praeter

168 3874 404 3940 Faustum
433 3875 603 3941 ipsum
634 3886 786 3924 nemo
813 3876 1129 3938 usurpasset.
1613 3900 1622 3911 .

230 3972 253 4000 ε
279 3961 547 4016 Successit
574 3957 713 4012 enim
737 3957 958 4008 Maximo
988 3957 1229 4018 Faustus,
1256 3955 1479 4021 primum
1511 3953 1559 4005 in
1588 3969 1698 4005 niu-

170 4045 285 4085 nere
310 4029 542 4091 abbatis,
571 4040 686 4079 cum
726 4024 977 4075 Maximus
1021 4037 1047 4074 a
1093 4023 1351 4075 Lirinensi
1392 4025 1699 4091 prmleczura

171 4099 228 4151 ad
255 4090 534 4152 Reiensem
563 4093 864 4147 cathedram
908 4093 1103 4144 ascitus
1140 4098 1239 4143 est.
1276 4092 1473 4144 Deinde
1513 4090 1698 4144 iterum

171 4167 216 4218 in
245 4169 566 4232 episcopatu,
596 4175 713 4214 cum
737 4169 942 4212 mortuo
968 4160 1191 4232 maxime
1221 4160 1465 4213 Reiorum
1497 4161 1702 4232 episco—

171 4250 258 4302 pus
299 4250 364 4288 ex
413 4229 599 4302 abbate
642 4238 845 4302 creatus
884 4229 1104 4302 est.__lta
1155 4245 1278 4302 ergo
1323 4239 1376 4282 et
1416 4231 1700 4282 monachos

173 4297 390 4366 Maximi,
423 4311 474 4355 et
503 4299 689 4355 urbem
712 4298 824 4366 ejus
854 4307 969 4367 post
999 4297 1140 4350 illum
1165 4299 1315 4351 rexit.

238 4393 258 4465 ε
278 4395 430 4465 151
448 4390 809 4465 Lugdunensis
823 4398 1000 4465 postea
1019 4389 1269 4465 episcopi.
1289 4388 1575 4465 Lirinensis
1594 4403 1703 4465 suae

174 4457 500 4517 habit-aiio-nis
530 4457 694 4514 'testis
738 4470 818 4512 est
860 4457 1144 4512 Eucherius
1174 4461 1283 4525 ipse
1329 4461 1378 4511 in
1425 4459 1599 4512 libello
1639 4462 1702 4511 de

178 4532 434 4587 Laudibus
463 4529 646 4584 eremi.
679 4527 947 4596 Equidem,
972 4527 1160 4594 inquit,
1188 4530 1377 4580 cunctis
1401 4530 1552 4580 eremi
1582 4527 1702 4580 locis

175 4618 274 4670 qua:
298 4604 494 4671 piorum
520 4598 870 4671 iltuininantur
895 4611 1106 4671 secessu,
1149 4598 1470 4671 reverentiam
1510 4595 1662 4650 debeo
1691 4613 1702 4646 :

177 4665 416 4738 prweipue
437 4679 601 4738 tamen
625 4665 851 4738 Lirinum
872 4679 1032 4738 meant
1059 4665 1245 4738 honore
1263 4665 1579 4738 complector,
1598 4679 1707 4728 quae

178 4732 428 4802 proceIInsi
458 4735 736 4804 naufragiis
758 4733 930 4786 mundi
947 4732 1130 4799 e/fusos
1153 4734 1390 4802 piissimis
1413 4733 1546 4786 ulnis
1575 4747 1707 4784 rece-

178 4818 306 4870 perat
335 4809 601 4860 t'enientes.

240 4903 264 4938 ε
293 4893 534 4962 Episcopi
553 4891 890 4947 Arelatensis.
917 4891 1089 4962 Innuit
1110 4882 1359 4945 Hilarium
1380 4891 1706 4947 Lirinensem

178 4961 392 5015 insulam
433 4962 515 5016 bis
557 4962 879 5021 incoluisse;
917 4961 1054 5027 quod
1099 4976 1280 5014 verum
1327 4971 1426 5016 est.
1475 4962 1705 5016 Primum

181 5029 424 5097 siquidem
453 5030 703 5083 Honorati
735 5029 976 5096 precibus
1005 5029 1203 5083 evictus
1231 5045 1294 5083 eo
1323 5033 1574 5097 secessit,
1601 5032 1704 5084 ibi-

180 5112 274 5165 que
300 5098 600 5165 aliquandiu
629 5099 756 5151 vixit
784 5113 898 5150 cum
932 5097 1212 5152 Honorato.
1243 5099 1405 5164 Quem
1435 5100 1624 5154 deinde
1645 5102 1708 5154 ad

183 5166 530 5236 Arelatensem
553 5167 853 5219 cathedram
879 5176 952 5217 Ira
962 5168 1182 5236 nslatnm
1203 5181 1318 5220 cum
1345 5169 1508 5236 ipsius
1528 5181 1710 5236 rogatu

183 5234 352 5289 relicta
383 5233 552 5288 insula
592 5247 802 5289 secutus
831 5242 1000 5297 esset,
1050 5234 1266 5301 pristino
1310 5233 1516 5290 tandem
1551 5233 1710 5294 eremi

183 5318 351 5359 amore
393 5311 598 5369 captus,
643 5304 874 5357 Lirinum
907 5302 1080 5365 rediit,
1112 5318 1214 5369 quo
1245 5315 1477 5372 tempore
1508 5307 1710 5362 Euche-

185 5373 281 5425 rius
307 5372 596 5438 elegantem
625 5373 690 5425 de
720 5375 870 5425 laude
897 5372 1057 5424 eremi
1100 5371 1329 5425 libellum
1354 5371 1556 5428 Hilario
1586 5377 1713 5429 scri-

189 5442 298 5512 psit,
327 5440 414 5512 qui
444 5440 557 5492 haec
585 5441 757 5512 omnia
789 5439 1097 5494 confirmat:
1129 5449 1180 5494 et
1211 5440 1438 5496 Hilarius
1479 5449 1588 5512 ipse
1621 5446 1716 5500 ho-

188 5511 316 5564 milia
341 5511 405 5564 de
433 5518 614 5563 sancto
645 5509 928 5562 Honorato.

249 5600 275 5639 ³·
300 5600 423 5656 lude
452 5600 589 5654 enim
622 5600 864 5652 sedentes
888 5600 935 5651 in
967 5599 1212 5654 cathedra
1237 5602 1481 5655 tribunali
1507 5607 1716 5658 concio-

191 5673 293 5727 nat'i
332 5670 606 5729 solebant:
640 5669 775 5739 quod
822 5669 1084 5723 ritualiutn
1115 5685 1316 5740 quoque
1345 5670 1593 5726 librorum
1626 5690 1713 5727 au-

1897 1901 2074 1950 Fronte
2097 1900 2186 1948 sub
2210 1899 2408 1948 adversa
2431 1900 2659 1958 gradibus
2681 1901 2884 1949 sublime
2913 1902 3118 1950 tribunal

1956 1959 2174 2019 Tollitur,
2201 1960 2403 2008 antistes
2427 1959 2654 2021 praedicat
2676 1960 2805 2009 unde
2841 1961 3014 2010 Deum.

1778 2061 2032 2116 Eumdem
2069 2062 2225 2116 etiam
2265 2059 2462 2115 Graecis
2506 2075 2706 2115 morem
2739 2061 2920 2125 fuisse,
2953 2071 3006 2116 et
3036 2062 3318 2118 hodiernus

1778 2146 1958 2186 eorum
1983 2145 2096 2185 mos
2117 2129 2392 2201 _ostendit,
2424 2130 2638 2201 etquod
2671 2131 3134 2201 deGhrysostomo
3164 2148 3190 2184 a
3223 2133 3320 2188 So-

1778 2212 1920 2270 crate
1964 2207 2018 2252 et
2045 2198 2188 2264 aliis,
2231 2208 2289 2252 ut
2334 2198 2600 2270 peculiare
2630 2198 2890 2270 proditum
2937 2208 3040 2265 est,
3092 2201 3236 2254 illum
3267 2202 3318 2255 in

1779 2269 2057 2336 ambonem
2104 2267 2478 2321 conscendisse
2540 2279 2596 2320 ut
2649 2267 2701 2320 a'
2739 2270 2976 2336 pluribus
3034 2271 3320 2326 audiretur.

1778 2335 2237 2391 Concionabantur
2281 2350 2407 2403 ergo
2455 2350 2550 2403 pro
2588 2335 2834 2403 gradibus
2876 2352 3000 2401 arae,
3033 2338 3167 2392 intra
3197 2354 3321 2393 ean-

1782 2404 2085 2484 cellos,_qui
2118 2405 2256 2484 βῆμα
2285 2418 2376 2484 seu
2399 2404 2667 2484 _irparzzow,
2696 2407 2793 2458 lioc
2817 2405 3184 2484 estutribunal,
3212 2408 3322 2484 s_i_vo

1783 2474 2072 2528 sacrarium
2103 2472 2414 2543 dirimebant
2441 2472 2467 2524 a
2492 2487 2669 2543 capso,
2695 2473 2832 2543 quod
2863 2473 2933 2543 illi
2962 2476 3070 2528 ναὸν
3097 2477 3322 2543 appella-

1771 2543 2108 2617 bant._Hu_nc
2129 2541 2465 2617 enim_locur_n
2494 2541 2687 2617 indicat
2715 2542 2995 2617 Gregorius
3024 2541 3320 2617 theologus,

1789 2627 1908 2666 cum
1932 2612 1999 2666 de
2020 2611 2604 2681 Constantinopolitanis
2626 2613 2966 2665 concionibus
2986 2615 3094 2666 suis
3110 2611 3324 2681 loquens

1787 2682 1837 2734 in
1857 2681 2097 2734 oratione
2117 2678 2181 2732 ad
2207 2681 2478 2747 episCOpos
2501 2679 2618 2744 150,
2647 2681 2910 2734 cancellos
2936 2682 3002 2735 ab
3028 2678 3322 2735 auditorum
3366 2697 3371 2702 ί

1788 2764 1908 2805 sese
1931 2749 2308 2817 impellentinm
2339 2750 2490 2801 turba
2521 2749 2623 2801 vim
2655 2763 2836 2816 passos
2862 2750 3073 2813 scribit,
3106 2751 3186 2802 his
3211 2766 3325 2803 ver-

1787 2821 1866 2872 bis
1891 2837 1910 2894 ξ
1935 2822 2138 2894 Χαίρετε
2167 2825 2266 2894 τῶν
2310 2819 2437 2894 ἐμῷν
2480 2818 2634 2888 λόγων
2655 2819 2897 2894 ἔρασςτᾳὶ,
2918 2823 3031 2894 -ῖταί
3059 2818 3325 2894 σύνδρομᾳ

1791 2886 2090 2958 σννδρομὰὶ,
2109 2886 2442 2958 καὶλγραςέίδες
2465 2886 2802 2958 φαύεραίξλκᾳί
2826 2889 3169 2952 λανθάνουσαι,
3184 2886 3275 2941 ’κάὶ
3298 2890 3326 2944 ri

1789 2954 2051 3026 βιᾳζρμἓνη
2079 2954 2260 3026 κςγκλίὲ
2283 2954 2409 3010 αὕτη
2436 2954 2682 3026 τὸῖςμτξερὶ
2711 2955 2848 3026 λόγον
2867 2959 3190 3026 ᾠθιζρμένοις,

1843 3023 1881 3064 -ί
1914 3022 2093 3091 Neque
2117 3022 2214 3075 hoc
2243 3022 2661 3090 praetereundum
2689 3022 2802 3076 eam
2829 3025 2952 3076 olini
2976 3022 3134 3077 fuisse
3163 3024 3329 3077 divini

1793 3095 1934 3146 verbi
1965 3092 2334 3156 reverentiam,
2386 3099 2442 3145 ut
2488 3100 2706 3159 stantes,
2749 3106 2850 3145 non
2890 3091 3159 3158 sedentes,
3191 3092 3328 3160 quod

1718 3157 1762 3219 C
1795 3160 2168 3230 passinuhodie
2200 3161 2275 3224 fit,
2308 3174 2485 3214 sacras
2516 3157 2797 3214 conciones
2833 3162 3094 3216 audirent.
3130 3157 3330 3214 Auctor

1795 3228 2050 3297 imprimis
2078 3229 2425 3298 Augustinus,
2450 3230 2512 3298 in
2541 3230 2878 3298 sermonede
2908 3231 3184 3284 honestate
3214 3231 3326 3282 cle-

1795 3296 2045 3357 ricOrum,
2083 3305 2136 3348 et
2166 3296 2374 3348 humilia
2401 3296 2492 3349 26.
2537 3296 2601 3350 Et
2636 3297 2811 3364 colligi
2858 3299 2980 3351 licet
3007 3314 3071 3352 ex
3115 3297 3247 3350 libro
3284 3313 3332 3350 iv

1791 3366 1966 3433 Optati
1995 3365 2298 3429 Milevitani,
2326 3364 2413 3430 qui
2447 3365 2692 3431 populum
2725 3367 2775 3418 in
2809 3367 3030 3420 ecclesia
3065 3376 3220 3432 negat
3240 3367 3334 3418 ha-

1791 3435 1915 3488 bere
1943 3433 2157 3488 sedendi
2186 3433 2470 3487 licentiam.
2496 3435 2566 3502 lita
2589 3443 2641 3488 et
2664 3433 3060 3489 Constantinum
3093 3435 3334 3502 Magnum

1795 3503 2050 3557 Eusebius
2076 3503 2207 3556 libro
2237 3501 2469 3576 Yil§_lV,
2497 3500 2908 3576 8p6i0v_ieréra,
2945 3514 3166 3558 stantem
3181 3500 3337 3558 inte!

1801 3582 2042 3635 caeteros,
2094 3572 2262 3626 oranti
2294 3573 2393 3625 sibi
2445 3572 2599 3626 aures
2651 3573 2859 3627 dedisse
2920 3582 3161 3636 testatur,
3217 3587 3340 3629 cum

1796 3656 2004 3708 aequum
2033 3640 2251 3706 diceret,
2298 3650 2358 3698 ut
2397 3641 2584 3702 stando
2612 3641 2782 3692 divina
2812 3641 3104 3706 audiantur,
3140 3644 3337 3706 ἑστῶτα

1795 3711 1891 3785 γὰρ
1919 3708 2184 3785 ὑπακούων
2199 3717 2295 3763 τῶν
2313 3711 2452 3785 Θείῳγ
2478 3708 2626 3785 datm.
2653 3709 3179 3785 Nee__ta_men__in(ieias
3206 3727 3339 3785 eun-

1800 3778 1920 3831 du'm
1978 3793 2069 3830 sua
2113 3781 2269 3831 etiam
2322 3780 2646 3832 auditoribus
2683 3778 2870 3832 sedilia
2912 3781 3034 3833 olim
3081 3779 3243 3833 fuisse
3286 3779 3338 3832 in

1799 3846 2109 3913 quibusdam
2140 3846 2398 3914 ecclesiis.
2430 3847 2553 3914 Hoc
2581 3847 2721 3898 enim
2748 3847 2921 3910 docet,
2969 3848 3245 3914 aptiusque
3272 3842 3338 3901 a‘d

1799 3915 2142 3983 attentionem
2167 3913 2362 3983 judicat
2390 3913 2528 3966 idem
2561 3915 2883 3983 Augustinus
2910 3916 2960 3968 in
2989 3913 3125 3983 libro.
3151 3915 3216 3967 de
3237 3916 3340 3969 Ca:

1801 3982 2128 4052 techizandis
2153 3981 2387 4052 rudibus,
2414 3997 2531 4051 cap.
2567 3981 2659 4036 13.
2683 3981 2963 4052 Longeque,
3007 3981 3118 4049 ait,
3146 3986 3340 4036 consul-

1800 4053 1900 4104 tius
1929 4052 1981 4103 in
2024 4050 2322 4121 quibusdam
2365 4050 2709 4105 transmarinis
2755 4050 2991 4118 ecclesiis,
3041 4068 3142 4105 non
3181 4054 3341 4105 solum

1800 4121 2042 4191 antistites
2090 4121 2239 4189 152
2257 4122 2485 4191 sedentes
2532 4122 2801 4185 loquuntur
2848 4123 2914 4190 ad
2958 4123 3216 4191 populum,
3256 4124 3341 4173 sed

1801 4189 1899 4252 ipsi
1928 4190 2078 4241 etiam
2108 4190 2292 4254 populo
2338 4189 2515 4239 sedilia
2545 4191 2803 4256 subjacent
2825 4228 2842 4254 ,
2873 4189 2932 4241 ne
2960 4189 3236 4257 quisquam
3264 4191 3344 4241 in-

1802 4258 1995 4322 ﬁrmior
2022 4257 2200 4307 stando
2232 4258 2443 4308 lassatus
2473 4271 2502 4306 a
2531 4257 2859 4308 saluberrima
2882 4258 3156 4314 intentione
3202 4271 3345 4310 aver—

1803 4333 1958 4390 tatur,
1989 4333 2074 4376 aut
2102 4326 2248 4377 etiam
2272 4336 2474 4393 cogatur
2500 4326 2785 4380 abscedere.

1878 4395 1890 4442 i
1926 4394 2244 4448 Ommatium
2274 4393 2468 4447 Ruricii
2499 4407 2737 4447 socerum
2768 4395 2944 4449 docuit
2992 4410 3088 4450 nos
3131 4409 3346 4452 carmen

1730 4494 1782 4552 Ι)
1812 4463 2024 4552 linquo
2045 4462 2158 4542 loco
2188 4466 2478 4543 drvernum
2510 4464 2654 4552 illul‘m
2682 4466 2837 4517 fuisse
2867 4466 3177 4546 monuimus.
3204 4465 3346 4552 [Idem

1808 4534 1873 4585 de
1896 4532 2154 4606 Ommatio
2183 4532 2421 4606 iuniore,
2468 4532 2912 4606 qui_'_l'uro‘nort_i_m
2954 4535 3170 4587 antistes
3196 4533 3346 4606 fuit,

1808 4613 1985 4653 monet
2011 4600 2293 4665 Gregorius
2342 4600 2432 4651 lib.
2463 4615 2493 4651 ι
2543 4600 2801 4652 Historisc.
2837 4602 2982 4654 Hunc
3021 4616 3148 4654 vero
3191 4600 3346 4655 Sido-

1810 4670 1926 4720 nius
1954 4682 2168 4720 suorum
2203 4667 2425 4736 natalem
2472 4668 2745 4736 celebrans
2774 4669 2955 4721 invitat
2993 4670 3345 4736 pulcherrimo

1809 4737 2181 4802 epigrammate
2212 4752 2224 4787 :
2257 4734 2395 4802 quod
2436 4735 2645 4802 quidem
2688 4736 2908 4790 Martino
2938 4734 3202 4792 Dumiensi
3224 4737 3348 4791 olim

1808 4803 2056 4875 episcopo
2081 4805 2154 4875 ita
2201 4805 2475 4875 probatum
2521 4813 2626 4869 est,
2652 4816 2711 4859 ut
2740 4807 2963 4860 triclinio
3003 4823 3121 4873 suo,
3170 4807 3350 4875 paucis

1807 4872 2039 4937 tnutatis,
2063 4871 2459 4927 describendum
2479 4878 2676 4928 curarit
2703 4877 2753 4929 in
2788 4877 2924 4930 hunc
2946 4871 3180 4931 modum.

2005 4989 2063 5042 Β.
2107 4989 2391 5043 ΜΑΗΤΙΝΙ·
2431 4992 2781 5046 ΠυΜΙΕΝΞΡΞ
2823 4992 3146 5049 EPISCOPI.

2310 5060 2374 5112 1N
2415 5060 2853 5115 REFECTOIUO.

1934 5146 2036 5210 Non
2061 5146 2336 5210 hierauratis
2355 5155 2584 5199 ornantur
2609 5151 2798 5210 prandia
2819 5150 2996 5207 fulcris,

1998 5205 2215 5265 Assyrius
2237 5221 2521 5255 nturexrnec
2545 5205 2628 5256 lilii
2653 5212 2802 5267 sigma
2822 5212 2976 5260 dedit.

1936 5264 2034 5339 ΝΘΕ
2048 5264 2144 5339 per
2163 5267 2446 5339 multiplices
2469 5270 2614 5339 abaco
2628 5264 2913 5339 splendente
2932 5284 3161 5320 cavernas

2002 5324 2246 5391 Ponentur
2270 5324 2430 5391 nitidae
2449 5330 2619 5391 codicis
2642 5324 2744 5391 arte
2776 5332 2934 5391 dapes.

1939 5383 2041 5445 Non
2064 5388 2266 5445 scyphus
2289 5389 2363 5434 hic
2387 5389 2594 5442 dabitur,
2619 5390 2761 5438 rutilo
2787 5383 2859 5439 cui
2885 5393 3005 5441 forte
3030 5389 3224 5439 metallo

1995 5444 2258 5494 Crustatum
2278 5449 2477 5506 stringat
2497 5449 2668 5497 tortilis
2685 5463 2794 5497 ansa
2824 5452 2961 5499 latus.

1940 5503 2056 5567 Vina
2079 5509 2189 5554 mihi
2217 5520 2307 5555 non
2332 5503 2440 5554 sunt
2461 5507 2694 5565 Gazetica,
2720 5511 2851 5567 Chia,
2881 5512 3095 5567 Falerna,

2000 5566 2212 5628 Quaque
2236 5567 2500 5627 Sarepteno
2525 5569 2715 5628 palmite
2738 5566 2876 5617 missa
2903 5571 3047 5616 bibas.

1938 5624 2032 5690 Sed
2049 5624 2272 5690 quidquid
2298 5624 2456 5676 tenuis
2473 5624 2565 5675 non
2585 5630 2788 5686 complet
2811 5632 2941 5690 copia
2963 5642 3168 5690 mensa,

2002 5686 2227 5748 Suppleat
2249 5688 2332 5738 hoc
2358 5691 2563 5749 petimus
2590 5695 2739 5750 gratia
2761 5686 2900 5749 plena
2926 5691 3026 5742 tibi.
