3818 6226
513 218 612 270 723

582 330 794 399 Argenti
822 330 951 399 nigri
980 330 1204 398 pondera
1242 330 1518 384 defodiam.

516 421 619 474 Nec
645 421 868 488 scyphus
899 420 980 472 hic
998 419 1221 481 dabitur,
1252 420 1408 472 rutilo
1428 419 1508 471 cui
1537 419 1667 473 forte
1698 417 1911 471 metallo

582 508 874 561 Crustatum
900 507 1118 575 stringat
1149 507 1336 560 tortilis
1360 521 1483 560 ansa
1508 507 1662 559 latus.

519 582 732 648 Fe‘rcula
754 604 874 648 sunt
904 595 1050 648 nobis
1075 593 1379 655 mediocria,
1409 609 1512 646 non
1541 595 1608 645 ita
1642 593 1800 655 facta,

583 684 739 752 386
764 683 1014 736 Mensurae
1043 690 1099 735 ut
1122 681 1333 750 grandis
1360 681 1599 750 suppleat
1622 696 1706 734 ars
1731 682 1969 748 pretium.

521 771 632 824 Non
659 785 816 838 panes
839 772 1029 839 Libyca
1054 771 1235 824 solitos
1260 771 1535 823 flavescere
1558 770 1708 839 Syrte

588 858 820 926 Accipiet
843 867 866 896 ³
897 857 1032 912 Galli
1066 860 1253 912 rustica
1283 872 1459 911 mensa
1483 859 1575 910 tui.

522 948 650 1001 Vina
679 947 803 1001 mihi
831 961 934 1002 non
963 957 1085 1001 sunt
1108 946 1134 984 δ
1163 946 1426 1014 Gazetica,
1447 946 1595 1010 Chia,
1629 947 1868 1014 Falerna,

588 1037 817 1104 Qnmque
840 1037 1128 1106 Sareptano
1152 1037 1364 1104 palmite
1390 1036 1549 1089 missa
1581 1036 1744 1089 bibas.

523 1137 545 1165 ε
574 1127 762 1180 Pocula
783 1142 885 1180 non
913 1128 997 1180 hic
1021 1124 1375 1185 suntillustria
1410 1125 1615 1178 nomine
1643 1127 1780 1191 pagi,

587 1213 734 1278 Quod
767 1213 940 1280 posuit
968 1214 1162 1265 nostris
1182 1211 1294 1279 ipse
1323 1211 1587 1264 Triumvir
1613 1211 1772 1279 agris.

522 1299 597 1352 Tu
626 1310 794 1352 tamen
824 1308 880 1351 ut
903 1299 1086 1365 venias
1108 1339 1121 1361 ,
1154 1298 1377 1365 petimus
1402 1316 1415 1350 :
1446 1298 1587 1351 dabit
1608 1299 1781 1351 omnia
1807 1297 2044 1351 Christus

590 1383 617 1421 ἀ
647 1386 742 1440 llic
768 1364 1002 1454 mihi‘qui
1023 1364 1240 1455 patriam
1263 1386 1385 1440 fecit
1412 1398 1589 1438 amore
1617 1395 1723 1438 tuo.

1034 1514 1304 1568 CA’RSIEN
1350 1513 1528 1568 XVIII.

591 1614 615 1642 ⁸
654 1621 718 1659 DE
755 1619 967 1660 BALNEIS
1003 1619 1169 1660 VILLE
1208 1620 1319 1660 SUB
1357 1618 1516 1658 SUPRA
1553 1619 1718 1657 LACUM
1758 1617 1968 1656 Ροειτιε.

521 1714 573 1769 Si
594 1715 715 1781 quis
741 1715 1015 1770 Avitacum
1046 1715 1276 1785 dignaris
1298 1714 1470 1768 visere
1497 1723 1746 1777 nostram,

589 1806 699 1859 Non
723 1807 814 1860 tibi
846 1807 1115 1875 displiceat
1140 1823 1152 1859 :
1181 1805 1225 1859 si
1251 1805 1389 1874 quod
1418 1803 1576 1858 babes
1599 1803 1814 1877 placeat,

523 1892 730 1947 Etnula
760 1894 956 1947 Baiano
984 1894 1235 1947 tolluntur
1262 1891 1483 1945 culmina
1511 1904 1662 1955 cono,

593 1983 796 2050 Parque
830 1983 1140 2037 cothurnato
1166 1982 1361 2036 vertice
1391 1981 1551 2047 fulget
1578 1993 1733 2047 apes.

521 2071 737 2124 Garrula
762 2071 1017 2126 Gauranis
1044 2072 1159 2139 plus
1184 2078 1474 2124 murmurat
1497 2067 1628 2123 unda
1657 2067 1882 2132 Ilucntis,

588 2159 824 2229 Contigui
853 2161 1003 2214 collis
1030 2161 1171 2227 lapsa
1198 2160 1500 2228 supercilio.

525 2248 801 2302 Lucrinum
829 2248 972 2303 dives
999 2261 1236 2318 stagnum
1266 2250 1551 2316 Campania
1583 2248 1763 2309 nollet.

588 2338 814 2406 Equora
836 2340 877 2392 si
902 2340 1064 2393 nostri
1090 2348 1329 2393 cerneret
1349 2339 1434 2391 illa
1467 2339 1631 2390 lacus.

521 2427 650 2480 Illud
672 2427 901 2495 puniceis
929 2436 1144 2479 ornatur
1167 2427 1314 2478 littus
1335 2425 1558 2488 echinis,

589 2514 823 2567 Piscibus
849 2514 898 2566 in
929 2513 1122 2565 nrstris
1151 2512 1341 2579 hospes
1369 2519 1642 2578 utrumque
1662 2509 1832 2572 vides,

522 2599 577 2653 Si
603 2600 744 2664 libet,
768 2609 819 2653 et
841 2599 1042 2668 placido
1063 2599 1271 2667 partiris
1298 2599 1481 2668 gaudia
1511 2598 1686 2662 corde,

592 2821 617 2849 α
640 2813 691 2866 Id
713 2821 792 2883 est
810 2811 968 2883 Celta;
994 2813 1369 2880 Lugdunensis.
1394 2813 1467 2867 De
1487 2812 1686 2868 Sidonii
1709 2813 1847 2868 enim
1871 2814 2054 2883 pan-ia

1734 212 1966 266 SIDONII
2006 209 2439 264 APOLLINARIS

2072 332 2115 386 Α
2211 327 2454 396 Quisquis
2480 327 2624 393 ades,
2655 328 2805 384 Baias
2831 339 2882 382 tu
2905 329 3032 383 facis
3063 330 3146 383 hic
3171 330 3366 384 animo.

3606 205 3707 260 72$

2584 439 2737 508 387
2772 431 3045 493 CARMEN
3085 438 3222 492 XIX.

2466 543 2858 582 τετιιλετιειίωι
2898 544 3060 584 SL‘PRA
3094 544 3348 582 PISCINAI.
3375 592 3384 598 ι

2141 638 2333 693 Intrate
2361 639 2595 706 algentes
2623 647 2740 706 post
2770 637 2952 691 balnea
2983 638 3175 692 torrida
3203 637 3396 690 ﬂuctus
3415 676 3432 696 .

2209 725 2275 778 Ut
2297 725 2486 779 solidet
2515 726 2736 780 calidam
2769 725 2961 794 frigore
2989 726 3195 795 lympha
3226 734 3422 778 cutem.

2144 814 2205 867 Et
2229 814 2350 868 licet
2378 815 2473 868 hoc
2495 815 2607 869 solo
2633 816 2882 882 mergatis
2914 814 3148 868 membra
3173 813 3394 882 liquore,

2209 904 2308 959 Per
2328 913 2564 972 stagnum
2595 915 2832 959 nostrum
2864 904 3059 957 lumina
3089 911 3259 957 vestra
3295 908 3517 954 natant.

2691 1015 2969 1072 CARMEN
3008 1015 3124 1068 XX.

2462 1101 2479 1139 ί
2525 1119 2589 1156 an
2624 1117 2876 1157 sonomuu
2914 1117 3049 1156 suam
3087 1116 3346 1155 εουιοιωι.

2144 1213 2338 1267 Natalis
2361 1221 2537 1266 noster
2566 1225 2729 1266 nonas
2754 1211 2950 1266 instare
2976 1197 3298 1265 Novembres

2221 1301 2484 1357 Admonet
2518 1318 2531 1352 :
2572 1313 2818 1354 occurras
2843 1314 2946 1353 non
2972 1312 3126 1367 rogo,
3157 1297 3249 1351 sed
3272 1295 3437 1365 jubeo
3463 1313 3480 1346 :

2144 1390 2220 1446 Sit
2246 1399 2415 1444 tecum
2444 1387 2653 1457 conjux,
2681 1388 2784 1442 duo
2807 1403 2940 1442 nunc
2961 1395 3266 1456 properate;
3291 1384 3385 1440 sed
3413 1383 3557 1438 illud

2216 1477 2338 1531 Post
2364 1491 2552 1531 annum
2577 1485 2816 1546 optamus
2847 1480 3031 1530 tertius
3055 1485 3111 1529 ut
3136 1476 3332 1529 venias.

2688 1581 2962 1635 CARMEN
2984 1581 3124 1634 XXI.

2530 1685 2593 1724 DE
2625 1685 2845 1724 νιεεωυι
2882 1685 3046 1723 ηοω-ε
3083 1682 3276 1723 CAPTIS.

2146 1784 2400 1850 Quattuor
2429 1781 2539 1836 haec
2564 1783 2788 1849 primum
2806 1782 2974 1850 pisces
3000 1795 3106 1834 nos
3138 1781 3293 1836 insuit
3319 1780 3516 1832 hamis.

2219 1870 2341 1926 Inde
2361 1871 2490 1924 duos
2511 1872 2675 1935 tenui,
2705 1879 2760 1924 tu
2781 1884 2984 1939 quoque
3012 1883 3162 1924 sume
3187 1869 3339 1923 duos.

2145 1961 2285 2027 Quos
2313 1961 2432 2014 misi
2463 1968 2582 2014 sunt
2605 1961 2833 2028 majores
2863 1978 2876 2012 ε
2907 1960 3234 2013 rectissimus
3263 1958 3394 2012 ordo
3413 1967 3522 2011 est.

2211 2049 2445 2118 Namque
2464 2050 2648 2104 animae
2669 2060 2862 2103 nostrae
2890 2049 3058 2118 portio
3084 2048 3250 2115 major
3269 2062 3405 2100 eras.

2143 2177 2302 2247 388
2337 2177 2544 2233 Sollius
2599 2176 2900 2295 Apollinarlis
2954 2164 3192 2230 Sidonius
3250 2174 3430 2227 Pontio
3480 2172 3690 2226 Leontio

2780 2261 2841 2295 vsa
2867 2256 3017 2295 atem.

2728 2297 2730 2300 ,
2780 2256 3017 2297 salutem.

2211 2334 2340 2385 Dum
2365 2334 2499 2402 apud
2529 2342 2553 2380 8
2583 2333 2869 2386 Narbonem
2901 2333 3148 2400 quondam
3189 2331 3429 2384 Martium
3471 2331 3679 2395 dictum,

2137 2423 2222 2474 sed
2263 2437 2419 2484 nuper
2446 2423 2663 2489 factum,
2708 2437 2870 2474 moras
2902 2429 3039 2472 necto
3063 2461 3078 2484 ,
3107 2421 3255 2472 subiit
3281 2421 3509 2471 animum
3534 2435 3679 2488 quos-

2140 2513 2280 2578 piam
2308 2511 2579 2563 secundum
2606 2527 2820 2564 amorem
2847 2522 2985 2563 tuum
3023 2513 3329 2563 hexametros
3359 2513 3676 2576 concinnare,

2142 2598 2317 2665 quibus
2341 2598 2478 2651 lectis
2509 2599 2693 2666 oppido
2719 2600 2867 2652 scires
2886 2639 2901 2664 ,
2929 2600 3016 2652 etsi
3041 2600 3230 2667 utrique
3263 2609 3490 2652 nostrum
3517 2601 3676 2669 dim

2152 2827 2266 2866 mus
2301 2813 2438 2867 enim
2467 2825 2534 2866 ex
2571 2812 2750 2865 Dionis
2791 2811 2859 2866 ιθ
2888 2812 3244 2879 Lugdunensis
3269 2814 3492 2868 colonia:
3520 2815 3676 2869 dedu-

522 2895 680 2949 cogor
706 2896 734 2932 a
761 2879 1083 2934 doctissimo
1111 2883 1374 2935 Savarone
1426 2883 1513 2947 qui
1557 2883 1846 2936 Arvernum
1875 2879 2035 2944 'facit,
2068 2884 2113 2944 C
2142 2881 2320 2934 cendze
2349 2879 2837 2949 triumvirosfuisse
2865 2881 3119 2945 Silanum,
3143 2882 3393 2949 Lepidum
3429 2893 3487 2936 et
3527 2884 3674 2937 Plan~

522 2947 794 3019 dissidere.
818 2949 956 3019 Cum
984 2949 1260 3019 religio_sit
1295 2950 1445 3019 aliter
1472 2952 1668 3019 sentire
1694 2964 1847 3017 quam
1890 2950 2044 3003 Sido-

519 3015 636 3069 nius
658 3015 768 3081 ipse
795 3016 1067 3084 signiticet,
1094 3015 1186 3081 qui
1213 3030 1272 3070 se
1302 3017 1489 3084 passim
1513 3015 1911 3084 Lugdunensem
1957 3026 2037 3069 tc-

523 3091 716 3153 statur,
743 3082 908 3153 u_t_lib_.
938 3097 973 3134 ι.
992 3084 1154 3153 epist.
1184 3085 1216 3136 5
1241 3093 1293 3153 et
1332 3083 1392 3147 8;
1418 3083 1512 3136 lib.
1541 3082 1612 3150 tv,
1637 3087 1790 3153 epist.
1815 3085 1903 3150 25,
1930 3099 2044 3138 car-

525 3151 667 3203 mine
683 3151 738 3218 5,
764 3150 847 3202 I5.
874 3150 1186 3216 Apollinaris
1215 3152 1294 3204 avi
1317 3152 1563 3206 tumulum
1586 3150 1687 3205 non
1705 3156 1755 3207 in
1773 3153 2041 3218 Arvernis,

522 3226 577 3288 ut
614 3216 779 3271 eidem
811 3218 1104 3288 videbatur,
1142 3220 1234 3273 sed
1271 3222 1320 3288 in
1366 3218 1694 3287 Lugdunensi
1721 3216 2044 3288 agro'fuisse

522 3286 622 3353 jam
644 3285 963 3353 ostendimus
986 3302 1048 3341 ex
1077 3289 1231 3353 epist.
1261 3286 1344 3350 η,
1365 3285 1465 3342 Ιίϋξ
1487 3302 1562 3340 III.
1583 3289 1729 3342 Nunc
1755 3285 2040 3343 Arvernum

521 3352 637 3422 ortu
683 3352 1096 3422 Sidoniumgnon
1114 3352 1284 3422 fuisse
1328 3356 1411 3408 hic
1458 3356 1602 3410 locus
1652 3357 1877 3422 indicat,
1924 3371 2043 3409 cum

522 3421 726 3491 Gallum
751 3420 1112 3491 senominat,
1147 3421 1407 3475 diversam
1439 3422 1560 3485 sibi,
1591 3438 1743 3491 quam
1786 3420 2044 3476 Onimatio

522 3489 777 3558 Arverno,
811 3487 861 3539 id
884 3497 961 3558 es_t
989 3490 1262 3558 Aquitano,
1291 3491 1509 3558 patriam
1533 3487 1849 3558 significans.
1877 3491 2043 3557 Aqui-

522 3565 671 3627 tanos
697 3556 832 3627 enim
863 3570 890 3606 a
920 3555 1081 3627 Gallis
1119 3558 1206 3627 illa
1233 3555 1359 3627 setas
1385 3555 2044 3627 distinguebat.Sulpicius

521 3621 1010 3693 Severusﬂistorite
1039 3638 1110 3676 tt:
1143 3624 1246 3693 S_ed
1295 3626 1345 3676 in
1390 3621 1588 3689 nostri},
1637 3624 1819 3693 inquit,
1867 3621 1919 3677 id
1966 3636 2039 3679 est

522 3689 811 3757 Aquitanis,
853 3689 1013 3744 Gallis
1062 3708 1119 3744 ac
1162 3691 1414 3745 Britannis
1469 3689 1906 3748 indecens-risum.
1938 3693 2043 3748 Au-

522 3759 699 3812 sonius
721 3759 775 3811 in
804 3759 1014 3811 Arelate
1032 3797 1049 3824 ,

854 3848 1048 3907 populos
1068 3847 1184 3896 alios
1206 3854 1256 3898 et
1278 3853 1449 3899 mmnia
1467 3852 1588 3900 ditas
1611 3867 1622 3899 :

637 3905 787 3954 Gallia
807 3905 943 3967 queis
965 3907 1147 3968 fruitur,
1169 3911 1448 3971 gremioque
1471 3911 1725 3972 Aquitania
1748 3911 1856 3961 lato.

523 4029 701 4102 quue
725 4030 1102 4102 spectathuod
1127 4033 1175 4102 in
1196 4031 1392 4102 Ethici
1422 4034 1695 4088 ltinerario
1721 4035 2035 4102 descriptum

522 4098 620 4149 iter
647 4106 726 4150 est
763 4098 827 4167 de
870 4100 1016 4167 153
1048 4101 1320 4166 Aquitania
1357 4101 1407 4155 in
1446 4101 1659 4166 Gallias,
1692 4119 1720 4156 a
1751 4098 2035 4165 Burdegala

522 4166 990 4235 Augustodunum.
1011 4169 1117 4219 iloc
1141 4169 1314 4235 itaque
1341 4184 1525 4232 sensu,
1557 4171 1758 4222 Gallum
1787 4185 1844 4223 se
1886 4173 2034 4224 Sido-

2141 2962 2279 3011 cum,
2311 2957 2363 3002 ct
2390 2948 2548 3000 multa
2570 2948 2635 3000 ab
2657 2947 2766 3001 illis
2799 2950 3024 3012 potuisse
3045 2947 3251 3003 nomina
3278 2951 3529 3004 derivari.

2212 3014 2238 3052 δ
2269 3016 2418 3087 Apud
2441 3015 2735 3087 Arvernos,
2767 3017 3046 3087 Alibiergo
3067 3028 3236 3082 natus,
3261 3023 3345 3087 qui
3375 3019 3476 3071 huc
3500 3032 3673 3085 postea

2141 3085 2394 3152 migrarit.
2427 3085 2597 3150 Quare
2644 3094 2854 3139 maneat
2901 3086 3171 3139 Sidonium
3211 3085 3329 3141 oriu
3361 3088 3673 3153 Lugdunen-

2139 3168 2273 3216 sem,
2303 3154 2543 3220 conjugio
2574 3160 2628 3205 et
2652 3153 2899 3206 cathedra
2923 3156 3212 3208 Arvernum
3252 3155 3437 3207 fuisse.
3464 3154 3573 3207 Nec
3599 3156 3673 3205 in-

2139 3220 2416 3287 dignentur
2455 3221 2680 3274 Arverni
2732 3223 2893 3274 nostri
2937 3237 3038 3273 non
3088 3232 3248 3274 totum
3293 3223 3392 3273 sibi
3431 3222 3665 3282 concedi,

2141 3289 2226 3350 qui
2252 3288 2466 3340 meliore
2492 3289 2630 3340 illius
2656 3297 2800 3353 parte
2822 3289 2969 3354 petiti
2997 3300 3118 3340 sunt
3145 3302 3261 3341 cum
3290 3303 3348 3341 ea
3394 3290 3554 3342 fuerit
3591 3289 3670 3343 Si—

2140 3355 2280 3425 donii
2317 3355 2540 3420 dignitas
2561 3363 2613 3408 et
2656 3355 2930 3424 splendor,
2960 3370 3062 3424 quo
3087 3371 3189 3411 non
3217 3358 3424 3410 unicam
3446 3357 3666 3425 patriam

2143 3422 2387 3474 illustrari
2421 3435 2514 3486 par
2541 3422 2700 3475 erat.’
2976 3422 2992 3424 ⁷
3139 3484 3141 3486 .

2215 3490 2551 3561 {Avitacum
2571 3491 2763 3561 villam,
2817 3490 3030 3561 ejusque
3072 3491 3281 3544 balneas
3322 3502 3377 3546 et
3420 3493 3665 3561 piscinam

2151 3555 2362 3626 copiose
2387 3556 2826 3626 descripsitepist.
2857 3558 2914 3624 2,
2947 3558 3036 3611 lib.
3063 3575 3118 3610 ιι.

2212 3623 2232 3663 ί
2250 3624 2441 3678 Ecdicii
2456 3623 2633 3677 sordre
2652 3623 2747 3678 fuit
2763 3623 3068 3693 Papianilla,
3085 3642 3213 3678 uxor
3230 3625 3451 3680 Sidonii.
3472 3627 3664 3682 Sidonii

2141 3705 2267 3761 ergo
2281 3693 2510 3746 sororius
2526 3693 2781 3756 Ecdicius;
2799 3693 2988 3746 Eedicii
3008 3709 3129 3746 vero
3141 3703 3388 3761 cognatus
3403 3695 3659 3748 Sidonius.

2139 3760 2381 3814 Sororius
2426 3762 2563 3813 enim
2617 3762 2825 3828 proprie
2870 3762 3029 3814 frater
3057 3760 3250 3827 uxoris,
3299 3773 3553 3830 cognatus
3591 3765 3664 3816 vir

2141 3830 2358 3882 sororis.
2407 3831 2575 3893 Quare
2625 3832 2758 3882 inter
2783 3844 2841 3884 se
2885 3841 3232 3896 opponuntur,
3288 3842 3342 3883 ut
3370 3831 3421 3884 in
3453 3833 3660 3897 antiquo

2140 3897 2309 3962 lapide
2342 3897 2526 3950 Brixiae
2552 3913 2566 3950 :
2598 3897 2869 3952 Coosnus
2896 3913 3220 3952 DULCISSIIIUS
3245 3897 3476 3952 Souoato
3501 3915 3661 3954 nux-

2085 4008 2098 4027 ,
2139 3978 2360 4017 'nssnto.

2209 4015 2431 4102 {Vetus
2451 4032 2715 4102 inscriptio
2737 4015 3193 4102 nondumvulga'ta
3214 4033 3471 4101 Narbone,
3497 4035 3547 4086 in
3567 4049 3658 4100 qva

2139 4097 2425 4168 singulares
2454 4097 2635 4168 litterae
2663 4099 2927 4153 Coloniam
2954 4097 3138 4155 Julia'm
3171 4097 3658 4155 Paternam'Narbo-

2140 4177 2255 4217 nem
2286 4166 2516 4218 Martium
2545 4169 2809 4220 denotant.
2852 4169 2942 4222 His
2970 4171 3109 4224 enim
3139 4169 3442 4224 nominibus
3471 4172 3525 4224 in
3551 4169 3657 4223 aliis

523 4215 657 4294 niu§,
680 4215 820 4299 alia"
833 4215 1185 4303 Lugdunensis
1201 4215 1595 4297 Solimus.“
1608 4215 1757 4299 vero,
1787 4215 2033 4303 niuali;-
2065 4215 2110 4273 D
2135 4246 2338 4299 Quoque
2362 4237 2710 4288 monumentis
2730 4245 2939 4288 ornatur
2965 4252 2979 4287 :

523 4312 710 4368 vernus
736 4309 878 4368 erat.
921 4301 1232 4365 Aquitanum
1262 4304 1492 4368 quidem,
1541 4305 1630 4355 sed
1680 4319 1781 4356 non
1812 4301 2032 4357 iGallum

521 4366 629 4435 vult
647 4365 892 4432 intelligi:
916 4365 1345 4431 quemadmodum
1372 4371 1504 4435 apud
1527 4370 1774 4424 Severum
1796 4372 2034 4425 eumdem

521 4432 571 4485 in
599 4435 846 4499 dialogis,
871 4435 1078 4501 quidam
1108 4452 1164 4488 re
1187 4451 1246 4488 ac
1276 4432 1482 4489 nomine
1509 4438 1715 4502 Gallus,
1743 4440 1815 4491 ait
1856 4453 1912 4491 sc
1943 4439 2036 4491 ho—

521 4503 714 4574 minem
737 4503 941 4574 Gallum
969 4504 1100 4574 inter
1120 4505 1404 4571 Aquitanos
1429 4509 1582 4560 verba
1605 4507 1856 4560 facturum
1879 4525 1892 4559 :
1915 4508 2031 4574 quia

522 4570 765 4622 nimirum
813 4570 1051 4637 Aquitani
1091 4586 1151 4625 ea
1181 4570 1332 4640 Quam
1363 4573 1467 4626 dixi
1507 4578 1717 4628 notione
1762 4573 1894 4628 Galli
1931 4570 2034 4629 non

525 4645 682 4688 erant.
1702 4648 1706 4652 '

590 4701 616 4739 δ
635 4703 880 4774 Gazetnm
907 4706 1074 4774 vinum
1104 4707 1320 4768 Isidoro,
1339 4723 1366 4758 a
1391 4708 1601 4774 regione
1627 4710 1760 4762 unde
1782 4710 2034 4774 defertur,

525 4770 621 4846 hoc
649 4781 729 4846 est
756 4787 783 4822 a
813 4769 946 4822 Gaza
971 4773 1287 4846 Palaestina}:
1323 4786 1371 4824 ut
1396 4769 1732 4846 Sa'reptanum
1765 4795 1788 4826 a
1819 4769 2036 4846 Sarepta

524 4839 879 4913 Sidoltiornnt,
905 4841 1040 4913 quod
1085 4844 1360 4913 Σερεφθῑνογ
1387 4838 1509 4913 ᾳῖνον
1529 4838 1776 4913 ’θρροιιαι
1804 4838 2034 4899 Alexan-

521 4906 946 4977 dcr_Trallianus.
972 4906 1256 4974 Utrum'que
1281 4910 1542 4977 celebrant
1567 4906 1818 4977 Gorippus
1847 4916 1932 4967 lib.
1982 4930 2036 4965 Ill

521 4982 574 5023 et
610 4973 923 5027 Fortunatus
952 4977 1038 5027 lib.
1073 4992 1120 5026 tv
1150 4973 1214 5028 de
1246 4977 1355 5028 Vita
1380 4976 1604 5028 Martini.
1637 4973 1880 5033 Gaietum
1911 4997 2035 5032 vero

526 5041 803 5107 Gregorius
833 5043 1026 5096 'I'urnn.
1052 5044 1116 5095 de
1147 5043 1320 5097 Gloria
1341 5044 1694 5098 Confessorutn
1729 5048 1795 5101 65
1813 5089 1825 5110 ,
1866 5059 1915 5101 et
1939 5049 2006 5101 Se

524 5118 670 5158 nator
697 5126 763 5160 χιι
797 5111 991 5163 Variar.
1023 5112 1103 5163 19..

599 5177 717 5252 {De
741 5178 1092 5252 Arvernorum
1117 5181 1247 5232 vinis
1273 5195 1377 5244 pon
1404 5179 1646 5247 loquitur.
1676 5182 1873 5252 Alioqui
1908 5200 2035 5252 quo-

529 5244 756 5314 modorin
780 5248 1021 5314 Arvernis
1049 5247 1162 5297 vina
1188 5264 1284 5298 non
1316 5244 1504 5310 essent,
1539 5264 1651 5314 qua:
1683 5244 2030 5305 Arvernorum

529 5313 701 5382 erant?
729 5313 816 5363 sed
848 5312 910 5364 de
941 5313 1368 5379 Lugdunensibus
1396 5312 1570 5382 patriae
1596 5331 1721 5366 sum.
1745 5319 2028 5380 Quemnam

529 5380 1088 5452 \eI'ILLII-SIIIIIIGHSIUIII
1125 5398 1306 5450 pagum
1349 5380 1533 5436 vinetis
1573 5384 1827 5436 celebrem
1873 5391 2026 5452 dicat,

529 5443 607 5491 cui
643 5443 898 5507 Triumvit;
934 5443 1388 5516 nomen’iinposuit
1432 5453 1759 5519 quccrendunt
1791 5465 1885 5507 est.
1921 5443 2028 5511 Sci:

2613 4362 2672 4417 C.
2713 4363 3004 4418 MANLIUS
3040 4365 3099 4416 C.
3142 4363 3179 4416 F

2495 4431 2622 4483 PAP
2662 4431 2875 4485 RUFUS
2911 4433 3140 4486 UMBER
3181 4432 3307 4486 EXS

2408 4497 2700 4550 DECURIA
2774 4498 3104 4553 LICTURUM
3189 4499 3388 4554 VIATO

2473 4564 2613 4619 RUM
2634 4567 2788 4630 QUAE
2813 4566 2930 4620 EST
2951 4566 3071 4620 (1.1.
3096 4569 3153 4621 P.
3176 4569 3236 4620 N.
3258 4568 3308 4620 Μ

2581 4633 2770 4687 FECIT
2796 4635 2913 4688 SIBI
2956 4636 3042 4689 ET
3070 4636 3217 4691 SUIS

2134 4784 2235 4861 Sed
2261 4785 2445 4861 Iuliam
2479 4784 2749 4861 Paternum
2794 4787 2858 4861 de
2898 4785 3014 4840 Julii
3045 4787 3265 4861 Caesaris
3302 4793 3532 4857 nomine,
3569 4792 3648 4861 qui

2135 4854 2390 4923 coloniam
2428 4863 2612 4923 eo_,,ut
2638 4855 2915 4923 Suetonius
2953 4868 3154 4920 narrat,
3202 4859 3386 4912 iterum
3425 4854 3646 4923 deduxit,

2134 4921 2440 4985 appellatam
2485 4919 2644 4974 fuisse
2687 4921 2900 4988 ambigit
2945 4919 3238 4977 nemo.'De
3282 4926 3445 4980 Martii
3487 4919 3644 4979 autem

2135 4997 2474 5053 cognomento
2500 5026 2513 5050 ,
2545 4990 2630 5054 qui
2660 5003 2687 5038 a
2719 4989 2780 5052 Q.
2810 4991 2993 5043 Martio
3017 5029 3031 5050 ,
3061 5005 3162 5054 quo
3187 4994 3399 5045 consule
3435 4995 3642 5046 deducta

2136 5059 2354 5123 primum
2381 5057 2577 5123 colonia
2608 5055 2799 5119 fuerat,
2830 5057 3164 5120 derivandum
3191 5071 3398 5123 censet,
3417 5070 3471 5113 et
3494 5059 3644 5113 mani-

2136 5121 2298 5182 festis,
2330 5130 2385 5173 ut
2412 5122 2495 5174 alii
2523 5123 2764 5192 docuere,
2797 5126 3083 5178 rationibus
3111 5121 3464 5192 revincuntur,
3488 5137 3541 5181 et
3557 5127 3644 5181 εδδ

2135 5192 2648 5262 versantemhabent
2677 5189 2773 5262 hoc
2803 5192 2916 5262 Ioc_o
2954 5194 3221 5245 Sidonium
3247 5234 3263 5260 ,
3309 5196 3396 5262 qui
3434 5189 3532 5248 non
3557 5196 3642 5248 ob-

2134 5270 2286 5307 scure
2313 5257 2375 5327 ad
2403 5257 2619 5327 Martem
2645 5257 2818 5310 refert.
2872 5259 2947 5311 Eo
2972 5263 3106 5312 enim
3137 5257 3375 5327 spectans
3394 5302 3411 5327 ,
3456 5263 3642 5316 Narbo-

2136 5337 2250 5374 nem
2284 5322 2447 5392 reipsa
2478 5323 2711 5374 Martium
2744 5341 2905 5391 nuper
2935 5328 3120 5392 factum
3157 5322 3264 5392 ait,
3311 5322 3430 5383 cum
3466 5331 3645 5384 acmi-

2135 5405 2268 5440 mam
2316 5389 2952 5465 Gothorumobsidionem
2995 5391 3180 5465 de‘qua
3217 5389 3404 5452 iterum
3433 5397 3645 5453 carmine

2141 5459 2395 5524 sequenti,
2430 5459 2707 5510 fortiss'tne
2735 5461 2991 5513 :ustinuit
3097 5459 3112 5465 ’
3323 5490 3328 5494 -
