3818 6226
141 365 230 416 725

1551 361 1866 420 CARMINA.

3201 364 3300 417 7'16

138 483 246 529 ralis
274 495 416 547 aequo
443 479 724 548 plusculum
750 480 870 533 locis
898 480 972 532 lar
1001 479 1261 547 familiaris
1283 477 1536 539 incolitur,
1562 490 1661 527 non
1691 477 1741 531 Α
1767 474 1946 529 Sudati
1974 473 2041 530 de
2066 489 2183 529 rore
2211 476 2341 530 meri
2376 493 2388 528 :
2420 484 2574 544 caput
2602 489 2756 529 aurea
2784 483 3030 542 rumpunt

134 569 310 621 idcirco
355 578 458 620 tam
508 568 644 620 nobis
695 568 914 620 animum
958 566 1196 619 dissidere
1244 581 1389 633 quant
1431 567 1660 631 patriam.

137 655 292 706 [Iabes
321 671 439 723 ergo
468 656 548 707 hic
572 653 866 722 Dionysium
901 654 1028 706 inter
1053 652 1292 722 triumphi
1339 651 1503 704 Indici
1532 650 1668 703 oble-

133 753 370 795 ctamenta
400 752 726 807 marcentem;
755 743 902 796 habes
923 752 968 794 et
993 741 1256 807 Phoebum,
1282 757 1424 810 quem
1450 740 1536 792 tibi
1553 742 1670 809 jure

131 833 314 894 poetico
361 832 656 898 inquilinum
685 831 874 897 factum
916 840 1102 884 constat
1141 846 1203 884 ea:
1246 830 1446 882 numine
1476 843 1494 880 :
1524 827 1666 879 illum

128 919 304 971 scilicet
336 918 578 972 Pluebum
596 962 610 984 ,
643 927 670 955 ⁸
696 919 932 971 Anthedii
958 920 1054 970 mei
1084 917 1494 987 perfamiliarem,
1523 916 1666 983 cujus

129 1006 333 1073 coilegio
362 1008 436 1058 uir
465 1007 747 1074 prwfectus,
779 1022 877 1058 non
907 1006 1053 1058 modo
1080 1006 1291 1058 musicos
1318 1018 1552 1072 quosque,
1581 1018 1665 1054 ue-

127 1110 229 1145 rum
256 1095 408 1147 etiam
436 1105 734 1162 geometras,
774 1095 1110 1147 arithmeticos
1138 1102 1183 1147 et
1217 1092 1491 1160 astrologos
1515 1091 1668 1143 disse-

129 1183 266 1234 rendi
297 1193 402 1236 arte
441 1185 736 1250 supervenit.
773 1182 1036 1249 Siquidem
1076 1183 1271 1235 nullum
1315 1182 1421 1233 ltoc-
1447 1181 1666 1233 exactius

128 1279 428 1336 compertum
453 1270 632 1322 habere
658 1269 954 1331 censuerim,
974 1269 1093 1335 quid
1105 1266 1131 1305 δ
1147 1269 1311 1322 sidera
1331 1268 1521 1319 zodiaci
1542 1267 1668 1342 obli-

126 1374 217 1424 qua
236 1398 250 1422 ,
281 1359 405 1425 quid
435 1359 745 1424 planetarum
777 1373 898 1426 uaga
918 1397 933 1422 ,
963 1357 1084 1425 quid
1110 1358 1300 1410 exotica
1336 1372 1512 1424 sparsa
1539 1371 1667 1423 prte-

125 1446 338 1497 raleant.
369 1444 504 1498 Nam
525 1447 616 1509 ita,
643 1454 696 1497 ut
728 1447 799 1498 sic
823 1446 1055 1510 dixerim,
1078 1444 1156 1496 Itis
1188 1445 1416 1498 memiris
1440 1445 1664 1512 philoso-

127 1538 252 1602 phitz
275 1537 461 1597 claret,
486 1544 550 1587 .ut
573 1535 798 1588 videatur
824 1535 945 1587 mihi
973 1533 1166 1586 Julium
1189 1531 1486 1599 Firmicum,
1515 1534 1665 1597 Sant-

121 1627 389 1689 monicum,
408 1624 670 1678 lulianum
695 1622 979 1688 Vertacum,
1002 1620 1291 1675 Fullonium
1312 1623 1660 1689 Saturninum,

121 1717 168 1767 in
196 1717 337 1768 libris
366 1717 636 1768 matheseos
663 1703 981 1784 peritissimos
1007 1715 1283 1767 conditores
1308 1716 1487 1780 absque
1510 1714 1656 1767 inter-
1706 1754 1710 1757 -

1767 565 1993 628 Cornua,
2025 572 2078 619 et
2106 563 2398 632 indigenam
2426 565 2719 632 iaculantur
2748 563 2974 616 fulminis
3003 566 3193 631 ignem.

1767 651 2068 720 Sumpserat
2089 653 2187 708 hoc
2210 654 2430 721 primum
2461 667 2700 716 nascens,
2731 667 2848 706 cum
2879 652 3082 704 transiit
3109 652 3230 703 olim

1768 741 1822 794 In
1853 743 2074 809 patrium
2102 741 2168 796 de
2191 751 2355 796 matre
2380 740 2576 804 femur;
2609 740 2708 794 fert
2731 749 2930 807 tempus
2955 747 3232 808 utrumque

1768 829 1914 891 Ver-is
1943 843 2068 898 opes
2091 871 2104 891 ,
2136 831 2422 897 rutilosque
2447 830 2570 900 ligat
2597 829 2854 884 vindemia
2885 827 3056 881 ﬂores.

1765 919 2052 973 Cantharus
2083 927 2134 972 et
2175 919 2384 988 thyrsus
2412 919 2594 973 dextra
2628 919 2859 986 laevaque
2888 919 3159 972 feruntur:

1763 1006 1869 1061 Nec
1896 1009 2022 1075 tegit
2049 1015 2313 1072 exsertos,
2343 1007 2436 1062 sed
2466 1007 2626 1075 tangit
2653 1007 2787 1075 palla
2818 1007 3058 1060 lacertos.

1767 1095 1924 1148 Dulce
1950 1103 2130 1149 natant
2152 1097 2310 1162 oculi,
2337 1109 2467 1164 quos
2487 1095 2530 1148 si
2561 1093 2667 1148 fors
2697 1103 2863 1148 vertat
2889 1095 2940 1148 in
2973 1095 3102 1148 host-
3123 1108 3197 1157 m,

1764 1182 2024 1236 Attonitos
2047 1184 2214 1236 solum
2240 1183 2362 1236 dum
2387 1183 2554 1237 cernit
2583 1181 2799 1235 inebriat
2829 1182 2999 1234 Indos.

1736 1271 1894 1324 'Tum
1921 1271 2138 1327 salebris
2164 1271 2359 1325 saliens
2386 1274 2588 1339 quoties
2609 1285 2666 1324 se
2692 1271 2919 1324 concutit
2943 1269 3076 1332 axis,

1766 1361 1965 1412 Passim
1991 1359 2212 1414 deciduo
2241 1359 2564 1426 perfunditur
2591 1359 2757 1412 orbita
2789 1367 2980 1411 musto.

1733 1448 2086 1510 ,Bassaridas,
2118 1448 2352 1517 Satyros,
2394 1449 2579 1512 Panas,
2613 1447 2922 1514 Faunosque
2948 1445 3165 1500 docebat

1763 1535 1968 1589 Ludere
1993 1535 2231 1601 Silenus,
2259 1535 2367 1603 jam
2397 1537 2608 1588 numine
2635 1537 2819 1602 plenus
2849 1536 3083 1601 alumno,

1765 1623 1868 1678 Sed
1896 1634 2135 1691 comptus
2173 1632 2341 1678 tamen
2382 1624 2467 1678 ille
2496 1631 2697 1691 caput;'
2721 1639 2839 1676 nam
2873 1626 3064 1678 vertice
3094 1625 3232 1678 nudo

1765 1714 2000 1768 Amisms
2023 1714 2176 1768 sertis
2202 1713 2373 1768 studet
2409 1728 2658 1768 excusare
2685 1714 2921 1782 capillos.

120 1813 272 1865 prete,
299 1803 498 1870 ingenio
531 1771 723 1855 tantum
749 1802 1076 1872 suffragante,
1104 1803 1352 1856 didicisse.
1389 1771 1498 1861 Illos
1519 1805 1661 1858 vesti-
1691 1792 1736 1851 Β
1761 1801 2012 1872 Corniger
2039 1803 2159 1858 inde
2187 1804 2308 1857 novi
2346 1805 2550 1872 Ganges
2577 1803 2632 1857 ﬁt
2658 1771 2845 1871 pompa
2875 1803 3141 1869 triumphi.
3167 1771 3176 1777 ἢ

120 1891 196 1957 gia
239 1890 483 1942 doctrina
520 1891 676 1959 ipsius
723 1893 1026 1955 adorantes,
1075 1907 1241 1944 coram
1286 1906 1467 1944 canoro
1507 1908 1660 1963 cycno

119 1992 323 2028 raucum
367 1992 588 2030 anserem
625 1978 934 2046 proﬁtemur.
983 1979 1115 2046 Quid
1135 1989 1182 2035 te
1208 1983 1425 2051 amplius
1451 1999 1617 2034 moror
1638 1985 1663 2036 ?

117 2062 340 2132 Burgum
379 2074 552 2132 luam,
593 2079 692 2134 quo
711 2083 832 2137 Jure
865 2071 1078 2122 anticum
1105 2072 1299 2134 decuit,
1333 2087 1492 2124 meam
1521 2073 1615 2140 feci
1641 2089 1659 2125 :

119 2156 262 2220 probe
296 2157 460 2225 339
493 2158 650 2211 sciens
670 2197 684 2224 ,
715 2157 792 2211 vel
819 2159 1074 2212 ntaleriam
1101 2160 1188 2213 tibi
1213 2176 1317 2216 esse
1339 2162 1654 2230 placituram,

119 2248 307 2298 etiamsi
334 2264 394 2301 ea:
417 2249 580 2302 solido
607 2264 779 2318 poema
802 2249 1080 2317 displiceat.

653 2375 931 2434 CARMEN
957 2379 1121 2435 XXII.

526 2497 549 2525 ε
589 2502 783 2541 BURGUS
821 2503 991 2543 PONTII
1029 2505 1256 2545 LEONTII.

181 2620 396 2674 Bistonii
425 2617 686 2672 stabulum
717 2617 853 2683 regis
875 2657 890 2683 ,
919 2618 1172 2672 Busiridis
1201 2635 1342 2686 aras,

119 2708 401 2776 Antiphatae
430 2720 667 2769 mensas,
698 2713 750 2759 et
777 2705 994 2759 Taurica
1024 2721 1179 2774 regna
1212 2708 1484 2772 Thoantis,

119 2800 278 2864 Atque
315 2796 477 2849 llhaci
508 2795 719 2863 ingenio
749 2793 1038 2848 fraudatum
1071 2797 1184 2850 luce
1212 2798 1478 2866 cyclopem
1498 2838 1514 2863 ,

119 2883 411 2939 l’ortantem
441 2885 630 2937 frontis
659 2898 841 2952 campo
875 2899 968 2952 per
994 2899 1219 2940 concava
1248 2887 1441 2941 montis

117 2974 206 3027 Par
235 2989 401 3040 prope
441 2973 715 3026 transfossi
746 2973 1078 3028 tenebrosum
1109 2976 1319 3029 luminis
1355 2986 1579 3040 antrum,

117 3062 307 3130 Hospes
333 3063 441 3126 adi,
470 3061 633 3128 siquis
656 3061 880 3130 Burgum
906 3064 1155 3117 taciturus
1179 3064 1330 3117 adisti
1357 3081 1372 3117 :

118 3149 174 3200 Et
201 3150 327 3202 licet
353 3149 403 3202 in
426 3162 637 3202 carmen
667 3164 768 3202 non
795 3152 983 3216 passim
1011 3152 1147 3203 laxet
1175 3151 1400 3205 habenas

119 3238 343 3293 Phtnbus
361 3279 377 3302 ,
408 3248 458 3291 et
483 3236 568 3290 hic
594 3238 715 3290 totis
745 3253 845 3290 non
873 3241 1062 3305 pandat
1092 3240 1305 3292 carbasa
1331 3241 1470 3294 fandi
1493 3260 1507 3308 ;

117 3329 343 3396 Quisque
372 3337 542 3380 tamen
572 3334 743 3380 tantos
768 3341 870 3380 non
907 3326 1120 3380 laudans
1148 3343 1239 3382 ore
1265 3339 1476 3397 penates

117 3417 330 3484 Inspicis
350 3457 364 3478 ,
397 3415 673 3481 inspiceris
701 3431 716 3468 :
743 3424 953 3469 resonat
978 3415 1092 3469 sine
1120 3432 1243 3471 voce
1271 3419 1505 3473 voluntas
1532 3438 1544 3473 :

119 3503 237 3557 Nam
265 3511 357 3556 tua
387 3511 439 3557 te
468 3511 679 3556 tacitum
709 3503 871 3557 livere
900 3503 1104 3558 silentia
1130 3505 1373 3560 clamant.

181 3591 318 3660 Ergo
347 3605 460 3659 age,
488 3590 685 3644 Pierias
715 3591 870 3644 Erato
899 3593 1023 3646 mihi
1055 3605 1261 3661 percute
1287 3595 1544 3650 chordas:

117 3675 434 3746 licsponsent
458 3677 652 3746 Satyri,
684 3677 1002 3747 digitumque
1037 3681 1323 3751 pedemque
1361 3693 1648 3748 moventes,

117 3767 344 3831 Ludant,
373 3776 425 3820 et
454 3768 675 3820 tremulo
703 3782 804 3820 non
832 3779 1078 3835 rumpant
1107 3773 1310 3825 cantica
1342 3772 1496 3825 saltu.

117 3854 370 3924 Quidquid
411 3853 546 3908 forte
591 3854 748 3921 Dryas
768 3895 782 3920 ,
823 3855 906 3907 vel
938 3855 1186 3923 quidquid
1217 3858 1532 3925 Hamadryas
1562 3875 1653 3910 un-

1411 3948 1584 4017 [quam

117 4033 375 4088 Connexis
403 4033 610 4086 sibimet
640 4033 822 4085 festum
857 4033 1095 4100 plausere
1130 4033 1353 4102 Napaeis,

117 4123 414 4186 Dependant
446 4121 618 4187 inodo,
649 4121 834 4188 Burge,
869 4121 976 4186 tibi,
1006 4122 1089 4174 vel
1116 4104 1304 4175 Naidas
1332 4122 1447 4176 istic

117 4211 390 4264 Nereidum
419 4205 611 4264 chorus
639 4211 775 4263 alme
804 4211 952 4273 doce,
981 4225 1098 4264 cum
1127 4211 1257 4264 forte
1283 4212 1546 4266 Garumna

118 4302 219 4354 lluc
246 4300 502 4355 redeunte
533 4299 695 4362 venis,
727 4308 1042 4366 pontumque
1071 4299 1120 4353 in
1151 4299 1363 4354 ﬂumine
1391 4303 1578 4354 sulcas.

118 4392 283 4446 l‘ande
313 4393 470 4460 igitur
497 4404 679 4459 causas
709 4390 883 4454 Erato,
913 4390 1206 4460 laribusque
1231 4392 1298 4444 sit
1323 4393 1417 4446 ede

117 4482 235 4544 Quis
260 4481 447 4548 genius
472 4496 486 4531 :
513 4487 708 4531 tantum
737 4493 836 4532 non
863 4489 942 4532 est
970 4481 1080 4533 sine
1107 4483 1328 4547 praesule
1353 4483 1576 4537 culmen.

183 4568 342 4621 Forte
369 4565 683 4634 sagittiferas
708 4567 847 4618 Evan
878 4567 1148 4634 p0pulatus
1172 4569 1438 4635 Erythras,

120 4656 226 4708 Vite
255 4657 562 4724 capistratas
591 4655 806 4723 cogebat
834 4657 897 4708 ad
933 4657 1116 4710 esseda
1147 4659 1301 4726 tigres
1335 4675 1346 4708 :

119 4741 342 4799 lutiahat
368 4747 623 4813 duplicem
654 4760 752 4811 qua
775 4756 912 4797 temo
937 4747 1206 4800 racemifer
1231 4762 1406 4800 arcum
1425 4787 1440 4809 ,

118 4835 266 4903 390
295 4837 550 4890 Marcidus
573 4836 680 4904 ipse
707 4837 851 4888 sedet
877 4849 1027 4888 curru
1057 4854 1068 4888 :
1095 4837 1265 4889 madet
1290 4836 1448 4888 ardua
1473 4837 1647 4889 cervix

182 5013 208 5040 ι
232 5005 460 5074 Dulcem
484 5015 687 5073 poetam
710 5006 827 5059 alibi
851 5005 1006 5068 dixit;
1036 5005 1117 5057 hic
1137 5014 1403 5074 poetarum
1425 5005 1646 5073 collegio

121 5072 412 5140 prmiectum
437 5072 579 5126 [πη.

183 5140 205 5178 δ
246 5143 400 5210 Extra
428 5144 696 5196 zodiacum
733 5143 915 5210 p05ita.
953 5142 1083 5195 Tres
1110 5142 1244 5193 cnim
1276 5143 1488 5196 Sidonio
1520 5143 1645 5196 stel-

122 5208 279 5260 larum
306 5209 536 5278 classes:
565 5208 803 5276 planetae,
827 5212 910 5276 qui
937 5213 1044 5262 suis
1070 5215 1115 5261 in
1137 5211 1347 5262 orbibus
1370 5222 1645 5278 vagantur;

120 5278 281 5330 sidera
314 5277 542 5345 zodiaci,
575 5293 690 5345 quae
727 5280 994 5330 duodecim
1031 5280 1142 5342 ejus
1180 5280 1338 5344 signis
1374 5277 1646 5332 continea-

122 5354 227 5406 tur;
268 5355 321 5397 et
348 5344 542 5411 reliqua
573 5344 716 5399 extra
745 5347 1008 5398 zodiacum
1030 5387 1041 5403 .
1074 5362 1187 5412 qua:
1216 5356 1484 5414 propterea
1514 5364 1634 5400 exo-

121 5416 209 5466 ιίω
238 5414 493 5474 nominat,
525 5414 671 5479 quasi
700 5418 790 5467 ἔξω
822 5421 909 5469 τοῦ
936 5413 1193 5476 ζωδιακοῦ.

185 5482 338 5553 1⁵4
367 5493 388 5519 ε
419 5481 575 5553 Burgi
597 5481 926 5553 Paulinialne,
953 5498 1103 5550 quam
1129 5485 1223 5536 hoc
1246 5483 1421 5549 idyllio
1450 5483 1646 5535 dsscri-

124 5549 223 5611 bit:
243 5549 438 5604 nomen
472 5549 739 5614 antiquum
785 5551 932 5604 hodie
981 5560 1186 5612 manet;
1242 5553 1460 5616 Burgum
1509 5555 1646 5604 enim

123 5634 336 5675 castrum
370 5627 576 5686 vocant,
603 5618 666 5670 ad
698 5619 903 5673 Durauii
933 5620 1154 5673 ﬂuminis
1183 5624 1364 5686 ripam,
1398 5635 1495 5673 nou
1529 5636 1644 5688 pro-

1674 4438 1725 4496 D

1763 1893 1996 1948 Cernuus
2027 1893 2283 1962 impexam
2313 1892 2494 1947 faciem
2522 1892 2666 1946 stetit
2695 1907 2785 1946 ore
2824 1891 3052 1945 madenti
3073 1931 3086 1955 ,
3113 1899 3167 1944 et

1760 1982 1981 2035 Arentes
2005 1981 2185 2035 vitreis
2213 1980 2412 2046 adjuvit
2435 1980 2640 2034 ﬂetibus
2668 1980 2851 2033 undas.
2915 1995 2922 2002 ε

1758 2071 2032 2137 Conjectas
2061 2068 2111 2122 in
2138 2069 2304 2122 vincla
2337 2081 2519 2123 manus
2547 2077 2666 2137 post
2697 2077 2836 2136 terga
2864 2069 3098 2122 revinxit

1758 2158 2075 2224 Pampinus;
2115 2156 2200 2211 hic
2223 2158 2417 2210 sensim
2444 2158 2650 2224 captivo
2677 2157 2894 2210 humore
2924 2156 3127 2209 refusus

1757 2244 1956 2312 Sponte
1981 2244 2325 2312 refrondescit
2353 2260 2445 2312 per
2470 2245 2677 2299 brachia
2709 2244 2911 2300 roscida
2940 2245 3154 2312 palmes.

1756 2337 1860 2391 Nec
1887 2352 1987 2390 non
2014 2346 2067 2389 et
2089 2338 2218 2403 rapti
2243 2338 2430 2404 conjux
2452 2338 2520 2390 ibi
2545 2339 2717 2390 vincta
2743 2339 2912 2390 mariti

1758 2429 1799 2481 lt
1826 2441 2036 2482 croceas
2062 2426 2284 2481 demissa
2312 2440 2493 2495 genas,
2526 2427 2786 2493 vetitaque
2813 2428 3022 2480 recondi

1756 2519 2018 2589 Lampade
2037 2565 2049 2582 ,
2078 2533 2194 2572 cum
2225 2519 2351 2573 solis
2377 2519 2536 2572 radiis
2565 2531 2748 2571 aurora
2779 2517 3019 2570 rubebat.

1755 2609 1932 2662 Adfuit
1962 2608 2044 2661 hic
2068 2607 2221 2660 e:iam
2250 2617 2366 2675 post
2389 2606 2586 2675 perdita
2608 2606 2843 2660 cinnama
2873 2605 3106 2674 phoenix,

1755 2697 2064 2750 Formidans
2093 2705 2312 2751 mortem
2356 2695 2455 2749 sibi
2484 2708 2586 2747 non
2615 2707 2889 2762 superesse
2921 2694 3225 2746 secundam.

1752 2785 1994 2839 Succedit
2023 2786 2223 2853 captiva
2253 2785 2460 2846 cohors,
2491 2798 2603 2851 quae
2633 2783 2822 2836 fercula
2851 2783 2992 2851 gazis

1753 2875 1874 2928 Fert
1899 2883 2111 2928 onerata
2139 2874 2246 2926 suis
2269 2891 2282 2926 :
2303 2873 2430 2926 ebur
2451 2872 2557 2935 hic,
2583 2872 2936 2938 hebenusque,
2961 2870 3040 2923 vcl
3065 2883 3271 2932 aurum,

1754 2964 1816 3016 Et
1847 2963 2012 3016 niveae
2041 2962 2189 3029 piceo
2225 2969 2386 3027 rapta:
2415 2960 2480 3013 de
2509 2967 2720 3027 pectore
2750 2960 2921 3012 bacca:

1753 3053 1907 3122 391
1957 3051 2265 3112 Gestantur;
2308 3050 2599 3117 quicunque
2639 3048 2765 3101 nihil
2804 3055 3060 3101 sustentat
3096 3045 3292 3106 odoris,

1673 3121 1716 3182 (ἶ
1750 3121 1965 3199 Mittitur
1991 3142 2044 3196 in
2064 3154 2249 3198 nexus.
2280 3141 2464 3195 Videas
2487 3139 2571 3194 hic
2597 3140 2704 3206 ipsa
2731 3139 2934 3206 placere

1755 3236 2042 3301 Supplicia,
2080 3243 2133 3288 et
2160 3233 2353 3286 virides
2384 3231 2534 3285 violis
2564 3230 2742 3282 halare
2767 3238 2997 3282 catenas.

1748 3324 1940 3377 Ultima
1967 3322 2230 3389 nigrantes
2259 3319 2501 3373 incedunt
2524 3318 2698 3384 praeda
2730 3317 3011 3382 elephanti.

1749 3413 1988 3469 Informis
2014 3413 2096 3466 cui
2125 3411 2289 3466 forma
2319 3413 2491 3479 gregi;
2530 3411 2662 3477 riget
2692 3406 2892 3476 hiSpida
2923 3409 3082 3462 dorso

1757 3505 1846 3557 Vix
1875 3502 2071 3563 ferrum
2101 3515 2313 3569 passura
2341 3501 2474 3555 cutis
2505 3517 2518 3552 :
2552 3499 2741 3568 quipp'e
2763 3497 2995 3566 improba
3025 3505 3220 3550 cratem

1751 3593 1984 3646 Nativam
2012 3606 2108 3645 nec
2136 3590 2237 3644 tela
2268 3590 2464 3654 forant,
2497 3598 2763 3641 contracta
2792 3587 3016 3640 vicissim

1752 3682 2026 3749 Tensaque
2056 3689 2196 3747 terga
2225 3678 2348 3731 feris
2373 3676 2651 3743 crepitant,
2678 3688 2876 3740 usuque
2905 3673 3121 3726 cavendi

1753 3771 1958 3825 I‘cllunt
1981 3768 2212 3822 excussis
2243 3766 2520 3832 impactum
2561 3764 2755 3817 missile
2783 3763 2945 3831 rugis.

1819 3850 2036 3923 Jamque
2067 3857 2163 3907 iter
2191 3855 2253 3907 ad
2281 3854 2485 3906 Thebas
2515 3867 2606 3920 per
2635 3867 2878 3919 maguum
2915 3851 3082 3904 victor
3110 3851 3291 3918 agebat

1751 3951 1908 4014 Aera,
1939 3957 1994 4003 et
2019 3947 2084 4000 ad
2109 3962 2341 4001 summas
2366 3960 2612 4002 erexerat
2641 3949 2780 4015 orgia
2809 3947 2972 3999 nubes
3000 3965 3012 3998 :

1750 4038 1879 4092 Cum
1909 4038 2049 4092 videt
2078 4038 2241 4092 Aonia
2270 4037 2559 4090 venientem
2591 4037 2771 4089 Delion
2803 4050 2940 4089 arce.

1753 4129 1954 4197 Grypas
1983 4136 2033 4181 et
2064 4127 2175 4195 ipse
2205 4133 2345 4179 tenet
2372 4142 2385 4178 :
2420 4126 2592 4178 vultus
2620 4125 2700 4178 his
2728 4125 2901 4177 laurea
2932 4138 3119 4178 curVos

1752 4217 1957 4269 Fronde
1988 4217 2157 4279 lupata
2188 4215 2369 4281 ligant,
2397 4213 2602 4265 hederis
2632 4228 2836 4278 quoque
2859 4213 3221 4280 circumplexis

1752 4302 1978 4362 Pendula
2001 4302 2110 4354 lora
2133 4301 2334 4362 virent;
2365 4300 2554 4352 sensim
2584 4299 2690 4351 fera
2717 4299 2953 4350 subvolat
2977 4298 3084 4352 ales

1753 4396 1934 4450 Aerias
1965 4404 2215 4461 terraeque
2245 4393 2374 4455 vias,
2399 4406 2463 4445 ne
2489 4391 2621 4443 forte
2647 4390 2804 4443 citato

1753 4486 1961 4538 Alarum
1985 4483 2202 4548 strepitu
2225 4481 2449 4547 lignosas
2474 4478 2674 4546 frangat
2694 4478 2943 4535 habenas.

1753 4573 2022 4626 Aiternum
2051 4571 2176 4622 nitet
2209 4570 2317 4635 ipse
2345 4582 2502 4634 genas
2534 4583 2547 4618 :
2579 4581 2791 4618 crevere
2820 4565 3083 4632 corymbis

1753 4666 2004 4731 Tempora
2027 4703 2039 4726 ,
2070 4670 2123 4713 et
2149 4669 2381 4711 auratum
2412 4659 2568 4710 verrit
2596 4672 2744 4709 coma
2770 4657 3014 4707 concolor
3046 4671 3213 4707 axem.

1753 4752 1900 4803 Laeva
1928 4761 2072 4817 parte
2101 4757 2237 4800 tenet
2266 4755 2406 4798 vasta
2431 4746 2702 4798 dulcedine
2731 4759 2937 4796 raucam

1753 4837 1947 4890 tjzclato
1973 4835 2190 4889 Pithone
2217 4835 2403 4903 lyram,
2433 4847 2550 4901 pars
2580 4833 2758 4886 dextra
2783 4831 2995 4900 sagittas

1750 5005 1832 5058 cul
1858 5004 1923 5056 ab
1950 5005 2090 5058 illius
2120 5015 2168 5058 et
2208 5004 2482 5059 Garumna:
2512 5004 2910 5057 conﬂuentibus.
2962 5003 3031 5055 De
3072 5003 3284 5054 Leontio

1755 5087 1924 5126 autem
1947 5113 1960 5134 ,
1995 5077 2044 5125 in
2075 5075 2219 5140 cujus
2250 5077 2464 5139 gratiam
2499 5075 2604 5123 hare
2634 5073 2876 5137 scripsit,
2909 5071 3100 5140 dictum
3121 5071 3281 5140 epist.

1755 5145 1809 5194 il
1839 5153 1889 5194 et
1917 5143 1979 5194 12
2003 5143 2090 5194 lib.
2117 5139 2222 5194 vm.
2250 5145 2395 5207 Burgi
2421 5143 2561 5192 vocis
2589 5141 2761 5190 Grmca
2789 5148 2865 5190 est
2892 5139 3282 5204 origo.G|os.-a-

1752 5212 1881 5262 rium
1915 5220 2059 5283 vetus
2093 5229 2102 5261 :
2136 5211 2355 5283 Ιι-ᾇργος,
2388 5211 2563 5271 turris,
2597 5209 2799 5283 burgus.
2837 5207 2954 5259 lude
2986 5210 3169 5283 hurgos
3196 5223 3284 5283 vo-

1751 5289 1933 5328 carunt
1983 5276 2218 5330 liomani'
2247 5276 2411 5330 iurres
2459 5293 2547 5328 seu
2579 5278 2754 5327 turrita
2809 5276 3190 5339 propugnacula
3232 5278 3280 5327 in

1752 5346 1998 5398 limitibus
2025 5349 2321 5398 constituta.
2349 5348 2424 5399 Ah
2454 5346 2530 5398 his
2565 5358 2733 5410 porro,
2760 5345 2944 5395 similia
2974 5359 3139 5394 orum.)
3172 5359 3282 5393 nm-

1752 5415 1935 5466 uitiora
1959 5418 2068 5466 loca
2094 5417 2366 5481 burgorum
2391 5429 2592 5481 quoque
2620 5427 2802 5465 nomen
2834 5413 3076 5464 tulerunt.
3107 5410 3282 5481 Nequa

1752 5483 1882 5536 ratio
1910 5483 2006 5532 alia
2037 5479 2340 5547 requirenda
2369 5479 2457 5534 cur
2483 5479 2548 5534 ita
2583 5483 2804 5548 Burgum
2836 5494 2979 5531 suam
3011 5479 3279 5544 appellarit

1755 5553 1964 5604 l‘ontius
1994 5551 2238 5601 Paulinus
2281 5552 2551 5615 conditor,
2593 5564 2708 5604 cum
2753 5551 2881 5601 hanc
2908 5548 3068 5614 ἱρε-ιηι
3102 5549 3282 5614 prodat

1756 5630 1856 5676 tota
1887 5621 1996 5686 CILI?
2028 5619 2324 5686 descriptio.
3128 5643 3133 5646 -
