3818 6226
594 355 690 408 727
1004 298 1008 308 ’
1354 414 1358 419 ,
1817 345 2051 403 ΞΙΒΟΝΙΙ
2091 304 2533 404 ΑροιιιΝᾸιιιε
3672 326 3770 405 mf

588 464 860 528 Continet,
889 470 1042 531 atque
1079 461 1177 515 alio
1215 469 1516 514 resonantes
1543 468 1810 511 murmure
1837 466 2045 508 nervos.
2143 454 2193 511 Δ
2217 453 2426 523 Incipit;
2465 462 2519 510 at
2546 457 2724 512 fractis
2747 459 2939 514 saliens
2963 474 2994 517 e
3012 461 3248 516 cautibus
3275 461 3441 516 altum

590 555 736 607 Ibant
765 552 1074 619 Pimpliades
1102 550 1313 618 pariter,
1342 548 1673 615 mediumque
1700 557 1904 598 noveno
2224 542 2495 596 Excutitur
2519 552 2745 610 torrens,
2787 547 3016 615 ipsisque
3042 550 3313 620 aspergine
3341 547 3496 606 tectis

588 641 1043 696 Circumsistentes
1071 639 1380 692 umbrabant
1411 644 1640 705 syrmate
1669 644 1904 686 currum.
2223 626 2448 696 lmpluit,
2479 645 2541 684 ac
2571 633 2703 686 tollit
2730 645 2930 702 nautas,
2962 646 3016 690 et
3038 652 3178 707 saepe
3200 640 3382 706 iocoso

588 731 783 782 Pendet
813 742 905 796 per
933 736 1122 780 teretes
1152 726 1381 792 tripodas
1409 721 1719 790 Epidaurius
1746 718 1953 788 anguis,
2223 717 2376 771 Ludit
2405 721 2700 790 naufragio;
2730 740 2846 778 nam
2876 733 3185 796 tempestate
3201 737 3411 796 peracta

588 818 812 871 Diﬂ'usus
836 823 1072 869 sanctum
1099 829 1190 883 per
1208 813 1340 866 colla
1366 810 1591 864 salubria
1615 812 1779 861 virus.
2225 805 2467 861 Destituit
2494 811 2718 865 reﬂuens
2745 815 2930 868 missas
2955 817 3008 870 in
3038 818 3221 871 balnea
3247 819 3461 874 classes.

587 916 609 940 -
640 905 736 962 llic
762 914 813 958 et
841 903 1112 957 crinisatas
1129 891 1374 970 iungebat
1397 899 1622 967 Pegasus
1645 897 1776 959 alas,
2225 895 2334 960 Ipsa
2360 905 2531 950 autem
2557 901 2782 966 quantis,
2807 903 2994 968 quibus
3016 912 3104 956 aut
3124 913 3244 957 sunt
3272 902 3395 957 fulta
3427 903 3716 958 columnis?

586 991 808 1045 Portans
831 991 1126 1058 doetiloquo
1154 988 1428 1043 facundum
1454 1001 1605 1040 crure
1630 983 1929 1039 Creontem.
2221 981 2381 1034 Cedat
2409 985 2625 1049 puniceo
2655 988 2908 1052 pretiosus
2932 989 3060 1042 livor
3086 991 3138 1042 in
3167 999 3316 1044 antro

657 1080 724 1133 Ut
750 1093 866 1133 sese
885 1079 1105 1147 junxere
1131 1077 1278 1132 chori
1301 1119 1314 1143 ,
1346 1074 1610 1144 consurgit
1631 1084 1850 1140 uterque
2221 1070 2509 1140 Synnados,
2539 1085 2590 1127 et
2618 1076 2906 1131 Numadum
2937 1080 3024 1147 qui
3053 1088 3222 1148 portat
3248 1080 3478 1134 eburnea
3510 1094 3637 1133 saxa

588 1167 781 1222 Fratris
812 1169 860 1220 in
892 1167 1194 1236 amplexus;
1236 1164 1328 1218 sed
1359 1164 1512 1231 paulo
1541 1161 1748 1229 segnior
1773 1154 1949 1222 Evan,
2219 1158 2410 1227 Collis,
2433 1172 2486 1217 et
2515 1164 2751 1219 herbosis
2777 1181 2892 1234 quae
2917 1176 3135 1221 vernant
3169 1182 3428 1221 marmora
3449 1169 3620 1222 venis.

587 1261 742 1329 392
760 1262 884 1313 Dum
910 1259 1068 1328 pudet
1086 1250 1878 1320 instabiles,sisurgat,prodere
1894 1248 2121 1317 plantas.
2221 1249 2540 1306 Candentem
2559 1253 2665 1319 jam
2696 1255 2816 1307 nolo
2845 1254 3033 1321 Paron,
3056 1255 3162 1323 jam
3189 1256 3310 1309 nolo
3333 1255 3618 1326 Caryston.

586 1352 718 1402 Tum
745 1349 972 1402 thbns
1001 1363 1014 1397 :
1045 1346 1158 1411 Quo
1182 1343 1389 1412 pergis?
1425 1342 1497 1396 ait
1526 1358 1538 1392 :
1567 1354 1689 1394 num
1718 1338 1849 1392 forte
1875 1345 2121 1390 nocentes
2226 1336 2388 1392 Vilior
2413 1349 2493 1393 est
2513 1341 2671 1394 rubro
2699 1358 2812 1409 quae
2841 1343 3030 1410 pendet
3061 1359 3283 1411 purpura
3311 1359 3462 1398 saxo.

3758 2447 3760 2454 ι

3761 3131 3764 3142 I

3758 3301 3764 3312 v

3759 3391 3764 3404 Ι

588 1439 792 1491 Bacche
823 1438 953 1504 petis
981 1435 1219 1488 Thebas?
1260 1443 1308 1485 te
1336 1440 1510 1486 cretus
1538 1429 1769 1482 Echione
1797 1439 1984 1492 nempe
2222 1426 2284 1479 Et
2305 1440 2369 1479 ne
2391 1429 2662 1494 posteritas
2684 1429 2902 1494 dubitet,
2934 1432 3048 1499 quis
3073 1431 3310 1485 conditor
3336 1440 3544 1497 exstet,

589 1525 824 1591 Abnegat
851 1538 966 1576 esse
993 1520 1371 1588 deum;linque
1399 1520 1480 1583 iis,
1497 1531 1638 1586 rogo,
1666 1517 1880 1584 mmnia,
1907 1515 2113 1582 linque;
2221 1513 2376 1568 Fixus
2401 1516 2449 1568 in
2479 1517 2692 1570 introitu
2722 1518 2852 1586 lapis
2880 1528 2958 1573 est
2987 1536 3000 1568 :
3033 1519 3118 1573 hic
3145 1521 3348 1573 numina
3372 1522 3549 1585 signat

591 1613 658 1666 Et
682 1627 882 1666 mecum
911 1625 1056 1679 mage
1080 1611 1231 1663 ﬂecte
1255 1619 1427 1671 rotas;
1461 1608 1696 1676 despexit
1722 1608 1898 1674 Agave
2218 1601 2528 1669 Auctorum;
2558 1605 2648 1658 sed
2678 1616 2891 1674 propter
2915 1622 3066 1676 aqua,
3098 1608 3381 1676 et-vcstigia
3409 1621 3592 1675 pressa

588 1702 662 1755 Te
687 1703 881 1766 colere,
905 1711 956 1754 ct
985 1707 1188 1754 nosmet
1215 1698 1414 1762 Niobe;
1446 1698 1578 1765 riget
1600 1694 1722 1748 inde
1746 1693 2049 1763 superbum,
2218 1691 2377 1760 39h
2403 1693 2529 1756 Quae
2557 1695 2721 1761 rapit,
2747 1705 2793 1749 et
2822 1695 2936 1749 fuso
2964 1696 3196 1765 deterget
3221 1697 3422 1764 gurgite
3452 1710 3664 1750 caenum
3690 1713 3704 1750 :

587 1788 812 1843 Vulnera
843 1799 916 1841 tot
949 1788 1179 1855 patiens,
1209 1795 1336 1854 quot
1355 1794 1554 1853 spectat
1577 1785 1794 1853 pignora
1818 1785 2043 1842 ventris.
2146 1771 2194 1831 Β
2218 1781 2489 1836 Sectilibus
2515 1784 2683 1850 paries
2711 1784 2899 1839 tabulis
2927 1795 3188 1839 crustatus
3207 1785 3270 1838 ad
3300 1801 3460 1840 aurea

587 1878 968 1944 Optantemque
988 1877 1117 1929 mori
1145 1874 1353 1942 gravius
1380 1865 1649 1928 clementia
1677 1872 1811 1926 ﬂxit.
2221 1871 2377 1924 Tecta
2404 1873 2564 1936 venit,
2587 1873 2727 1929 fulvo
2756 1875 2909 1930 nimis
2930 1876 3290 1931 abscondenda
3315 1877 3556 1931 metallo.

587 1965 807 2019 Parcere
832 1980 972 2033 saepe
999 1964 1194 2018 malum
1221 1972 1337 2027 est,
1367 1976 1683 2028 sensumque
1712 1961 1904 2015 inferre
1931 1959 2118 2015 dolori.
2221 1959 2346 2013 Nam
2371 1960 2597 2029 locuples
2625 1962 2825 2018 fortuna
2849 1963 3034 2019 domus
3063 1980 3164 2020 non
3198 1980 3346 2034 passa
3369 1967 3543 2020 latere
3564 2008 3582 2033 ,

585 2052 700 2120 Ipsa
729 2062 902 2106 autem
932 2061 1054 2104 nato
1082 2051 1255 2104 occiso
1285 2049 1533 2104 Pentheia
1574 2057 1742 2101 mater
2221 2048 2432 2102 Divitias
2458 2051 2625 2118 prodit
2646 2067 2762 2106 cum
2789 2053 2865 2108 sic
2891 2067 2982 2108 sua
3010 2055 3234 2108 culmina
3263 2055 3420 2109 celat.

586 2135 827 2211 Amplius
862 2150 919 2194 ut
946 2141 1130 2204 furiat,
1163 2139 1394 2207 nunquid
1423 2153 1609 2192 vesana
1638 2137 1805 2190 futura
1833 2136 1947 2190 est?
2289 2137 2409 2190 llaec
2433 2148 2548 2206 post
2570 2141 2812 2210 assurgit,
2848 2141 3216 2211 duplicemque
3241 2141 3720 2210 supervenitadeu
3758 2135 3770 2212 Ξ

586 2232 722 2299 Ergo
751 2245 846 2284 nec
871 2230 1066 2284 Aonios
1094 2228 1254 2282 colles
1282 2227 1513 2283 habitare
1538 2227 1806 2290 valemus,
2218 2225 2470 2293 Porticus,
2500 2229 2608 2294 ipsa
2649 2228 2861 2296 duplex,
2904 2231 3094 2298 duplici
3137 2245 3241 2283 non
3267 2231 3472 2299 cognita
3505 2231 3722 2298 plaustro

586 2321 716 2376 Cum
744 2323 904 2391 patris
928 2323 1165 2377 exstincti
1194 2322 1432 2375 thalamis
1461 2323 1685 2389 potietur
1704 2321 1942 2382 adulter,
2217 2311 2442 2376 Quai'llm
2471 2328 2623 2367 unam
2652 2316 2793 2369 moui
2822 2317 3126 2371 subductam
3149 2318 3343 2372 vertice
3369 2332 3549 2372 curvat

587 2412 768 2464 Frater
801 2420 1036 2464 natorum
1055 2451 1070 2476 ,
1101 2412 1291 2477 coniux
1323 2410 1591 2479 genitricis
1621 2408 1890 2460 habendus
1909 2446 1924 2471 ,
2046 2458 2056 2468 ,
2216 2407 2458 2460 Obversis
2480 2408 2689 2475 paulum
2717 2418 3012 2476 respectant
3039 2411 3286 2464 cornibus
3315 2413 3434 2466 alte.

586 2500 811 2554 Vitricus
833 2501 940 2567 ipse
967 2515 1111 2554 suus.
1137 2498 1296 2552 Cordi
1325 2507 1404 2552 est
1429 2499 1472 2551 si
1490 2498 1709 2565 iungere
1734 2511 1969 2564 gressum
1996 2535 2010 2559 ,
2217 2493 2328 2560 Ipsa
2359 2493 2493 2547 diem
2517 2504 2692 2548 natum
2715 2497 2885 2550 cernit
2913 2497 3204 2552 sinuamine
3230 2498 3440 2562 dextro,

585 2587 782 2650 Dicam,
811 2601 909 2652 qua
939 2587 1134 2652 pariter
1159 2585 1335 2638 sedem
1368 2585 1556 2638 tellure
1582 2583 1838 2636 locemus.
2217 2579 2406 2634 Fronte
2432 2582 2611 2636 videns
2636 2584 2884 2648 medium,
2915 2584 3044 2638 laevo
3077 2586 3250 2638 visura
3273 2586 3575 2639 cadentem.

649 2673 678 2711 ι’
718 2673 810 2726 Est
834 2673 998 2736 locus,
1028 2673 1215 2739 irrigua
1242 2687 1340 2740 qua
1367 2687 1497 2740 rupe
1522 2669 1784 2724 Garumna
1810 2677 2005 2732 rotate,
2214 2668 2326 2721 Non
2357 2669 2522 2736 perdit
2549 2670 2824 2739 quidquam
2856 2672 2989 2726 trino
3014 2673 3078 2726 de
3101 2673 3312 2728 cardine
3355 2675 3511 2738 caeli,

585 2761 648 2814 Et
669 2771 742 2827 tu,
778 2761 864 2828 qui
887 2760 1041 2813 simili
1069 2760 1286 2814 festinus
1307 2761 1358 2813 in
1391 2775 1598 2829 arquora
1618 2759 1766 2827 lapsu
2215 2758 2278 2810 Et
2301 2766 2467 2811 totum
2495 2759 2656 2812 solem
2685 2759 2855 2813 lunata
2888 2776 2979 2829 per
2998 2764 3126 2816 atria
3155 2772 3351 2817 servat.

580 2849 734 2912 Exis,
758 2857 967 2901 curvata
995 2847 1186 2901 Durani
1211 2863 1446 2904 muscose
1474 2849 1688 2903 saburra
1709 2886 1726 2912 ,
2213 2848 2371 2903 Sacra
2399 2848 2704 2903 tridentiferi
2735 2849 2879 2903 lovis
2908 2850 2994 2905 hic
3019 2862 3252 2906 armenta
3281 2851 3550 2921 profundo

580 2936 696 2991 Jam
726 2937 1077 3004 pigrescentes
1101 2937 1292 2990 sensim
1321 2937 1636 3006 confunditis
1656 2948 1860 2989 amnes.
2215 2935 2495 2990 Pharnacis
2514 2936 2770 3005 immergit
2791 2937 3023 3006 genitor;
3060 2953 3303 3007 percussa
3332 2943 3508 2993 securi

581 3026 755 3079 Currit
779 3029 830 3078 in
857 3027 1130 3079 adversum
1156 3026 1241 3080 hie
1265 3038 1452 3094 pontus
1471 3071 1484 3094 ,
1510 3029 1778 3094 multoque
1803 3041 2016 3080 recursu
2144 3087 2180 3096 _
2214 3025 2439 3092 Corpora
2459 3027 2817 3095 cornipedum,
2838 3035 3112 3095 certasque
3138 3027 3416 3082 rubescere
3441 3027 3622 3096 plagas

578 3113 813 3165 Flumina
842 3125 970 3179 quas
993 3113 1220 3177 volvunt,
1253 3087 1307 3166 et
1333 3087 1530 3180 Spernit
1556 3123 1608 3168 et
1628 3087 2034 3183 expeditundas.
2136 3087 2181 3148 (ἶ
2210 3087 2505 3184 Sanguinco
2528 3117 2592 3171 de
2607 3087 2733 3172 rore
2761 3087 2945 3187 putes;
2975 3087 3078 3172 stat
3105 3118 3339 3196 vulneris
3368 3087 3565 3172 horror

577 3201 643 3253 At
666 3213 783 3252 cum
816 3210 1106 3252 summotus
1136 3200 1398 3255 lunaribus
1428 3201 1762 3258 incrementis
2206 3202 2394 3268 Verus,
2422 3212 2475 3257 et
2495 3204 2682 3257 occisis
2703 3205 2826 3258 vivit
2855 3205 3053 3272 pictura
3077 3205 3364 3274 quadrigis.

577 3285 692 3353 Ipse
713 3286 971 3340 Garumna
998 3302 1119 3341 suos
1149 3288 1198 3341 in
1220 3289 1371 3343 dorsa
1402 3289 1651 3359 recolligit
1681 3299 1860 3354 aestus,
2207 3292 2451 3345 Ponticus
2479 3293 2600 3346 hinc
2628 3303 2798 3346 rector
2828 3294 3121 3347 numerosis
3149 3292 3374 3362 Cyzicon
3413 3294 3584 3346 armis

578 3373 1015 3443 Precipitiﬂuctu
1043 3377 1226 3442 raptim
1258 3377 1423 3443 redit,
1453 3390 1606 3446 atque
1628 3377 1834 3432 videtur
2202 3379 2436 3443 Claudit;
2468 3389 2520 3433 at
2546 3381 2666 3433 hinc
2686 3381 2840 3456 sociis
2863 3381 3044 3433 consul
3070 3380 3317 3435 Lucullus
3342 3395 3502 3449 opem
3528 3370 3641 3445 fert,

579 3460 634 3513 ln
658 3461 848 3514 fontem
871 3462 978 3527 jam
1017 3477 1118 3514 non
1143 3465 1354 3527 reﬂuus,
1387 3465 1476 3516 sed
1506 3465 1707 3519 deﬂuus
1734 3467 1829 3520 ire.
2023 3458 2029 3464 ’
2203 3467 2618 3536 Compulsusque
2647 3469 2796 3521 lamis
2825 3469 3125 3523 discrimina
3160 3483 3363 3525 summa
3391 3471 3608 3534 subire.

576 3551 708 3602 Tum
740 3549 920 3614 recipit
943 3551 1168 3611 laticem,
1197 3552 1432 3617 quamvis
1458 3553 1629 3604 minor
1655 3553 1772 3616 ille,
1799 3551 2001 3608 minore
2204 3557 2403 3613 Invidet
2427 3557 2640 3609 obsesso
2665 3556 2812 3610 miles
2842 3556 3218 3612 Mithridaticus
3247 3558 3399 3612 hosti.

576 3636 849 3702 Stagnanti
886 3636 951 3688 de
974 3634 1129 3688 fratre
1154 3650 1325 3704 suum,
1349 3637 1595 3705 turgescit
1618 3646 1669 3691 et
1692 3636 1804 3705 ipse
2203 3644 2392 3698 Enatat
2415 3645 2500 3697 hic
2517 3644 2724 3711 pelagus
2750 3643 2966 3697 Romani
2997 3645 3174 3698 militis
3200 3647 3376 3711 ardor,
3410 3665 3420 3679 ι

581 3716 810 3801 ροθεηο,
838 3719 1172 3786 propriasque
1199 3721 1320 3774 facit
1348 3724 1445 3777 sibi
1471 3725 1639 3779 littora
1663 3730 1820 3797 ripas.
2202 3733 2265 3786 Et
2287 3733 2520 3787 chartam
2550 3733 2756 3785 madido
2789 3742 3107 3801 transportat
3135 3747 3355 3801 corpore
3380 3735 3603 3787 siccam.

579 3799 687 3890 {505
711 3801 844 3854 ίηῑετ
867 3804 1078 3870 Πυνίβδν
1107 3807 1194 3864 uni
1225 3824 1370 3879 mage
1397 3816 1664 3882 proximus
1694 3819 1827 3872 unde
1854 3830 1935 3874 est
2203 3821 2430 3890 Desuper
2460 3822 2509 3875 in
2538 3822 2746 3890 longum
2783 3799 3035 3889 porrectis
3056 3799 3242 3876 horrea
3275 3823 3424 3875 tectis

577 3888 731 3978 393
755 3889 968 3944 Ethera
1002 3908 1150 3947 mons
1177 3912 1445 3966 rumpens,
1477 3905 1577 3955 alta
1599 3906 1897 3971 spectabilis
1924 3923 2064 3976 arce,
2199 3888 2475 3974 Crescunt,
2504 3888 2658 3978 atque
2689 3888 2870 3977 amplis
2898 3918 3177 3978 angustant
3205 3909 3466 3965 fructibus
3498 3910 3637 3964 aedes

577 3976 700 4030 Plus
728 3981 895 4033 celsos
920 3983 1189 4038 habiturus
1220 3987 1395 4051 heros,
1435 4005 1748 4059 vernamque
1775 4005 2030 4052 senatum.
2200 3997 2311 4051 lluc
2335 3999 2508 4051 veniet
2534 3976 2713 4052 calidis
2739 3976 2988 4065 quantum
3013 3999 3160 4051 metit
3183 3999 3354 4051 Africa
3380 3998 3544 4052 terris
3562 4038 3579 4062 .

575 4067 737 4130 Quem
766 4071 968 4136 generis
993 4072 1231 4140 princeps
1254 4074 1498 4130 Paulinus
1524 4069 1736 4134 Pontius
1758 4084 1901 4148 olim,
2199 4086 2458 4150 Quantum
2473 4086 2553 4139 vel
2575 4085 2820 4152 Calaber,
2843 4094 3088 4152 quantum
3118 4086 3244 4139 colit
3270 4085 3471 4153 Apulus
3499 4101 3641 4152 acer,

573 4153 698 4242 Cum
723 4154 898 4208 Latius
928 4159 1107 4225 patriae
1133 4161 1482 4217 dominabitur
1508 4205 1521 4228 ,
1542 4168 1728 4220 ambiet
1754 4171 1873 4224 aliis
2199 4172 2399 4238 Quanta
2426 4172 2679 4227 Leontino
2703 4173 2947 4242 turgescit
2969 4173 3152 4226 messis
3180 4187 3390 4238 acervo,

571 4240 843 4330 hloenibus,
871 4254 921 4296 et
941 4247 1092 4298 celsa:
1116 4250 1464 4303 transmittent
1483 4265 1598 4304 aera
1624 4263 1811 4308 turres.
2197 4262 2456 4323 Quantum
2487 4260 2759 4328 Mygdonio
2779 4240 3108 4314 committunt
3135 4261 3364 4330 Gargara
3393 4263 3580 4326 sulco.

573 4327 798 4390 Quarum
829 4334 1140 4388 culminibus
1163 4337 1377 4389 sedeant
1405 4353 1680 4393 commune
1709 4344 1959 4400 micantes
2127 4402 2173 4418 λ
2201 4349 2355 4418 395
2383 4327 2663 4413 Quantum,
2689 4363 2805 4415 quae
2831 4348 2998 4400 tacitis
3012 4327 3262 4401 Cererem
3274 4347 3724 4402 venerataclaoreis

571 4417 785 4482 Pompa,
818 4417 899 4469 vel
937 4420 1219 4482 auxilium;
1252 4433 1356 4472 non
1386 4419 1501 4472 illos
1532 4421 1766 4474 machina
1792 4438 1968 4478 muros
2126 4402 2178 4460 Ῑ)
2202 4402 2370 4486 Et:an
2393 4402 2719 4502 "l‘riptolemo'
2742 4434 2841 4486 civi
2869 4434 3122 4487 condebat
3144 4433 3355 4488 Eleusin
3378 4474 3396 4500 ,

569 4505 682 4557 Non
713 4507 866 4569 aries,
897 4523 997 4559 non
1023 4509 1122 4560 alta
1153 4518 1351 4575 strues,
1377 4511 1458 4564 vel
1492 4513 1756 4578 proximus
1781 4528 1956 4582 agger,
2202 4519 2330 4573 Cum
2357 4522 2558 4588 populis
2581 4521 2845 4575 hominum
2876 4523 3116 4589 glandem
3141 4523 3498 4592 linquentibus
3522 4522 3643 4580 olim

567 4593 681 4646 Non
711 4608 825 4659 qua:
864 4595 1141 4649 stridentes
1170 4607 1372 4665 torquet
1394 4601 1648 4668 catapulta
1679 4603 1924 4669 molares,
2202 4610 2358 4662 Fulva
2389 4609 2534 4677 fruge
2558 4611 2671 4662 dati
2694 4612 2800 4677 jam
2830 4612 3021 4664 saecula
3050 4612 3192 4666 fulva
3223 4612 3462 4680 perirent

568 4683 670 4736 Sed
697 4697 789 4735 nec
822 4685 1044 4748 testudo,
1075 4701 1169 4738 nec
1198 4689 1364 4752 vinea,
1396 4705 1492 4743 nec
1513 4701 1622 4742 rota
1651 4706 1887 4760 currens,
2271 4701 2505 4754 Porticus
2535 4702 2597 4754 ad
2627 4703 2826 4769 gelidos
2856 4712 2998 4770 patet
3029 4704 3149 4757 hinc
3174 4704 3357 4757 :rstiva
3387 4705 3610 4761 trionu.

565 4771 678 4824 Jam
710 4772 890 4838 positis
915 4772 1064 4824 scalis
1093 4789 1312 4838 unquam
1337 4790 1582 4842 quassare
1613 4781 1880 4834 valebunt.

2200 4791 2326 4844 llinc
2350 4792 2492 4844 calor
2516 4792 2769 4844 innocuus
2797 4791 3012 4845 thermis
3041 4791 3350 4847 hiemalibus
3376 4795 3511 4860 exit,

633 4862 862 4915 Cernere
882 4861 988 4927 jam
1013 4862 1189 4914 videor
1215 4879 1329 4930 quae
1359 4868 1460 4917 sint
1486 4867 1598 4928 tibi,
1625 4869 1810 4936 Burge,
1837 4873 2022 4926 futura.
2200 4881 2365 4948 Atque
2394 4881 2565 4933 locum
2599 4889 2799 4947 tempus
2827 4881 3024 4944 mouit;
3053 4880 3244 4948 quippe
3274 4862 3359 4935 illa
3387 4881 3557 4950 rigori

565 4951 762 5003 Diceris
790 4950 897 5013 sic;
930 4964 1150 5018 namque
1179 4951 1362 5004 domus
1383 4953 1447 5006 de
1471 4954 1682 5009 ﬂumine
1713 4970 1956 5026 surgunt,
2203 4969 2324 5020 pars
2348 4977 2427 5020 est
2455 4977 2570 5034 apta
2598 4969 2792 5035 magis;
2825 4980 2940 5018 nam
2973 4967 3108 5034 quod
3136 4967 3265 5035 fugit
3293 4982 3388 5021 ora
3411 4969 3614 5032 leonis;

564 5042 1004 5108 Splendentesque
1037 5042 1217 5094 sedent
1250 5057 1342 5109 per
1371 5048 1751 5111 propugnacula
1783 5051 2020 5103 thermze.
2203 5057 2322 5110 Inde
2345 5057 2616 5122 Lycaoniae
2645 5057 2840 5108 rabiem
2870 5056 3003 5110 male
3028 5057 3250 5109 sustinet
3273 5071 3436 5112 ursas.

566 5126 657 5177 llic
679 5145 795 5181 eum
823 5141 1036 5182 vexatur
1069 5130 1224 5197 piceis
1257 5131 1585 5196 aquilonibus
1610 5143 1786 5198 aestus,
2203 5146 2348 5194 Areis
2371 5155 2421 5195 at
2443 5146 2492 5195 itt
2518 5145 2747 5195 thermas
2770 5144 2919 5210 longe
2951 5144 3094 5196 venit
3122 5143 3276 5196 altior
3296 5143 3497 5209 amnis,

567 5217 822 5283 Scrttpeus
848 5229 1050 5285 asprata
1084 5221 1269 5272 latrare
1305 5220 1566 5286 crepidine
1598 5235 1783 5287 pumex
2204 5234 2264 5285 Et
2284 5234 2420 5285 cadit
2445 5234 2494 5285 in
2523 5244 2772 5298 montem,
2802 5233 3093 5302 patulisque
3117 5232 3388 5286 canalibus
3402 5241 3576 5302 actus,

634 5367 1034 5455 “nl’tectiuslalii,
1069 5372 1163 5455 Iiic
1196 5383 1237 5423 et
1266 5373 1524 5423 crinisatas
1556 5389 1573 5425 :
1603 5384 1841 5442 tanquam
1873 5393 1932 5431 ex
1969 5381 2091 5446 ipsis
2196 5389 2334 5448 sive,
2366 5399 2418 5440 ut
2462 5387 2741 5455 Gregorius
2787 5386 2849 5439 ad
2899 5386 3222 5455 hodiernum
3248 5385 3361 5455 fere
3401 5399 3596 5441 eoum
3632 5381 3712 5455 ﬁl}.

568 5429 1188 5524 P"§“j‘gcrf.“if3f1§itam?-
1267 5523 1271 5524 ν
1330 5509 1357 5524 Α
1489 5512 1499 5520 ,
1817 5513 1841 5522 η
1931 5523 1936 5524 ί
2193 5429 2594 5524 miriﬁcum?
2629 5454 3119 5510 Dorononiae.Nunc
3143 5447 3746 5522 enimDordouiatldiﬁ

640 5503 784 5566 155
826 5502 1192 5575 b_'l‘opothesia
1226 5509 1589 5560 conﬂucmium
1639 5511 1842 5562 Duranii
1892 5523 1942 5565 at
1982 5515 2085 5567 Ca-

2309 5502 2594 5524 --.-.-_,_,-_.,
2629 5502 2952 5510 _,.-_.-...---
2979 5502 3116 5508 μμ---
3150 5502 3622 5510 -_-____-___._..__
3649 5502 3675 5506 _

2193 5534 2334 5575 cunt.
3653 5557 3675 5564 _

565 5579 780 5630 turnum,
824 5570 903 5620 ubi
936 5578 1081 5627 sitam
1122 5577 1341 5630 diximus
1383 5577 1603 5646 Burgum
1637 5581 1684 5633 in
1731 5583 1840 5646 ripa
1873 5583 2081 5636 Duranii
