3818 6226
78 308 166 365 τῃ
1505 305 1824 375 CARMINA.

1647 419 1694 476 Α
1729 413 1974 481 Captivos
1999 411 2082 467 hic
2105 412 2253 468 solve
2283 421 2420 479 tuos,
2453 421 2507 466 et
2533 427 2627 480 per
2646 411 2771 481 juga
2802 411 2953 481 Burgi

77 417 366 474 Circumfert
394 416 642 471 clausum
671 429 799 470 cava
828 430 921 485 per
948 415 1173 469 divortia
1198 414 1410 468 ﬂumen.

130 505 409 559 Occiduum
442 505 508 558 ad
540 506 733 568 solem,
759 513 872 572 post
900 504 1105 564 horrea,
1133 503 1295 571 surgit
1323 517 1482 570 Opaca

72 596 180 658 Quae
198 593 428 646 dominis
444 593 671 646 hiberna
691 592 903 653 domus;
933 593 1116 658 strepit
1150 591 1231 642 hic
1247 592 1379 645 bona
1405 591 1612 644 flamma

72 682 326 750 Appositas
357 681 586 749 depasta
623 679 827 744 trabes;
867 681 1066 733 sinuati
1096 679 1306 732 camino

70 773 294 825 Ardentis
324 772 476 839 perit
509 769 650 824 unda
678 770 845 838 globi,
881 769 1149 836 fractoque
1181 768 1388 837 ﬂagello

69 860 254 926 Spargit
286 867 312 895 λ
341 846 614 912 lentatum
640 872 732 926 per
761 858 984 910 culmina
1010 867 1115 910 tota
1145 872 1411 923 vaporem.

69 946 358 1000 Continuata
378 946 582 1000 dehinc
613 946 810 1009 videas,
835 960 950 1014 qua:
978 945 1217 998 conditor
1243 959 1402 999 ausus

68 1036 256 1089 imula
287 1036 553 1090 Palladiis
578 1035 807 1090 textrina
828 1035 1054 1088 educere
1074 1035 1297 1100 templis.

70 1126 155 1179 llac
184 1126 309 1180 celsi
339 1125 616 1193 quondam
638 1125 828 1193 conjux
858 1125 1154 1177 veneranda
1185 1124 1402 1190 Leonti,

68 1214 156 1276 Qua
179 1227 278 1265 non
312 1213 426 1266 ulla
460 1213 630 1281 magis
662 1226 821 1266 nurus
847 1225 1076 1279 unquam
1107 1211 1291 1264 Pontia
1319 1213 1507 1280 gaudet

70 1301 264 1355 lllustris
293 1316 393 1369 pro
417 1311 577 1356 sorte
605 1300 731 1366 viri,
771 1300 1270 1355 celebrabiturmde

70 1391 142 1443 Vel
169 1391 345 1460 Syrias
376 1405 644 1446 vacuasse
671 1391 836 1452 colus,
869 1390 947 1442 vel
979 1390 1144 1444 serica
1181 1389 1266 1442 (ila

70 1477 146 1530 Per
171 1492 365 1531 cannas
388 1479 622 1533 torsisse
648 1479 811 1541 leves,
843 1478 926 1531 vel
949 1477 1170 1530 stamine
1198 1475 1338 1530 fulvo

71 1565 368 1632 Prmguantis
397 1565 511 1620 fusi
542 1566 799 1619 mollitum
826 1580 982 1619 nesse
1007 1566 1298 1618 metallum.

70 1653 334 1708 Parietibus
362 1662 497 1722 post
521 1653 645 1708 hinc
670 1654 846 1707 rutilat
872 1669 988 1722 quae
1011 1653 1248 1706 machina
1276 1653 1473 1721 junctis
1490 1692 1505 1716 ,

71 1741 175 1794 Fert
200 1744 554 1796 recutitorum
579 1740 858 1811 primordia
883 1741 1206 1796 Judazorum.

72 1832 356 1899 Perpetuum
390 1832 602 1900 pictura
635 1831 811 1894 micat,
839 1847 934 1886 nec
965 1841 1200 1899 tempore
1221 1831 1374 1900 longo

76 1922 350 1988 Deprctiata
380 1936 515 1975 suas
540 1928 755 1989 turpant
779 1923 1040 1990 pigmenta
1072 1921 1292 1988 figuras.

75 2008 295 2063 Flecteris
325 2009 392 2062 ad
418 2010 656 2064 laevam?
684 2018 734 2064 te
761 2011 991 2078 porticus
1019 2010 1210 2076 accipit
1234 2012 1407 2076 ampla

75 2100 205 2168 396
231 2099 458 2176 Directis
481 2109 698 2153 curvata
728 2100 855 2164 viis;
884 2099 970 2153 ubi
1001 2100 1235 2165 margine
1263 2113 1466 2151 summo

76 2189 257 2251 tendet,
288 2199 341 2242 et
365 2191 591 2243 arctatis
621 2199 721 2242 stat
748 2203 908 2242 saxea
932 2189 1064 2242 silva
1086 2188 1358 2241 columnis.

79 2278 169 2328 Alta
190 2278 514 2331 volubilibus
542 2287 685 2346 patet
706 2276 837 2332 hinc
855 2277 1082 2332 cmnatio
1111 2277 1293 2330 valvis.

79 2364 233 2417 Fusilis
273 2367 497 2433 euripus
531 2375 773 2434 propter;
804 2366 941 2419 cadit
970 2367 1104 2419 undi
1137 2379 1363 2433 superne

81 2457 188 2507 Ante
211 2454 346 2528 fores
377 2454 651 2523 pendente
673 2454 807 2522 lacu,
839 2469 1127 2522 venamque
1149 2455 1312 2508 secuti

82 2540 253 2595 Undosa
274 2542 560 2596 inveniunt
590 2552 776 2596 nantes
799 2543 1067 2596 cmnacula
1099 2545 1288 2610 pisces.

81 2628 291 2684 Cominus
315 2631 548 2699 erigitur
568 2630 651 2684 vel
676 2631 864 2698 prima,
897 2631 976 2684 vel
1001 2632 1193 2686 extima
1223 2632 1400 2685 turris.

81 2718 187 2773 Mors
211 2722 305 2774 erit
331 2720 420 2774 hic
451 2720 688 2774 dominis
717 2721 990 2775 hibernum
1014 2722 1176 2789 sigma
1208 2722 1408 2786 locare;

81 2807 212 2873 llujus
232 2809 527 2877 conSpicno
551 2809 784 2864 residens
808 2812 858 2863 in
888 2811 1135 2875 culmine,
1166 2825 1325 2879 saepe-

84 2895 298 2951 Dilectum
323 2899 531 2953 nostris
561 2899 722 2952 musis
742 2899 898 2954 simul
926 2909 1082 2968 atque
1102 2900 1320 2968 capellis

84 2985 306 3051 Aspiciam
339 2996 581 3040 montem
615 2985 745 3039 lauri
778 2985 1082 3054 :spatiabor
1109 2989 1159 3039 in
1188 2988 1300 3041 istis

86 3071 372 3140 Fraudibus,
438 3073 532 3126 hic
578 3069 832 3139 trepidam
880 3074 1092 3127 credam
1139 3075 1266 3127 mihi
1317 3074 1532 3127 credere

1217 3162 1528 3231 [Daplmem.

84 3247 169 3300 tarn
187 3251 224 3303 si
250 3249 380 3306 forte
409 3250 611 3319 gradus
635 3251 892 3319 geminam
921 3251 1187 3304 convertis
1215 3251 1278 3302 ad
1299 3251 1491 3303 Arcton
1508 3289 1524 3316 ,

85 3337 132 3390 L’t
154 3342 312 3394 venias
342 3342 394 3395 in
436 3341 632 3409 templa
665 3342 780 3410 dei,
811 3345 900 3410 qui
935 3343 1192 3395 maximus
1218 3342 1303 3395 ille
1329 3354 1408 3394 εει
1441 3358 1454 3394 :

86 3425 255 3482 Deliciis
271 3430 518 3483 redolent
540 3430 734 3497 junctis
758 3432 1010 3498 apotheca
1042 3444 1327 3498 penusque.

85 3512 156 3566 llic
186 3517 364 3570 multus
391 3526 446 3570 tu
479 3517 648 3571 frater
673 3519 782 3572 eris
826 3522 942 3576 Jam
969 3519 1140 3573 divide
1163 3519 1360 3582 sedem,

85 3600 296 3660 Cessurus
319 3607 446 3660 mihi
477 3608 626 3659 fonte
655 3621 795 3668 meo,
821 3623 976 3676 quem
1005 3617 1182 3662 monte
1211 3609 1456 3662 fluentem

87 3687 262 3746 Umbrat
291 3698 607 3751 multicavus
635 3697 861 3764 spatioso
889 3699 1070 3751 circite
1103 3698 1292 3751 fornix.

85 3775 169 3830 Non
188 3792 291 3850 eget
312 3783 397 3837 hic
419 3784 590 3847 cultu,
613 3784 759 3837 dedit
790 3784 909 3837 huic
935 3794 1119 3837 natura
1153 3787 1419 3837 decorem.

85 3863 142 3916 Nil
171 3868 326 3923 ﬁctum
355 3872 619 3938 placuisse
641 3872 832 3938 placet,
854 3887 957 3923 non
987 3886 1172 3940 pompa
1204 3886 1295 3938 pe:
1315 3881 1481 3925 artem

85 3951 192 4019 Ulla,
217 3960 482 4013 resultanti
516 3975 617 4013 non
647 3970 822 4014 comet
843 3961 1059 4014 malleus
1101 3963 1206 4015 ictu

86 4041 218 4109 Saxa,
245 4062 336 4100 nec
356 4052 579 4102 exesum
601 4050 914 4117 supplebunt
943 4063 1202 4102 marmora
1232 4048 1470 4118 tophum.

84 4131 154 4184 llic
173 4136 271 4190 lous
297 4138 543 4194 Castaliae
571 4141 720 4195 nobis
749 4143 861 4195 vice
885 4142 1077 4196 sufficit
1098 4143 1273 4207 undae,

85 4216 242 4277 Caetera
261 4222 410 4282 dives
426 4229 565 4283 habe
598 4247 614 4285 :
640 4230 800 4284 colles
830 4238 915 4284 tua
944 4231 1060 4299 jura
1089 4233 1414 4286 tremiscant.

3151 299 3249 386 73.0

1722 505 1861 557 Lecta
1896 505 2140 557 relaxata:
2171 504 2296 556 liant
2325 503 2498 556 vineta
2533 513 2753 556 catenae.

1785 593 2074 670 Conﬁrmat
2099 607 2279 647 vocem
2298 592 2512 660 jamjam
2540 607 2701 659 prope
2728 590 2935 644 sobrius
2964 590 3114 670 istam

1717 667 1944 747 Silenus,
1976 683 2271 750 pariterque
2308 682 2457 735 chori
2496 682 2735 735 cecinere
2765 684 3015 732 tavcntes.
3106 665 3112 672 ‘

1717 769 1850 840 Nysa
1883 771 1995 823 vale
2021 769 2250 835 Bromio,
2284 769 2483 822 Phoebo
2512 769 2773 821 Parnasse
2801 766 3054 819 bivertex.

1717 858 1828 912 Non
1859 859 2000 911 illum
2030 858 2232 924 Naxus,
2265 873 2366 911 non
2397 857 2554 910 istum
2586 855 2786 924 Cyrrha
2827 854 3095 921 requirat:

1716 948 1868 1017 397
1902 946 2005 1003 Sed
2041 961 2188 1015 mage
2229 954 2480 1015 perpetuo
2510 944 2710 1013 Burgus
2749 942 3002 1020 placitura
3034 946 3258 1008 petatur.

1785 1154 1934 1217 Ecce,
1970 1155 2156 1220 quoties
2187 1153 2274 1206 tibi
2307 1153 2502 1205 libuerit
2525 1153 2712 1222 pateris
2744 1150 3086 1220 capacioribus
3115 1150 3252 1200 hila-

1712 1260 1825 1296 rare
1850 1229 2148 1306 convivium,
2173 1243 2282 1295 misi
2321 1242 2456 1311 quod
2484 1243 2613 1294 inter
2650 1240 2861 1309 scyphos
2897 1249 2942 1292 et
2984 1238 3256 1304 amystidas

1713 1344 1820 1388 tuas
1851 1333 2005 1403 legas.
2043 1332 2337 1386 Subveneris
2373 1332 2682 1384 verecundiae
2719 1345 2858 1394 meae,
2897 1330 2941 1382 si
2976 1329 3028 1380 in
3065 1327 3257 1379 sobrias

1713 1439 1860 1475 aures
1887 1423 1984 1474 ista
2013 1437 2113 1472 non
2135 1420 2388 1483 venerint;
2416 1435 2506 1471 nec
2536 1419 2724 1486 injuria
2749 1417 2841 1470 hoc
2867 1433 2924 1469 ac
2950 1431 3086 1469 secus
3114 1423 3255 1481 atque

1711 1527 1903 1576 tequum
1945 1520 2016 1562 est
2062 1511 2233 1579 ﬂagito
2263 1525 2282 1562 :
2311 1508 2714 1577 quandoquidem
2747 1507 2944 1559 Baccho
2987 1521 3092 1558 meo
3115 1505 3255 1574 judi-

1710 1603 1840 1652 cium
1871 1599 2193 1652 decemvirale
2222 1614 2455 1666 passuro,
2495 1597 2827 1665 tempestivius
2854 1613 3002 1664 quam
3029 1595 3256 1648 convenit

1714 1689 1930 1741 tribunal
1953 1689 2181 1756 erigitur.
2210 1686 2270 1741 Si
2298 1687 2409 1755 quis
2428 1694 2594 1738 autem
2621 1702 2821 1738 carmen
2850 1685 3094 1755 prolixius
3120 1694 3256 1737 eate—

1642 1750 1684 1806 Β
1713 1796 1805 1832 nus
1830 1769 2031 1832 'duxerit
2059 1794 2161 1832 esse
2188 1777 2517 1846 culpandum,
2540 1774 2673 1842 quod
2693 1776 3061 1844 epigrammatis
3091 1789 3254 1826 exces-

1707 1869 1826 1920 serit
1861 1868 2178 1936 paucitatem,
2223 1866 2375 1918 istum
2414 1864 2611 1931 liquido
2649 1872 2812 1930 patet,
2859 1878 3014 1930 neque
3055 1863 3254 1915 balneas

1708 1957 1927 2020 Etrusci,
1961 1973 2115 2023 neque
2140 1956 2413 2009 Herculem
2442 1954 2816 2018 Surrentinum,
2846 1966 3001 2021 neque
3027 1951 3054 1989 δ
3087 1967 3254 2005 comas

1708 2043 1870 2096 Flavii
1910 2043 2116 2110 Earini,
2161 2060 2317 2112 neque
2364 2043 2530 2112 Tybur
2577 2042 2803 2109 Vopisci,
2849 2057 3003 2108 neque
3047 2041 3252 2093 omnino

1704 2132 1976 2200 quidquam
2019 2132 2080 2183 de
2107 2130 2314 2200 Papinii
2355 2132 2512 2183 nostri
2553 2131 2743 2183 silvulis
2788 2129 3034 2182 lectitasse
3078 2145 3097 2182 :
3132 2147 3254 2198 quas
3337 2133 3343 2136 ’

1706 2237 1873 2274 omnes
1925 2221 2278 2287 descriptiones
2319 2221 2394 2291 uir
2440 2220 2524 2271 ille
2560 2220 3096 2287 prwjudicatissimus,
3153 2235 3250 2270 non

1705 2310 2028 2364 distichorum
2070 2319 2157 2361 aut
2199 2308 2596 2363 tetrastichorum
2634 2309 2830 2378 stringit
2874 2309 3136 2375 angustiis,
3167 2309 3252 2359 sed

1706 2402 1892 2469 potius,
1934 2408 1990 2451 ut
2034 2398 2219 2466 lyricus
2249 2395 2465 2452 Flaccus
2505 2397 2557 2448 in
2603 2396 2724 2447 artis
2766 2395 2970 2464 poetica:
3009 2395 3251 2446 columine

1704 2491 1950 2560 pracipit,
1981 2490 2154 2541 multis
2183 2487 2456 2555 iisdemque
2479 2485 2739 2553 purpureis
2765 2484 3099 2536 communium
3121 2499 3251 2551 pan-

1704 2580 1780 2631 nis
1805 2579 1956 2631 semel
1996 2576 2254 2629 inchoatas
2295 2574 2531 2625 materias
2579 2573 2806 2624 decenter
2843 2570 3082 2624 extendit.
3129 2569 3251 2620 Herc

1704 2685 1782 2721 me
1813 2669 1879 2720 ad
1914 2667 2213 2736 defensionis
2246 2665 2529 2733 exemplum
2553 2663 2775 2732 posuisse
2810 2663 3043 2730 sufﬁciat,
3066 2677 3125 2714 ne
3146 2660 3251 2714 lusa

1702 2760 1809 2827 ipsa
1838 2756 2161 2826 longitudinis
2188 2741 2472 2823 deprecatio
2499 2739 2926 2820 longa'videatur.
2965 2749 3109 2804 Vale.

2223 2918 2497 2980 CARMEN
2534 2921 2716 2978 XXIII.

1741 3047 1764 3076 θ
1792 3049 1976 3090 ΝΔΒΒΟ.
2009 3050 2074 3088 ΔΙ)
2102 3048 2424 3088 CONSENTIUI
2461 3047 2512 3084 ν.
2543 3047 2593 3086 C.
2624 3047 2781 3089 οινειι
2816 3046 3206 3087 ιιΑιιιιοΝειιεειι.

1776 3165 1904 3221 Cum
1930 3165 2037 3233 jam
2069 3179 2163 3233 pro
2190 3165 2389 3218 meritis
2429 3164 2530 3218 tuis
2563 3178 2800 3231 Pararem

1699 3259 1981 3324 Consenti,
2011 3258 2251 3311 columen
2281 3256 2546 3325 decusque
2576 3271 2812 3316 morum,

1701 3347 1860 3416 398
1887 3347 2089 3400 Vestra:
2116 3345 2352 3399 laudibus
2379 3342 2750 3410 hospitalitatis

1700 3436 1919 3490 Cautum
1959 3435 2259 3503 impendere
2299 3434 2541 3502 pauperis
2574 3433 2792 3496 cicutae;

1703 3524 1850 3579 Ultro
1877 3525 1928 3577 in
1958 3524 2190 3577 carmina
2221 3533 2274 3576 tu
2305 3522 2481 3576 tubam
2512 3521 2789 3576 recludens
2809 3560 2826 3586 ,

1697 3610 1967 3664 Conversa
1991 3610 2198 3676 ordine,
2227 3609 2465 3663 versibus
2490 3609 2659 3662 citasti

1696 3702 1912 3757 Suctum
1946 3702 2126 3755 ludere
2151 3703 2228 3755 sic
2254 3702 2418 3768 magis
2446 3701 2703 3753 sodalem.

1697 3791 1856 3844 Paret
1887 3804 2031 3842 musa
2063 3789 2186 3852 tibi;
2218 3789 2308 3840 sed
2337 3787 2694 3855 impudentem

1694 3877 1855 3930 Multo
1882 3876 2086 3931 cautius
2112 3875 2232 3927 hinc
2257 3874 2446 3943 stylum
2478 3872 2724 3926 movebit.

1694 3965 1821 4018 Nam
1849 3979 1965 4018 cum
1993 3963 2220 4017 carmina
2252 3963 2483 4029 postules
2512 3960 2733 4025 diserte,

1693 4053 1892 4108 Suades
1923 4053 2185 4115 scribere,
2213 4052 2302 4104 sed
2330 4050 2456 4102 facis
2487 4058 2680 4102 tacere.

1693 4143 1866 4210 Nuper
1892 4139 2312 4209 quadrupedante
2341 4153 2458 4192 cum
2485 4137 2645 4190 citato

1695 4231 1802 4286 lres
1819 4271 1833 4295 ,
1860 4227 1886 4266 ἀ
1914 4229 2162 4297 Phocida,
2194 4227 2501 4294 Sestiasque
2528 4226 2679 4278 Baias

136 4359 156 4386 ⁸
180 4352 277 4431 ,Ρει-
293 4359 534 4431 _tubulos
571 4344 815 4431 nimirum
854 4363 1139 4430 parietibus
1183 4365 1464 4431 imp‘ressos
1486 4405 1499 4427 ,
1529 4375 1582 4417 ut
1612 4366 1664 4424 D
1693 4362 1976 4416 bilissimos
2001 4371 2052 4416 et
2074 4362 2398 4415 doctissimos
2421 4360 2614 4420 tulerit,
2641 4359 2774 4431 hunc
2798 4357 2965 4426 ipsum
2986 4359 3048 4412 ad
3069 4375 3223 4429 quem

86 4415 488 4499 loquituLSeneca
522 4430 673 4499 epist.
697 4415 786 4484 90'.
811 4415 989 4499 Alquei
1017 4415 1369 4499 itajlegendus
1419 4415 1578 4485 ιὶιὶρίέ

85 4484 391 4572 ligeudusque
409 4484 611 4549 Plinius
632 4498 808 4572 junior
837 4484 926 4551 lib.
972 4515 1006 4572 ιι
1028 4539 1042 4560 ,
1070 4484 1366 4572 ᾆρὶέῖξιῗξ
1391 4484 1578 4572 ,Adhw-f

86 4565 137 4636 ret
159 4558 479 4615 dormitorium
508 4558 810 4636 membrum,
842 4558 1050 4618 transitu
1073 4558 1424 4636 interiacente;
1444 4569 1577 4636 quod

87 4635 328 4701 ftupmum
351 4639 396 4682 et
440 4633 752 4701 tabulatum,
800 4644 1086 4700 conceptum
1130 4633 1359 4701 vaporem
1388 4633 1575 4689 salubri

87 4695 420 4756 temperamento
445 4700 545 4750 huc
571 4702 691 4752 illuc
711 4695 889 4770 digerit
919 4695 964 4754 et
993 4695 1264 4757 ministrat.

139 4785 244 4868 l’lta
282 4799 510 4868 reposui,
552 4813 646 4866 pro
679 4799 856 4852 Cumas
895 4797 980 4852 Fl.
1006 4801 1202 4865 Sabini,
1247 4804 1382 4868 quod
1422 4812 1572 4858 antea

89 4851 719 4940 lgtht‘ur.'Neque'dubia
749 4851 1062 4940 emendatio,
1088 4851 1210 4923 cum
1236 4851 1394 4940 Silvae
1424 4851 1574 4940 liam:

91 4929 220 5010 [δξδηιξξ
358 4949 411 4987 ιιι
451 4929 814 5010 argumentum
845 4939 912 4989 sit
939 4929 1096 5010 coma
1128 4939 1300 4993 Earini
1334 4958 1345 4993 :
1376 4942 1439 4994 de
1470 4929 1570 5010 q'ua

91 4998 130 5039 et
147 4993 362 5054 Martialis
388 4993 562 5057 exstat
592 5006 930 5074 epigramma,
964 5007 1053 5060 lib.
1086 5023 1158 5060 ix.

121 5096 165 5169 εξ
181 5089 402 5169 Sidonius
432 5099 726 5169 Narbonem
759 5102 881 5153 olim
916 5103 1199 5169 profectus,
1239 5121 1353 5158 cum
1385 5106 1570 5159 liumao

95 5161 198 5236 [liter
224 5165 452 5236 acceptus
492 5167 799 5233 habitusque
827 5161 964 5221 esset
1002 5185 1031 5222 a
1059 5161 1355 5236 Consentio,
1392 5175 1573 5227 decre-

94 5223 420 5308 Yfl’jtlhospiti.
440 5223 783 5308 suo__gratiatn
824 5239 931 5308 suis
971 5223 1567 5308 versibusrrepen—dere;

94 5299 452 5376 (“ttulit-priorum
499 5302 701 5366 aliquot
740 5307 1023 5376 carminum
1069 5309 1261 5373 eclogis
1306 5299 1569 5362 Sidonium

98 5365 360 5440 ρςιξνρςωίίι.
401 5369 532 5421 Tum
574 5383 944 5440 ergocarmen
984 5373 1082 5425 hoc
1121 5365 1366 5429 ad'illum
1411 5379 1567 5440 misit,

96 5427 464 5503 (100_Narbonem
514 5427 746 5489 mirilicis
793 5439 1047 5503 laudibus,
1095 5444 1183 5494 sed
1231 5427 1477 5497 imiimi;
1511 5427 1572 5498 re

98 5493 222 5558 "tatis
243 5506 582 5571 commendat,
610 5520 760 5574 quam
787 5507 923 5576 quod
952 5493 1570 5568 Consentriosvcives—no:

1688 4432 1892 4500 scribit,
1925 4442 1976 4484 et
2007 4433 2117 4498 ejus
2149 4441 2385 4500 patrem:
2417 4442 2632 4495 quorum
2675 4427 2941 4500 utriusque
2987 4427 3222 4500 meminit

1812 4516 1882 4564 ix,
1913 4495 2066 4567 epist.
2100 4495 2192 4562 l5;
2223 4499 2286 4551 ad
2317 4497 2478 4549 filium
2523 4505 2694 4547 autem
2724 4495 2842 4547 data
2872 4503 2952 4548 est
2979 4499 3130 4562 epist.
3161 4500 3221 4563 4,

1708 4585 1723 4619 ι
1770 4607 1778 4617 .
1812 4583 1920 4619 VIII.

1708 4583 1778 4619 ID.
1812 4583 1920 4619 VIII.

1752 4634 1777 4670 ά
1801 4635 2074 4688 Massiliam
2096 4642 2149 4685 et
2167 4633 2338 4699 Aquas
2361 4631 2580 4685 Sextias.
2610 4629 3003 4684 Massiliensium
3034 4631 3216 4683 urbem

1681 4717 1710 4754 a
1732 4703 2132 4756 Phocaeensibus
2151 4702 2284 4752 Asia
2309 4702 2510 4767 p0pulis
2535 4701 2793 4753 conditam
2815 4707 3036 4767 constat.
3061 4700 3215 4753 Aliud
3289 4701 3298 4704 λ’

1681 4783 1853 4824 autem
1887 4770 2090 4823 fuerunt
2118 4766 2747 4832 szaeii;,PhOC{CenseS,
2782 4781 2810 4818 a
2843 4766 3062 4818 Phocma
3092 4771 3218 4822 urbe

1681 4839 1846 4902 Asiae;
1879 4838 2013 4891 aliud
2043 4845 2238 4898 Φωκεῖς.
2258 4838 2624 4903 Phocenses,_a
2657 4835 2900 4896 Phocide,
2930 4851 3044 4901 que
3074 4838 3214 4903 regio

1681 4908 1775 4960 fuit
1806 4909 1854 4959 in
1888 4908 2116 4959 Hellade.
2159 4907 2257 4959 Sed
2289 4907 2455 4968 multi,
2486 4901 2640 4959 etiam
2671 4904 2886 4970 antiqui,
2923 4901 3215 4958 PtioceuSes

1680 4986 1730 5028 et
1765 4974 2038 5027 Phocidem
2071 4984 2460 5040 nuncuparunt,
2493 4990 2554 5027 ex
2586 4989 2683 5040 qua
2716 4973 2815 5024 orti
2846 4973 3212 5040 Massilienses,

1680 5046 1757 5095 vel
1791 5056 1993 5094 nomina
2022 5042 2416 5105 confundentes,
2441 5045 2520 5096 vel
2552 5046 2836 5094 historiam.
2864 5041 3012 5093 Baias
3039 5049 3210 5094 autem

1676 5112 1869 5162 calidas
1915 5124 2096 5160 omnes
2141 5125 2301 5174 a,uas
2347 5112 2621 5171 dicebant,
2675 5111 2740 5162 ab
2790 5110 2890 5160 illis
2933 5111 3210 5171 Campanis

1678 5180 1928 5238 omnium,
1959 5190 2014 5228 ut
2039 5179 2302 5244 Euuapius
2330 5182 2530 5243 scribit,
2565 5189 2670 5231 toto
2702 5178 2826 5229 orbe
2854 5177 3209 5229 nobilissimis.

1675 5247 1846 5310 Quare
1874 5249 2033 5311 Aquis
2075 5249 2284 5311 Sextiis,
2318 5249 2453 5313 quod
2498 5251 2547 5300 in
2590 5248 2652 5299 iis
2691 5247 2904 5296 therma:
2934 5253 3126 5313 essent,
3158 5244 3211 5296 id

1677 5315 1832 5384 etiam
1862 5329 2048 5384 nomen
2071 5314 2278 5384 obtigit.
2309 5311 2512 5369 Sextias
2539 5324 2708 5367 autem
2738 5328 2765 5364 a
2793 5315 2968 5384 sextio
2994 5311 3211 5363 Calvino

1677 5382 1862 5446 dictas,
1889 5383 1973 5449 qui
2005 5381 2208 5449 primus
2230 5385 2408 5438 urbem
2450 5384 2590 5436 illam
2623 5397 2770 5433 mum
2813 5381 2991 5437 cinxit.
3029 5394 3212 5432 omnes

1674 5452 2042 5522 consentiunt.
2085 5453 2210 5520 Ejus
2272 5467 2425 5522 porro
2477 5451 2695 5522 coloniae
2743 5463 2855 5513 qua:
2910 5449 3211 5522 metropolis

1675 5527 1752 5571 est
1814 5515 2138 5585 provincitev
2178 5537 2213 5575 ιι
2272 5515 2693 5579 'Narbencnsis,
2768 5515 3028 5583 egregium
3114 5517 3212 5569 hoc
