3818 6226
567 266 660 318 75!

568 379 800 430 Illustres
832 373 1094 441 titulisque
1120 373 1416 440 przeliisqne

573 464 767 528 Urbes,
802 478 894 527 per
923 462 1025 514 duo
1052 462 1320 515 consulum
1353 470 1551 529 tropma

570 553 717 624 (Nam
751 556 963 606 Martem
996 553 1112 605 tulit
1139 554 1234 608 ista
1261 553 1551 617 Julianum,

571 643 633 694 Et
665 642 822 694 Bruto
852 643 981 695 duce
1012 644 1272 696 nauticum
1311 643 1539 696 furorem
1562 685 1576 703 ,

568 736 657 787 Ast
685 735 794 785 hinc
823 733 1135 786 Teutonicas
1167 742 1381 786 cruenta
1415 748 1641 802 pugnas,

569 823 811 875 Erectum
842 833 893 876 et
922 822 1136 876 Marium
1175 823 1392 877 cadente
1420 823 1683 891 Cimbro);

570 912 757 966 Misisti
793 913 915 965 mihi
946 913 1212 980 multiplex
1245 927 1454 980 poema,

568 1003 815 1068 Doctnm,
856 1003 1058 1068 nobile,
1096 1003 1260 1066 forte,
1290 1004 1588 1057 delicatum.

567 1093 716 1145 lbant
742 1092 1030 1145 hexametri
1059 1093 1424 1160 superbientes
1442 1132 1456 1156 ,

569 1181 633 1232 Et
661 1182 875 1249 vestigia
901 1182 1077 1248 juncta
1095 1220 1108 1242 ,
1141 1180 1233 1233 sed
1263 1180 1461 1233 minora
1481 1221 1496 1246 ,

569 1270 666 1320 Per
693 1271 877 1332 quinos
918 1269 1035 1335 eligi
1070 1268 1228 1334 pedes
1260 1269 1516 1323 ferebant.
1553 1287 1561 1291 -

569 1359 750 1411 Misisti
781 1367 832 1411 et
863 1358 1078 1426 triplicis
1108 1367 1328 1412 metrum
1361 1360 1605 1422 trochaei,

570 1449 832 1516 Spondmo
861 1451 1142 1502 comitante
1159 1493 1172 1516 ,
1203 1450 1512 1519 dactyloque
1529 1492 1545 1515 ,

573 1535 758 1590 Dulces
789 1537 1278 1606 hendecasyllabos,
1309 1547 1560 1607 tuumque

570 1625 768 1679 Illando
800 1625 973 1678 fenore
996 1624 1212 1677 Sollium
1242 1624 1431 1690 ligasti.

574 1716 786 1769 Usuram
819 1716 1145 1782 petimurque
1166 1754 1180 1778 ,
1216 1713 1606 1780 reddimusque.

571 1805 698 1860 Nam
734 1803 870 1871 quod
910 1803 1142 1855 carmine
1177 1815 1273 1870 pro
1313 1809 1400 1852 tuo
1430 1802 1692 1868 rependo,

571 1897 677 1949 lloc
715 1893 998 1948 centesima
1038 1891 1245 1944 laudum
1286 1899 1491 1942 tuarum
1528 1898 1626 1943 est.
1723 1933 1728 1936 _

571 1985 704 2048 Quid
744 1983 963 2050 primum
1007 1996 1249 2036 veneror.
1289 1979 1562 2046 colamque
1603 1994 1695 2047 pro
1733 1981 1820 2034 te?

573 2074 729 2140 339
768 2073 824 2123 Ni
864 2070 1033 2135 fallor,
1076 2066 1326 2135 patriam,
1371 2083 1670 2137 patremque
1704 2071 1870 2138 juxta.

573 2161 667 2224 Qui
706 2171 994 2226 quanquam
1032 2157 1128 2210 sibi
1165 2157 1428 2211 vindicare
1461 2172 1717 2211 summum

576 2249 742 2301 Possit
774 2251 892 2313 jure
933 2247 1133 2312 locum,
1183 2257 1355 2298 tamen
1397 2262 1612 2301 necesse
1647 2258 1728 2302 est

572 2335 716 2388 lllam
759 2336 994 2400 vitthre,
1034 2349 1150 2403 quat
1192 2336 1325 2401 parit
1364 2344 1622 2404 parentes.

642 2505 828 2570 Salve,
871 2504 1066 2567 Narbo,
1111 2511 1297 2570 potens
1338 2505 1667 2568 salubritate,

579 2593 712 2644 lit-be
743 2603 791 2646 et
830 2607 950 2644 rure
990 2593 1142 2644 simul
1176 2593 1344 2644 bonus
1386 2594 1582 2659 videri,

577 2683 759 2748 Muris,
797 2682 1028 2745 civibus,
1069 2682 1298 2746 ambitu,
1345 2682 1607 2750 tabernis,

576 2771 772 2834 l‘ortis,
819 2770 1132 2838 porticibus,
1170 2770 1312 2836 foro,
1352 2771 1583 2836 theatro,

577 2859 812 2912 llelubris
830 2901 844 2924 ,
881 2860 1164 2928 capitoliis,
1209 2863 1432 2914 monetis
1448 2900 1464 2924 ,

574 2947 846 3009 Thermis,
888 2950 1134 3010 arcubus,
1184 2949 1418 3015 horreis,
1464 2951 1720 3016 macellis,

577 3037 777 3101 Pratis,
821 3038 1074 3101 fontibus,
1116 3039 1322 3103 insulis,
1366 3041 1577 3103 salinis,

576 3129 808 3196 Stagnis,
857 3129 1093 3195 ﬂumine,
1137 3145 1340 3196 merce,
1381 3141 1567 3197 ponte,
1611 3144 1783 3202 ponto.

577 3219 722 3274 Unus
756 3219 842 3289 qui
883 3235 1128 3274 venerere
1167 3221 1283 3289 jure
1320 3222 1495 3289 divos,

578 3313 818 3366 Lemnum
841 3354 853 3377 ,
891 3313 1166 3377 Cererem,
1209 3314 1414 3380 Palem,
1454 3298 1730 3370 Minervam

579 3403 776 3468 Spicis,
820 3404 1060 3469 palmite,
1103 3405 1341 3471 pascuis,
1387 3407 1623 3471 trapetis.

582 3491 718 3544 Solis
756 3493 849 3544 ﬁse
882 3492 1036 3553 viris,
1079 3505 1174 3543 nec
1213 3493 1445 3557 expetito

575 3579 784 3634 Natura:
819 3578 1035 3640 auxilio,
1073 3579 1250 3644 procul
1293 3578 1486 3631 relictis

579 3670 827 3730 l‘romens
870 3668 1129 3720 montibus
1168 3669 1321 3721 altius
1353 3684 1625 3736 car-nmen,

578 3758 687 3813 Non
734 3767 782 3810 te
821 3757 955 3810 iussa
995 3764 1209 3824 patens,
1249 3771 1343 3810 nec
1380 3757 1698 3825 hispidarum

577 3887 950 3943 monimentum
997 3895 1165 3942 exstat
1207 3890 1382 3942 Romae
1430 3890 1479 3942 in
1512 3890 1722 3958 antiqua
1764 3892 1869 3945 basi
1903 3904 2105 3952 Statum.

1154 3978 1211 4030 L.
1256 3978 1540 4032 ANTONIO

1111 4047 1575 4103 EPITYNCHANO

999 4137 1260 4189 LlCTORl
1314 4137 1458 4189 DEC.
1481 4138 1700 4194 .CURIA

1048 4205 1179 4256 THE
1221 4205 1376 4265 QU/E
1415 4206 1645 4260 SACRIS

1022 4271 1316 4322 PUBLICIS
1357 4277 1391 4321 Α
1404 4272 1664 4324 PPARET

973 4339 1080 4398 OQ.
1120 4337 1400 4389 CULLEGI
1445 4338 1711 4391 FABRUM

979 4404 1483 4457 'l'lGNUAiilOliUM
1522 4405 1709 4459 ()STIS

910 4471 1152 4526 SEV’IRO
1201 4474 1354 4525 AL‘G.
1402 4474 1459 4524 IN
1503 4475 1784 4529 PROVINC

979 4542 1389 4596 NARBONENSI
1431 4542 1711 4598 COLONIA

1110 4610 1303 4675 AQUlS
1343 4611 1579 4668 SEXTIS

655 4701 806 4770 156
836 4701 1094 4754 "Testulis
1124 4703 1173 4753 in
1206 4704 1373 4753 varios
1403 4704 1604 4757 colores
1627 4705 1821 4770 tinctis,
1851 4704 2028 4770 quales
2056 4707 2108 4759 in

567 4772 800 4822 .asarotis
846 4773 1169 4835 pavimentis,
1215 4771 1279 4823 de
1316 4772 1500 4837 quibus
1532 4774 1726 4827 Statius
1765 4776 1813 4831 in
1840 4775 2111 4827 Tiburtino

583 4840 811 4907 Vopisci.
856 4851 905 4892 et
947 4840 1139 4892 l’l'nius
1177 4839 1264 4891 lib.
1296 4855 1476 4900 xxxvr,
1509 4857 1620 4908 cap.
1652 4845 1720 4897 2t)
1754 4861 1765 4896 :
1802 4844 1957 4897 Sosus
1989 4843 2114 4896 Per-

581 4911 714 4975 gami
741 4911 911 4959 statuit
937 4925 1074 4975 quem
1101 4917 1274 4980 vocant
1303 4919 1532 4960 σθαι-(ιιοη
1556 4928 1709 4976 mron,
1733 4916 1964 4980 quoniam
1993 4929 2110 4977 pur-

580 4988 807 5044 gamenta
833 4994 978 5030 caenis
1008 4981 1054 5029 in
1086 4978 1381 5042 pavimento,
1413 4994 1612 5044 quisque
1639 4978 1791 5031 ever-ri
1821 4983 1996 5042 solent,
2027 4997 2110 5033 ve-

583 5049 674 5096 luti
701 5050 871 5097 relicta
890 5050 1066 5112 fecerat
1091 5046 1254 5111 parcis
1285 5046 1703 5100 testulistinctisin
1720 5050 1879 5100 varios
1897 5050 2105 5102 colores.

654 5116 678 5151 δ
707 5115 1057 5167 Ἱίιθοάιιτὶριις
1085 5117 1137 5180 ju
1166 5115 1276 5171 ior,
1307 5113 1612 5167 Theudorici
1655 5119 1819 5184 Magni
1859 5121 2012 5173 illius.
2045 5121 2110 5172 de

583 5199 685 5248 quo
715 5185 928 5248 epistola
955 5190 1003 5235 τι.
1037 5184 1188 5235 Gothi
1221 5185 1356 5234 enim
1388 5196 1502 5233 cum
1532 5186 1730 5236 Atanlfn
1761 5190 1889 5239 duce
1916 5187 2108 5241 Gallias

584 5252 799 5319 ingressi
841 5254 1130 5304 Narbonem
1176 5265 1379 5316 quoque
1417 5265 1782 5316 oecupas<ent,
1832 5256 1948 5308 inde
1989 5256 2111 5308 sub-

583 5323 707 5372 moti
747 5332 868 5374 sunt
906 5338 931 5371 a
965 5321 1266 5372 Constantio
1304 5319 1514 5379 comite,
1548 5336 1702 5382 anno,
1738 5334 1791 5376 ut
1832 5339 1893 5376 ex
1923 5324 2108 5377 Oresio

572 5397 635 5459 et
657 5391 818 5459 lilatio
838 5390 1114 5454 COiligiftlt‘,
1142 5387 1261 5437 416.
1298 5387 1414 5459 Post
1440 5388 1544 5459 lituo
1568 5390 1916 5445 TlteodnriCtts
1940 5402 2106 5459 pater,

586 5457 853 5526 aquitauia
888 5476 985 5510 non
1019 5465 1313 5526 contentus,
1357 5454 1644 5526 Narbonem
1680 5463 1823 5526 longa
1858 5454 2109 5513 illa-obsi-

577 5522 736 5576 'dlUllC
766 5526 941 5589 cinxit,
974 5542 1085 5594 qua:
1120 5526 1218 5576 hoc
1251 5524 1363 5575 loco
1393 5523 1718 5589 describitur,
1752 5522 1840 5583 sed
1873 5532 2108 5597 repulsus

1782 261 2019 317 SlDONII
2057 260 2500 319 APOLLINARIS

2134 376 2178 430 Α
2210 371 2426 440 Olvjectu
2470 374 2673 426 sudium
2712 382 2928 427 coronat
2967 389 3144 442 agger.

2139 1702 2180 1757 Β
2209 1717 2286 1771 Tu
2323 1718 2523 1785 pulsate
2554 1717 2756 1784 places,
2796 1717 3057 1784 ﬁdemque
3091 1717 3281 1774 fortem

2209 461 2318 512 Non
2360 470 2412 514 tu
2454 477 2747 525 marmora,
2786 462 3089 537 bracteam,
3132 465 3488 533 vitrumque,

2207 549 2318 602 Non
2360 551 2634 604 testudinis
2677 551 2863 605 lndieze
2905 552 3162 616 nitorem,

2206 637 2317 690 Non
2355 640 2399 691 si
2439 655 2566 706 quas
2607 640 2779 693 eboris
2813 641 2984 695 trabes
3025 641 3272 694 refractis

2210 729 2411 783 Rostris
2451 731 2741 785 Marmarici
2780 733 2973 786 dedere
3014 734 3182 796 barri,

2209 818 2348 886 Figis
2388 820 2673 887 mmnibns,
2716 835 3005 889 aureasque
3043 830 3221 890 portas

2204 906 2444 960 Exornas
2483 918 2508 944 ἰ
2547 909 2819 962 asaroticis
2854 904 3070 978 lapillis.

2209 994 2310 1048 Sed
2353 1010 2444 1062 per
2484 999 2761 1050 semirutas
2793 997 3052 1066 superbus
3095 1012 3279 1062 arces,

2206 1083 2500 1137 Ostendens
2538 1086 2730 1138 veteris
2764 1083 2926 1138 decus’
2961 1085 3156 1150 duelli,

2206 1175 2492 1239 Quassatos
2531 1177 2669 1241 geris
2706 1175 2892 1228 ictibus
2928 1175 3189 1240 molares,

2206 1261 2364 1331 m0
2403 1262 2494 1316 Lat
2513 1263 2696 1316 dandis
2735 1263 3010 1330 pretiosior
3049 1264 3234 1318 ruinis.

2207 1351 2322 1406 Sitit
2358 1355 2515 1407 urbes
2553 1354 2668 1406 alia;
2705 1356 2806 1408 situ
2843 1354 3103 1418 minaces,

2207 1445 2346 1508 Quas
2385 1446 2523 1497 vires
2562 1442 2781 1496 humiles
2823 1458 2914 1510 per
2950 1443 3057 1495 alta
3092 1443 3364 1506 condant,

2207 1534 2273 1587 Et
2311 1548 2402 1600 per
2444 1533 2734 1600 praecipites
2773 1532 2939 1585 locata
2981 1533 3168 1587 cristas

2209 1623 2481 1691 Nunquam
2516 1626 2705 1678 muenia
2745 1636 2880 1676 etnsa
2918 1623 3226 1691 glorientur.

2211 1805 2535 1874 Oppugnatio
2575 1821 2723 1874 passa
2759 1808 3061 1876 publicavit.

2281 1894 2305 1932 δ
2351 1894 2475 1951 llinc
2515 1903 2564 1950 te
2591 1895 2802 1950 Martius
2846 1897 2933 1952 ille
2969 1907 3162 1963 rector,
3204 1907 3368 1969 atque

2213 1984 2396 2053 Magno
2437 1993 2584 2052 patre
2625 1986 2766 2052 prior
2801 1985 2960 2040 decus
2995 1987 3241 2041 Getarum
3263 2026 3278 2051 ,

2213 2073 2458 2127 Romana:
2495 2073 2736 2126 columen
2776 2074 3020 2142 salusque
3062 2075 3259 2142 gentis,

2212 2144 2567 2215 Theodericus
2602 2171 2771 2227 amat,
2810 2163 3010 2230 sibique
3051 2162 3208 2216 ﬁdum

2213 2253 2473 2306 Adversos
2513 2253 2697 2319 probat
2731 2259 2852 2306 ante
2890 2267 2982 2320 per
3021 2253 3292 2321 tumultus.

2214 2342 2314 2397 Sed
2357 2357 2457 2396 non
2493 2342 2612 2395 hinc
2653 2341 2862 2397 viteare
2901 2344 3033 2397 forte
3071 2345 3268 2412 turpis,

2212 2433 2359 2496 Quod
2407 2442 2455 2486 te
2495 2433 2729 2486 machina
2772 2433 2956 2487 crebra
2998 2433 3302 2500 perforavit.

2213 2525 2443 2592 Namque
2481 2526 2530 2578 in
2571 2539 2790 2591 corpore
2826 2523 3034 2578 tertium
3069 2525 3305 2578 virorum

2216 2616 2351 2668 Laus
2387 2623 2468 2667 est
2503 2615 2723 2682 amplior
2762 2616 3002 2682 amplior,
3047 2616 3290 2670 cicatrix.

2214 2705 2268 2756 In
2305 2705 2490 2757 castris
2528 2704 2863 2759 Marathoniis
2906 2715 3196 2760 merentem

2216 2791 2413 2843 Vulnus
2450 2805 2550 2844 non
2583 2791 2859 2859 habuisse,
2899 2793 3094 2860 grande
3133 2789 3386 2861 probrum
3424 2800 3540 2850 est.

2218 2882 2356 2933 Inter
2382 2880 2671 2935 Publicolas
2708 2880 2868 2936 manu
2899 2884 3130 2948 feroces,

2216 2972 2422 3025 Trnnco
2458 2972 2652 3024 Mucius
2688 2972 2884 3026 eminet
2922 2971 3135 3026 lacerto.

2137 3040 2181 3101 (ἶ
2214 3059 2418 3114 Vallum
2452 3060 2670 3114 Caesaris
2693 3062 3018 3131 opprimente
3051 3060 3264 3129 Magno,

2212 3151 2348 3204 Inter
2383 3158 2459 3202 tot
2492 3150 2649 3204 facies
2685 3151 2752 3204 ab
2790 3151 2943 3205 hoste
2978 3159 3143 3216 tutas,

2215 3239 2412 3291 Luscus
2447 3239 2624 3292 Scaeva
2665 3239 2760 3292 fuit
2798 3242 2962 3309 magis
2997 3242 3245 3313 decorus.

2218 3327 2352 3378 Laus
2390 3337 2468 3380 est
2504 3328 2665 3379 ardua
2704 3327 2830 3380 dura
2871 3329 3148 3381 sustinere.

2216 3416 2448 3482 ignavis,
2493 3417 2712 3481 timidis,
2750 3426 2803 3471 et
2836 3417 3137 3486 improbatis

2220 3515 2240 3542 τ
2281 3506 2496 3557 Multum
2537 3505 2753 3574 ringitur
2789 3507 2954 3560 otiosa
2995 3508 3178 3561 virtus.

2212 3593 2344 3660 Quid
2387 3595 2522 3662 quod
2557 3593 2848 3648 Caesaribus
2888 3596 3028 3649 ferax
3065 3597 3334 3659 creandis,

2211 3682 2357 3736 Felix
2399 3684 2545 3752 prole
2585 3685 2781 3750 virum,
2823 3684 2974 3737 simul
3013 3684 3201 3738 dedisti

3421 3587 3448 3608 ἱ

2204 3770 2237 3809 -δ
2277 3773 2437 3827 Natos
2470 3788 2588 3829 cum
2627 3773 2864 3844 genitore
2904 3774 3286 3842 principantes?

2208 3914 2288 3959 est
2332 3905 2540 3977 tandem
2581 3920 2608 3958 a
2646 3905 2865 3977 Litorio,
2904 3915 2960 3959 ut
2996 3903 3202 3977 dictum
3226 3914 3323 3977 est_
3344 3905 3404 3977 in
3442 3910 3782 3977 paneger

2211 3977 2366 4029 Aviti.
2407 3976 2624 4045 Demum
2664 3991 2787 4029 vero
2819 3976 2993 4042 junior
3031 3976 3114 4028 hic
3147 3975 3782 4045 Theodon'cusrpnbdiu

2210 4045 2307 4098 sibi
2331 4058 2422 4112 per
2436 4043 2774 4113 Agrippinum
2799 4046 3040 4098 comitem
3064 4045 3192 4098 urbe
3212 4044 3545 4113 Narbonensi
3561 4043 3782 4113 potitus

2136 4107 2188 4166 Β
2213 4123 2292 4166 est
2320 4107 2648 4174 annofut'ex
2682 4113 2840 4166 Idalio
2868 4114 3052 4183 eodem
3083 4121 3242 4178 patet,
3275 4112 3398 4165 462.
3434 4107 3623 4183 Quare
3654 4123 3782 4183 post

2215 4183 2348 4232 hunc
2375 4195 2586 4242 annum,
2616 4183 2705 4234 sed
2731 4190 2849 4234 ante
2876 4182 2997 4242 466,
3022 4197 3123 4247 quo
3154 4190 3390 4234 mortuus
3410 4191 3494 4234 est
3517 4181 3780 4237 Theolo-

2212 4250 2373 4311 ricus,
2401 4263 2430 4299 a
2461 4248 2674 4300 Sidonio
2711 4253 2961 4315 scriptum
3001 4249 3098 4301 hoc
3134 4261 3342 4301 carmen
3387 4249 3495 4303 dici
3541 4265 3778 4306 necesse

2211 4325 2311 4421 est
2335 4383 2388 4435 In
2416 4382 2529 4435 aliis
2559 4371 2782 4449 ﬁngitur.
2811 4381 3055 4440 Horatius
3079 4399 3094 4437 ε

2390 4471 2586 4518 Paulum
2609 4469 2807 4530 sepultae
2833 4471 2976 4520 distat
3001 4473 3183 4522 inertia

2390 4530 2550 4579 Celata
2574 4531 2736 4577 virtus.

2279 4627 2303 4666 δ
2331 4630 2572 4684 Carinum
2599 4639 2650 4689 et
2675 4628 3042 4684 Numerianum
3069 4645 3186 4684 cum
3213 4631 3347 4684 Caro
3371 4638 3552 4698 patre.
3583 4631 3768 4697 Quan-

2211 4715 2365 4764 quam
2414 4699 2476 4750 de
2518 4698 2635 4754 Cari
2676 4698 2999 4766 Ang.patria
3049 4699 3175 4753 nihil
3215 4699 3341 4752 certi
3377 4697 3560 4754 fuisse
3605 4702 3768 4756 (hcet

2213 4768 2485 4834 Vopiscus,
2513 4775 2566 4819 et
2591 4767 2726 4834 quod
2757 4769 2966 4828 mirere,
2994 4769 3127 4822 inter
3152 4770 3318 4820 varias
3341 4768 3632 4833 Opinione:
3655 4785 3768 4824 non

2211 4836 2447 4891 meminit
2475 4836 2749 4906 Narbonis.
2798 4835 2899 4906 Sed
2927 4836 3164 4906 Narbone
3207 4836 3460 4906 genitum,
3481 4845 3636 4906 gnte
3657 4835 3768 4906 βξ-

2212 4907 2424 4959 domum
2469 4904 2742 4971 prodidere
2782 4919 2809 4955 e
2848 4905 3044 4957 Graecis
3082 4903 3332 4958 Eusebius
3376 4906 3429 4958 in
3463 4903 3768 4968 Chronico.

2211 4992 2240 5029 e
2261 4970 2672 5027 LatinisSextus
2701 4970 2900 5034 Victor,
2930 4973 3208 5040 Eutropius
3244 4986 3295 5028 et
3323 4973 3572 5030 Orosius.
3601 4973 3768 5032 lose-

2213 5044 2342 5111 pltus
2369 5044 2602 5114 Scaliger
2642 5042 2706 5093 ad
2732 5041 3038 5105 Eusebium,
3063 5042 3189 5114 quia
3209 5042 3396 5114 Carum
3420 5043 3497 5114 “in
3549 5043 3768 5114 Illyrico

2210 5109 2385 5166 natum
2413 5109 2620 5186 quidam
2648 5114 2983 5186 scripserant,
3017 5119 3071 5164 ut
3103 5109 3290 5164 Fabius
3315 5109 3660 5186 get-ibant“;
3691 5111 3766 5186 ita

2211 5199 2318 5237 rem
2360 5177 2641 5245 componit,
2686 5181 2738 5230 ut
2777 5177 3029 5232 Narbona:
3071 5192 3246 5232 natum
3286 5179 3540 5246 afﬁrmet,
3571 5177 3766 5236 milia

2211 5253 2396 5315 Gallia,
2430 5250 2519 5303 sed
2551 5251 2598 5300 in
2628 5248 2848 5316 Illyrico.
2884 5249 2966 5300 ubi
2995 5248 3287 5302 Narbonam
3332 5251 3457 5302 item
3481 5247 3762 5316 pppian

2211 5318 2634 5396 es~e_contendi_t
2667 5315 2899 5396 nominis
2940 5318 3198 5396 ejusdem.
3247 5316 3445 5370 Verum

2211 5390 2432 5456 oppido,
2484 5388 2619 5454 quod
2666 5386 2897 5453 Staliger
2951 5387 3219 5452 designat,
3263 5395 3459 5437 nomen
3507 5383 3616 5437 fuit
3655 5398 3764 5438 Inoa

2211 5460 2470 5530 Narbona,
2505 5457 2599 5507 etsi
2631 5455 2972 5530 mendoseita
3003 5455 3190 5530 legitur
3218 5449 3760 5530 apudIftolemgHm,

2210 5528 2299 5580 sed
2331 5528 2553 5589 Narona,
2597 5521 2858 5590 quomodo
2887 5523 2936 5576 in
2969 5517 3188 5586 epistola
3218 5517 3414 5574 Vatinii
3439 5517 3586 5582 apud
3613 5518 3766 5578 Cice-
