3818 6226
0 317 31 367 Ci
1401 324 1723 381 CARMINA.

0 440 56 476 tm
91 425 197 492 quis
220 422 488 482 Persidis
536 444 601 483 ex
613 430 932 499 peditioncm
951 473 964 495 ,

0 516 87 583 οι
126 518 222 568 Aut
261 515 531 572 victricia
577 532 752 574 castra
798 522 1080 587 praeteribit

5 605 61 654 πὶ
94 603 376 671 principis,
419 617 480 659 et
521 611 948 674 perambulatum

0 695 188 748 inmanis
224 696 542 763 legionibus
570 698 845 767 Niphatem
875 717 888 750 :

0 785 114 849 ium,
151 800 266 838 cum
309 787 545 842 fulmine
587 799 771 857 captus
811 790 1111 856 imperator,

0 874 124 926 iiiam
157 874 476 928 fulminibus
518 892 699 944 parem
739 878 983 946 peregit?

33 964 114 1015 llis
152 972 209 1016 tu
241 964 486 1031 civibus,
530 965 694 1030 urbe,
735 981 857 1019 rure
896 967 1136 1034 pollens,

25 1052 311 1120 Consenti,
353 1055 489 1107 mihi
531 1055 702 1123 gignis
738 1056 873 1110 alme
911 1065 1144 1124 patrem,

5 1145 134 1208 lum,
178 1144 268 1197 cui
304 1144 457 1196 nitidi
499 1144 667 1209 sales,
708 1142 950 1215 rigorque

7 1248 226 1285 amarius
271 1232 373 1285 fuit
402 1233 579 1286 Attico
617 1233 668 1286 in
709 1233 904 1300 lepore.

5 1337 99 1372 nnc
136 1321 379 1374 Milesius
418 1333 472 1375 et
499 1321 692 1375 Thales
728 1331 940 1388 stupere

3 1411 206 1463 aditum
253 1412 459 1479 potuit,
500 1412 758 1479 simulque
793 1411 944 1465 Lindi
986 1421 1063 1467 est

0 1510 115 1551 otus
150 1501 246 1568 qui
279 1496 565 1554 Cleobulus
608 1499 746 1555 inter
787 1515 965 1569 arces,

0 1601 22 1642 .t
52 1603 140 1657 tu,
181 1594 282 1661 qui
311 1590 601 1646 Periandre
634 1590 701 1646 de
739 1590 990 1646 Corintho
1031 1605 1117 1656 es,

0 1684 33 1738 it
68 1696 145 1749 tu,
192 1699 362 1752 quem
403 1683 618 1737 dederat
652 1682 768 1736 Bias
809 1682 1032 1747 Priene,

0 1776 34 1830 it
67 1769 116 1830 tu
160 1777 379 1830 Pittace
410 1774 625 1830 Lesbius
665 1774 959 1850 sophistes,

0 1867 28 1922 Et
62 1878 136 1931 t'u,
179 1867 280 1935 qui
322 1865 522 1918 tetricis
560 1873 746 1932 potens
779 1863 999 1918 Athenis

0 1956 130 2009 iincis
162 1953 478 2010 Socraticas
504 1952 666 2007 Solon
703 1952 998 2020 palaestras,

0 2045 27 2097 it
57 2056 103 2096 tu
133 2042 444 2113 Tyndareis
481 2051 626 2094 satus
654 2039 944 2107 Therapnis

0 2131 171 2196 Iliilon,
220 2129 449 2199 legifero
482 2129 625 2198 prior
651 2127 909 2198 Lycurgo.

0 2221 66 2272 lun
109 2220 200 2272 hic
243 2219 291 2271 si
333 2217 528 2280 voluit,
572 2223 788 2268 vacante
825 2229 980 2279 cura,

0 2310 80 2374 tuis
117 2309 195 2361 sit
239 2306 506 2360 sideribus
545 2313 727 2358 notare
763 2317 978 2366 cursus,

0 2399 201 2451 aversas
235 2401 404 2449 Arato
439 2396 550 2448 vias
583 2394 836 2448 cucurrit.

0 2485 67 2538 ion
104 2485 262 2538 hunc
303 2499 424 2538 cum
467 2482 811 2551 geometricas
847 2482 910 2535 ad
953 2492 1093 2536 artes

0 2575 188 2628 lentem
237 2572 563 2639 composuit,
608 2572 754 2639 sequi
796 2571 1000 2624 valebat

0 2664 210 2719 {aclides
253 2663 484 2731 Spatium
526 2664 700 2715 sciens
737 2661 952 2728 olympi.

0 2753 66 2807 lon
106 2758 301 2820 hunc,
346 2756 391 2809 si
436 2753 598 2807 voluit
635 2763 812 2807 rotare
849 2754 1151 2822 rhythmos,

0 2845 264 2911 inidquam
307 2843 572 2911 pr0posito
608 2843 770 2896 virum
807 2845 999 2897 morari

0 2934 294 3001 Lhrysippus
338 2932 596 3000 potuisset
637 2948 700 2985 ex
740 2947 949 2986 acervo.

0 3022 52 3072 lic
83 3037 212 3074 cum
255 3021 586 3087 Amphionis:
623 3021 866 3076 studebat
898 3023 1031 3087 arti,

0 3111 199 3172 'iectro,
248 3110 468 3176 pollice,
504 3124 663 3171 voce,
701 3110 961 3176 tibiaque,

0 3199 111 3268 i132
144 3200 333 3253 Thrax
375 3207 551 3264 vates,
595 3198 722 3252 deus
760 3200 954 3264 Arcas,
996 3207 1152 3268 atque
1191 3199 1450 3265 Phoebus,

0 3292 108 3342 mi
148 3291 397 3343 carmine
431 3298 551 3356 post
588 3297 766 3354 erant,
806 3300 856 3342 et
899 3290 1040 3356 ipsas

0 3377 290 3432 Iusas'nou
334 3379 405 3432 ita
445 3379 673 3433 musicas
709 3387 936 3446 putares.

0 3467 54 3520 lic
87 3469 133 3520 si
175 3477 418 3537 syrmate
457 3468 630 3521 cultus
666 3477 720 3521 et
757 3467 1047 3536 cothurno,

0 3565 216 3610 atrasset
255 3557 419 3610 semel
453 3557 680 3628 Atticum
718 3557 1012 3623 theatrum,

0 3643 263 3698 lessissent
289 3643 582 3711 Sophocles
614 3654 664 3698 et
695 3645 988 3713 Euripides.

0 3731 28 3783 ιι
56 3733 95 3784 si
134 3731 347 3801 pulpita
381 3746 662 3800 personare
696 3748 850 3787 socco

0 3821 248 3877 iamutdus
288 3823 574 3886 voluisset,
617 3824 737 3875 huic
777 3825 945 3876 levato

0 3911 193 3965 almam
235 3922 291 3964 tu
321 3911 488 3977 digito
518 3910 697 3976 dares,
730 3911 1028 3964 Menander.

0 3997 56 4053 l'e
89 4014 218 4054 cum
254 3997 563 4063 senipedem
596 3998 788 4066 stylum
829 3999 1052 4066 polibat,

0 4081 246 4156 myrram
285 4086 405 4138 vice
433 4084 617 4138 doctus
655 4085 904 4151 officinae,

0 4185 58 4228 tat
87 4191 214 4231 cum
261 4189 324 4229 se
366 4174 597 4228 histeriae
633 4174 789 4228 dabat
827 4174 1052 4240 severic,

0 4264 156 4320 'ritnos
198 4265 298 4318 vix
339 4271 584 4332 poterant
623 4263 766 4318 locos
802 4264 932 4317 tucri

0 4351 180 4408 'orrens
212 4352 552 4418 Herodotus,
594 4360 783 4407 tonans
813 4353 1088 4409 Homerus.

0 4441 59 4496 ian
99 4445 210 4498 isto
259 4443 444 4511 p0tior
481 4441 662 4495 fuisset
697 4441 850 4508 olim,

0 4535 47 4594 ξιιὶ
77 4533 450 4588 Pandioniam
487 4529 725 4584 movebat
761 4540 876 4586 arte

0 4625 128 4679 lrator
171 4633 410 4677 caveam
450 4620 798 4672 tumultuosus
814 4659 830 4684 ,

0 4730 44 4766 tu
76 4715 304 4770 luscum
349 4719 630 4778 raperetur
667 4709 721 4762 in
753 4709 1075 4776 Philippum,

0 4879 118 4926 item
154 4864 502 4938 appellatur;
533 4863 779 4938 _item_que
814 4861 956 4938 apud
984 4861 1205 4915 Plinium
1255 4871 1308 4920 et
1332 4864 1514 4920 Acthi-

0 4951 72 5002 Im,
104 4947 164 4994 et
195 4931 261 4991 in
291 4932 503 4989 Tabula
532 4931 846 5002 Pentingcri.

21 4999 429 5064 ‘Consentium
460 5010 661 5070 patrem
677 5000 863 5070 laud-tt
890 5014 917 5052 a
948 4999 1318 5070 philosophicis
1350 5004 1512 5068 poeti-

0 5070 114 5142 itqne
149 5068 488 5142 disciplinis,
532 5080 638 5122 tum
665 5068 882 5133 Graecis,
914 5080 1020 5120 tum
1049 5068 1265 5119 Latinis.

22 5149 166 5190 ἰείη
209 5143 240 5184 b
274 5143 558 5190 Lucanum
598 5150 652 5190 et
696 5138 938 5190 Statium.
989 5137 1182 5190 Lucani
1211 5138 1293 5188 eni

22 5149 166 5218 157
209 5143 240 5184 δ
274 5143 558 5197 Lucanum
598 5150 652 5190 et
696 5143 938 5190 Statium.
989 5143 1182 5190 Lucani
1211 5143 1515 5217 enim'uxor

0 5215 36 5266 iit
59 5217 213 5270 Polla
240 5209 606 5272 Argentaria,
649 5213 703 5258 et
731 5217 934 5258 mortuo
963 5207 1199 5269 Lucano,
1242 5205 1427 5267 Statu,
1463 5218 1516 5260 ut

0 5277 136 5339 iulius
165 5284 289 5352 ipse
321 5274 377 5334 in
409 5276 578 5333 Silvis
604 5275 777 5328 docet.
808 5274 1026 5338 Quidam
1053 5274 1168 5326 ltbt‘i
1202 5275 1408 5339 pallida!
1443 5277 1517 5328 le-

0 5363 288 5478 nii’i’rabete
305 5427 374 5474 et
407 5413 675 5468 fastorum
708 5425 894 5463 nomen
935 5409 1260 5462 consulatum
1301 5410 1514 5464 denotat

23 5557 30 5588 |
63 5555 304 5610 Barlhzus
334 5549 568 5606 Advers.
605 5554 721 5608 pag.
755 5540 857 5593 489
883 5540 1005 5605 lt‘git
1031 5555 1092 5591 ex
1115 5539 1331 5610 antiquo
1362 5540 1515 5602 libro,

0 5608 300 5690 ἒιίιῖζειέοε,
332 5623 575 5678 Senecas
617 5610 828 5676 loquar;
858 5612 1014 5661 fuisse
1043 5608 1308 5661 enimvero
1323 5620 1520 5672 printer

3055 329 3154 384 751

1534 440 1584 493 Δ
1612 436 1832 491 Causam
1870 453 1962 494 seu
1991 440 2344 511 Ctesiphontis
2381 444 2654 510 actitaret,

1624 525 1713 578 Vir
1751 540 1957 594 semper
1995 531 2340 597 popularitate
2376 545 2651 596 crescens,

1619 613 1686 665 Et
1711 615 1850 681 jusle
1880 618 2114 671 residens
2149 621 2199 672 in
2239 634 2358 674 arce
2401 620 2572 686 fandi,

1618 703 1716 768 Qui
1756 705 1900 759 fabro
1939 709 2172 774 genitore
2210 721 2538 777 procreatus,

1619 793 1735 846 Oris
1771 797 1950 849 maluit
1986 798 2219 866 expolire
2254 801 2449 852 limam.

1619 881 1753 945 Quid
1795 899 1885 937 vos
1919 886 2109 953 eloquii
2151 901 2330 940 canam
2364 888 2532 941 Latini

1617 970 1874 1038 Arpinas,
1915 973 2193 1042 Patavine,
2226 977 2539 1031 Mantuane?

1621 1060 1687 1113 Et
1723 1068 1803 1124 te,
1839 1063 2038 1114 comica
2071 1063 2156 1130 qui
2189 1064 2375 1128 doces,
2413 1065 2666 1119 Terenti?

1621 1146 1688 1202 Et
1718 1150 1802 1213 te',
1835 1156 2067 1217 tempore
2093 1151 2180 1218 qui
2220 1158 2364 1205 satus
2394 1167 2610 1217 severo,

1619 1235 1804 1292 Graios
1833 1238 2010 1293 Plaute
2051 1241 2187 1295 sales
2218 1243 2394 1310 lepore
2424 1243 2651 1296 transis?

1621 1325 1689 1379 Et
1723 1335 1771 1381 te
1802 1328 2107 1382 multimoda
2139 1333 2265 1384 satis
2295 1333 2579 1386 verendum

1618 1417 1939 1483 Scriptorum
1982 1419 2386 1483 numerositate,
2432 1419 2634 1473 Varro?

1618 1502 1773 1572 403
1805 1504 1868 1556 Et
1906 1511 1957 1557 te
1985 1505 2071 1572 qui
2101 1505 2354 1558 brevitate
2381 1506 2570 1577 Crispe.
2592 1506 2794 1575 polles!

1620 1592 1684 1644 Et
1713 1592 1796 1658 qui
1828 1607 1919 1659 pro
1950 1593 2156 1660 ingenio
2185 1593 2378 1648 ﬂuente
2409 1596 2536 1648 nulli

1620 1678 1827 1734 Corneli
1861 1682 2037 1735 Tacite
2074 1697 2132 1736 es
2169 1683 2416 1737 tacendus
2453 1684 2570 1738 ori?

1551 1768 1600 1829 Β
1627 1769 1688 1822 Εῑ
1718 1778 1768 1823 te
1795 1769 2195 1824 Massiliensium
2224 1786 2317 1840 per
2346 1771 2528 1826 hortos

1623 1858 1767 1912 Sacri
1797 1858 2018 1925 stipitis,
2052 1858 2281 1924 Arbiter,
2321 1859 2563 1913 colonum

1623 1946 2039 2014 Hellespontiaco
2081 1962 2264 2015 parem
2298 1946 2532 2016 Priapo?

1624 2033 1688 2086 Et
1718 2044 1768 2087 te
1795 2036 2029 2088 carmina
2059 2049 2152 2102 per
2183 2034 2460 2089 libidinosa

1596 2122 1807 2188 Notum
1837 2123 1974 2177 Naso
2016 2134 2183 2177 tener.
2213 2125 2510 2193 Tomosque
2539 2125 2751 2180 missum
2776 2142 2815 2190 ;η

1619 2210 1889 2277 Quondam
1919 2212 2161 2267 Casarea:
2202 2214 2357 2267 nimis
2387 2215 2575 2280 puella:

1621 2301 1767 2355 Ficto
1797 2305 2008 2356 nomine
2037 2296 2300 2357 subditum
2332 2304 2595 2358 Corinnze.

1625 2397 1640 2426 ⁸
1669 2396 1801 2460 Quid
1831 2395 2001 2450 celsos
2030 2395 2258 2449 Senecas
2289 2396 2487 2463 loquar,
2517 2395 2598 2448 vel
2625 2395 2768 2448 illum

1622 2486 1788 2552 Quem
1811 2487 1898 2539 dat
1928 2486 2127 2539 Bilbilis
2156 2485 2257 2538 alta
2289 2484 2604 2547 Martialem,

1623 2578 1902 2631 Terrarum
1932 2578 2200 2646 indigenas
2227 2578 2626 2631 Hibericarum?

1624 2669 1756 2735 Qu'd
1784 2683 1914 2737 quos
1941 2668 2234 2735 duplicibus
2255 2669 2431 2736 jugata
2454 2669 2601 2721 laniis

1623 2758 1928 2825 Argentaria
1962 2756 1984 2794 δ
2018 2756 2158 2809 Polla
2183 2757 2270 2809 dat
2300 2753 2518 2825 poeias?

1628 2846 1760 2911 Quid
1789 2846 1980 2898 multos
2009 2846 2136 2897 varii
2168 2845 2286 2912 styli
2314 2855 2567 2910 retexam,

1623 2933 1827 3002 Arguti,
1861 2933 2046 2995 teneri,
2075 2947 2276 3000 graves,
2309 2931 2547 2984 dicaces?

1624 3023 1676 3078 Si
1706 3023 2018 3075 Consentius
2046 3020 2230 3084 adfuit,
2261 3021 2508 3076 latebant.

1547 3100 1595 3164 C
1626 3111 1752 3163 Huic
1780 3111 1967 3162 summi
1998 3110 2186 3176 ingenii
2224 3109 2356 3173 viro,
2386 3110 2643 3178 simulque

1622 3199 1854 3253 Summa:
1883 3197 2163 3251 nobilitatis
2186 3207 2342 3265 atque
2368 3198 2570 3263 formae,

1619 3290 1805 3346 Juncta
1833 3299 1911 3343 est
1938 3288 2152 3353 femina,
2180 3304 2295 3356 quae
2324 3290 2531 3342 domum
2557 3290 2620 3342 ad
2649 3288 2820 3343 mariti

1621 3381 1786 3434 Prisci
1814 3391 1833 3418 ε
1863 3381 2080 3447 insignia
2113 3378 2432 3433 transferens
2459 3381 2653 3447 Jovini,

1621 3469 1859 3535 Implevit
1885 3470 2082 3522 trabeis
2115 3471 2274 3522 larem
2303 3470 2573 3538 sophistm.

1620 3561 1706 3612 Sic
1738 3559 1872 3612 intra
1904 3559 2140 3627 proprios
2173 3559 2262 3612 tibi
2293 3568 2525 3625 penates,

1621 3649 1898 3713 Consenti,
1929 3648 2107 3716 patriae
2138 3649 2297 3701 decus
2322 3650 2623 3716 superbum,

1621 3734 1790 3788 Fastis
1822 3735 1946 3788 vivit
1969 3750 2117 3802 avus,
2151 3745 2400 3802 paterque
2429 3736 2595 3787 libris.

1689 3823 1808 3874 Haec
1833 3835 1925 3888 per
1946 3830 2218 3872 stemmata
2249 3830 2298 3873 te
2321 3824 2450 3893 satis
2482 3829 2764 3886 potentem,

1620 3912 1821 3965 Merum
1852 3911 2076 3963 culmine
2099 3909 2189 3963 sed
2206 3902 2586 3976 potentiorem,

1617 4000 1729 4054 Non
1755 4001 1948 4070 possim
1980 3999 2160 4052 merita
2191 4011 2380 4050 sonare
2414 3997 2567 4052 laude
2597 4015 2610 4049 :

1618 4089 1726 4144 Nec
1752 4089 1794 4141 si
1825 4103 1907 4142 me
1929 4088 2152 4156 Odrysio
2178 4101 2373 4140 canens
2403 4087 2453 4140 in
2487 4097 2656 4151 antro,

1617 4176 1776 4246 £05
1802 4176 1910 4240 Qua
1942 4175 2044 4228 late
2071 4174 2448 4241 trepidantibus
2477 4175 2686 4228 fluentis

1617 4267 1807 4320 Cautes
1837 4280 1929 4333 per
1955 4264 2203 4318 Ciconum
2234 4267 2452 4317 resultat
2477 4265 2685 4319 llebrus
2705 4302 2721 4327 ,

1623 4356 1871 4423 Princeps
1894 4353 2205 4408 instituisset
2233 4354 2320 4407 ille
2347 4362 2547 4418 vatum,

1541 4420 1594 4477 Ῐ)
1622 4446 1749 4498 Cum
1778 4420 1957 4497 dulces
1980 4442 2210 4495 animata
2238 4456 2360 4494 saxa
2387 4442 2599 4494 chordae

1623 4535 1839 4588 Fe'rrent
1860 4547 1954 4600 per
1980 4531 2261 4598 Rhodopen
2297 4531 2532 4596 trahente
2557 4536 2729 4593 cantu,

1622 4623 1683 4675 Et
1711 4637 1861 4676 versa
1885 4622 1999 4672 vice
2029 4619 2252 4671 fontibus
2281 4618 2472 4685 ligatis,

1624 4712 1813 4766 Terras
1839 4723 2052 4762 currere
2074 4714 2321 4774 cogerent
2344 4705 2574 4760 anhelas.

1619 4868 1700 4922 Fl.
1739 4863 1966 4918 Valentis
1994 4862 2162 4916 Jovini
2185 4904 2198 4926 ,
2231 4879 2382 4930 quem
2421 4864 2672 4930 Lupicino
2703 4864 2897 4932 Collega
2927 4866 3025 4919 sub
3055 4860 3150 4913 Va-

1621 4936 1905 4990 lentiniano
1934 4933 2140 5001 seniore
2159 4934 2338 4997 gessit,
2365 4947 2479 4985 cum
2504 4935 2731 5000 equitum
2759 4935 3002 5001 magister
3018 4939 3158 4987 esset

1619 5020 1711 5073 per
1730 5002 1946 5073 Callias,
1967 5010 2017 5053 et
2039 5000 2355 5073 Alamannos
2376 5002 2568 5069 ingenti
2595 5013 2765 5073 strage
2789 5003 2838 5054 iu
2853 5000 3154 5073 ’Catalaunis

1621 5068 1976 5140 profligasset,
2029 5077 2092 5140 u_t_
2125 5068 2658 5140 Marcellinusuarrat
2689 5068 2724 5122 ιζ
2757 5086 2912 5123 xxvu.
2955 5071 3025 5140 De
3052 5086 3155 5137 quo

1622 5136 1779 5194 etiam
1812 5136 1991 5190 scribit
2039 5137 2408 5190 Flodoardusr
2457 5139 2694 5191 Historiae
2737 5140 2787 5201 G,
2825 5148 2876 5189 et
2918 5136 3156 5204 antiquos

1621 5220 1801 5260 versus
1834 5207 2029 5271 profert
2059 5219 2085 5254 a
2115 5206 2300 5259 Jovino
2331 5208 2525 5273 positos
2564 5209 2612 5257 in
2654 5208 2709 5261 S.
2746 5207 2992 5272 Agricolae
3022 5207 3157 5256 basi-

1622 5277 1717 5328 lica
1746 5289 1896 5339 quam
1920 5273 2109 5342 Remis
2139 5275 2396 5327 fundarat.
2431 5276 2595 5342 Hujus
2630 5276 2798 5341 itaque
2842 5274 2992 5325 ﬁliam
3020 5274 3157 5342 Cou-

1621 5344 1788 5396 sentio
1818 5341 2012 5393 seniori
2059 5352 2269 5407 nuptam
2310 5345 2400 5394 ait.
2445 5345 2570 5406 Qua:
2601 5359 2725 5395 vero
2754 5348 3059 5405 sequuntur,
3091 5341 3157 5392 de

1614 5412 1818 5478 juniore
1844 5408 2144 5472 Consentio,
2177 5412 2241 5461 ad
2268 5427 2419 5477 quem
2449 5413 2646 5474 scribit,
2673 5410 2783 5476 capi
2809 5410 3012 5461 debent.

1624 5540 1952 5603 Cornelium,
1994 5551 2046 5592 et
2074 5542 2202 5593 alios
2236 5543 2371 5594 Celsi
2414 5543 2620 5594 nomine
2649 5542 2897 5594 celebres.
2926 5570 2991 5580 —
3019 5541 3153 5599 Dan.

1627 5625 1736 5662 MUS
1765 5609 2027 5663 Sirmoad.
2061 5612 2251 5676 editor,
2283 5611 2480 5677 prmfat.
2512 5612 2572 5663 ad
2601 5619 2724 5664 tum.
2761 5611 2796 5674 Ι,
2827 5611 2853 5680 §
2887 5611 2968 5668 Η.
