3818 6226
666 324 768 378 7'55

668 430 774 482 Nec
801 442 902 481 non
930 428 1124 484 Ismara
1154 431 1348 485 solibus
1377 439 1647 500 paterent,

669 519 848 570 Aurita
877 517 1062 588 thelyn
1090 530 1370 588 expetente
1401 524 1552 588 silva,

671 605 733 656 Et
757 606 877 657 nulli
906 607 1214 685 resolubiles
1239 612 1398 664 calori

668 694 886 749 Curvata
920 709 1132 752 ruerent
1166 701 1310 754 nives
1332 702 1398 753 ab
1424 702 1553 755 Ossa
1574 743 1588 762 ,

668 787 902 840 Stantem
934 797 1023 841 aut
1051 789 1326 859 Strymona
1361 791 1601 844 Bistones
1632 792 1902 859 viderent,

667 873 794 928 Cum
822 892 1032 931 ctrmen
1059 880 1267 946 rapidus
1293 881 1435 934 latex
1461 882 1651 937 sitiret.

667 969 773 1023 Nec
801 972 844 1021 si
873 969 1079 1024 Peliaco
1107 971 1257 1025 datus
1286 973 1565 1026 bimembri
1660 1013 1664 1016 .

667 1058 744 1110 Ad
771 1058 1078 1113 Centaurica
1113 1062 1303 1127 plectra
1333 1064 1708 1129 constitissem,

670 1147 936 1200 liinnitum
965 1149 1182 1214 duplicis
1211 1151 1401 1204 timens
1425 1151 1680 1219 magistri.

669 1235 776 1289 Nec
801 1238 842 1289 si
876 1253 959 1291 me
988 1237 1255 1291 docuisset
1282 1239 1369 1292 ille
1400 1239 1491 1291 fari
1511 1279 1526 1304 ,

671 1323 856 1377 Jussus
886 1340 1106 1392 pascere
1134 1327 1220 1393 qui
1251 1341 1458 1395 gregem
1485 1339 1562 1381 est
1589 1329 1815 1397 clientis,

671 1412 956 1478 Amphrysi
988 1413 1049 1464 ad
1085 1413 1315 1479 ﬂuvium,
1349 1414 1477 1469 deus
1503 1416 1773 1482 bubulcus,

674 1499 818 1563 Quod
846 1499 1166 1566 ferrugineos
1189 1500 1445 1573 Cyclopas
1468 1520 1591 1560 arcu

672 1585 874 1640 Stravit
899 1589 997 1640 sub
1020 1589 1389 1657 Liparensibus
1420 1594 1661 1657 caminis,

676 1673 898 1727 Vibraus
931 1678 1043 1744 plus
1071 1696 1227 1746 grave
1256 1679 1447 1737 fulmen
1481 1684 1532 1753 in
1563 1688 1768 1753 sagitta.

743 1766 853 1820 Jam
886 1769 1053 1836 prTmo
1085 1777 1266 1825 tenero
1289 1752 1542 1841 calentem
1569 1752 1805 1841 abortu,

674 1855 941 1924 Excepere
971 1861 1086 1912 sinu
1115 1877 1301 1915 novem
1329 1832 1561 1930 timores,

673 1942 737 1996 Et
765 1953 813 1997 te
840 1946 903 1997 dc
931 1949 1185 2014 genitrice
1214 1951 1530 2018 vagientem.

674 2032 943 2087 Texerunt
972 2036 1148 2090 vitrezc
1172 2038 1305 2091 vado
1330 2040 1701 2108 Hippocrenes.

677 2118 819 2172 Tunc
849 2123 946 2175 hac
978 2139 1180 2179 mersus
1208 2142 1338 2195 aqua
1370 2129 1600 2197 loquacis
1625 2132 1796 2199 undat,

673 2211 778 2264 Pro
807 2211 962 2266 ﬂuctu
995 2229 1144 2282 mage
1175 2217 1371 2271 litteras
1396 2221 1588 2276 bibisti.

676 2299 824 2353 Tune
852 2313 904 2354 tu
923 2301 1029 2368 jam
1057 2318 1183 2371 puer
1207 2308 1377 2372 aptior
1406 2311 1674 2378 magistro,

674 2389 931 2458 Quidquid
961 2391 1232 2448 rhetorica:
1263 2396 1630 2464 institutionis,

672 2477 828 2546 405
856 2480 1113 2549 Quidquid
1140 2488 1548 2551 grammaticalis
1571 2497 1661 2542 aut
1692 2492 1932 2557 palestra:
1961 2502 2062 2555 est,

675 2568 818 2622 Sient
841 2571 950 2638 jam
984 2581 1128 2626 tener
1157 2572 1428 2640 hauseras,
1462 2580 1676 2632 vorasti.

586 2733 587 2736 η
673 2660 739 2712 Et
764 2660 869 2728 jam
899 2671 950 2716 te
978 2663 1094 2715 aula
1124 2666 1256 2728 tulit,
1285 2673 1309 2700 ι
1342 2668 1558 2734 piusque
1588 2669 1829 2737 princeps

675 2738 827 2800 Inter
843 2752 1154 2817 conspicuos
1184 2754 1356 2806 statim
1382 2755 1592 2820 locavit,

671 2836 993 2891 Consistoria
1025 2856 1153 2906 quos
1183 2841 1414 2912 habent,
1447 2845 1685 2900 tribunos
1713 2865 1724 2900 :

669 2922 905 2992 Namque
930 2936 983 2979 et
1010 2943 1296 2998 purpureus
1327 2934 1378 2985 in
1406 2948 1530 2989 arce
1561 2936 1707 3006 regni

671 3015 907 3070 Praeesse
934 3019 1119 3073 ciliciis
1150 3023 1249 3076 tuis
1278 3024 1503 3090 solebat,

672 3104 842 3158 Mores
869 3106 1140 3176 nobilitate
1167 3111 1301 3176 quod
1333 3114 1621 3168 merebant.

670 3192 894 3246 Tantum
928 3197 1168 3252 culminis
1193 3211 1243 3252 et
1270 3200 1430 3256 decus
1459 3207 1771 3272 stupendum

674 3283 866 3352 Scripti
897 3288 1171 3341 annalibus
1193 3291 1425 3345 indicant
1455 3293 1704 3350 honores.

672 3372 803 3426 llinc
831 3385 881 3428 tu
913 3375 1147 3431 militiam
1175 3392 1386 3434 secutus
1412 3384 1657 3449 amplam,

672 3470 1000 3523 Castrensem
1031 3473 1149 3525 licet
1180 3475 1432 3539 ampliare
1459 3490 1673 3530 censum

675 3555 773 3607 Per
798 3557 1038 3625 suffragia
1071 3560 1206 3626 iusta
1235 3562 1527 3615 debuisses.

674 3647 933 3699 Solemnis
963 3658 1134 3701 tamen
1163 3652 1430 3705 abstinens
1462 3653 1657 3722 lucelli,

677 3735 834 3788 Fama
866 3737 978 3804 plus
1009 3739 1236 3807 locuples
1265 3741 1297 3793 d
1337 3757 1478 3795 mum
1508 3745 1709 3812 redisti,

673 3828 849 3881 Solttm
880 3830 1018 3897 quod
1047 3831 1266 3886 dederas
1298 3842 1441 3888 tuum
1468 3837 1715 3904 putando.

743 3919 870 3972 Tum
896 3921 937 3974 si
969 3921 1100 3977 forte
1131 3923 1225 3977 fuit
1248 3926 1386 3994 tiu-ad
1411 3929 1693 3997 imperator

743 4099 766 4125 α
796 4090 936 4166 Plac.
972 4092 1393 4166 Valentinianus,
1424 4112 1450 4149 a
1486 4114 1591 4166 quo
1618 4102 1856 4156 tribunus
1889 4113 1951 4158 et
1982 4106 2216 4159 notarius

673 4160 725 4212 ln
755 4163 1068 4214 consistorio
1106 4162 1416 4219 Consentius
1445 4160 1651 4222 creatus
1689 4179 1788 4224 est.
1820 4173 1872 4224 ln
1901 4176 2216 4227 consistorio

582 4288 585 4290 η
672 4228 811 4280 enim
842 4230 1089 4296 principis
1116 4232 1400 4287 militabant
1432 4237 1621 4289 tribuni
1650 4247 1703 4290 et
1729 4241 1936 4292 notarii.
1967 4245 2001 4295 Ι.
2032 4243 2067 4293 2
2091 4243 2211 4294 cod.

672 4296 1317 4370 Ilieod._de_Pr_imicerio
1349 4313 1402 4370 et
1438 4305 1675 4370 notariis.
1719 4306 1991 4370 Inscriptio
2031 4319 2215 4362 statua:

675 4363 902 4416 Petronii
958 4366 1201 4429 Maximi,
1255 4368 1613 4422 rmnavus
1670 4372 1734 4422 IN
1786 4363 2215 4430 cossmonto

674 4430 890 4483 SACBO
926 4431 1261 4488 TBIBUNUS
1304 4437 1384 4488 ET
1423 4437 1757 4492 NOTARIUS
1795 4440 2068 4496 MEBUII‘.

746 4497 1078 4568 {Theodosii
1101 4501 1326 4568 junioris
1365 4506 1438 4558 At:

675 4576 754 4648 rat
785 4566 1194 4648 Valentinianus.
1239 4573 1319 4648 Ad
1351 4566 1698 4648 The'odosium
1745 4593 1872 4648 ergo
1913 4581 1963 4634 in
2004 4583 2216 4638 Oriente

678 4636 898 4710 legatum
929 4653 962 4710 _a
997 4638 1356 4710 Valentiniano
1381 4643 1718 4699 Consentium
1751 4636 1850 4710 aii,
1884 4659 1935 4702 et
1973 4636 2213 4707 idoneum

677 4705 835 4758 fuisse
856 4707 940 4787 qni
963 4710 1024 4760 ad
1051 4708 1280 4765 Francos
1300 4712 1445 4780 item,
1474 4714 1678 4782 Persas,
1702 4705 1965 4774 Vandalos
1986 4705 2216 4792 aliosque

675 4789 821 4839 reges
854 4787 1164 4833 mitteretur.

748 4854 769 4880 ε
799 4844 1528 4925 Nobilinmhpantomimorum
1558 4855 1798 4925 nomina;
1830 4873 2050 4925 quorum
2088 4862 2216 4914 alte-

677 4928 787 4965 rum
810 4953 822 4971 ,
851 4914 903 4983 id
934 4925 1012 4967 est
1041 4915 1388 4971 Caramallum
1409 4960 1423 4982 ,
1452 4921 1630 4981 laudat
1669 4914 1824 4977 etiam
1848 4914 2216 4983 'Aristmnetus

675 4981 892 5050 epistola
923 4983 1010 5046 26,
1044 4996 1095 5037 et
1137 4985 1384 5040 Leontius
1425 4986 1782 5045 Scholasticns
1812 4996 1898 5048 lib.
1932 5013 1981 5049 tv
2012 4981 2212 5050 Antho;

675 5049 820 5128 logia;
851 5050 936 5103 25.
972 5053 1630 5133 ParitrsntimiLépanmi,
1662 5077 1754 5133 ore
1797 5067 1953 5118 tacito
1985 5049 2217 5133 gestibus

673 5120 845 5169 omnia
892 5121 1221 5186 explicabunt
1287 5120 1627 5178 Cassiodorus
1675 5129 1766 5184 lib.
1806 5146 1853 5181 ιν
1894 5151 1906 5184 :
1955 5120 2220 5188 ()Urchesta-

675 5203 784 5239 rum
829 5190 1187 5256 loquacissimae
1234 5208 1435 5252 manus,
1485 5195 1701 5262 linguosi
1749 5201 1922 5269 digiti,
1970 5205 2220 5258 silentium

745 5347 760 5376 ⁸
777 5345 1066 5428 Hadrianus
1083 5346 1336 5428 V_alesius,
1359 5347 1485 5428 Ret:
1502 5349 1733 5428 Francia.
1758 5354 1845 5407 lib.
1873 5372 1920 5420 v,
1947 5373 2061 5428 pag.
2083 5360 2205 5426 ﬁl,

677 5429 776 5496 non
809 5414 1075 5496 Τιιιηρνιιηξ,
1097 5418 1295 5494 ﬂumen
1328 5419 1684 5496 omnibtts'aut
1715 5425 1821 5496 ipse
1862 5414 1959 5487 ait:
1984 5414 2206 5496 g‘t’mgra-v

678 5483 791 5545 phis
811 5483 1410 5559 etltistoricisignptum,
1435 5488 1523 5539 sed
1553 5483 1754 5542 Vicrtmt
1784 5483 2214 5559 legitatvEst'au-

681 5559 779 5631 tum
822 5550 979 5629 νέαις,
1011 5550 1194 5631 inquit,
1228 5554 1459 5607 Francire
1483 5550 1871 5631 transrhenana:
1901 5550 2212 5631 atnnis,’op.

679 5618 850 5684 pidum
877 5621 958 5673 sui
989 5618 1210 5679 nominis
1238 5627 1512 5695 attingens,
1543 5626 1696 5696 vulgo
1724 5618 2088 5703 Zuiderscum,
2115 5618 2211 5693 hoc

1874 322 2112 378 SIDONH
2153 322 2600 382 APOLLINARIS
3781 330 3800 380 ἲ

1446 4507 1692 4591 g..tiliam
1733 4509 2214 4591 Eudoviamnduxe-
2244 4505 2294 4566 D
2319 4527 2370 4571 et
2402 4518 2687 4591 Bathyllus.
2720 4518 2846 4570 Nam
2887 4505 3241 4591 cumivett’eres
3267 4505 3748 4591 ‘i‘psi'EQiiEein'éi

3227 437 3252 450 ’ν

2243 434 2286 491 Α
2316 435 2342 472 δ
2376 435 2509 492 ans
2538 437 2707 490 soceri
2730 437 2906 493 venire
2939 438 2989 493 in
3015 454 3169 495 aures

2321 527 2450 579 Fido
2479 528 2764 594 interprete
2794 528 2948 582 vellet
2978 539 3030 583 et
3057 531 3250 599 perito,

2318 616 2390 667 'l‘e
2413 616 2726 668 commercia
2749 615 2968 684 duplicis
2997 617 3218 685 loquelas

2319 703 2536 756 Doctum
2565 705 2774 757 solvere
2806 705 3040 771 protinus
3070 705 3298 774 legebas.

2317 795 2381 856 Ο,
2413 792 2588 858 soles,
2621 793 2829 861 quoties
2857 794 2946 847 tibi
2979 794 3211 863 loquenti

2320 882 2606 950 Byzantina
2632 882 2826 950 sepltos
2850 883 3042 938 dedere
3071 884 3268 953 regna?

2319 976 2382 1029 Et
2411 986 2459 1031 te
2490 993 2581 1031 seu
2612 978 2857 1032 latialiter
2882 987 3155 1033 sonantem
3175 1020 3191 1044 ,

2318 1067 2588 1135 Tanquam
2618 1069 2873 1122 Romulea
2903 1079 3070 1122 satum
3101 1070 3354 1135 subnrra,

2317 1157 2420 1210 Seu
2443 1158 2630 1226 linguae
2661 1159 2920 1227 Argolica:
2943 1160 3260 1214 rotunditate

2322 1243 2637 1309 Undantem,
2663 1246 2967 1301 Marathone
2992 1262 3089 1301 ceu
3115 1257 3354 1302 creatum
3390 1263 3408 1302 :

2321 1335 2633 1390 Plaudentes
2657 1346 2905 1404 stupuere
2930 1337 3284 1408 Bosphorani,

2320 1425 2487 1478 Mirati
2522 1425 2694 1479 minus
2722 1429 2919 1482 Atticos
2951 1428 3214 1484 alumnos.

2322 1514 2453 1568 llinc
2480 1516 2522 1568 si
2553 1515 2749 1570 foedera
2779 1517 3112 1572 solverentur
3137 1519 3311 1582 orbis,

2320 1605 2479 1675 506
2506 1606 2695 1661 Pacem
2729 1617 2778 1661 te
2806 1609 2979 1662 medio
2999 1609 3180 1663 darent
3209 1610 3430 1665 feroces

2321 1693 2560 1759 Chunus,
2593 1696 2961 1762 Sauromates,
2995 1697 3174 1766 Getes,
3207 1699 3483 1752 Gelonus.

2250 1773 2295 1833 B
2325 1783 2402 1838 Tu
2430 1785 2444 1815 ¹
2478 1783 2764 1853 Tuncrum,
2790 1796 2842 1840 et
2867 1786 3159 1853 Vachalim,
3190 1788 3481 1859 Visurgin,
3517 1789 3693 1853 Albin,

2323 1873 2647 1928 Francorum
2673 1884 2727 1929 et
2759 1877 3111 1944 penitissimas
3142 1879 3362 1954 paludes

2324 1963 2567 2028 intrares,
2598 1967 2975 2021 venerantibus
3005 1967 3315 2034 Sicantbris,

2321 2053 2459 2107 Solis
2487 2055 2717 2109 moribus
2749 2057 2886 2111 inter
2909 2073 3053 2110 arma
3079 2067 3239 2112 tutus.

2326 2143 2402 2196 Tu
2433 2144 2701 2204 Mmotida.
2731 2143 3052 2213 Caspiasque
3081 2157 3285 2214 portas,

2321 2232 2399 2285 Tu
2432 2233 2584 2286 ﬂuxis
2613 2235 2840 2300 equitata
2870 2235 3052 2286 Bactra
3086 2235 3296 2287 Parthis

2323 2323 2580 2375 Constans
2607 2323 3002 2395 intrepidusque
3031 2325 3108 2378 sic
3140 2325 3349 2391 adires,

2325 2412 2391 2464 Ut
2422 2412 2550 2462 fastu
2579 2412 2749 2478 posito
2781 2412 3027 2468 tumentis
3056 2415 3212 2478 aulzc,

2322 2503 2420 2567 Qui
2447 2518 2603 2570 supra
2635 2515 2872 2573 satrapas
2898 2504 3048 2558 sedet
3073 2513 3348 2574 tyrannus,

2324 2593 2550 2647 Ructans
2577 2595 2866 2648 semideum
2895 2596 3319 2663 prapinquitates
3337 2635 3354 2662 ,

2323 2683 2578 2736 Lunatum
2611 2683 2698 2736 tibi
2729 2684 2963 2738 ﬂecteret
2991 2684 3197 2756 tiaram.

2322 2773 2399 2825 Tu
2428 2773 2469 2824 si
2504 2773 2704 2839 publica
2741 2775 2842 2825 fata
2871 2789 2974 2827 non
3003 2783 3246 2828 vetarent

2268 2891 2271 2893 -
2324 2862 2390 2916 Ut
2421 2863 2631 2932 Byrsam
2668 2871 2892 2929 peteres,
2928 2864 3010 2918 vel
3039 2863 3304 2918 Africana:

2321 2953 2545 3006 Telluris
2568 2952 2893 3006 Tanaiticum
2926 2953 3175 3007 rebellem
3211 2969 3226 3006 :

2322 3041 2608 3096 Confestim
2643 3042 2815 3110 poSito
2844 3040 3021 3096 furore
3050 3042 3250 3105 Martis,

2249 3105 2294 3166 C
2325 3131 2446 3185 Post
2476 3105 2690 3201 piratica
2719 3131 2906 3186 damna
2938 3132 3228 3186 destinaret

2325 3219 2510 3273 Plenas
2537 3220 2798 3274 mercibus
2828 3222 3035 3275 institor
3062 3222 3304 3284 carinas;

2325 3311 2389 3363 Et
2414 3326 2506 3377 per
2537 3320 2586 3365 te
2609 3312 2744 3365 bene
2777 3326 2900 3378 pace
2930 3313 3168 3366 restituta
3190 3353 3206 3378 ,

2323 3398 2436 3450 Non
2467 3398 2601 3450 ultra
2633 3398 2761 3450 mihi
2791 3399 2923 3450 bella
2957 3397 3282 3467 navigarent.

2391 3482 2504 3535 Jam
2532 3484 2574 3534 si
2599 3485 2734 3554 seria
2761 3483 2893 3536 forte
2923 3485 3294 3541 terminantem

2323 3572 2397 3624 Te
2427 3571 2717 3638 spectacula
2744 3581 2995 3639 ceperant
3025 3574 3243 3639 theatri,

2325 3661 2557 3714 Pellebat
2587 3660 2784 3714 chorus
2803 3662 2974 3715 omnis
2998 3663 3310 3718 histrionum
3333 3706 3347 3726 .

2322 3752 2591 3819 Tanquam
2621 3752 2663 3804 si
2691 3754 3023 3818 Arcitenens,
3055 3769 3351 3822 novemque
3369 3747 3566 3814 Musa

2325 3843 2544 3909 Propter
2571 3842 2763 3910 pulpita
2786 3842 2994 3910 indices
3015 3845 3279 3898 sederent.

2322 3931 2510 3986 Coram
2539 3941 2590 3987 te
2618 3944 2637 3970 ο
2669 3933 2994 4001 Caramalus,
3024 3944 3114 3989 aut
3137 3936 3413 3993 Phabaton

2323 4108 2616 4186 clamosum,
2641 4111 2879 4177 expositio
2905 4113 3086 4175 tacita;
3117 4122 3166 4167 et
3193 4113 3436 4169 incertus
3459 4125 3652 4173 auctor
3671 4119 3729 4174 de
3745 4108 3813 4186 Η

2326 4184 2540 4227 lomimo
2569 4193 2582 4228 :

2439 4289 2860 4360 Totiingnuteqnot
2885 4293 3098 4360 membra
3121 4294 3224 4360 viro
3253 4308 3265 4345 :
3289 4296 3636 4360 mirabilia!!!
3656 4303 3744 4360 est,

2502 4350 2618 4405 Qua:
2640 4351 2746 4396 facit
2768 4349 2989 4397 articulos
3021 4364 3107 4400 ore
3129 4352 3306 4403 silente
3332 4355 3500 4418 loqui.

2325 4448 2463 4524 Artis
2495 4446 2983 4524 auc_tores__Roma:,
3013 4452 3229 4519 Augusti
3262 4431 3642 4524 temporibus,

2319 4596 2511 4648 tarent,
2537 4589 2585 4641 hi
2608 4587 2826 4640 chorum
2851 4596 2904 4640 et
2931 4588 3153 4643 fistulam
3182 4591 3279 4644 sibi
3304 4587 3618 4657 prmcinere
3637 4587 3813 4657 iocati

2324 4668 2373 4736 ut
2404 4657 2890 4740 trad'tthucianus
2914 4663 3027 4740 "cpi
3052 4661 3636 4740 deﬁas‘wc,Ell§ebl‘lll
3653 4662 3702 4717 in

2325 4726 2474 4787 nico,
2506 4726 2743 4779 Zosimns
2776 4726 2862 4779 lib.
2897 4743 2946 4787 ι,
2976 4726 3031 4780 et
3065 4726 3174 4782 alii.
3223 4730 3684 4786 Pantomimnrlnn
3709 4745 3764 4783 an

2319 4803 2400 4874 tot
2443 4805 2590 4848 erant
2619 4803 2926 4862 argumenta
2975 4804 3101 4862 quot
3147 4797 3339 4851 fabttlze
3376 4797 3796 4876 βρθωηιεςμς

2319 4864 2457 4934 enim
2489 4873 2598 4916 erat
2624 4879 2776 4934 quam
2803 4879 2905 4916 non
2936 4864 3399 4930 reprtesentarent.
3433 4869 3624 4934 Itaque

2319 4933 2510 4983 multas
2537 4934 2634 4985 hoc
2663 4932 2777 5003 loco
2801 4943 3068 5003 recenset;
3101 4935 3253 5002 longe
3276 4937 3468 5003 plures
3489 4931 3813 5003 Ιιίιαίιιιιςδῇ

2321 5003 2438 5064 logo
2468 4998 3167 5071 suprascripto.Cyprianus
3193 4998 3644 5071 de'spectaeulil
3669 5023 3684 5060 :
3719 4998 3813 5071 NII

2321 5071 2451 5144 enim
2487 5069 2952 5144 obscenismotibus
2998 5071 3216 5123 membra
3252 5069 3596 5144 distorquens
3637 5069 3813 5144 In!“

2322 5136 2511 5190 ercw
2540 5137 2762 5189 libidinis
2790 5137 3031 5205 fabulam.

2317 5364 2397 5415 est
2438 5361 2677 5430 p’alttdem
2725 5362 3021 5416 Austrinam
3041 5404 3055 5426 ,
3105 5363 3331 5430 dictum;
3377 5381 3548 5436 quem

2319 5432 2602 5482 Ptolemaeo
2631 5433 2681 5482 in
2707 5432 2983 5482 Germania
3008 5433 3142 5482 inter
3169 5433 3410 5482 Rhenum
3440 5447 3504 5482 el
3527 5437 3714 5482 an

2319 5432 2602 5484 Ptolemaeo
2631 5433 2681 5484 in
2707 5432 2983 5486 Germania
3008 5433 3142 5485 inter
3169 5432 3410 5487 Rhenum
3440 5447 3504 5490 et
3527 5435 3714 5492 ﬂuuio-

2320 5501 2451 5553 siun’t
2486 5501 2706 5571 positum
2726 5541 2740 5563 ,
2777 5501 2903 5554 vitio
2931 5501 3317 5571 exemplarium
3344 5503 3574 5558 Vidrum
3607 5518 3698 5571 pro
3719 5495 3813 5571 Vici

2318 5569 2590 5694 applellari,
2625 5579 2679 5691 ctl
2707 5571 2962 5640 hodieque
2994 5569 3212 5624 Vectum
3250 5573 3431 5628 vocari
3461 5569 3813 5694 attillﬂveﬂm‘

2320 5669 2384 5679 -ρ
2433 5647 2635 5693 iAUNtUS
2689 5652 2774 5691 .c.
