3818 6226
2 185 48 240 Vl
1405 175 1722 234 CAMIINA.

1554 297 1603 356 Λ
1633 285 1827 338 llirtam
1853 282 2006 336 dorsa
2031 283 2216 350 ieram,
2249 285 2478 352 repanda
2508 284 2610 338 tela

1629 373 1822 429 Attritu
1847 370 2061 425 assiduo
2084 373 2522 427 cacuminantem.

1631 465 1736 517 Seu
1761 463 1968 517 Perseia
1993 467 2137 533 virgo
2165 465 2420 519 vindicata

1631 552 1743 606 Illic
1768 537 1966 604 luditur
1987 551 2148 620 harpe
2178 553 2463 623 conjugali,

1629 641 1732 695 Seu
1764 642 1901 709 quod
1929 643 2178 696 carminis
2201 653 2356 712 atque
2379 644 2668 698 rabularum

1629 731 1817 787 Clausa
1846 733 1910 785 ad
1943 733 2189 800 Pergama
2217 733 2303 787 dat
2329 735 2549 789 bilustre
2578 736 2791 791 bellum.

1631 820 1766 886 Quid
1797 821 1966 874 dicam
1995 822 2363 892 citharistrias,
2396 826 2692 890 choraules,

1633 910 1839 976 Mimos,
1872 910 2259 978 schmnobatas,
2289 914 2604 983 gelasianos,

1632 999 1794 1070 ωε
1822 1000 2048 1066 Cannas,
2072 1003 2290 1070 plectra,
2309 1003 2478 1072 focos,
2510 1003 2675 1071 palem
2694 1048 2708 1073 ,
2741 1005 3037 1074 rudentem,

1633 1088 1828 1142 Coram
1862 1101 1912 1143 te
1941 1090 2260 1158 trepidanter
2287 1091 2591 1160 explicare?

1634 1175 1765 1229 Nam
1793 1185 1819 1212 ³
1849 1176 2189 1231 Circensibus
2218 1179 2330 1245 ipse
2351 1187 2545 1247 quanta
2571 1179 2710 1233 ludis

1636 1266 1818 1320 Victor
1841 1269 2069 1336 gesseris
2091 1270 2360 1322 intonante
2384 1269 2571 1335 Roma,

1639 1357 1833 1411 Laetam
1859 1372 1951 1424 par
1979 1356 2072 1410 fuit
2097 1371 2316 1411 exarare
2345 1338 2568 1412 musam.
2627 1392 2630 1393 ν

20 297 150 354 lausis
169 293 434 355 nucibus.
460 303 521 349 et
549 295 806 364 loquente
831 301 1001 362 gestu,

30 403 120 456 stu,
145 402 314 449 crure,
343 401 492 455 genu
512 427 529 452 ,
561 401 742 450 manu,
775 393 970 449 rotatu,

29 492 101 536 oto
129 480 176 532 in
201 479 483 534 schemate
511 476 595 530 vel
621 475 784 529 semel
815 475 1016 531 latebit.

23 570 118 638 α]
149 567 269 622 Sive
302 564 535 628 Eetias,
565 574 618 617 et
646 578 771 616 suus
797 563 957 616 lason

22 659 287 712 iducuntur
315 652 414 716 ibi,
447 651 698 720 ferusque
730 649 936 714 Phasis,

17 747 94 812 pis
117 745 293 810 iactos
322 755 488 810 super
515 754 640 792 arva
667 737 861 790 Colcha
892 735 1080 791 dentes

16 835 211 902 spat-it,
245 828 534 883 fruticante
558 842 677 880 cum
706 825 883 879 duello

12 923 138 990 tpicis
162 919 373 987 spicula
395 919 559 970 mixta
589 915 926 969 ﬂuctuarent.

10 1011 88 1066 ire
124 1007 356 1078 prandia
382 1006 499 1074 quis
528 1004 688 1059 refert
711 1004 956 1074 Thyesta:

9 1116 72 1154 cu
100 1108 321 1152 vestros
347 1093 637 1150 Philomela
677 1103 822 1149 torva
849 1093 1118 1162 planctus,

5 1189 314 1255 tiscerptum
341 1194 433 1238 aut
459 1197 699 1252 puerum,
730 1182 1008 1250 cibumque
1041 1181 1238 1232 factum

7 1279 200 1344 amjam
223 1274 478 1342 conjugis
505 1271 902 1326 innocentioris.

2 1365 72 1420 lett
102 1372 305 1430 raptus
327 1362 537 1431 Tyrios,
569 1359 860 1428 Jovemque
891 1368 1095 1411 taurum

1 1455 166 1524 ipreto
193 1452 426 1506 fulmine
447 1452 617 1505 fronte
639 1452 754 1518 plus
779 1448 1085 1502 timendum.

0 1549 76 1604 ica
101 1546 275 1600 turris
306 1545 484 1598 Danae
510 1543 736 1596 refertur
758 1541 894 1605 illic,

0 1635 100 1690 iam
137 1635 373 1688 multum
407 1621 591 1701 pluvio.
611 1633 772 1700 rigata
802 1645 961 1685 censu
986 1637 1087 1694 est,

0 1727 118 1782 bans
147 1727 278 1794 plus
310 1738 467 1778 aurea
497 1723 628 1776 furta
657 1737 809 1790 quam
839 1721 1067 1775 metalla.

0 1815 76 1870 ica
105 1815 318 1869 Ledam
347 1813 464 1882 quis
493 1811 619 1882 agit,
643 1811 1007 1881 Phrygemque
1032 1808 1293 1878 ephebum

0 1907 179 1970 tptans
212 1903 286 1955 ad
309 1901 560 1972 cyathos,
589 1899 712 1953 facit
739 1899 938 1953 tonanti

0 1993 149 2050 iaceo
179 1992 424 2046 nectaris
444 2004 564 2045 esse
585 1989 891 2043 dulciorem.

0 2077 78 2134 Sen
108 2080 344 2134 Martem
375 2079 589 2134 simulat
610 2078 766 2132 modo
788 2078 840 2132 in
869 2085 1082 2133 catenas

0 2169 197 2224 lissam
232 2169 572 2234 Lemniacas,
605 2151 762 2222 modo
787 2176 876 2221 aut
903 2167 1115 2237 repulso

15 2257 238 2314 Yormam
277 2259 501 2326 imponit
526 2258 662 2327 apri,
691 2267 951 2326 caputque
975 2259 1125 2312 setis.

23 2343 70 2402 lt
92 2357 299 2415 tergum
324 2354 569 2414 asperat,
599 2345 924 2414 hispidisque
952 2347 1105 2399 malis
1130 2351 1139 2360 ’

23 2431 139 2490 Lare
163 2438 421 2488 incurvat
443 2433 595 2501 ebur,
627 2434 710 2487 vel
738 2433 826 2487 ille
851 2433 998 2505 ﬁngit

64 2559 87 2587 ⁸
116 2548 452 2604 Circensium
484 2546 626 2600 Plac.
654 2543 1002 2599 Valentiniani
1031 2559 1297 2598 nummum
1325 2544 1548 2599 vidimus

21 2617 504 2672 mmViwnnalium
552 2614 666 2682 ejus
715 2622 856 2667 nota.
904 2614 1020 2668 Sed
1049 2613 1082 2666 ii
1122 2613 1310 2679 publici
1356 2624 1408 2667 et
1457 2628 1547 2668 so-

19 2687 189 2746 lemnes
240 2686 354 2738 ludi
398 2691 578 2746 erant,
622 2683 672 2735 hi
701 2697 824 2736 vero
861 2683 1080 2748 privati;
1120 2684 1256 2735 sicut
1293 2683 1546 2749 privatum

19 2753 264 2823 Eiaga’bali
311 2753 700 2823 spectaculum,
754 2752 908 2821 158
964 2752 1016 2804 iu
1061 2766 1166 2818 quo
1219 2751 1547 2823 Lampridius

19 2821 169 2892 narrat
207 2823 459 2892 iunxisse
486 2821 646 2892 illum
691 2822 1228 2892 camelos‘quaternos
1257 2821 1320 2892 ad
1362 2835 1547 2892 currus

17 2889 53 2944 in
87 2888 252 2950 circo.
292 2891 344 2943 In
376 2889 599 2957 publicis
634 2889 829 2955 agitare
864 2888 1106 2941 solebant
1137 2888 1414 2957 promiscui
1455 2904 1548 2957 au-

17 2961 113 3026 riga:
150 2952 445 3012 factionum
479 2952 824 3026 circensium;
857 2957 908 3008 in
947 2952 1161 3026 privatis
1203 2956 1402 3026 nobiles
1432 2956 1544 3026 ple-
1573 2952 1620 3015 C

17 3024 218 3094 rumque
248 3042 316 3079 ac
345 3025 608 3092 principes
647 3024 745 3090 ipsi
774 3024 1172 3089 exercebantur,
1215 3032 1271 3075 ut
1299 3024 1398 3076 hoc
1435 3025 1547 3076 loco

17 3095 216 3145 lttrenes
239 3094 424 3145 aulici.

61 3108 216 3148 senes
239 3108 424 3146 aUIICI.

337 3108 424 3144 ιρι.

13 3095 331 3217 Ficana?
353 3162 408 3214 in
445 3162 586 3213 circo
614 3159 679 3213 ad
719 3159 1029 3215 eiectionem
1066 3158 1408 3223 ducebantur,
1442 3169 1549 3211 tum

15 3229 124 3295 lori,
168 3241 292 3284 tum
333 3231 729 3296 quadrigarum.
775 3229 849 3282 De
884 3229 1249 3296 quadrigarum
1291 3229 1552 3281 electione

12 3299 351 3366 Symmachus
374 3306 614 3359 testatur,
646 3298 736 3349 lib.
769 3312 820 3362 ι,
844 3299 936 3352 2‘2.
967 3296 1122 3366 Malo,
1154 3297 1352 3363 inquit,
1380 3298 1550 3359 fremi-

13 3365 102 3419 tint
129 3367 347 3420 Martia
371 3366 516 3418 vallis
544 3381 789 3434 exponere
811 3405 826 3430 ,
853 3365 1170 3434 atquerillant
1195 3365 1553 3434 quadrigarum

12 3435 441 3497 distributionem,
489 3435 543 3485 in
579 3449 678 3500 qua
714 3433 806 3485 sibi
847 3433 957 3486 cum
992 3433 1274 3501 fortunatus
1308 3435 1555 3486 videretur

11 3506 78 3556 ι’ιὶ
109 3505 411 3557 electionem
439 3517 556 3553 mox
590 3518 716 3554 urna
743 3503 982 3554 tribuebat
1014 3518 1105 3568 par
1128 3503 1203 3553 vel
1230 3505 1393 3569 potior
1418 3512 1550 3563 erat,

11 3585 138 3630 sum
171 3587 292 3624 sors
326 3571 524 3637 fecisset
557 3581 849 3622 extremum.
882 3572 1084 3634 Quoties
1112 3572 1329 3637 sequenti
1364 3572 1555 3637 primus

10 3637 214 3694 insidit?
242 3638 419 3691 Dubia
443 3646 515 3692 est
542 3640 668 3692 enim
691 3641 847 3708 optio,
874 3655 987 3708 cunt
1014 3639 1076 3690 de
1099 3638 1343 3708 similibus
1357 3640 1558 3708 judica-

13 3715 97 3760 ω.
118 3709 226 3762 Ubi
259 3719 448 3770 aperte
472 3706 738 3773 optionem
763 3714 905 3759 sorte
928 3707 1101 3758 datam
1127 3706 1282 3768 dicit;
1311 3707 1402 3757 sed
1430 3722 1557 3773 qua-

13 3773 174 3845 drigas
210 3791 245 3828 a
285 3775 589 3845 Theodosio
633 3775 818 3845 missas
855 3774 988 3845 adeo
1028 3781 1334 3845 praestantes
1374 3788 1557 3825 omnes

13 3839 192 3906 inisse,
225 3852 289 3896 ut
321 3856 444 3894 sors
483 3842 649 3906 primo
687 3839 813 3892 nihil
848 3839 1089 3893 conferre
1116 3839 1396 3901 videretur,
1435 3854 1556 3892 cum

11 3909 86 3964 ita
105 3911 418 3978 asnhiguam
447 3907 725 3978 redderent
748 3911 1034 3978 Optionem.
1059 3908 1172 3960 Scd-
1189 3907 1551 3978 quadrigarum

15 3980 192 4033 electio
223 3975 335 4031 non
359 3990 568 4042 semper
592 3975 685 4028 fuit
705 3976 756 4028 in
783 3989 879 4028 usu
893 3991 918 4039 ς»
933 3975 1030 4029 1οοί
1058 3989 1319 4041 nunquam
1341 3976 1556 4028 omissa.

11 4045 124 4114 μω
151 4044 615 4114 ιρυςίιίφιηςηιηι
640 4043 898 4114 Ιιίειάεεῖρἶ
921 4043 1231 4114 Sophoclem
1253 4043 1305 4114 in
1332 4044 1555 4106 Electra,

9 4111 232 4170 Statium
264 4112 572 4180 Thebaidos
599 4127 676 4175 vt,
708 4113 826 4180 quia
857 4112 1055 4166 Iieroes
1083 4111 1280 4180 antiqui
1309 4126 1434 4166 suos
1462 4113 1558 4180 ipsi

15 4193 186 4237 cat-rus
213 4179 638 4250 agitant,solius
657 4179 760 4234 loci
786 4179 847 4250 [tt
872 4180 1100 4250 sortitio.
1129 4179 1255 4250 [tem
1283 4181 1416 4248 apud
1443 4179 1561 4234 Vir-

43 4251 182 4305 iilum
219 4248 278 4304 ili
323 4248 532 4302 ludrico
567 4249 735 4302 navali
762 4248 1013 4303 Eneidos
1043 4265 1096 4314 ν,
1124 4249 1252 4302 Tum
1288 4251 1398 4308 loca
1431 4262 1559 4302 sorte

147 4329 194 4372 ι.
241 4318 391 4373 Loca
429 4327 600 4371 autem
638 4318 749 4371 hazc
774 4317 826 4371 in
855 4319 995 4372 circo
1027 4331 1175 4372 erant
1207 4320 1339 4373 ostia
1367 4320 1475 4386 ipsa
1504 4327 1557 4371 et

13 4388 246 4443 emeres
269 4400 530 4454 equorum
555 4402 566 4438 :
592 4388 659 4439 ita
682 4395 740 4440 ut
761 4388 977 4454 primus,
999 4397 1087 4440 aut
1108 4388 1366 4440 secundus
1391 4388 1552 4452 locus,

13 4401 246 4443 carceres
269 4401 530 4508 equorum
555 4402 566 4438 :
593 4401 659 4439 ita
682 4401 740 4440 ut
761 4401 977 4454 primus,
999 4401 1087 4440 aut
1108 4401 1366 4440 secundus
1391 4401 1552 4452 locus,

6 4455 122 4523 nihil
138 4456 298 4511 aliud
338 4455 497 4518 uerit,
514 4469 665 4522 quam
686 4457 906 4523 primum
923 4465 1014 4509 aut
1035 4457 1319 4509 secundum
1343 4457 1554 4509 ostium.

13 4521 329 4580 Consentius
381 4521 541 4591 ergo,
582 4521 736 4589 quem
783 4525 1006 4591 primum
1054 4540 1183 4577 urna
1225 4533 1463 4585 vocarat,
1506 4534 1559 4579 et

10 4603 188 4662 31cm,
224 4593 336 4646 hoc
379 4599 460 4644 εει
487 4591 765 4662 quadrigas
804 4592 981 4662 eligit,
1015 4603 1067 4662 et
1106 4594 1328 4655 primum
1367 4595 1554 4646 ostium

8 4655 304 4730 haedis-tr
329 4676 343 4712 :
380 4655 640 4730 post'eum
673 4655 854 4728 Feliqui
881 4655 996 4712 'alia
1014 4661 1269 4730 deinceps
1297 4676 1392 4713 suo
1416 4667 1557 4729 quis-

10 4729 96 4794 me
129 4731 362 4786 ordino.
393 4729 500 4780 Cur
528 4736 698 4781 autem
729 4729 780 4781 in
807 4729 1075 4794 capiendis
1105 4731 1231 4782 locis
1269 4743 1383 4781 sors
1411 4730 1558 4782 adhi-

12 4795 220 4858 Eirretur
251 4808 476 4850 causam
513 4796 702 4859 innuit,
730 4813 831 4850 non
857 4798 1081 4862 explicnt
1103 4798 1330 4850 Donatus
1355 4799 1420 4849 ad
1448 4799 1558 4850 Vir-

129 4865 344 4928 verba,
379 4878 500 4932 quae
540 4864 776 4930 proxime
818 4867 1088 4918 citavimus
1119 4885 1131 4916 :
1166 4866 1281 4918 Non
1321 4875 1424 4931 est,
1455 4869 1554 4929 ait,

158 4935 319 4988 labor
352 4932 406 5000 in
430 4932 644 4999 singulis
672 4934 829 4997 locis;
860 4944 905 4985 et
931 4935 1044 4985 inde
1071 4951 1175 4987 sors
1199 4936 1476 4996 adhibetur,
1507 4947 1559 4987 ut

132 4997 401 5059 consuevit
431 5001 482 5052 in
503 4997 658 5065 circa,
690 5018 752 5053 ne
775 5005 836 5054 sit
867 5005 916 5054 in
943 5003 1255 5054 ordinatione
1289 5005 1555 5056 contentio.

20 5073 26 5128 ἶ
134 5072 286 5128 enim
333 5084 440 5123 non
474 5068 615 5123 idem
647 5079 730 5122 est
764 5071 943 5122 labor?
980 5072 1098 5122 Ideo
1136 5073 1409 5128 nimirum.
1440 5075 1555 5128 quia

134 5072 286 5128 enim
333 5084 440 5123 non
474 5068 615 5123 idem
647 5079 730 5122 est
764 5071 943 5122 labor?
980 5072 1098 5122 Ideo
1136 5073 1409 5134 nimirum,
1440 5075 1556 5137 quia

33 5145 104 5196 Mn
127 5141 285 5196 idem
328 5146 446 5193 erat
479 5153 510 5189 a
550 5137 768 5204 singulis
806 5139 952 5196 oSIiis
980 5139 1040 5190 ad
1075 5150 1263 5191 metant
1293 5144 1513 5202 spatium
1543 5157 1555 5191 :

35 5212 94 5278 ἔω
127 5225 158 5264 a
189 5213 367 5278 primo
397 5218 608 5259 reatum
648 5219 712 5257 ac
741 5205 1100 5278 brevissimum
1138 5208 1412 5278 abiultimo
1443 5209 1558 5258 lon-

24 5269 291 5345 .lissimum.
321 5277 499 5345 Quare
531 5288 642 5342 quo
667 5269 1064 5345 quis‘remotior
1089 5289 1116 5326 a
1148 5277 1313 5342 primo
1349 5289 1558 5345 cursum

24 5285 291 5398 .Ltssimum.
321 5285 499 5345 Quare
531 5288 642 5342 quo
667 5286 786 5338 qms
815 5285 1064 5324 remotior
1089 5289 1116 5326 a
1148 5291 1313 5342 primo
1349 5289 1558 5326 cursum

24 5367 36 5413 ἱ
70 5347 184 5413 ibat,
205 5349 302 5402 hoc
323 5348 572 5413 longiore
593 5341 770 5413 spatio
793 5339 1073 5403 ferebatur,
1098 5352 1150 5394 et
1171 5346 1265 5413 vis:
1287 5343 1558 5413 aclaboris

24 5387 503 5488 transtra;
511 5387 1556 5488 Haesistiinscitainserant:

20 5476 186 5570 {intotis
200 5487 348 5548 laude
374 5476 556 5558 ponat
583 5485 745 5534 vetus
766 5476 1056 5545 in.criptio,
1083 5479 1217 5557 quod
1242 5494 1409 5534 suam
1436 5476 1561 5539 om-

1706 1454 1867 1509 Janus
1893 1455 2026 1508 forte
2050 1469 2175 1508 suas
2196 1453 2399 1509 bifrons
2422 1455 2670 1510 calendas
2685 1497 2701 1522 ,

1642 1551 1778 1605 Auni
1809 1559 2039 1620 tempora
2067 1549 2355 1604 circinante
2383 1551 2599 1620 Phoebo,

1569 1625 1616 1687 Β
1646 1651 1936 1709 Sumendas
1965 1650 2226 1706 referebat
2255 1650 2320 1705 ad
2347 1652 2577 1706 curules.

1646 1749 1757 1802 Mos
1783 1759 1863 1802 est
1887 1747 2111 1801 Cmsaris
2138 1747 2223 1802 hic
2250 1748 2333 1802 die
2354 1749 2432 1803 bis
2459 1764 2566 1803 uno

1647 1846 1910 1913 (Privatos
1936 1845 2185 1914 vocitant)
2214 1860 2399 1914 parare
2427 1846 2598 1903 ludos.

1647 1945 1795 1999 Tunc
1817 1951 1985 1998 cattus
2002 1943 2276 2012 iuvenum,
2306 1945 2400 1999 sed
2425 1945 2738 2013 aulicorum,

1649 2041 1759 2096 Elei
1785 2041 2063 2095 simulacra
2079 2050 2241 2094 ‘torva
2267 2027 2438 2111 campi

1649 2136 1870 2190 Exercet
1895 2137 2241 2204 Spatiantibus
2271 2140 2557 2208 quadrigis.

1650 2237 1713 2291 Et
1733 2236 1761 2275 ι’
1785 2237 1892 2306 jam
1918 2246 1968 2291 te
1996 2252 2122 2291 urna
2154 2229 2303 2305 petit,
2332 2238 2542 2305 cietque
2572 2254 2741 2293 raucat

1651 2333 1969 2390 Acclamatio
1994 2333 2212 2388 sibilans
2238 2349 2467 2388 coronae.

1651 2434 1786 2489 Tum
1815 2448 1915 2502 qua
1940 2441 2020 2487 est
2050 2442 2071 2470 ε
2099 2431 2278 2499 janua,
2304 2431 2679 2500 consulumque
2705 2431 2874 2498 sedes,

1657 2560 1829 2606 unica,
1862 2559 1929 2598 ετ
1953 2557 2102 2597 οετιο
2128 2558 2333 2605 quaero
2360 2556 2530 2595 IISSUS
2553 2543 2748 2596 vicerit.
2775 2543 2902 2596 Nam
2931 2559 3045 2597 cum
3068 2559 3192 2612 qna-

1659 2614 1790 2666 terni
1830 2614 1937 2665 fere
1979 2613 2174 2680 agitare
2209 2613 2466 2674 solerent,
2509 2620 2733 2678 quatuor
2777 2621 2970 2665 tantum
3017 2615 3194 2680 primis

1655 2684 1803 2735 ostiis
1831 2679 2129 2734 utebantur.
2166 2679 2313 2735 Unde
2341 2682 2427 2744 qui
2454 2689 2642 2747 quarto
2671 2680 2874 2742 exiliat,
2909 2682 2952 2733 is
2992 2679 3196 2737 somma

1655 2758 1709 2803 et
1735 2750 1915 2803 ultima
1942 2750 2190 2816 quadriga
2213 2750 2465 2812 certabat,
2490 2749 2638 2815 cujus
2658 2748 2958 2800 difficillima
2981 2759 3094 2803 erat
3119 2752 3200 2802 vi-.

1652 2819 1838 2872 ctoria.
1865 2818 1979 2883 Quo
2003 2818 2159 2872 etiam
2185 2830 2344 2870 sensu
2365 2816 2558 2869 dictum
2586 2817 2653 2869 sit
2673 2817 2737 2871 ab
2757 2816 2939 2871 Ovidio
2961 2833 3014 2870 ιιι
3037 2823 3194 2872 Αωο-

1652 2903 1792 2950 rum,
1818 2885 1884 2938 2:

1766 2977 1867 3024 Hoc
1889 2976 2002 3024 mihi
2025 2976 2268 3035 contingat
2290 2987 2303 3021 :
2322 2986 2459 3021 sacro
2481 2973 2544 3021 de
2565 2986 2760 3035 carcere
2776 2975 2933 3023 missis

1828 3035 2043 3084 Insistam
2063 3036 2169 3084 forti
2190 3034 2357 3082 mente
2378 3035 2625 3083 vehendus
2641 3034 2795 3094 equis.

1650 3117 1789 3170 Idem
1820 3116 1958 3170 enim
1984 3124 2067 3169 est
2104 3130 2164 3168 ac
2202 3115 2244 3167 si
2285 3115 2421 3167 dicat
2453 3132 2464 3166 :
2499 3115 2568 3166 Te
2594 3114 2795 3168 favente
2833 3131 2935 3168 non
2965 3117 3194 3171 dubitem

1649 3185 1731 3239 vel
1760 3200 1790 3238 e
1815 3200 1994 3245 sacro,
2025 3186 2073 3238 id
2105 3193 2184 3238 est
2211 3182 2392 3235 ultimo
2423 3192 2672 3250 sextoque
2698 3185 2831 3236 ostio
2859 3186 3047 3238 missus
3074 3201 3193 3239 cet-
3251 3231 3256 3243 .

1651 3262 1827 3307 tamen
1850 3254 2002 3315 inire,
2031 3266 2092 3306 ac
2117 3253 2340 3321 palmam
2363 3264 2594 3321 sperare.

1727 3323 1880 3390 159
1911 3333 1932 3359 ε
1964 3323 2017 3374 In
2060 3318 2240 3390 prima
2283 3321 2406 3372 circi
2438 3318 2791 3390 l‘rontejanua
2828 3330 2941 3390 erat
2979 3337 3077 3389 qua
3109 3322 3193 3376 iu-

1653 3387 1865 3460 grtfssus
1890 3394 1940 3442 in
1972 3387 2187 3443 circum.
2216 3388 2397 3441 .lanute
2427 3389 2585 3440 latera
2614 3387 2733 3441 hinc
2762 3389 2880 3442 inde
2906 3387 3052 3457 sep—ta
3079 3408 3196 3445 car-

1653 3459 1890 3529 ceribus,
1926 3460 2067 3511 senis
2096 3460 2370 3525 utrinque,
2414 3471 2543 3524 quos
2576 3466 2786 3526 eryptas
2825 3471 3008 3522 vocat,
3052 3463 3190 3529 quod

1656 3527 1876 3581 absidati
1909 3537 2113 3591 essent,
2140 3538 2334 3594 pariete
2363 3529 2415 3579 in
2443 3541 2546 3591 quo
2572 3539 2810 3578 careeres
2831 3539 2980 3580 erant
3009 3527 3196 3581 intor-

1657 3598 1799 3649 nices
1825 3595 2032 3659 inﬂexo,
2068 3604 2223 3664 atque
2250 3604 2304 3646 ut
2328 3596 2556 3664 loquitur
2584 3595 2712 3660 ipse,
2747 3597 3019 3649 fornicata.
3048 3597 3198 3650 Dice-

1655 3665 1848 3718 bantur
1864 3674 1915 3716 et
1937 3673 2118 3730 portae,
2137 3663 2331 3730 janutr,
2355 3663 2482 3714 ostia
2505 3663 2650 3725 circi,
2677 3665 2917 3729 quoniam
2945 3666 3024 3717 his
3051 3666 3197 3718 ostiis

1655 3733 1718 3783 ad
1746 3745 1955 3782 cursum
1984 3732 2318 3782 mittebantur
2343 3731 2494 3797 equi;
2525 3739 2580 3781 ut
2607 3738 2820 3793 contra,
2853 3746 3092 3785 carceres
3112 3733 3195 3785 di-

1655 3807 1769 3851 ctos
1809 3798 1981 3849 docuit
2022 3797 2214 3856 Varro,
2269 3801 2404 3863 quod
2449 3798 2514 3850 iis
2557 3810 2914 3862 coerceantur,
2966 3815 3030 3851 ne
3076 3801 3196 3853 inde

1657 3873 1874 3928 exeant,
1905 3865 2200 3931 priusquam
2242 3867 2413 3916 mittat
2450 3865 2796 3931 magistratus.
2837 3867 3019 3917 Portas
3045 3877 3196 3919 vocat

1657 3931 1716 3986 P.
1748 3932 1954 3995 Victor,
2003 3947 2121 3985 cum
2160 3932 2240 3993 ait
2276 3931 2401 3984 ciici
2442 3933 2652 3983 maximi
2700 3932 2973 3984 duodecim
3018 3946 3194 4000 portas

1658 4002 1836 4056 fuisse.
1867 4001 2063 4055 Januas
2097 4009 2280 4052 auctor
2306 4000 2538 4066 cpistolze
2566 4003 2630 4052 de
2659 4001 2772 4052 viro
2801 4001 3030 4066 perfecto
3058 4003 3194 4054 inter

1659 4070 2103 4136 pseudepigrapha
2130 4068 2430 4136 Hieronymi
2456 4083 2469 4118 :
2503 4067 2918 4135 Adhuc,~inquit,
2942 4070 3079 4135 prior
3104 4071 3196 4123 illa

1659 4148 1786 4191 astat
1813 4142 1865 4191 in
1881 4140 2078 4206 januis,
2109 4138 2189 4206 cui
2215 4152 2350 4204 teque
2377 4153 2470 4188 sua
2496 4137 2656 4206 spatia
2683 4137 2951 4199 debentur;
2978 4147 3031 4190 et
3064 4137 3195 4190 Pau-

1662 4209 1796 4260 linus
1819 4205 1971 4276 epist.
1998 4206 2033 4258 2
2057 4225 2070 4258 :
2100 4205 2219 4258 Non
2238 4207 2475 4276 decursus
2495 4205 2664 4270 stadii,
2688 4207 2778 4276 sed
2803 4207 3082 4276 ingressu_s;
3110 4221 3199 4276 nee

1584 4290 1635 4348 ι)
1660 4286 1717 4348 ut
1737 4272 1886 4338 meta,
1917 4276 2002 4328 sed
2024 4276 2301 4348 janua_cst.
2326 4275 2623 4348 Eodemque
2651 4274 2982 4348 modo‘edpag
3003 4272 3196 4348 Gragci.

1660 4345 1858 4415 Glossa:
1899 4341 2092 4398 nostra!
2123 4359 2138 4415 ζ
2175 4342 2440 4406 Carceres,
2481 4346 2627 4415 (inpari
2662 4341 2992 4415 ἱπποδρᾷςξιου.
3039 4345 3198 4415 tibi“;

1662 4414 1922 4467 Himerius
1938 4429 1959 4482 :_
1986 4415 2035 4465 ἐκ
2061 4414 2226 4482 πυλῶν
2263 4417 2332 4482 si;
2373 4412 2561 4466 νύσσαέδ
2596 4412 3018 4482 δρόμοννίθύνατε.
3053 4413 3197 4465 OSIta

1661 4482 1883 4536 Senator
1912 4480 2001 4534 lib.
2035 4497 2119 4541 Ill,
2150 4481 2234 4533 51.
2276 4480 2482 4532 Bissena
2512 4480 2639 4532 ostia
2667 4480 2732 4531 ad
2764 4481 3024 4532 duodecim
3052 4482 3198 4547 signa

1662 4560 1960 4618 posuerunt;
1987 4560 2034 4602 et
2067 4551 2179 4601 sine
2213 4549 2566 4601 controversia
2604 4551 2863 4618 Ausonius
2897 4550 2949 4601 in
2976 4550 3196 4618 epismla

1662 4617 1726 4672 ad
1760 4619 2019 4681 Ursulum,
2052 4621 2314 4669 senarium
2343 4631 2616 4669 numerum
2643 4617 2978 4683 signiﬁcans:

1783 4706 1910 4755 Ostia
1932 4714 2044 4764 quot
2063 4718 2146 4764 pro
2170 4711 2301 4765 parte
2319 4707 2472 4765 aperit
2493 4705 2734 4752 striden'ia
2754 4707 2925 4762 circus,

1840 4765 2055 4825 Excepto
2076 4765 2283 4824 medium
2303 4765 2425 4824 quod
2451 4772 2580 4824 patet
2605 4767 2648 4810 in
2679 4765 2897 4810 stadium.

1661 4867 1735 4920 De
1764 4865 1844 4918 his
1864 4865 2001 4918 enim
2031 4879 2296 4916 csircerum
2333 4865 2477 4916 ostiis
2510 4864 2754 4930 loquitur,
2789 4880 2890 4917 non
2918 4866 2982 4918 de
3002 4865 3198 4932 januis,

1660 4950 1788 5002 quas
1819 4948 1911 5000 per
1934 4935 2060 5002 circi
2096 4934 2343 5002 ambitum
2391 4933 2486 4983 sibi
2532 4936 2726 5000 lingunt
2760 4934 3068 5000 interpretes
3104 4935 3201 4987 do-

1661 5000 1896 5055 ctissimi.
1920 5001 2061 5052 Ostia
2089 5000 2226 5052 enim
2251 5014 2538 5061 carcerum,
2565 5013 2620 5051 ut
2646 5003 2840 5054 dictum
2865 5012 2962 5064 est,
2987 5005 3038 5056 in
3060 5006 3201 5056 circo

1661 5075 1892 5125 maximo
1912 5069 2118 5137 luerunt
2146 5067 2584 5137 omninolz,scd
2615 5083 2739 5122 sena
2771 5076 3032 5137 utrinque.
3062 5074 3200 5137 quod

1664 5154 1756 5204 pro
1772 5146 1910 5200 parte
1925 5136 2056 5188 dixit
2083 5137 2346 5204 ausonius.
2367 5136 2654 5203 Septimum
2667 5148 2837 5191 autem
2856 5136 3044 5192 ostium
3058 5140 3199 5204 quod

1662 5202 1875 5267 excipit,
1903 5205 2009 5270 ipsa
2036 5215 2116 5257 est
2144 5202 2267 5255 circi
2295 5202 2450 5269 janua
2469 5245 2483 5268 ,
2509 5221 2625 5273 qua:
2653 5210 2700 5258 in
2736 5207 2906 5259 medio
2933 5202 3201 5260 carcerum

1661 5274 1824 5340 posita
1846 5315 1860 5337 ,
1905 5275 1956 5324 in
2002 5273 2224 5325 mediam
2253 5274 2380 5325 circi
2411 5276 2732 5328 latitudinem
2770 5276 2994 5339 patebat.
3029 5277 3198 5340 Supra

1655 5343 1864 5408 januain
1899 5355 2070 5406 porro,
2100 5342 2371 5393 consulum
2403 5344 2586 5408 sedes,
2616 5345 2903 5396 aliorumve
2933 5343 3201 5409 magistra-

1663 5422 1805 5461 tuum
1837 5410 1922 5476 qui
1960 5409 2091 5463 ludis
2123 5410 2486 5476 praesidebant.
2512 5413 2636 5464 Nain
2665 5421 2717 5463 ut
2745 5411 3013 5463 coosulum
3048 5411 3199 5462 sedes

1663 5480 1746 5532 hic
1775 5478 1983 5545 dicitur,
2015 5479 2089 5532 sic
2117 5479 2397 5534 Prwtorum
2420 5482 2557 5534 sedes
2583 5479 2850 5545 Suetonio,
2874 5478 3091 5534 Neronis
3118 5481 3199 5543 t2,
