  <div class='ocr_page' id='page_1' title='image "/cluster/home/n/w/nwhite01/storage/ocr_20150623/58/uva.x000827100/381.png"; bbox 0 0 3818 6226; ppageno 0'>
   <div class='ocr_carea' id='block_1_1' title="bbox 1906 282 3798 351">
    <p class='ocr_par' dir='ltr' id='par_1_1' title="bbox 1906 282 3798 351">
     <span class='ocr_line' id='line_1_1' title="bbox 1906 282 3798 351; baseline -0.008 -2"><span class='ocrx_word' id='word_1_1' title='bbox 1906 294 2184 351; x_wconf 78' lang='lat' dir='ltr'><strong>CORONIS</strong></span> <span class='ocrx_word' id='word_1_2' title='bbox 2219 291 2588 348; x_wconf 64' lang='lat' dir='ltr'><strong>SIDONIANA.</strong></span> <span class='ocrx_word' id='word_1_3' title='bbox 3720 282 3798 334; x_wconf 74' lang='lat' dir='ltr'><strong>7l8</strong></span> 
     </span>
    </p>
   </div>
   <div class='ocr_carea' id='block_1_2' title="bbox 2189 397 3230 471">
    <p class='ocr_par' dir='ltr' id='par_1_2' title="bbox 2189 397 3230 471">
     <span class='ocr_line' id='line_1_2' title="bbox 2189 397 3230 471; baseline -0.006 -15"><span class='ocrx_word' id='word_1_4' title='bbox 2189 408 2239 463; x_wconf 75' lang='grc' dir='ltr'><strong>Α</strong></span> <span class='ocrx_word' id='word_1_5' title='bbox 2266 402 2396 455; x_wconf 84' lang='lat' dir='ltr'><strong>llinc</strong></span> <span class='ocrx_word' id='word_1_6' title='bbox 2418 412 2471 454; x_wconf 92' lang='lat' dir='ltr'><strong>tu</strong></span> <span class='ocrx_word' id='word_1_7' title='bbox 2498 400 2707 454; x_wconf 88' lang='lat' dir='ltr'><strong>Cottion</strong></span> <span class='ocrx_word' id='word_1_8' title='bbox 2739 398 2855 463; x_wconf 82' lang='lat' dir='ltr'>ibis,</span> <span class='ocrx_word' id='word_1_9' title='bbox 2887 406 3039 465; x_wconf 87' lang='lat' dir='ltr'><strong>atque</strong></span> <span class='ocrx_word' id='word_1_10' title='bbox 3077 397 3230 471; x_wconf 36' lang='lat' dir='ltr'><strong>A‘vito</strong></span> 
     </span>
    </p>
   </div>
   <div class='ocr_carea' id='block_1_3' title="bbox 2270 483 3161 547">
    <p class='ocr_par' dir='ltr' id='par_1_3' title="bbox 2270 483 3161 547">
     <span class='ocr_line' id='line_1_3' title="bbox 2270 483 3161 547; baseline -0.008 -5"><span class='ocrx_word' id='word_1_11' title='bbox 2270 490 2459 542; x_wconf 86' lang='lat' dir='ltr'><strong>Nostro</strong></span> <span class='ocrx_word' id='word_1_12' title='bbox 2479 488 2611 540; x_wconf 89' lang='lat' dir='ltr'><strong>dicis</strong></span> <span class='ocrx_word' id='word_1_13' title='bbox 2635 499 2751 547; x_wconf 88' lang='lat' dir='ltr'><strong>ave,</strong></span> <span class='ocrx_word' id='word_1_14' title='bbox 2780 485 2968 538; x_wconf 85' lang='lat' dir='ltr'><strong>dehinc</strong></span> <span class='ocrx_word' id='word_1_15' title='bbox 2994 483 3161 536; x_wconf 96' lang='lat' dir='ltr'><strong>valeto</strong></span> 
     </span>
    </p>
   </div>
   <div class='ocr_carea' id='block_1_4' title="bbox 2272 572 3206 640">
    <p class='ocr_par' dir='ltr' id='par_1_4' title="bbox 2272 572 3206 640">
     <span class='ocr_line' id='line_1_4' title="bbox 2272 572 3206 640; baseline -0.006 -12"><span class='ocrx_word' id='word_1_16' title='bbox 2272 576 2437 628; x_wconf 81' lang='lat' dir='ltr'><strong>Debes</strong></span> <span class='ocrx_word' id='word_1_17' title='bbox 2462 573 2766 640; x_wconf 79' lang='lat' dir='ltr'><strong>obsequium</strong></span> <span class='ocrx_word' id='word_1_18' title='bbox 2796 572 2906 624; x_wconf 87' lang='lat' dir='ltr'><strong>viro</strong></span> <span class='ocrx_word' id='word_1_19' title='bbox 2939 585 3165 639; x_wconf 89' lang='lat' dir='ltr'><strong>perenne</strong></span> <span class='ocrx_word' id='word_1_20' title='bbox 3194 587 3206 620; x_wconf 93' lang='lat'>:</span> 
     </span>
    </p>
   </div>
   <div class='ocr_carea' id='block_1_5' title="bbox 2269 656 3378 726">
    <p class='ocr_par' dir='ltr' id='par_1_5' title="bbox 2269 656 3378 726">
     <span class='ocr_line' id='line_1_5' title="bbox 2269 656 3378 726; baseline -0.007 -11"><span class='ocrx_word' id='word_1_21' title='bbox 2269 663 2397 715; x_wconf 84' lang='lat' dir='ltr'><strong>Nam</strong></span> <span class='ocrx_word' id='word_1_22' title='bbox 2428 663 2552 714; x_wconf 88' lang='lat' dir='ltr'><strong>dent</strong></span> <span class='ocrx_word' id='word_1_23' title='bbox 2577 661 2698 713; x_wconf 88' lang='lat' dir='ltr'><strong>hinc</strong></span> <span class='ocrx_word' id='word_1_24' title='bbox 2717 659 2918 713; x_wconf 81' lang='lat' dir='ltr'><strong>veniam</strong></span> <span class='ocrx_word' id='word_1_25' title='bbox 2945 661 3046 712; x_wconf 87' lang='lat' dir='ltr'><strong>mei</strong></span> <span class='ocrx_word' id='word_1_26' title='bbox 3073 656 3378 726; x_wconf 83' lang='lat' dir='ltr'><strong>propinqui,</strong></span> 
     </span>
    </p>
   </div>
   <div class='ocr_carea' id='block_1_6' title="bbox 2270 748 3264 816">
    <p class='ocr_par' dir='ltr' id='par_1_6' title="bbox 2270 748 3264 816">
     <span class='ocr_line' id='line_1_6' title="bbox 2270 748 3264 816; baseline -0.006 -12"><span class='ocrx_word' id='word_1_27' title='bbox 2270 751 2380 804; x_wconf 84' lang='lat' dir='ltr'><strong>Non</strong></span> <span class='ocrx_word' id='word_1_28' title='bbox 2410 750 2560 802; x_wconf 83' lang='lat' dir='ltr'><strong>nobis</strong></span> <span class='ocrx_word' id='word_1_29' title='bbox 2587 749 2727 816; x_wconf 90' lang='lat' dir='ltr'><strong>prior</strong></span> <span class='ocrx_word' id='word_1_30' title='bbox 2753 755 2834 801; x_wconf 86' lang='lat' dir='ltr'><strong>est</strong></span> <span class='ocrx_word' id='word_1_31' title='bbox 2858 756 3044 815; x_wconf 85' lang='lat' dir='ltr'><strong>parens</strong></span> <span class='ocrx_word' id='word_1_32' title='bbox 3072 748 3264 798; x_wconf 88' lang='lat' dir='ltr'><strong>amico.</strong></span> 
     </span>
    </p>
   </div>
   <div class='ocr_carea' id='block_1_7' title="bbox 2272 833 3348 903">
    <p class='ocr_par' dir='ltr' id='par_1_7' title="bbox 2272 833 3348 903">
     <span class='ocr_line' id='line_1_7' title="bbox 2272 833 3348 903; baseline -0.005 -14"><span class='ocrx_word' id='word_1_33' title='bbox 2272 836 2401 889; x_wconf 80' lang='lat' dir='ltr'><strong>Hinc</strong></span> <span class='ocrx_word' id='word_1_34' title='bbox 2423 836 2529 903; x_wconf 87' lang='lat' dir='ltr'><strong>jam</strong></span> <span class='ocrx_word' id='word_1_35' title='bbox 2560 843 2611 889; x_wconf 90' lang='lat' dir='ltr'><strong>te</strong></span> <span class='ocrx_word' id='word_1_36' title='bbox 2640 834 2854 888; x_wconf 77' lang='lat' dir='ltr'><strong>Fidulus</strong></span> <span class='ocrx_word' id='word_1_37' title='bbox 2879 834 3038 887; x_wconf 85' lang='lat' dir='ltr'><strong>decus</strong></span> <span class='ocrx_word' id='word_1_38' title='bbox 3067 833 3348 896; x_wconf 87' lang='lat' dir='ltr'><strong>bonorum,</strong></span> 
     </span>
    </p>
   </div>
   <div class='ocr_carea' id='block_1_8' title="bbox 645 298 800 351">
    <p class='ocr_par' dir='ltr' id='par_1_8' title="bbox 645 298 800 351">
     <span class='ocr_line' id='line_1_8' title="bbox 645 298 800 351; baseline -0.006 0"><span class='ocrx_word' id='word_1_39' title='bbox 645 298 743 351; x_wconf 71' lang='grc' dir='ltr'><strong>’ΞΠ</strong></span> <span class='ocrx_word' id='word_1_40' title='bbox 792 313 800 320; x_wconf 83' lang='lat'><strong><em>&#39;</em></strong></span> 
     </span>
    </p>
   </div>
   <div class='ocr_carea' id='block_1_9' title="bbox 645 407 1611 478">
    <p class='ocr_par' dir='ltr' id='par_1_9' title="bbox 645 407 1611 478">
     <span class='ocr_line' id='line_1_9' title="bbox 645 407 1611 478; baseline -0.005 -15"><span class='ocrx_word' id='word_1_41' title='bbox 645 411 842 464; x_wconf 83' lang='lat' dir='ltr'><strong>Piscem</strong></span> <span class='ocrx_word' id='word_1_42' title='bbox 875 410 1141 478; x_wconf 88' lang='lat' dir='ltr'><strong>perspicua</strong></span> <span class='ocrx_word' id='word_1_43' title='bbox 1170 422 1352 476; x_wconf 86' lang='lat' dir='ltr'><strong>gerens</strong></span> <span class='ocrx_word' id='word_1_44' title='bbox 1376 408 1424 460; x_wconf 92' lang='lat' dir='ltr'><strong>in</strong></span> <span class='ocrx_word' id='word_1_45' title='bbox 1456 407 1611 460; x_wconf 83' lang='lat' dir='ltr'><strong>unda.</strong></span> 
     </span>
    </p>
   </div>
   <div class='ocr_carea' id='block_1_10' title="bbox 646 488 1667 564">
    <p class='ocr_par' dir='ltr' id='par_1_10' title="bbox 646 488 1667 564">
     <span class='ocr_line' id='line_1_10' title="bbox 646 488 1667 564; baseline -0.003 -12"><span class='ocrx_word' id='word_1_46' title='bbox 646 500 738 553; x_wconf 92' lang='lat' dir='ltr'><strong>llic</strong></span> <span class='ocrx_word' id='word_1_47' title='bbox 761 500 868 552; x_wconf 85' lang='lat' dir='ltr'><strong>Zeti</strong></span> <span class='ocrx_word' id='word_1_48' title='bbox 897 508 947 551; x_wconf 92' lang='lat' dir='ltr'><strong>et</strong></span> <span class='ocrx_word' id='word_1_49' title='bbox 973 488 1140 551; x_wconf 82' lang='lat' dir='ltr'><strong>Calais</strong></span> <span class='ocrx_word' id='word_1_50' title='bbox 1169 499 1260 552; x_wconf 90' lang='lat' dir='ltr'><strong>tibi</strong></span> <span class='ocrx_word' id='word_1_51' title='bbox 1288 498 1421 551; x_wconf 91' lang='lat' dir='ltr'><strong>adde</strong></span> <span class='ocrx_word' id='word_1_52' title='bbox 1452 511 1667 564; x_wconf 84' lang='lat' dir='ltr'><strong>pennas,</strong></span> 
     </span>
    </p>
   </div>
   <div class='ocr_carea' id='block_1_11' title="bbox 646 584 1672 652">
    <p class='ocr_par' dir='ltr' id='par_1_11' title="bbox 646 584 1672 652">
     <span class='ocr_line' id='line_1_11' title="bbox 646 584 1672 652; baseline -0.002 -15"><span class='ocrx_word' id='word_1_53' title='bbox 646 585 1046 652; x_wconf 84' lang='lat' dir='ltr'><strong>Nimbosumque</strong></span> <span class='ocrx_word' id='word_1_54' title='bbox 1073 585 1251 652; x_wconf 81' lang='lat' dir='ltr'><strong>iugum</strong></span> <span class='ocrx_word' id='word_1_55' title='bbox 1286 584 1437 652; x_wconf 82' lang='lat' dir='ltr'><strong>fugax</strong></span> <span class='ocrx_word' id='word_1_56' title='bbox 1469 591 1672 646; x_wconf 84' lang='lat' dir='ltr'><strong>caveto,</strong></span> 
     </span>
    </p>
   </div>
   <div class='ocr_carea' id='block_1_12' title="bbox 644 671 1689 745">
    <p class='ocr_par' dir='ltr' id='par_1_12' title="bbox 644 671 1689 745">
     <span class='ocr_line' id='line_1_12' title="bbox 644 671 1689 745; baseline -0.004 -21"><span class='ocrx_word' id='word_1_57' title='bbox 644 671 980 745; x_wconf 19' lang='lat' dir='ltr'><strong>Namque‘est</strong></span> <span class='ocrx_word' id='word_1_58' title='bbox 1000 672 1220 724; x_wconf 73' lang='lat' dir='ltr'><strong>assidua:</strong></span> <span class='ocrx_word' id='word_1_59' title='bbox 1250 671 1393 724; x_wconf 78' lang='lat' dir='ltr'><strong>ferax</strong></span> <span class='ocrx_word' id='word_1_60' title='bbox 1429 671 1689 738; x_wconf 75' lang='lat' dir='ltr'><strong>procellre.</strong></span> 
     </span>
    </p>
   </div>
   <div class='ocr_carea' id='block_1_13' title="bbox 643 758 1624 826">
    <p class='ocr_par' dir='ltr' id='par_1_13' title="bbox 643 758 1624 826">
     <span class='ocr_line' id='line_1_13' title="bbox 643 758 1624 826; baseline -0.002 -14"><span class='ocrx_word' id='word_1_61' title='bbox 643 760 747 812; x_wconf 87' lang='lat' dir='ltr'><strong>Sed</strong></span> <span class='ocrx_word' id='word_1_62' title='bbox 776 759 1006 826; x_wconf 81' lang='lat' dir='ltr'><strong>quamvis</strong></span> <span class='ocrx_word' id='word_1_63' title='bbox 1038 758 1218 824; x_wconf 87' lang='lat' dir='ltr'><strong>rapido</strong></span> <span class='ocrx_word' id='word_1_64' title='bbox 1246 758 1412 810; x_wconf 85' lang='lat' dir='ltr'><strong>ferare</strong></span> <span class='ocrx_word' id='word_1_65' title='bbox 1441 771 1624 818; x_wconf 89' lang='lat' dir='ltr'><strong>cursu,</strong></span> 
     </span>
    </p>
   </div>
   <div class='ocr_carea' id='block_1_14' title="bbox 642 845 1587 912">
    <p class='ocr_par' dir='ltr' id='par_1_14' title="bbox 642 845 1587 912">
     <span class='ocr_line' id='line_1_14' title="bbox 642 845 1587 912; baseline -0.004 -12"><span class='ocrx_word' id='word_1_66' title='bbox 642 847 853 900; x_wconf 57' lang='lat' dir='ltr'><strong>Lassutn</strong></span> <span class='ocrx_word' id='word_1_67' title='bbox 882 847 964 900; x_wconf 75' lang='lat' dir='ltr'><strong>te‘</strong></span> <span class='ocrx_word' id='word_1_68' title='bbox 990 845 1287 912; x_wconf 87' lang='lat' dir='ltr'><strong>Voroangns</strong></span> <span class='ocrx_word' id='word_1_69' title='bbox 1317 845 1587 896; x_wconf 75' lang='lat' dir='ltr'><strong>obtinebit.</strong></span> 
     </span>
    </p>
   </div>
   <div class='ocr_carea' id='block_1_15' title="bbox 643 931 1667 999">
    <p class='ocr_par' dir='ltr' id='par_1_15' title="bbox 643 931 1667 999">
     <span class='ocr_line' id='line_1_15' title="bbox 643 931 1667 999; baseline -0.006 -10"><span class='ocrx_word' id='word_1_70' title='bbox 643 936 883 989; x_wconf 81' lang='lat' dir='ltr'><strong>Nostrum</strong></span> <span class='ocrx_word' id='word_1_71' title='bbox 913 933 994 986; x_wconf 88' lang='lat' dir='ltr'><strong>hic</strong></span> <span class='ocrx_word' id='word_1_72' title='bbox 1024 933 1258 986; x_wconf 84' lang='lat' dir='ltr'><strong>invenies</strong></span> <span class='ocrx_word' id='word_1_73' title='bbox 1289 931 1667 999; x_wconf 81' lang='lat' dir='ltr'><strong>Apollinarem,</strong></span> 
     </span>
    </p>
   </div>
   <div class='ocr_carea' id='block_1_16' title="bbox 643 1021 1515 1078">
    <p class='ocr_par' dir='ltr' id='par_1_16' title="bbox 643 1021 1515 1078">
     <span class='ocr_line' id='line_1_16' title="bbox 643 1021 1515 1078; baseline -0.007 0"><span class='ocrx_word' id='word_1_74' title='bbox 643 1025 743 1078; x_wconf 86' lang='lat' dir='ltr'><strong>Seu</strong></span> <span class='ocrx_word' id='word_1_75' title='bbox 769 1032 945 1076; x_wconf 89' lang='lat' dir='ltr'><strong>contra</strong></span> <span class='ocrx_word' id='word_1_76' title='bbox 977 1021 1138 1074; x_wconf 88' lang='lat' dir='ltr'><strong>rabidi</strong></span> <span class='ocrx_word' id='word_1_77' title='bbox 1169 1021 1333 1074; x_wconf 88' lang='lat' dir='ltr'><strong>leonis</strong></span> <span class='ocrx_word' id='word_1_78' title='bbox 1359 1030 1515 1074; x_wconf 78' lang='lat' dir='ltr'><strong>:estus</strong></span> 
     </span>
    </p>
   </div>
   <div class='ocr_carea' id='block_1_17' title="bbox 641 1107 1819 1180">
    <p class='ocr_par' dir='ltr' id='par_1_17' title="bbox 641 1107 1819 1180">
     <span class='ocr_line' id='line_1_17' title="bbox 641 1107 1819 1180; baseline -0.009 -14"><span class='ocrx_word' id='word_1_79' title='bbox 641 1112 794 1180; x_wconf 65' lang='grc'><strong>417</strong></span> <span class='ocrx_word' id='word_1_80' title='bbox 826 1109 984 1163; x_wconf 84' lang='lat' dir='ltr'><strong>Vestit</strong></span> <span class='ocrx_word' id='word_1_81' title='bbox 1014 1107 1200 1174; x_wconf 77' lang='lat' dir='ltr'><strong>frigore</strong></span> <span class='ocrx_word' id='word_1_82' title='bbox 1227 1120 1542 1159; x_wconf 90' lang='lat' dir='ltr'><strong>marmorum</strong></span> <span class='ocrx_word' id='word_1_83' title='bbox 1564 1112 1779 1172; x_wconf 81' lang='lat' dir='ltr'><strong>penates</strong></span> <span class='ocrx_word' id='word_1_84' title='bbox 1805 1121 1819 1155; x_wconf 90' lang='lat'><strong>:</strong></span> 
     </span>
    </p>
   </div>
   <div class='ocr_carea' id='block_1_18' title="bbox 642 1193 1584 1261">
    <p class='ocr_par' dir='ltr' id='par_1_18' title="bbox 642 1193 1584 1261">
     <span class='ocr_line' id='line_1_18' title="bbox 642 1193 1584 1261; baseline -0.011 -8"><span class='ocrx_word' id='word_1_85' title='bbox 642 1200 768 1253; x_wconf 89' lang='lat' dir='ltr'><strong>Sive</strong></span> <span class='ocrx_word' id='word_1_86' title='bbox 796 1197 958 1250; x_wconf 84' lang='lat' dir='ltr'><strong>hortis</strong></span> <span class='ocrx_word' id='word_1_87' title='bbox 981 1195 1230 1261; x_wconf 83' lang='lat' dir='ltr'><strong>spatiatur</strong></span> <span class='ocrx_word' id='word_1_88' title='bbox 1257 1194 1307 1245; x_wconf 95' lang='lat' dir='ltr'><strong>in</strong></span> <span class='ocrx_word' id='word_1_89' title='bbox 1340 1193 1584 1258; x_wconf 87' lang='lat' dir='ltr'><strong>repostis,</strong></span> 
     </span>
    </p>
   </div>
   <div class='ocr_carea' id='block_1_19' title="bbox 641 1277 1590 1349">
    <p class='ocr_par' dir='ltr' id='par_1_19' title="bbox 641 1277 1590 1349">
     <span class='ocr_line' id='line_1_19' title="bbox 641 1277 1590 1349; baseline -0.011 -12"><span class='ocrx_word' id='word_1_90' title='bbox 641 1284 830 1349; x_wconf 82' lang='lat' dir='ltr'><strong>Quales</strong></span> <span class='ocrx_word' id='word_1_91' title='bbox 857 1279 1105 1334; x_wconf 78' lang='lat' dir='ltr'><strong>mellifera</strong></span> <span class='ocrx_word' id='word_1_92' title='bbox 1135 1281 1302 1332; x_wconf 91' lang='lat' dir='ltr'><strong>virent</strong></span> <span class='ocrx_word' id='word_1_93' title='bbox 1331 1280 1379 1330; x_wconf 88' lang='lat' dir='ltr'><strong>in</strong></span> <span class='ocrx_word' id='word_1_94' title='bbox 1411 1277 1590 1345; x_wconf 82' lang='lat' dir='ltr'><strong>Ilybla,</strong></span> 
     </span>
    </p>
   </div>
   <div class='ocr_carea' id='block_1_20' title="bbox 645 1365 1572 1435">
    <p class='ocr_par' dir='ltr' id='par_1_20' title="bbox 645 1365 1572 1435">
     <span class='ocr_line' id='line_1_20' title="bbox 645 1365 1572 1435; baseline -0.005 -12"><span class='ocrx_word' id='word_1_95' title='bbox 645 1371 837 1435; x_wconf 82' lang='lat' dir='ltr'><strong>Quales</strong></span> <span class='ocrx_word' id='word_1_96' title='bbox 863 1367 1124 1422; x_wconf 87' lang='lat' dir='ltr'><strong>Coricium</strong></span> <span class='ocrx_word' id='word_1_97' title='bbox 1154 1381 1329 1419; x_wconf 84' lang='lat' dir='ltr'><strong>senem</strong></span> <span class='ocrx_word' id='word_1_98' title='bbox 1361 1365 1572 1418; x_wconf 81' lang='lat' dir='ltr'><strong>beantes</strong></span> 
     </span>
    </p>
   </div>
   <div class='ocr_carea' id='block_1_21' title="bbox 646 1451 1437 1520">
    <p class='ocr_par' dir='ltr' id='par_1_21' title="bbox 646 1451 1437 1520">
     <span class='ocr_line' id='line_1_21' title="bbox 646 1451 1437 1520; baseline -0.009 -10"><span class='ocrx_word' id='word_1_99' title='bbox 646 1457 900 1509; x_wconf 85' lang='lat' dir='ltr'><strong>Fuscabat</strong></span> <span class='ocrx_word' id='word_1_100' title='bbox 923 1454 1054 1520; x_wconf 88' lang='lat' dir='ltr'><strong>picei</strong></span> <span class='ocrx_word' id='word_1_101' title='bbox 1082 1454 1216 1506; x_wconf 84' lang='lat' dir='ltr'><strong>latex</strong></span> <span class='ocrx_word' id='word_1_102' title='bbox 1244 1451 1437 1505; x_wconf 88' lang='lat' dir='ltr'><strong>Galesi.</strong></span> 
     </span>
    </p>
   </div>
   <div class='ocr_carea' id='block_1_22' title="bbox 648 1539 1754 1607">
    <p class='ocr_par' dir='ltr' id='par_1_22' title="bbox 648 1539 1754 1607">
     <span class='ocr_line' id='line_1_22' title="bbox 648 1539 1754 1607; baseline -0.007 -10"><span class='ocrx_word' id='word_1_103' title='bbox 648 1544 768 1597; x_wconf 87' lang='lat' dir='ltr'><strong>Sive</strong></span> <span class='ocrx_word' id='word_1_104' title='bbox 796 1541 932 1595; x_wconf 88' lang='lat' dir='ltr'><strong>inter</strong></span> <span class='ocrx_word' id='word_1_105' title='bbox 959 1541 1141 1604; x_wconf 81' lang='lat' dir='ltr'><strong>violas,</strong></span> <span class='ocrx_word' id='word_1_106' title='bbox 1176 1539 1430 1607; x_wconf 81' lang='lat' dir='ltr'><strong>thymum,</strong></span> <span class='ocrx_word' id='word_1_107' title='bbox 1460 1539 1754 1606; x_wconf 76' lang='lat' dir='ltr'><strong>ligustrum,</strong></span> 
     </span>
    </p>
   </div>
   <div class='ocr_carea' id='block_1_23' title="bbox 645 1625 1887 1697">
    <p class='ocr_par' dir='ltr' id='par_1_23' title="bbox 645 1625 1887 1697">
     <span class='ocr_line' id='line_1_23' title="bbox 645 1625 1887 1697; baseline -0.006 -14"><span class='ocrx_word' id='word_1_108' title='bbox 645 1629 961 1697; x_wconf 79' lang='lat' dir='ltr'><strong>Serpyllum,</strong></span> <span class='ocrx_word' id='word_1_109' title='bbox 984 1627 1195 1688; x_wconf 82' lang='lat' dir='ltr'><strong>casiam,</strong></span> <span class='ocrx_word' id='word_1_110' title='bbox 1219 1639 1429 1678; x_wconf 89' lang='lat' dir='ltr'><strong>crocum</strong></span> <span class='ocrx_word' id='word_1_111' title='bbox 1459 1636 1610 1692; x_wconf 89' lang='lat' dir='ltr'><strong>atque</strong></span> <span class='ocrx_word' id='word_1_112' title='bbox 1636 1625 1887 1686; x_wconf 84' lang='lat' dir='ltr'><strong>caltltam,</strong></span> 
     </span>
    </p>
   </div>
   <div class='ocr_carea' id='block_1_24' title="bbox 649 1711 1611 1782">
    <p class='ocr_par' dir='ltr' id='par_1_24' title="bbox 649 1711 1611 1782">
     <span class='ocr_line' id='line_1_24' title="bbox 649 1711 1611 1782; baseline -0.005 -13"><span class='ocrx_word' id='word_1_113' title='bbox 649 1717 935 1780; x_wconf 78' lang='lat' dir='ltr'><strong>Narcissos,</strong></span> <span class='ocrx_word' id='word_1_114' title='bbox 970 1712 1430 1782; x_wconf 79' lang='lat' dir='ltr'><strong>hyacinthinosque</strong></span> <span class='ocrx_word' id='word_1_115' title='bbox 1459 1711 1611 1766; x_wconf 86' lang='lat' dir='ltr'><strong>ﬂores</strong></span> 
     </span>
    </p>
   </div>
   <div class='ocr_carea' id='block_1_25' title="bbox 607 1800 1635 1871">
    <p class='ocr_par' dir='ltr' id='par_1_25' title="bbox 607 1800 1635 1871">
     <span class='ocr_line' id='line_1_25' title="bbox 607 1800 1635 1871; baseline -0.002 -19"><span class='ocrx_word' id='word_1_116' title='bbox 607 1847 612 1852; x_wconf 91' lang='lat'><strong>.</strong></span> <span class='ocrx_word' id='word_1_117' title='bbox 651 1805 883 1871; x_wconf 72' lang='lat' dir='ltr'><strong>Spernit,</strong></span> <span class='ocrx_word' id='word_1_118' title='bbox 911 1817 1061 1869; x_wconf 88' lang='lat' dir='ltr'><strong>quam</strong></span> <span class='ocrx_word' id='word_1_119' title='bbox 1093 1801 1240 1868; x_wconf 85' lang='lat' dir='ltr'><strong>pretii</strong></span> <span class='ocrx_word' id='word_1_120' title='bbox 1265 1801 1450 1866; x_wconf 86' lang='lat' dir='ltr'><strong>petitor</strong></span> <span class='ocrx_word' id='word_1_121' title='bbox 1479 1800 1635 1865; x_wconf 87' lang='lat' dir='ltr'><strong>ampli</strong></span> 
     </span>
    </p>
   </div>
   <div class='ocr_carea' id='block_1_26' title="bbox 653 1887 1611 1948">
    <p class='ocr_par' dir='ltr' id='par_1_26' title="bbox 653 1887 1611 1948">
     <span class='ocr_line' id='line_1_26' title="bbox 653 1887 1611 1948; baseline -0.01 0"><span class='ocrx_word' id='word_1_122' title='bbox 653 1893 869 1948; x_wconf 84' lang='lat' dir='ltr'><strong>Gleham</strong></span> <span class='ocrx_word' id='word_1_123' title='bbox 902 1889 1117 1942; x_wconf 86' lang='lat' dir='ltr'><strong>thurifer</strong></span> <span class='ocrx_word' id='word_1_124' title='bbox 1143 1888 1350 1941; x_wconf 81' lang='lat' dir='ltr'><strong>advehit</strong></span> <span class='ocrx_word' id='word_1_125' title='bbox 1380 1887 1611 1940; x_wconf 77' lang='lat' dir='ltr'><strong>Sahreus.</strong></span> 
     </span>
    </p>
   </div>
   <div class='ocr_carea' id='block_1_27' title="bbox 652 1975 1542 2046">
    <p class='ocr_par' dir='ltr' id='par_1_27' title="bbox 652 1975 1542 2046">
     <span class='ocr_line' id='line_1_27' title="bbox 652 1975 1542 2046; baseline -0.008 -13"><span class='ocrx_word' id='word_1_126' title='bbox 652 1981 756 2033; x_wconf 90' lang='lat' dir='ltr'><strong>Seu</strong></span> <span class='ocrx_word' id='word_1_127' title='bbox 782 1979 898 2031; x_wconf 85' lang='lat' dir='ltr'><strong>ﬂeto</strong></span> <span class='ocrx_word' id='word_1_128' title='bbox 926 1978 1095 2046; x_wconf 85' lang='lat' dir='ltr'><strong>potius</strong></span> <span class='ocrx_word' id='word_1_129' title='bbox 1118 1990 1274 2043; x_wconf 88' lang='lat' dir='ltr'><strong>specu</strong></span> <span class='ocrx_word' id='word_1_130' title='bbox 1298 1975 1542 2043; x_wconf 89' lang='lat' dir='ltr'><strong>quiescit,</strong></span> 
     </span>
    </p>
   </div>
   <div class='ocr_carea' id='block_1_28' title="bbox 650 2064 1679 2134">
    <p class='ocr_par' dir='ltr' id='par_1_28' title="bbox 650 2064 1679 2134">
     <span class='ocr_line' id='line_1_28' title="bbox 650 2064 1679 2134; baseline -0.004 -14"><span class='ocrx_word' id='word_1_131' title='bbox 650 2067 808 2122; x_wconf 88' lang='lat' dir='ltr'><strong>Collis</strong></span> <span class='ocrx_word' id='word_1_132' title='bbox 837 2066 1065 2134; x_wconf 78' lang='lat' dir='ltr'><strong>margine</strong></span> <span class='ocrx_word' id='word_1_133' title='bbox 1093 2081 1191 2133; x_wconf 91' lang='lat' dir='ltr'><strong>qua</strong></span> <span class='ocrx_word' id='word_1_134' title='bbox 1219 2079 1401 2117; x_wconf 90' lang='lat' dir='ltr'><strong>nemus</strong></span> <span class='ocrx_word' id='word_1_135' title='bbox 1431 2064 1679 2116; x_wconf 85' lang='lat' dir='ltr'><strong>reﬂexum</strong></span> 
     </span>
    </p>
   </div>
   <div class='ocr_carea' id='block_1_29' title="bbox 652 2153 1604 2219">
    <p class='ocr_par' dir='ltr' id='par_1_29' title="bbox 652 2153 1604 2219">
     <span class='ocr_line' id='line_1_29' title="bbox 652 2153 1604 2219; baseline -0.002 -13"><span class='ocrx_word' id='word_1_136' title='bbox 652 2155 884 2207; x_wconf 83' lang='lat' dir='ltr'><strong>Nativam</strong></span> <span class='ocrx_word' id='word_1_137' title='bbox 908 2153 1036 2206; x_wconf 91' lang='lat' dir='ltr'><strong>dare</strong></span> <span class='ocrx_word' id='word_1_138' title='bbox 1059 2155 1309 2219; x_wconf 83' lang='lat' dir='ltr'><strong>porticam</strong></span> <span class='ocrx_word' id='word_1_139' title='bbox 1342 2153 1604 2213; x_wconf 88' lang='lat' dir='ltr'><strong>laborans,</strong></span> 
     </span>
    </p>
   </div>
   <div class='ocr_carea' id='block_1_30' title="bbox 651 2240 1798 2304">
    <p class='ocr_par' dir='ltr' id='par_1_30' title="bbox 651 2240 1798 2304">
     <span class='ocr_line' id='line_1_30' title="bbox 651 2240 1798 2304; baseline -0.006 -7"><span class='ocrx_word' id='word_1_140' title='bbox 651 2244 760 2297; x_wconf 83' lang='lat' dir='ltr'><strong>Non</strong></span> <span class='ocrx_word' id='word_1_141' title='bbox 789 2244 957 2297; x_wconf 90' lang='lat' dir='ltr'><strong>lucum</strong></span> <span class='ocrx_word' id='word_1_142' title='bbox 990 2242 1258 2294; x_wconf 86' lang='lat' dir='ltr'><strong>arboribus</strong></span> <span class='ocrx_word' id='word_1_143' title='bbox 1287 2240 1427 2304; x_wconf 88' lang='lat' dir='ltr'><strong>facit,</strong></span> <span class='ocrx_word' id='word_1_144' title='bbox 1454 2240 1546 2292; x_wconf 86' lang='lat' dir='ltr'><strong>sed</strong></span> <span class='ocrx_word' id='word_1_145' title='bbox 1575 2247 1798 2292; x_wconf 82' lang='lat' dir='ltr'><strong>antrum.</strong></span> 
     </span>
    </p>
   </div>
   <div class='ocr_carea' id='block_1_31' title="bbox 649 2325 1522 2396">
    <p class='ocr_par' dir='ltr' id='par_1_31' title="bbox 649 2325 1522 2396">
     <span class='ocr_line' id='line_1_31' title="bbox 649 2325 1522 2396; baseline -0.008 -13"><span class='ocrx_word' id='word_1_146' title='bbox 649 2331 774 2393; x_wconf 87' lang='lat' dir='ltr'><strong>Quis</strong></span> <span class='ocrx_word' id='word_1_147' title='bbox 802 2329 1028 2396; x_wconf 90' lang='lat' dir='ltr'><strong>pomaria</strong></span> <span class='ocrx_word' id='word_1_148' title='bbox 1062 2329 1227 2394; x_wconf 88' lang='lat' dir='ltr'><strong>prisca</strong></span> <span class='ocrx_word' id='word_1_149' title='bbox 1251 2328 1387 2393; x_wconf 89' lang='lat' dir='ltr'><strong>regis</strong></span> <span class='ocrx_word' id='word_1_150' title='bbox 1415 2325 1522 2376; x_wconf 84' lang='lat' dir='ltr'><strong>Indi</strong></span> 
     </span>
    </p>
   </div>
   <div class='ocr_carea' id='block_1_32' title="bbox 651 2411 1702 2480">
    <p class='ocr_par' dir='ltr' id='par_1_32' title="bbox 651 2411 1702 2480">
     <span class='ocr_line' id='line_1_32' title="bbox 651 2411 1702 2480; baseline -0.006 -11"><span class='ocrx_word' id='word_1_151' title='bbox 651 2417 744 2469; x_wconf 86' lang='lat' dir='ltr'><strong>llic</strong></span> <span class='ocrx_word' id='word_1_152' title='bbox 762 2429 898 2468; x_wconf 87' lang='lat' dir='ltr'><strong>nunc</strong></span> <span class='ocrx_word' id='word_1_153' title='bbox 925 2421 1210 2480; x_wconf 90' lang='lat' dir='ltr'><strong>comparet,</strong></span> <span class='ocrx_word' id='word_1_154' title='bbox 1239 2426 1526 2478; x_wconf 86' lang='lat' dir='ltr'><strong>aureasque</strong></span> <span class='ocrx_word' id='word_1_155' title='bbox 1551 2411 1702 2465; x_wconf 56' lang='lat' dir='ltr'><strong>vites.</strong></span> 
     </span>
    </p>
   </div>
   <div class='ocr_carea' id='block_1_33' title="bbox 655 2497 1512 2566">
    <p class='ocr_par' dir='ltr' id='par_1_33' title="bbox 655 2497 1512 2566">
     <span class='ocr_line' id='line_1_33' title="bbox 655 2497 1512 2566; baseline -0.011 -8"><span class='ocrx_word' id='word_1_156' title='bbox 655 2506 859 2558; x_wconf 84' lang='lat' dir='ltr'><strong>Electro</strong></span> <span class='ocrx_word' id='word_1_157' title='bbox 888 2497 1142 2554; x_wconf 85' lang='lat' dir='ltr'><strong>viridante</strong></span> <span class='ocrx_word' id='word_1_158' title='bbox 1172 2499 1512 2566; x_wconf 86' lang='lat' dir='ltr'><strong>pampinatas,</strong></span> 
     </span>
    </p>
   </div>
   <div class='ocr_carea' id='block_1_34' title="bbox 651 2588 1586 2655">
    <p class='ocr_par' dir='ltr' id='par_1_34' title="bbox 651 2588 1586 2655">
     <span class='ocr_line' id='line_1_34' title="bbox 651 2588 1586 2655; baseline -0.007 -12"><span class='ocrx_word' id='word_1_159' title='bbox 651 2593 779 2643; x_wconf 88' lang='lat' dir='ltr'><strong>Cum</strong></span> <span class='ocrx_word' id='word_1_160' title='bbox 812 2591 974 2642; x_wconf 86' lang='lat' dir='ltr'><strong>Porus</strong></span> <span class='ocrx_word' id='word_1_161' title='bbox 1005 2588 1172 2655; x_wconf 83' lang='lat' dir='ltr'><strong>posuit</strong></span> <span class='ocrx_word' id='word_1_162' title='bbox 1195 2593 1438 2654; x_wconf 87' lang='lat' dir='ltr'><strong>crepante</strong></span> <span class='ocrx_word' id='word_1_163' title='bbox 1463 2599 1586 2653; x_wconf 85' lang='lat' dir='ltr'><strong>gaza</strong></span> 
     </span>
    </p>
   </div>
   <div class='ocr_carea' id='block_1_35' title="bbox 655 2673 1640 2742">
    <p class='ocr_par' dir='ltr' id='par_1_35' title="bbox 655 2673 1640 2742">
     <span class='ocr_line' id='line_1_35' title="bbox 655 2673 1640 2742; baseline -0.008 -11"><span class='ocrx_word' id='word_1_164' title='bbox 655 2679 838 2741; x_wconf 80' lang='lat' dir='ltr'><strong>Fnlvo,</strong></span> <span class='ocrx_word' id='word_1_165' title='bbox 866 2691 929 2729; x_wconf 84' lang='lat' dir='ltr'><strong>ex</strong></span> <span class='ocrx_word' id='word_1_166' title='bbox 954 2675 1164 2742; x_wconf 80' lang='lat' dir='ltr'><strong>palmite</strong></span> <span class='ocrx_word' id='word_1_167' title='bbox 1193 2675 1394 2726; x_wconf 88' lang='lat' dir='ltr'><strong>vineam</strong></span> <span class='ocrx_word' id='word_1_168' title='bbox 1426 2673 1640 2734; x_wconf 84' lang='lat' dir='ltr'><strong>metalli,</strong></span> 
     </span>
    </p>
   </div>
   <div class='ocr_carea' id='block_1_36' title="bbox 654 2757 1608 2818">
    <p class='ocr_par' dir='ltr' id='par_1_36' title="bbox 654 2757 1608 2818">
     <span class='ocr_line' id='line_1_36' title="bbox 654 2757 1608 2818; baseline -0.009 0"><span class='ocrx_word' id='word_1_169' title='bbox 654 2765 980 2818; x_wconf 88' lang='lat' dir='ltr'><strong>Cemmarum</strong></span> <span class='ocrx_word' id='word_1_170' title='bbox 1009 2760 1326 2814; x_wconf 88' lang='lat' dir='ltr'><strong>ﬂuitantibus</strong></span> <span class='ocrx_word' id='word_1_171' title='bbox 1354 2757 1608 2813; x_wconf 81' lang='lat' dir='ltr'><strong>racemis?</strong></span> 
     </span>
    </p>
   </div>
   <div class='ocr_carea' id='block_1_37' title="bbox 655 2886 2171 2956">
    <p class='ocr_par' dir='ltr' id='par_1_37' title="bbox 655 2886 2171 2956">
     <span class='ocr_line' id='line_1_37' title="bbox 655 2886 2171 2956; baseline -0.007 -7"><span class='ocrx_word' id='word_1_172' title='bbox 655 2899 942 2951; x_wconf 87' lang='lat' dir='ltr'><strong>necessaria</strong></span> <span class='ocrx_word' id='word_1_173' title='bbox 988 2895 1207 2947; x_wconf 79' lang='lat' dir='ltr'><strong>videtur.</strong></span> <span class='ocrx_word' id='word_1_174' title='bbox 1255 2892 1438 2956; x_wconf 89' lang='lat' dir='ltr'><strong>Quidni</strong></span> <span class='ocrx_word' id='word_1_175' title='bbox 1466 2892 1600 2942; x_wconf 91' lang='lat' dir='ltr'><strong>enim</strong></span> <span class='ocrx_word' id='word_1_176' title='bbox 1650 2889 1785 2941; x_wconf 92' lang='lat' dir='ltr'><strong>illius</strong></span> <span class='ocrx_word' id='word_1_177' title='bbox 1823 2887 1964 2939; x_wconf 86' lang='lat' dir='ltr'><strong>ﬂuvll</strong></span> <span class='ocrx_word' id='word_1_178' title='bbox 2001 2886 2171 2953; x_wconf 80' lang='lat' dir='ltr'><strong>pisces</strong></span> 
     </span>
    </p>
   </div>
   <div class='ocr_carea' id='block_1_38' title="bbox 655 2960 2166 3024">
    <p class='ocr_par' dir='ltr' id='par_1_38' title="bbox 655 2960 2166 3024">
     <span class='ocr_line' id='line_1_38' title="bbox 655 2960 2166 3024; baseline -0.009 -8"><span class='ocrx_word' id='word_1_179' title='bbox 655 2967 927 3017; x_wconf 77' lang='lat' dir='ltr'><strong>laudentur</strong></span> <span class='ocrx_word' id='word_1_180' title='bbox 955 2964 1021 3013; x_wconf 87' lang='lat' dir='ltr'><strong>ob</strong></span> <span class='ocrx_word' id='word_1_181' title='bbox 1046 2975 1252 3013; x_wconf 86' lang='lat' dir='ltr'><strong>carnem</strong></span> <span class='ocrx_word' id='word_1_182' title='bbox 1282 2960 1492 3011; x_wconf 79' lang='lat' dir='ltr'><strong>solidam</strong></span> <span class='ocrx_word' id='word_1_183' title='bbox 1521 2967 1562 3008; x_wconf 84' lang='lat' dir='ltr'><strong>et</strong></span> <span class='ocrx_word' id='word_1_184' title='bbox 1583 2971 1822 3024; x_wconf 73' lang='lat' dir='ltr'><strong>pressam,</strong></span> <span class='ocrx_word' id='word_1_185' title='bbox 1852 2968 2027 3024; x_wconf 75' lang='lat' dir='ltr'><strong>eoque</strong></span> <span class='ocrx_word' id='word_1_186' title='bbox 2045 2968 2166 3024; x_wconf 76' lang='lat' dir='ltr'><strong>gra-</strong></span> 
     </span>
    </p>
   </div>
   <div class='ocr_carea' id='block_1_39' title="bbox 659 3021 2169 3096">
    <p class='ocr_par' dir='ltr' id='par_1_39' title="bbox 659 3021 2169 3096">
     <span class='ocr_line' id='line_1_39' title="bbox 659 3021 2169 3096; baseline -0.009 -12"><span class='ocrx_word' id='word_1_187' title='bbox 659 3035 804 3084; x_wconf 87' lang='lat' dir='ltr'><strong>tioris</strong></span> <span class='ocrx_word' id='word_1_188' title='bbox 832 3031 1056 3096; x_wconf 84' lang='lat' dir='ltr'><strong>saporis.</strong></span> <span class='ocrx_word' id='word_1_189' title='bbox 1085 3043 1201 3080; x_wconf 85' lang='lat' dir='ltr'><strong>cum</strong></span> <span class='ocrx_word' id='word_1_190' title='bbox 1242 3028 1291 3096; x_wconf 89' lang='lat' dir='ltr'><strong>in</strong></span> <span class='ocrx_word' id='word_1_191' title='bbox 1324 3026 1493 3096; x_wconf 79' lang='lat' dir='ltr'><strong>multis</strong></span> <span class='ocrx_word' id='word_1_192' title='bbox 1525 3021 1746 3096; x_wconf 75' lang='lat' dir='ltr'><strong>piscibus</strong></span> <span class='ocrx_word' id='word_1_193' title='bbox 1779 3036 1932 3089; x_wconf 86' lang='lat' dir='ltr'><strong>sapor</strong></span> <span class='ocrx_word' id='word_1_194' title='bbox 1963 3021 2169 3096; x_wconf 78' lang='lat' dir='ltr'><strong>dilutior</strong></span> 
     </span>
    </p>
   </div>
   <div class='ocr_carea' id='block_1_40' title="bbox 655 3091 2169 3160">
    <p class='ocr_par' dir='ltr' id='par_1_40' title="bbox 655 3091 2169 3160">
     <span class='ocr_line' id='line_1_40' title="bbox 655 3091 2169 3160; baseline -0.009 -8"><span class='ocrx_word' id='word_1_195' title='bbox 655 3101 724 3153; x_wconf 88' lang='lat' dir='ltr'><strong>sit</strong></span> <span class='ocrx_word' id='word_1_196' title='bbox 749 3100 815 3150; x_wconf 92' lang='lat' dir='ltr'><strong>ob</strong></span> <span class='ocrx_word' id='word_1_197' title='bbox 860 3091 1264 3149; x_wconf 78' lang='lat' dir='ltr'><strong>mollitudinem?</strong></span> <span class='ocrx_word' id='word_1_198' title='bbox 1309 3093 1498 3147; x_wconf 87' lang='lat' dir='ltr'><strong>Deinde</strong></span> <span class='ocrx_word' id='word_1_199' title='bbox 1534 3093 1740 3160; x_wconf 78' lang='lat' dir='ltr'><strong>piscium</strong></span> <span class='ocrx_word' id='word_1_200' title='bbox 1777 3106 1924 3156; x_wconf 82' lang='lat' dir='ltr'><strong>sopor</strong></span> <span class='ocrx_word' id='word_1_201' title='bbox 1962 3091 2169 3142; x_wconf 80' lang='lat' dir='ltr'><strong>stolidus</strong></span> 
     </span>
    </p>
   </div>
   <div class='ocr_carea' id='block_1_41' title="bbox 2199 1716 2246 1773">
    <p class='ocr_par' dir='ltr' id='par_1_41' title="bbox 2199 1716 2246 1773">
     <span class='ocr_line' id='line_1_41' title="bbox 2199 1716 2246 1773; baseline 0 0"><span class='ocrx_word' id='word_1_202' title='bbox 2199 1716 2246 1773; x_wconf 90' lang='lat' dir='ltr'><strong><em>B</em></strong></span> 
     </span>
    </p>
   </div>
   <div class='ocr_carea' id='block_1_42' title="bbox 2274 921 3181 980">
    <p class='ocr_par' dir='ltr' id='par_1_42' title="bbox 2274 921 3181 980">
     <span class='ocr_line' id='line_1_42' title="bbox 2274 921 3181 980; baseline -0.004 -3"><span class='ocrx_word' id='word_1_203' title='bbox 2274 923 2339 976; x_wconf 84' lang='lat' dir='ltr'><strong>Et</strong></span> <span class='ocrx_word' id='word_1_204' title='bbox 2363 937 2460 976; x_wconf 90' lang='lat' dir='ltr'><strong>nec</strong></span> <span class='ocrx_word' id='word_1_205' title='bbox 2479 923 2722 976; x_wconf 81' lang='lat' dir='ltr'><strong>Tetradio</strong></span> <span class='ocrx_word' id='word_1_206' title='bbox 2748 923 2875 974; x_wconf 87' lang='lat' dir='ltr'><strong>satis</strong></span> <span class='ocrx_word' id='word_1_207' title='bbox 2899 921 3181 980; x_wconf 80' lang='lat' dir='ltr'><strong>secundus.</strong></span> 
     </span>
    </p>
   </div>
   <div class='ocr_carea' id='block_1_43' title="bbox 2273 1009 3201 1071">
    <p class='ocr_par' dir='ltr' id='par_1_43' title="bbox 2273 1009 3201 1071">
     <span class='ocr_line' id='line_1_43' title="bbox 2273 1009 3201 1071; baseline -0.005 -8"><span class='ocrx_word' id='word_1_208' title='bbox 2273 1011 2472 1064; x_wconf 82' lang='lat' dir='ltr'><strong>Momm</strong></span> <span class='ocrx_word' id='word_1_209' title='bbox 2501 1009 2709 1062; x_wconf 90' lang='lat' dir='ltr'><strong>dotibus</strong></span> <span class='ocrx_word' id='word_1_210' title='bbox 2728 1020 2813 1061; x_wconf 80' lang='lat' dir='ltr'><strong>aut</strong></span> <span class='ocrx_word' id='word_1_211' title='bbox 2845 1018 3026 1062; x_wconf 91' lang='lat' dir='ltr'><strong>tenore</strong></span> <span class='ocrx_word' id='word_1_212' title='bbox 3051 1009 3201 1071; x_wconf 91' lang='lat' dir='ltr'><strong>recti,</strong></span> 
     </span>
    </p>
   </div>
   <div class='ocr_carea' id='block_1_44' title="bbox 2271 1094 3093 1162">
    <p class='ocr_par' dir='ltr' id='par_1_44' title="bbox 2271 1094 3093 1162">
     <span class='ocr_line' id='line_1_44' title="bbox 2271 1094 3093 1162; baseline -0.006 -10"><span class='ocrx_word' id='word_1_213' title='bbox 2271 1097 2460 1152; x_wconf 89' lang='lat' dir='ltr'><strong>Sancta</strong></span> <span class='ocrx_word' id='word_1_214' title='bbox 2487 1095 2700 1162; x_wconf 86' lang='lat' dir='ltr'><strong>suscipit</strong></span> <span class='ocrx_word' id='word_1_215' title='bbox 2726 1094 3093 1161; x_wconf 86' lang='lat' dir='ltr'><strong>hospitalitate.</strong></span> 
     </span>
    </p>
   </div>
   <div class='ocr_carea' id='block_1_45' title="bbox 2273 1177 3322 1248">
    <p class='ocr_par' dir='ltr' id='par_1_45' title="bbox 2273 1177 3322 1248">
     <span class='ocr_line' id='line_1_45' title="bbox 2273 1177 3322 1248; baseline -0.007 -12"><span class='ocrx_word' id='word_1_216' title='bbox 2273 1182 2404 1236; x_wconf 85' lang='lat' dir='ltr'><strong>Exin</strong></span> <span class='ocrx_word' id='word_1_217' title='bbox 2433 1181 2585 1234; x_wconf 90' lang='lat' dir='ltr'><strong>tende</strong></span> <span class='ocrx_word' id='word_1_218' title='bbox 2604 1180 2841 1248; x_wconf 90' lang='lat' dir='ltr'><strong>gradum,</strong></span> <span class='ocrx_word' id='word_1_219' title='bbox 2864 1179 3152 1245; x_wconf 81' lang='lat' dir='ltr'><strong>Tribusque</strong></span> <span class='ocrx_word' id='word_1_220' title='bbox 3180 1177 3322 1230; x_wconf 81' lang='lat' dir='ltr'><strong>villis</strong></span> 
     </span>
    </p>
   </div>
   <div class='ocr_carea' id='block_1_46' title="bbox 2272 1267 3675 1341">
    <p class='ocr_par' dir='ltr' id='par_1_46' title="bbox 2272 1267 3675 1341">
     <span class='ocr_line' id='line_1_46' title="bbox 2272 1267 3675 1341; baseline -0.001 -17"><span class='ocrx_word' id='word_1_221' title='bbox 2272 1271 2431 1341; x_wconf 55' lang='grc' dir='ltr'><strong>ἤιε</strong></span> <span class='ocrx_word' id='word_1_222' title='bbox 2456 1271 2826 1323; x_wconf 84' lang='lat' dir='ltr'><strong>Thaumastum</strong></span> <span class='ocrx_word' id='word_1_223' title='bbox 2853 1278 3056 1334; x_wconf 79' lang='lat' dir='ltr'><strong>expete,</strong></span> <span class='ocrx_word' id='word_1_224' title='bbox 3087 1267 3376 1335; x_wconf 87' lang='lat' dir='ltr'><strong>quemlibet</strong></span> <span class='ocrx_word' id='word_1_225' title='bbox 3406 1267 3675 1322; x_wconf 73' lang='lat' dir='ltr'><strong>duorum:</strong></span> 
     </span>
    </p>
   </div>
   <div class='ocr_carea' id='block_1_47' title="bbox 2273 1358 3181 1427">
    <p class='ocr_par' dir='ltr' id='par_1_47' title="bbox 2273 1358 3181 1427">
     <span class='ocr_line' id='line_1_47' title="bbox 2273 1358 3181 1427; baseline -0.004 -13"><span class='ocrx_word' id='word_1_226' title='bbox 2273 1363 2499 1427; x_wconf 89' lang='lat' dir='ltr'><strong>Quorum</strong></span> <span class='ocrx_word' id='word_1_227' title='bbox 2525 1361 2698 1427; x_wconf 89' lang='lat' dir='ltr'><strong>junior</strong></span> <span class='ocrx_word' id='word_1_228' title='bbox 2726 1368 2806 1413; x_wconf 86' lang='lat' dir='ltr'><strong>est</strong></span> <span class='ocrx_word' id='word_1_229' title='bbox 2835 1359 2961 1410; x_wconf 89' lang='lat' dir='ltr'><strong>mihi</strong></span> <span class='ocrx_word' id='word_1_230' title='bbox 2986 1358 3181 1411; x_wconf 86' lang='lat' dir='ltr'><strong>sodalis</strong></span> 
     </span>
    </p>
   </div>
   <div class='ocr_carea' id='block_1_48' title="bbox 2275 1445 3247 1516">
    <p class='ocr_par' dir='ltr' id='par_1_48' title="bbox 2275 1445 3247 1516">
     <span class='ocr_line' id='line_1_48' title="bbox 2275 1445 3247 1516; baseline -0.005 -13"><span class='ocrx_word' id='word_1_231' title='bbox 2275 1451 2337 1503; x_wconf 85' lang='lat' dir='ltr'><strong>Et</strong></span> <span class='ocrx_word' id='word_1_232' title='bbox 2357 1450 2550 1516; x_wconf 77' lang='lat' dir='ltr'><strong>collega</strong></span> <span class='ocrx_word' id='word_1_233' title='bbox 2569 1449 2747 1512; x_wconf 83' lang='lat' dir='ltr'><strong>simul,</strong></span> <span class='ocrx_word' id='word_1_234' title='bbox 2775 1447 3041 1516; x_wconf 84' lang='lat' dir='ltr'><strong>graduque</strong></span> <span class='ocrx_word' id='word_1_235' title='bbox 3069 1445 3247 1500; x_wconf 89' lang='lat' dir='ltr'><strong>frater.</strong></span> 
     </span>
    </p>
   </div>
   <div class='ocr_carea' id='block_1_49' title="bbox 2273 1533 3241 1602">
    <p class='ocr_par' dir='ltr' id='par_1_49' title="bbox 2273 1533 3241 1602">
     <span class='ocr_line' id='line_1_49' title="bbox 2273 1533 3241 1602; baseline -0.003 -14"><span class='ocrx_word' id='word_1_236' title='bbox 2273 1536 2420 1602; x_wconf 90' lang='lat' dir='ltr'><strong>Quod</strong></span> <span class='ocrx_word' id='word_1_237' title='bbox 2443 1536 2488 1589; x_wconf 92' lang='lat' dir='ltr'><strong>si</strong></span> <span class='ocrx_word' id='word_1_238' title='bbox 2514 1534 2621 1588; x_wconf 86' lang='lat' dir='ltr'><strong>fors</strong></span> <span class='ocrx_word' id='word_1_239' title='bbox 2647 1534 2821 1587; x_wconf 87' lang='lat' dir='ltr'><strong>senior</strong></span> <span class='ocrx_word' id='word_1_240' title='bbox 2845 1533 2932 1586; x_wconf 90' lang='lat' dir='ltr'><strong>tibi</strong></span> <span class='ocrx_word' id='word_1_241' title='bbox 2960 1533 3241 1597; x_wconf 87' lang='lat' dir='ltr'><strong>invenitur,</strong></span> 
     </span>
    </p>
   </div>
   <div class='ocr_carea' id='block_1_50' title="bbox 2277 1620 3315 1690">
    <p class='ocr_par' dir='ltr' id='par_1_50' title="bbox 2277 1620 3315 1690">
     <span class='ocr_line' id='line_1_50' title="bbox 2277 1620 3315 1690; baseline -0.006 -14"><span class='ocrx_word' id='word_1_242' title='bbox 2277 1624 2422 1676; x_wconf 81' lang='lat' dir='ltr'><strong>Hunc</strong></span> <span class='ocrx_word' id='word_1_243' title='bbox 2454 1636 2646 1690; x_wconf 89' lang='lat' dir='ltr'><strong>pronus</strong></span> <span class='ocrx_word' id='word_1_244' title='bbox 2675 1635 2836 1688; x_wconf 88' lang='lat' dir='ltr'><strong>prope</strong></span> <span class='ocrx_word' id='word_1_245' title='bbox 2865 1629 3100 1688; x_wconf 86' lang='lat' dir='ltr'><strong>patruum</strong></span> <span class='ocrx_word' id='word_1_246' title='bbox 3125 1620 3315 1673; x_wconf 85' lang='lat' dir='ltr'><strong>saluta.</strong></span> 
     </span>
    </p>
   </div>
   <div class='ocr_carea' id='block_1_51' title="bbox 2341 1697 3394 1780">
    <p class='ocr_par' dir='ltr' id='par_1_51' title="bbox 2341 1697 3394 1780">
     <span class='ocr_line' id='line_1_51' title="bbox 2341 1697 3394 1780; baseline -0.003 -16"><span class='ocrx_word' id='word_1_247' title='bbox 2341 1713 2469 1764; x_wconf 90' lang='lat' dir='ltr'><strong>llinc</strong></span> <span class='ocrx_word' id='word_1_248' title='bbox 2496 1712 2562 1764; x_wconf 87' lang='lat' dir='ltr'><strong>ad</strong></span> <span class='ocrx_word' id='word_1_249' title='bbox 2594 1697 2823 1764; x_wconf 82' lang='lat' dir='ltr'><strong>consulis</strong></span> <span class='ocrx_word' id='word_1_250' title='bbox 2843 1712 3011 1779; x_wconf 88' lang='lat' dir='ltr'><strong>ampla</strong></span> <span class='ocrx_word' id='word_1_251' title='bbox 3035 1719 3171 1766; x_wconf 87' lang='lat' dir='ltr'><strong>tecta</strong></span> <span class='ocrx_word' id='word_1_252' title='bbox 3193 1711 3394 1780; x_wconf 74' lang='lat' dir='ltr'><strong>Magni,</strong></span> 
     </span>
    </p>
   </div>
   <div class='ocr_carea' id='block_1_52' title="bbox 2279 1799 3155 1866">
    <p class='ocr_par' dir='ltr' id='par_1_52' title="bbox 2279 1799 3155 1866">
     <span class='ocr_line' id='line_1_52' title="bbox 2279 1799 3155 1866; baseline -0.002 -14"><span class='ocrx_word' id='word_1_253' title='bbox 2279 1799 2606 1866; x_wconf 85' lang='lat' dir='ltr'><strong>Felicemque</strong></span> <span class='ocrx_word' id='word_1_254' title='bbox 2631 1808 2772 1852; x_wconf 92' lang='lat' dir='ltr'><strong>tuum</strong></span> <span class='ocrx_word' id='word_1_255' title='bbox 2798 1800 2934 1862; x_wconf 78' lang='lat' dir='ltr'><strong>veni,</strong></span> <span class='ocrx_word' id='word_1_256' title='bbox 2967 1799 3155 1853; x_wconf 85' lang='lat' dir='ltr'><strong>libelle.</strong></span> 
     </span>
    </p>
   </div>
   <div class='ocr_carea' id='block_1_53' title="bbox 2279 1885 3264 1953">
    <p class='ocr_par' dir='ltr' id='par_1_53' title="bbox 2279 1885 3264 1953">
     <span class='ocr_line' id='line_1_53' title="bbox 2279 1885 3264 1953; baseline -0.002 -13"><span class='ocrx_word' id='word_1_257' title='bbox 2279 1885 2347 1940; x_wconf 82' lang='lat' dir='ltr'><strong>Et</strong></span> <span class='ocrx_word' id='word_1_258' title='bbox 2375 1897 2425 1940; x_wconf 90' lang='lat' dir='ltr'><strong>te</strong></span> <span class='ocrx_word' id='word_1_259' title='bbox 2456 1886 2766 1940; x_wconf 86' lang='lat' dir='ltr'><strong>bibliotheca</strong></span> <span class='ocrx_word' id='word_1_260' title='bbox 2794 1901 2911 1953; x_wconf 67' lang='lat' dir='ltr'><strong>qua:</strong></span> <span class='ocrx_word' id='word_1_261' title='bbox 2932 1895 3141 1953; x_wconf 86' lang='lat' dir='ltr'><strong>paterna</strong></span> <span class='ocrx_word' id='word_1_262' title='bbox 3162 1895 3264 1951; x_wconf 90' lang='lat' dir='ltr'><strong>est,</strong></span> 
     </span>
    </p>
   </div>
   <div class='ocr_carea' id='block_1_54' title="bbox 2275 1971 3159 2041">
    <p class='ocr_par' dir='ltr' id='par_1_54' title="bbox 2275 1971 3159 2041">
     <span class='ocr_line' id='line_1_54' title="bbox 2275 1971 3159 2041; baseline 0 -15"><span class='ocrx_word' id='word_1_263' title='bbox 2275 1975 2453 2040; x_wconf 89' lang='lat' dir='ltr'><strong>Qualis</strong></span> <span class='ocrx_word' id='word_1_264' title='bbox 2477 1987 2574 2027; x_wconf 91' lang='lat' dir='ltr'><strong>nec</strong></span> <span class='ocrx_word' id='word_1_265' title='bbox 2601 1973 2772 2026; x_wconf 89' lang='lat' dir='ltr'><strong>tetrici</strong></span> <span class='ocrx_word' id='word_1_266' title='bbox 2795 1971 2888 2027; x_wconf 87' lang='lat' dir='ltr'><strong>fuit</strong></span> <span class='ocrx_word' id='word_1_267' title='bbox 2910 1972 3159 2041; x_wconf 85' lang='lat' dir='ltr'><strong>Philagri,</strong></span> 
     </span>
    </p>
   </div>
   <div class='ocr_carea' id='block_1_55' title="bbox 2273 2059 3300 2128">
    <p class='ocr_par' dir='ltr' id='par_1_55' title="bbox 2273 2059 3300 2128">
     <span class='ocr_line' id='line_1_55' title="bbox 2273 2059 3300 2128; baseline 0 -15"><span class='ocrx_word' id='word_1_268' title='bbox 2273 2060 2489 2113; x_wconf 80' lang='lat' dir='ltr'><strong>Admitti</strong></span> <span class='ocrx_word' id='word_1_269' title='bbox 2515 2059 2670 2114; x_wconf 89' lang='lat' dir='ltr'><strong>faciet</strong></span> <span class='ocrx_word' id='word_1_270' title='bbox 2696 2059 2896 2114; x_wconf 83' lang='lat' dir='ltr'><strong>Probus</strong></span> <span class='ocrx_word' id='word_1_271' title='bbox 2922 2061 3210 2128; x_wconf 88' lang='lat' dir='ltr'><strong>probatum.</strong></span> <span class='ocrx_word' id='word_1_272' title='bbox 3291 2083 3300 2086; x_wconf 90' lang='lat'><strong><em>-</em></strong></span> 
     </span>
    </p>
   </div>
   <div class='ocr_carea' id='block_1_56' title="bbox 2271 2147 3165 2214">
    <p class='ocr_par' dir='ltr' id='par_1_56' title="bbox 2271 2147 3165 2214">
     <span class='ocr_line' id='line_1_56' title="bbox 2271 2147 3165 2214; baseline 0.001 -14"><span class='ocrx_word' id='word_1_273' title='bbox 2271 2147 2368 2200; x_wconf 92' lang='lat' dir='ltr'><strong>llic</strong></span> <span class='ocrx_word' id='word_1_274' title='bbox 2391 2161 2531 2214; x_wconf 75' lang='lat' dir='ltr'><strong>saepe</strong></span> <span class='ocrx_word' id='word_1_275' title='bbox 2562 2147 2776 2201; x_wconf 70' lang='lat' dir='ltr'><strong>Eulaliae</strong></span> <span class='ocrx_word' id='word_1_276' title='bbox 2803 2162 2931 2200; x_wconf 64' lang='lat' dir='ltr'><strong>mea:</strong></span> <span class='ocrx_word' id='word_1_277' title='bbox 2958 2148 3165 2214; x_wconf 82' lang='lat' dir='ltr'><strong>legeris,</strong></span> 
     </span>
    </p>
   </div>
   <div class='ocr_carea' id='block_1_57' title="bbox 2271 2233 3163 2301">
    <p class='ocr_par' dir='ltr' id='par_1_57' title="bbox 2271 2233 3163 2301">
     <span class='ocr_line' id='line_1_57' title="bbox 2271 2233 3163 2301; baseline 0.004 -16"><span class='ocrx_word' id='word_1_278' title='bbox 2271 2233 2430 2301; x_wconf 87' lang='lat' dir='ltr'><strong>Cujus</strong></span> <span class='ocrx_word' id='word_1_279' title='bbox 2457 2234 2722 2301; x_wconf 81' lang='lat' dir='ltr'><strong>Cecr0piae</strong></span> <span class='ocrx_word' id='word_1_280' title='bbox 2747 2249 2898 2301; x_wconf 89' lang='lat' dir='ltr'><strong>pares</strong></span> <span class='ocrx_word' id='word_1_281' title='bbox 2919 2236 3163 2290; x_wconf 79' lang='lat' dir='ltr'><strong>Minervae</strong></span> 
     </span>
    </p>
   </div>
   <div class='ocr_carea' id='block_1_58' title="bbox 2273 2321 3133 2390">
    <p class='ocr_par' dir='ltr' id='par_1_58' title="bbox 2273 2321 3133 2390">
     <span class='ocr_line' id='line_1_58' title="bbox 2273 2321 3133 2390; baseline 0.001 -15"><span class='ocrx_word' id='word_1_282' title='bbox 2273 2321 2462 2384; x_wconf 78' lang='lat' dir='ltr'><strong>Mores,</strong></span> <span class='ocrx_word' id='word_1_283' title='bbox 2493 2331 2546 2376; x_wconf 93' lang='lat' dir='ltr'><strong>et</strong></span> <span class='ocrx_word' id='word_1_284' title='bbox 2568 2323 2718 2389; x_wconf 87' lang='lat' dir='ltr'><strong>rigidi</strong></span> <span class='ocrx_word' id='word_1_285' title='bbox 2747 2336 2919 2388; x_wconf 88' lang='lat' dir='ltr'><strong>senes,</strong></span> <span class='ocrx_word' id='word_1_286' title='bbox 2945 2333 2998 2376; x_wconf 89' lang='lat' dir='ltr'><strong>et</strong></span> <span class='ocrx_word' id='word_1_287' title='bbox 3023 2327 3133 2390; x_wconf 88' lang='lat' dir='ltr'><strong>ipse</strong></span> 
     </span>
    </p>
   </div>
   <div class='ocr_carea' id='block_1_59' title="bbox 2272 2410 3340 2479">
    <p class='ocr_par' dir='ltr' id='par_1_59' title="bbox 2272 2410 3340 2479">
     <span class='ocr_line' id='line_1_59' title="bbox 2272 2410 3340 2479; baseline 0.002 -17"><span class='ocrx_word' id='word_1_288' title='bbox 2272 2410 2542 2475; x_wconf 91' lang='lat' dir='ltr'><strong>Quondam</strong></span> <span class='ocrx_word' id='word_1_289' title='bbox 2575 2426 2866 2479; x_wconf 88' lang='lat' dir='ltr'><strong>purpureus</strong></span> <span class='ocrx_word' id='word_1_290' title='bbox 2887 2426 3040 2466; x_wconf 88' lang='lat' dir='ltr'><strong>socer</strong></span> <span class='ocrx_word' id='word_1_291' title='bbox 3062 2412 3340 2466; x_wconf 87' lang='lat' dir='ltr'><strong>timebant.</strong></span> 
     </span>
    </p>
   </div>
   <div class='ocr_carea' id='block_1_60' title="bbox 2274 2498 3357 2568">
    <p class='ocr_par' dir='ltr' id='par_1_60' title="bbox 2274 2498 3357 2568">
     <span class='ocr_line' id='line_1_60' title="bbox 2274 2498 3357 2568; baseline 0.001 -16"><span class='ocrx_word' id='word_1_292' title='bbox 2274 2498 2374 2552; x_wconf 89' lang='lat' dir='ltr'><strong>Sed</strong></span> <span class='ocrx_word' id='word_1_293' title='bbox 2400 2500 2505 2567; x_wconf 89' lang='lat' dir='ltr'><strong>jam</strong></span> <span class='ocrx_word' id='word_1_294' title='bbox 2533 2499 2745 2564; x_wconf 82' lang='lat' dir='ltr'><strong>sufficit,</strong></span> <span class='ocrx_word' id='word_1_295' title='bbox 2773 2515 2894 2554; x_wconf 87' lang='lat' dir='ltr'><strong>ecce</strong></span> <span class='ocrx_word' id='word_1_296' title='bbox 2919 2501 3093 2568; x_wconf 88' lang='lat' dir='ltr'><strong>linque</strong></span> <span class='ocrx_word' id='word_1_297' title='bbox 3124 2509 3357 2567; x_wconf 86' lang='lat' dir='ltr'><strong>portum,</strong></span> 
     </span>
    </p>
   </div>
   <div class='ocr_carea' id='block_1_61' title="bbox 2274 2585 3355 2655">
    <p class='ocr_par' dir='ltr' id='par_1_61' title="bbox 2274 2585 3355 2655">
     <span class='ocr_line' id='line_1_61' title="bbox 2274 2585 3355 2655; baseline -0.001 -17"><span class='ocrx_word' id='word_1_298' title='bbox 2274 2585 2348 2640; x_wconf 79' lang='lat' dir='ltr'><strong>Ne</strong></span> <span class='ocrx_word' id='word_1_299' title='bbox 2376 2595 2425 2640; x_wconf 88' lang='lat' dir='ltr'><strong>te</strong></span> <span class='ocrx_word' id='word_1_300' title='bbox 2450 2587 2677 2654; x_wconf 88' lang='lat' dir='ltr'><strong>pondere</strong></span> <span class='ocrx_word' id='word_1_301' title='bbox 2699 2587 2813 2655; x_wconf 89' lang='lat' dir='ltr'><strong>plus</strong></span> <span class='ocrx_word' id='word_1_302' title='bbox 2840 2601 3068 2655; x_wconf 90' lang='lat' dir='ltr'><strong>premam</strong></span> <span class='ocrx_word' id='word_1_303' title='bbox 3097 2587 3355 2640; x_wconf 71' lang='lat' dir='ltr'><strong>saburrae.</strong></span> 
     </span>
    </p>
   </div>
   <div class='ocr_carea' id='block_1_62' title="bbox 2277 2672 3191 2727">
    <p class='ocr_par' dir='ltr' id='par_1_62' title="bbox 2277 2672 3191 2727">
     <span class='ocr_line' id='line_1_62' title="bbox 2277 2672 3191 2727; baseline -0.003 -1"><span class='ocrx_word' id='word_1_304' title='bbox 2277 2672 2365 2726; x_wconf 89' lang='lat' dir='ltr'><strong>llis</strong></span> <span class='ocrx_word' id='word_1_305' title='bbox 2386 2675 2435 2725; x_wconf 93' lang='lat' dir='ltr'><strong>in</strong></span> <span class='ocrx_word' id='word_1_306' title='bbox 2467 2674 2699 2727; x_wconf 87' lang='lat' dir='ltr'><strong>versibus</strong></span> <span class='ocrx_word' id='word_1_307' title='bbox 2727 2687 2970 2727; x_wconf 90' lang='lat' dir='ltr'><strong>ancoram</strong></span> <span class='ocrx_word' id='word_1_308' title='bbox 2999 2675 3191 2727; x_wconf 89' lang='lat' dir='ltr'><strong>levato.</strong></span> 
     </span>
    </p>
   </div>
   <div class='ocr_carea' id='block_1_63' title="bbox 2279 2861 3807 2944">
    <p class='ocr_par' dir='ltr' id='par_1_63' title="bbox 2279 2861 3807 2944">
     <span class='ocr_line' id='line_1_63' title="bbox 2279 2861 3807 2944; baseline 0.003 -4"><span class='ocrx_word' id='word_1_309' title='bbox 2279 2887 2411 2940; x_wconf 87' lang='lat' dir='ltr'><strong>haud</strong></span> <span class='ocrx_word' id='word_1_310' title='bbox 2458 2888 2606 2942; x_wconf 90' lang='lat' dir='ltr'><strong>valde</strong></span> <span class='ocrx_word' id='word_1_311' title='bbox 2658 2889 2868 2943; x_wconf 91' lang='lat' dir='ltr'><strong>arridet.</strong></span> <span class='ocrx_word' id='word_1_312' title='bbox 2918 2916 2984 2928; x_wconf 89' lang='lat'><strong>—</strong></span> <span class='ocrx_word' id='word_1_313' title='bbox 3033 2889 3258 2942; x_wconf 70' lang='lat' dir='ltr'><strong>BADNIUS</strong></span> <span class='ocrx_word' id='word_1_314' title='bbox 3306 2861 3586 2944; x_wconf 75' lang='lat' dir='ltr'><strong>Sirmond.</strong></span> <span class='ocrx_word' id='word_1_315' title='bbox 3628 2883 3807 2944; x_wconf 68' lang='lat' dir='ltr'><strong>ediumi</strong></span> 
     </span>
    </p>
   </div>
   <div class='ocr_carea' id='block_1_64' title="bbox 2275 2957 2957 3025">
    <p class='ocr_par' dir='ltr' id='par_1_64' title="bbox 2275 2957 2957 3025">
     <span class='ocr_line' id='line_1_64' title="bbox 2275 2957 2957 3025; baseline 0.003 -18"><span class='ocrx_word' id='word_1_316' title='bbox 2275 2957 2470 3022; x_wconf 69' lang='lat' dir='ltr'><strong>praefat.</strong></span> <span class='ocrx_word' id='word_1_317' title='bbox 2499 2959 2562 3008; x_wconf 85' lang='lat' dir='ltr'><strong>ad</strong></span> <span class='ocrx_word' id='word_1_318' title='bbox 2592 2957 2789 3025; x_wconf 18' lang='lat' dir='ltr'><strong>tom7._l,</strong></span> <span class='ocrx_word' id='word_1_319' title='bbox 2816 2957 2842 3025; x_wconf 59' lang='grc' dir='ltr'>ᾗ</span> <span class='ocrx_word' id='word_1_320' title='bbox 2874 2957 2957 3011; x_wconf 81' lang='lat' dir='ltr'><strong>ll.</strong></span> 
     </span>
    </p>
   </div>
   <div class='ocr_carea' id='block_1_65' title="bbox 2341 3023 3314 3091">
    <p class='ocr_par' dir='ltr' id='par_1_65' title="bbox 2341 3023 3314 3091">
     <span class='ocr_line' id='line_1_65' title="bbox 2341 3023 3314 3091; baseline -0.002 -15"><span class='ocrx_word' id='word_1_321' title='bbox 2341 3027 2356 3054; x_wconf 80' lang='grc'><strong><em>⁸</em></strong></span> <span class='ocrx_word' id='word_1_322' title='bbox 2395 3025 2504 3078; x_wconf 85' lang='lat' dir='ltr'><strong>Vid.</strong></span> <span class='ocrx_word' id='word_1_323' title='bbox 2539 3025 2572 3078; x_wconf 94' lang='lat' dir='ltr'><strong>l.</strong></span> <span class='ocrx_word' id='word_1_324' title='bbox 2603 3039 2647 3079; x_wconf 93' lang='lat' dir='ltr'><strong>c.</strong></span> <span class='ocrx_word' id='word_1_325' title='bbox 2683 3023 2965 3088; x_wconf 57' lang='lat' dir='ltr'><strong>nemo“,</strong></span> <span class='ocrx_word' id='word_1_326' title='bbox 2999 3037 3113 3091; x_wconf 84' lang='lat' dir='ltr'><strong>pag.</strong></span> <span class='ocrx_word' id='word_1_327' title='bbox 3138 3023 3260 3076; x_wconf 65' lang='lat' dir='ltr'><strong>96L</strong></span> <span class='ocrx_word' id='word_1_328' title='bbox 3312 3057 3314 3059; x_wconf 65' lang='grc'><strong>›</strong></span> 
     </span>
    </p>
   </div>
   <div class='ocr_carea' id='block_1_66' title="bbox 1692 3302 2727 3381">
    <p class='ocr_par' dir='ltr' id='par_1_66' title="bbox 1692 3302 2727 3381">
     <span class='ocr_line' id='line_1_66' title="bbox 1692 3302 2727 3381; baseline -0.007 0"><span class='ocrx_word' id='word_1_329' title='bbox 1692 3306 2006 3381; x_wconf 84' lang='lat' dir='ltr'><strong>CORON</strong></span> <span class='ocrx_word' id='word_1_330' title='bbox 2017 3306 2047 3377; x_wconf 95' lang='grc' dir='ltr'>Ι</span> <span class='ocrx_word' id='word_1_331' title='bbox 2055 3304 2104 3380; x_wconf 79' lang='lat' dir='ltr'><strong>S.</strong></span> <span class='ocrx_word' id='word_1_332' title='bbox 2178 3302 2727 3375; x_wconf 78' lang='lat' dir='ltr'><strong>SIDONIANA.</strong></span> 
     </span>
    </p>
   </div>
   <div class='ocr_carea' id='block_1_67' title="bbox 659 3434 3774 3518">
    <p class='ocr_par' dir='ltr' id='par_1_67' title="bbox 659 3434 3774 3518">
     <span class='ocr_line' id='line_1_67' title="bbox 659 3434 3774 3518; baseline -0.006 -12"><span class='ocrx_word' id='word_1_333' title='bbox 659 3447 742 3506; x_wconf 76' lang='lat' dir='ltr'><strong>De</strong></span> <span class='ocrx_word' id='word_1_334' title='bbox 765 3439 1304 3518; x_wconf 77' lang='lat' dir='ltr'><strong>I-ociprterogativa</strong></span> <span class='ocrx_word' id='word_1_335' title='bbox 1333 3459 1350 3496; x_wconf 91' lang='lat'><strong><em>:</em></strong></span> <span class='ocrx_word' id='word_1_336' title='bbox 1380 3441 1581 3514; x_wconf 76' lang='lat' dir='ltr'><strong>quisve</strong></span> <span class='ocrx_word' id='word_1_337' title='bbox 1608 3437 1870 3518; x_wconf 82' lang='lat' dir='ltr'><strong>inte_rior</strong></span> <span class='ocrx_word' id='word_1_338' title='bbox 1899 3435 2166 3518; x_wconf 73' lang='lat' dir='ltr'><strong>dicatur,</strong></span> <span class='ocrx_word' id='word_1_339' title='bbox 2193 3438 2326 3511; x_wconf 84' lang='lat' dir='ltr'><strong>quis</strong></span> <span class='ocrx_word' id='word_1_340' title='bbox 2356 3436 2655 3518; x_wconf 68' lang='lat' dir='ltr'><strong>exterior;</strong></span> <span class='ocrx_word' id='word_1_341' title='bbox 2689 3434 2836 3510; x_wconf 81' lang='lat' dir='ltr'><strong>quid</strong></span> <span class='ocrx_word' id='word_1_342' title='bbox 2859 3443 3049 3512; x_wconf 78' lang='lat' dir='ltr'><strong>tegere</strong></span> <span class='ocrx_word' id='word_1_343' title='bbox 3071 3437 3253 3518; x_wconf 79' lang='lat' dir='ltr'><strong>latus,</strong></span> <span class='ocrx_word' id='word_1_344' title='bbox 3285 3447 3395 3495; x_wconf 84' lang='lat' dir='ltr'><strong>aut</strong></span> <span class='ocrx_word' id='word_1_345' title='bbox 3429 3447 3595 3516; x_wconf 70' lang='grc' dir='ltr'><strong>μέσον</strong></span> <span class='ocrx_word' id='word_1_346' title='bbox 3619 3441 3774 3515; x_wconf 61' lang='grc' dir='ltr'><strong>ἔχητε</strong></span> 
     </span>
    </p>
   </div>
   <div class='ocr_carea' id='block_1_68' title="bbox 1707 3509 3233 3585">
    <p class='ocr_par' dir='ltr' id='par_1_68' title="bbox 1707 3509 3233 3585">
     <span class='ocr_line' id='line_1_68' title="bbox 1707 3509 3233 3585; baseline -0.003 -15"><span class='ocrx_word' id='word_1_347' title='bbox 1707 3511 1996 3570; x_wconf 75' lang='lat' dir='ltr'><strong>dextrane</strong></span> <span class='ocrx_word' id='word_1_348' title='bbox 2021 3509 2252 3585; x_wconf 67' lang='lat' dir='ltr'><strong>potior,</strong></span> <span class='ocrx_word' id='word_1_349' title='bbox 2287 3527 2365 3567; x_wconf 89' lang='lat' dir='ltr'><strong>an</strong></span> <span class='ocrx_word' id='word_1_350' title='bbox 2393 3509 2669 3568; x_wconf 81' lang='lat' dir='ltr'><strong>sinistra.</strong></span> <span class='ocrx_word' id='word_1_351' title='bbox 2701 3509 2711 3510; x_wconf 49' lang='grc'><strong>“</strong></span> <span class='ocrx_word' id='word_1_352' title='bbox 2918 3509 2933 3512; x_wconf 69' lang='grc'><em>’</em></span> <span class='ocrx_word' id='word_1_353' title='bbox 3229 3514 3233 3518; x_wconf 82' lang='grc'><em>’</em></span> 
     </span>
    </p>
   </div>
   <div class='ocr_carea' id='block_1_69' title="bbox 721 3749 3805 3820">
    <p class='ocr_par' dir='ltr' id='par_1_69' title="bbox 721 3749 3805 3820">
     <span class='ocr_line' id='line_1_69' title="bbox 721 3749 3805 3820; baseline -0.002 -7"><span class='ocrx_word' id='word_1_354' title='bbox 721 3758 901 3814; x_wconf 90' lang='lat' dir='ltr'><strong>Studio</strong></span> <span class='ocrx_word' id='word_1_355' title='bbox 949 3758 1047 3808; x_wconf 87' lang='lat' dir='ltr'><strong>huc</strong></span> <span class='ocrx_word' id='word_1_356' title='bbox 1099 3754 1270 3807; x_wconf 87' lang='lat' dir='ltr'><strong>distuli</strong></span> <span class='ocrx_word' id='word_1_357' title='bbox 1319 3753 1468 3805; x_wconf 90' lang='lat' dir='ltr'><strong>binos</strong></span> <span class='ocrx_word' id='word_1_358' title='bbox 1499 3767 1697 3816; x_wconf 85' lang='lat' dir='ltr'><strong>versus,</strong></span> <span class='ocrx_word' id='word_1_359' title='bbox 1747 3752 1932 3820; x_wconf 87' lang='lat' dir='ltr'><strong>quibus</strong></span> <span class='ocrx_word' id='word_1_360' title='bbox 1960 3753 2165 3820; x_wconf 84' lang='lat' dir='ltr'><strong>avitum</strong></span> <span class='ocrx_word' id='word_1_361' title='bbox 2193 3753 2239 3815; x_wconf 72' lang='grc' dir='ltr'>ο</span> <span class='ocrx_word' id='word_1_362' title='bbox 2271 3763 2408 3820; x_wconf 90' lang='lat' dir='ltr'><strong>nunc</strong></span> <span class='ocrx_word' id='word_1_363' title='bbox 2451 3750 2753 3820; x_wconf 82' lang='lat' dir='ltr'><strong>sinistrum,</strong></span> <span class='ocrx_word' id='word_1_364' title='bbox 2804 3749 3090 3820; x_wconf 85' lang='lat' dir='ltr'><strong>eodemque</strong></span> <span class='ocrx_word' id='word_1_365' title='bbox 3143 3749 3688 3820; x_wconf 73' lang='lat' dir='ltr'><strong>modo_exterioreiu.</strong></span> <span class='ocrx_word' id='word_1_366' title='bbox 3735 3752 3805 3808; x_wconf 33' lang='lat' dir='ltr'><strong>lui</strong></span> 
     </span>
    </p>
   </div>
   <div class='ocr_carea' id='block_1_70' title="bbox 651 3819 2170 3899">
    <p class='ocr_par' dir='ltr' id='par_1_70' title="bbox 651 3819 2170 3899">
     <span class='ocr_line' id='line_1_70' title="bbox 651 3819 2170 3899; baseline -0.006 -18"><span class='ocrx_word' id='word_1_367' title='bbox 651 3827 892 3899; x_wconf 82' lang='lat' dir='ltr'><strong>Sidonius</strong></span> <span class='ocrx_word' id='word_1_368' title='bbox 921 3825 970 3877; x_wconf 90' lang='lat' dir='ltr'><strong>iu</strong></span> <span class='ocrx_word' id='word_1_369' title='bbox 999 3821 1488 3899; x_wconf 46' lang='lat' dir='ltr'><strong>Gothica-legatione</strong></span> <span class='ocrx_word' id='word_1_370' title='bbox 1517 3820 1742 3899; x_wconf 67' lang='lat' dir='ltr'><strong>medium</strong></span> <span class='ocrx_word' id='word_1_371' title='bbox 1771 3821 1904 3899; x_wconf 68' lang='lat' dir='ltr'><strong>inter</strong></span> <span class='ocrx_word' id='word_1_372' title='bbox 1931 3819 2170 3899; x_wconf 76' lang='lat' dir='ltr'><strong>Theode-</strong></span> 
     </span>
    </p>
   </div>
   <div class='ocr_carea' id='block_1_71' title="bbox 651 3888 2167 3959">
    <p class='ocr_par' dir='ltr' id='par_1_71' title="bbox 651 3888 2167 3959">
     <span class='ocr_line' id='line_1_71' title="bbox 651 3888 2167 3959; baseline -0.006 -9"><span class='ocrx_word' id='word_1_373' title='bbox 651 3897 811 3951; x_wconf 78' lang='lat' dir='ltr'><strong>ricum</strong></span> <span class='ocrx_word' id='word_1_374' title='bbox 837 3907 1007 3959; x_wconf 89' lang='lat' dir='ltr'><strong>regem</strong></span> <span class='ocrx_word' id='word_1_375' title='bbox 1038 3902 1086 3945; x_wconf 87' lang='lat' dir='ltr'><strong>et</strong></span> <span class='ocrx_word' id='word_1_376' title='bbox 1119 3888 1433 3943; x_wconf 83' lang='lat' dir='ltr'><strong>Fridericurn</strong></span> <span class='ocrx_word' id='word_1_377' title='bbox 1464 3889 1600 3952; x_wconf 80' lang='lat' dir='ltr'><strong>regis</strong></span> <span class='ocrx_word' id='word_1_378' title='bbox 1628 3888 1837 3941; x_wconf 80' lang='lat' dir='ltr'><strong>fratrem</strong></span> <span class='ocrx_word' id='word_1_379' title='bbox 1890 3890 2167 3942; x_wconf 87' lang='lat' dir='ltr'><strong>incessisse</strong></span> 
     </span>
    </p>
   </div>
   <div class='ocr_carea' id='block_1_72' title="bbox 653 3965 798 4022">
    <p class='ocr_par' dir='ltr' id='par_1_72' title="bbox 653 3965 798 4022">
     <span class='ocr_line' id='line_1_72' title="bbox 653 3965 798 4022; baseline -0.014 -6"><span class='ocrx_word' id='word_1_380' title='bbox 653 3965 798 4022; x_wconf 83' lang='lat' dir='ltr'><strong>dixit.</strong></span> 
     </span>
    </p>
   </div>
   <div class='ocr_carea' id='block_1_73' title="bbox 771 4045 1916 4116">
    <p class='ocr_par' dir='ltr' id='par_1_73' title="bbox 771 4045 1916 4116">
     <span class='ocr_line' id='line_1_73' title="bbox 771 4045 1916 4116; baseline -0.005 -19"><span class='ocrx_word' id='word_1_381' title='bbox 771 4051 883 4116; x_wconf 62' lang='lat' dir='ltr'><strong>fast</strong></span> <span class='ocrx_word' id='word_1_382' title='bbox 901 4051 1009 4116; x_wconf 75' lang='lat' dir='ltr'><strong>hinc</strong></span> <span class='ocrx_word' id='word_1_383' title='bbox 1027 4057 1250 4116; x_wconf 72' lang='lat' dir='ltr'><strong>germano</strong></span> <span class='ocrx_word' id='word_1_384' title='bbox 1267 4046 1426 4116; x_wconf 42' lang='lat' dir='ltr'><strong>regis,</strong></span> <span class='ocrx_word' id='word_1_385' title='bbox 1442 4045 1549 4116; x_wconf 86' lang='lat' dir='ltr'><strong>hinc</strong></span> <span class='ocrx_word' id='word_1_386' title='bbox 1571 4055 1688 4116; x_wconf 63' lang='lat' dir='ltr'><strong>rege</strong></span> <span class='ocrx_word' id='word_1_387' title='bbox 1704 4050 1916 4116; x_wconf 45' lang='lat' dir='ltr'><strong>retento.</strong></span> 
     </span>
    </p>
   </div>
   <div class='ocr_carea' id='block_1_74' title="bbox 768 4103 1931 4165">
    <p class='ocr_par' dir='ltr' id='par_1_74' title="bbox 768 4103 1931 4165">
     <span class='ocr_line' id='line_1_74' title="bbox 768 4103 1931 4165; baseline -0.005 -8"><span class='ocrx_word' id='word_1_388' title='bbox 768 4103 1272 4165; x_wconf 73' lang='lat' dir='ltr'><strong>Palladiamimplicitls</strong></span> <span class='ocrx_word' id='word_1_389' title='bbox 1290 4103 1502 4152; x_wconf 85' lang='lat' dir='ltr'><strong>manibus</strong></span> <span class='ocrx_word' id='word_1_390' title='bbox 1523 4105 1682 4151; x_wconf 86' lang='lat' dir='ltr'><strong>subire</strong></span> <span class='ocrx_word' id='word_1_391' title='bbox 1704 4103 1931 4152; x_wconf 83' lang='lat' dir='ltr'><strong>Tolosam.</strong></span> 
     </span>
    </p>
   </div>
   <div class='ocr_carea' id='block_1_75' title="bbox 568 4220 2168 4295">
    <p class='ocr_par' dir='ltr' id='par_1_75' title="bbox 568 4220 2168 4295">
     <span class='ocr_line' id='line_1_75' title="bbox 568 4220 2168 4295; baseline -0.006 -13"><span class='ocrx_word' id='word_1_392' title='bbox 568 4267 572 4273; x_wconf 91' lang='grc'><strong>-</strong></span> <span class='ocrx_word' id='word_1_393' title='bbox 655 4232 761 4282; x_wconf 82' lang='lat' dir='ltr'><strong>Non</strong></span> <span class='ocrx_word' id='word_1_394' title='bbox 813 4228 947 4295; x_wconf 65' lang='lat' dir='ltr'><strong>quod</strong></span> <span class='ocrx_word' id='word_1_395' title='bbox 985 4226 1166 4295; x_wconf 81' lang='lat' dir='ltr'><strong>multis</strong></span> <span class='ocrx_word' id='word_1_396' title='bbox 1194 4221 1649 4295; x_wconf 71' lang='lat' dir='ltr'><strong>demonstrandum</strong></span> <span class='ocrx_word' id='word_1_397' title='bbox 1681 4220 1749 4272; x_wconf 89' lang='lat' dir='ltr'><strong>sit</strong></span> <span class='ocrx_word' id='word_1_398' title='bbox 1776 4221 1987 4295; x_wconf 84' lang='lat' dir='ltr'><strong>honoris</strong></span> <span class='ocrx_word' id='word_1_399' title='bbox 2016 4235 2168 4272; x_wconf 89' lang='lat' dir='ltr'><strong>causa</strong></span> 
     </span>
    </p>
   </div>
   <div class='ocr_carea' id='block_1_76' title="bbox 655 4289 2171 4354">
    <p class='ocr_par' dir='ltr' id='par_1_76' title="bbox 655 4289 2171 4354">
     <span class='ocr_line' id='line_1_76' title="bbox 655 4289 2171 4354; baseline -0.006 -5"><span class='ocrx_word' id='word_1_400' title='bbox 655 4299 703 4349; x_wconf 86' lang='lat' dir='ltr'><strong>id</strong></span> <span class='ocrx_word' id='word_1_401' title='bbox 735 4289 920 4348; x_wconf 78' lang='lat' dir='ltr'><strong>factum</strong></span> <span class='ocrx_word' id='word_1_402' title='bbox 976 4293 1131 4344; x_wconf 81' lang='lat' dir='ltr'><strong>fuisse</strong></span> <span class='ocrx_word' id='word_1_403' title='bbox 1152 4331 1164 4348; x_wconf 82' lang='lat'><strong><em>.</em></strong></span> <span class='ocrx_word' id='word_1_404' title='bbox 1209 4303 1325 4341; x_wconf 91' lang='lat' dir='ltr'><strong>cum</strong></span> <span class='ocrx_word' id='word_1_405' title='bbox 1367 4289 1590 4354; x_wconf 83' lang='lat' dir='ltr'><strong>ambigat</strong></span> <span class='ocrx_word' id='word_1_406' title='bbox 1613 4301 1784 4347; x_wconf 87' lang='lat' dir='ltr'><strong>nemo,</strong></span> <span class='ocrx_word' id='word_1_407' title='bbox 1817 4289 1901 4339; x_wconf 88' lang='lat' dir='ltr'><strong>ubi</strong></span> <span class='ocrx_word' id='word_1_408' title='bbox 1938 4299 2041 4340; x_wconf 92' lang='lat' dir='ltr'><strong>tres</strong></span> <span class='ocrx_word' id='word_1_409' title='bbox 2073 4303 2171 4340; x_wconf 90' lang='lat' dir='ltr'><strong>una</strong></span> 
     </span>
    </p>
   </div>
   <div class='ocr_carea' id='block_1_77' title="bbox 654 4355 2172 4425">
    <p class='ocr_par' dir='ltr' id='par_1_77' title="bbox 654 4355 2172 4425">
     <span class='ocr_line' id='line_1_77' title="bbox 654 4355 2172 4425; baseline -0.007 -8"><span class='ocrx_word' id='word_1_410' title='bbox 654 4367 780 4425; x_wconf 89' lang='lat' dir='ltr'><strong>sint,</strong></span> <span class='ocrx_word' id='word_1_411' title='bbox 829 4355 1484 4425; x_wconf 72' lang='lat' dir='ltr'><strong>htmoratissimunt__locum</strong></span> <span class='ocrx_word' id='word_1_412' title='bbox 1535 4355 1760 4425; x_wconf 82' lang='lat' dir='ltr'><strong>medium</strong></span> <span class='ocrx_word' id='word_1_413' title='bbox 1804 4367 1950 4416; x_wconf 79' lang='lat' dir='ltr'><strong>esse;</strong></span> <span class='ocrx_word' id='word_1_414' title='bbox 1999 4355 2172 4425; x_wconf 79' lang='lat' dir='ltr'><strong>sedut</strong></span> 
     </span>
    </p>
   </div>
   <div class='ocr_carea' id='block_1_78' title="bbox 657 4420 2174 4490">
    <p class='ocr_par' dir='ltr' id='par_1_78' title="bbox 657 4420 2174 4490">
     <span class='ocr_line' id='line_1_78' title="bbox 657 4420 2174 4490; baseline -0.006 -7"><span class='ocrx_word' id='word_1_415' title='bbox 657 4420 888 4484; x_wconf 80' lang='lat' dir='ltr'><strong>extremo</strong></span> <span class='ocrx_word' id='word_1_416' title='bbox 919 4427 1032 4478; x_wconf 90' lang='lat' dir='ltr'><strong>libri</strong></span> <span class='ocrx_word' id='word_1_417' title='bbox 1062 4424 1225 4490; x_wconf 83' lang='lat' dir='ltr'><strong>spatio</strong></span> <span class='ocrx_word' id='word_1_418' title='bbox 1282 4422 1488 4473; x_wconf 80' lang='lat' dir='ltr'><strong>liberius</strong></span> <span class='ocrx_word' id='word_1_419' title='bbox 1530 4420 1754 4490; x_wconf 81' lang='lat' dir='ltr'><strong>evagari,</strong></span> <span class='ocrx_word' id='word_1_420' title='bbox 1783 4429 1838 4490; x_wconf 87' lang='lat' dir='ltr'><strong>et</strong></span> <span class='ocrx_word' id='word_1_421' title='bbox 1866 4436 1979 4486; x_wconf 69' lang='lat' dir='ltr'><strong>quae</strong></span> <span class='ocrx_word' id='word_1_422' title='bbox 2005 4423 2070 4474; x_wconf 93' lang='lat' dir='ltr'><strong>de</strong></span> <span class='ocrx_word' id='word_1_423' title='bbox 2094 4423 2174 4474; x_wconf 89' lang='lat' dir='ltr'><strong>in-</strong></span> 
     </span>
    </p>
   </div>
   <div class='ocr_carea' id='block_1_79' title="bbox 655 4487 2169 4556">
    <p class='ocr_par' dir='ltr' id='par_1_79' title="bbox 655 4487 2169 4556">
     <span class='ocr_line' id='line_1_79' title="bbox 655 4487 2169 4556; baseline -0.005 -7"><span class='ocrx_word' id='word_1_424' title='bbox 655 4497 858 4549; x_wconf 87' lang='lat' dir='ltr'><strong>terioris</strong></span> <span class='ocrx_word' id='word_1_425' title='bbox 882 4487 1252 4556; x_wconf 71' lang='lat' dir='ltr'><strong>euertorisque</strong></span> <span class='ocrx_word' id='word_1_426' title='bbox 1280 4489 1377 4540; x_wconf 91' lang='lat' dir='ltr'><strong>loci</strong></span> <span class='ocrx_word' id='word_1_427' title='bbox 1405 4490 1632 4547; x_wconf 89' lang='lat' dir='ltr'><strong>notione.</strong></span> <span class='ocrx_word' id='word_1_428' title='bbox 1673 4487 1739 4540; x_wconf 90' lang='lat' dir='ltr'><strong>de</strong></span> <span class='ocrx_word' id='word_1_429' title='bbox 1785 4489 1958 4540; x_wconf 87' lang='lat' dir='ltr'><strong>lateris</strong></span> <span class='ocrx_word' id='word_1_430' title='bbox 2000 4499 2169 4553; x_wconf 88' lang='lat' dir='ltr'><strong>prote-</strong></span> 
     </span>
    </p>
   </div>
   <div class='ocr_carea' id='block_1_80' title="bbox 653 4555 2167 4623">
    <p class='ocr_par' dir='ltr' id='par_1_80' title="bbox 653 4555 2167 4623">
     <span class='ocr_line' id='line_1_80' title="bbox 653 4555 2167 4623; baseline -0.005 -7"><span class='ocrx_word' id='word_1_431' title='bbox 653 4567 846 4623; x_wconf 88' lang='lat' dir='ltr'><strong>ctione,</strong></span> <span class='ocrx_word' id='word_1_432' title='bbox 891 4564 1084 4612; x_wconf 64' lang='lat' dir='ltr'><strong>tlextrte</strong></span> <span class='ocrx_word' id='word_1_433' title='bbox 1135 4555 1194 4610; x_wconf 88' lang='lat' dir='ltr'><strong>ac</strong></span> <span class='ocrx_word' id='word_1_434' title='bbox 1245 4558 1467 4608; x_wconf 69' lang='lat' dir='ltr'><strong>sinistra:</strong></span> <span class='ocrx_word' id='word_1_435' title='bbox 1515 4558 1564 4607; x_wconf 90' lang='lat' dir='ltr'><strong>in</strong></span> <span class='ocrx_word' id='word_1_436' title='bbox 1597 4555 1805 4608; x_wconf 88' lang='lat' dir='ltr'><strong>honoris</strong></span> <span class='ocrx_word' id='word_1_437' title='bbox 1835 4557 2167 4623; x_wconf 69' lang='lat' dir='ltr'><strong>praerogativa</strong></span> 
     </span>
    </p>
   </div>
   <div class='ocr_carea' id='block_1_81' title="bbox 654 4624 2169 4690">
    <p class='ocr_par' dir='ltr' id='par_1_81' title="bbox 654 4624 2169 4690">
     <span class='ocr_line' id='line_1_81' title="bbox 654 4624 2169 4690; baseline -0.006 -7"><span class='ocrx_word' id='word_1_438' title='bbox 654 4630 971 4688; x_wconf 79' lang='lat' dir='ltr'><strong>discrimine,</strong></span> <span class='ocrx_word' id='word_1_439' title='bbox 1005 4625 1335 4679; x_wconf 81' lang='lat' dir='ltr'><strong>comntentati</strong></span> <span class='ocrx_word' id='word_1_440' title='bbox 1363 4625 1485 4675; x_wconf 74' lang='lat' dir='ltr'><strong>olim</strong></span> <span class='ocrx_word' id='word_1_441' title='bbox 1509 4639 1702 4684; x_wconf 89' lang='lat' dir='ltr'><strong>sumus,</strong></span> <span class='ocrx_word' id='word_1_442' title='bbox 1735 4639 1792 4675; x_wconf 87' lang='lat' dir='ltr'><strong>ac</strong></span> <span class='ocrx_word' id='word_1_443' title='bbox 1823 4624 1974 4690; x_wconf 86' lang='lat' dir='ltr'><strong>paulo</strong></span> <span class='ocrx_word' id='word_1_444' title='bbox 2010 4625 2169 4676; x_wconf 83' lang='lat' dir='ltr'><strong>fusius</strong></span> 
     </span>
    </p>
   </div>
   <div class='ocr_carea' id='block_1_82' title="bbox 654 4691 2169 4763">
    <p class='ocr_par' dir='ltr' id='par_1_82' title="bbox 654 4691 2169 4763">
     <span class='ocr_line' id='line_1_82' title="bbox 654 4691 2169 4763; baseline -0.003 -13"><span class='ocrx_word' id='word_1_445' title='bbox 654 4711 935 4763; x_wconf 73' lang='lat' dir='ltr'><strong>exponere,</strong></span> <span class='ocrx_word' id='word_1_446' title='bbox 976 4708 1035 4744; x_wconf 89' lang='lat' dir='ltr'><strong>ac</strong></span> <span class='ocrx_word' id='word_1_447' title='bbox 1055 4695 1214 4763; x_wconf 83' lang='lat' dir='ltr'><strong>_notis</strong></span> <span class='ocrx_word' id='word_1_448' title='bbox 1254 4693 1391 4742; x_wconf 90' lang='lat' dir='ltr'><strong>hisce</strong></span> <span class='ocrx_word' id='word_1_449' title='bbox 1427 4691 1804 4763; x_wconf 29' lang='lat' dir='ltr'><strong>velAeoronidis</strong></span> <span class='ocrx_word' id='word_1_450' title='bbox 1842 4692 2021 4743; x_wconf 80' lang='lat' dir='ltr'><strong>saltem</strong></span> <span class='ocrx_word' id='word_1_451' title='bbox 2056 4693 2169 4746; x_wconf 89' lang='lat' dir='ltr'><strong>loco</strong></span> 
     </span>
    </p>
   </div>
   <div class='ocr_carea' id='block_1_83' title="bbox 654 4758 2163 4822">
    <p class='ocr_par' dir='ltr' id='par_1_83' title="bbox 654 4758 2163 4822">
     <span class='ocr_line' id='line_1_83' title="bbox 654 4758 2163 4822; baseline -0.001 -6"><span class='ocrx_word' id='word_1_452' title='bbox 654 4758 1025 4816; x_wconf 66' lang='lat' dir='ltr'><strong>atldcreliceat.</strong></span> <span class='ocrx_word' id='word_1_453' title='bbox 1055 4760 1328 4822; x_wconf 74' lang='lat' dir='ltr'><strong>Parcrgum</strong></span> <span class='ocrx_word' id='word_1_454' title='bbox 1361 4758 1496 4808; x_wconf 92' lang='lat' dir='ltr'><strong>enim</strong></span> <span class='ocrx_word' id='word_1_455' title='bbox 1524 4758 1570 4808; x_wconf 90' lang='lat' dir='ltr'><strong>id</strong></span> <span class='ocrx_word' id='word_1_456' title='bbox 1592 4758 1827 4822; x_wconf 86' lang='lat' dir='ltr'><strong>fortasse,</strong></span> <span class='ocrx_word' id='word_1_457' title='bbox 1859 4775 1954 4810; x_wconf 87' lang='lat' dir='ltr'><strong>nec</strong></span> <span class='ocrx_word' id='word_1_458' title='bbox 1973 4764 2163 4814; x_wconf 86' lang='lat' dir='ltr'><strong>abnuo.</strong></span> 
     </span>
    </p>
   </div>
   <div class='ocr_carea' id='block_1_84' title="bbox 654 4825 2165 4895">
    <p class='ocr_par' dir='ltr' id='par_1_84' title="bbox 654 4825 2165 4895">
     <span class='ocr_line' id='line_1_84' title="bbox 654 4825 2165 4895; baseline -0.003 -13"><span class='ocrx_word' id='word_1_459' title='bbox 654 4834 751 4886; x_wconf 83' lang='lat' dir='ltr'><strong>Sed</strong></span> <span class='ocrx_word' id='word_1_460' title='bbox 784 4844 952 4895; x_wconf 73' lang='lat' dir='ltr'><strong>oper-.13</strong></span> <span class='ocrx_word' id='word_1_461' title='bbox 983 4843 1104 4895; x_wconf 72' lang='lat' dir='ltr'><strong>non</strong></span> <span class='ocrx_word' id='word_1_462' title='bbox 1127 4825 1478 4895; x_wconf 27' lang='lat' dir='ltr'><strong>pmnitebit‘si</strong></span> <span class='ocrx_word' id='word_1_463' title='bbox 1505 4827 1603 4895; x_wconf 80' lang='lat' dir='ltr'><strong>_\&#39;cl</strong></span> <span class='ocrx_word' id='word_1_464' title='bbox 1650 4835 1795 4877; x_wconf 79' lang='lat' dir='ltr'><strong>extra</strong></span> <span class='ocrx_word' id='word_1_465' title='bbox 1835 4827 2017 4895; x_wconf 82' lang='lat' dir='ltr'><strong>lineam</strong></span> <span class='ocrx_word' id='word_1_466' title='bbox 2047 4829 2165 4890; x_wconf 87' lang='lat' dir='ltr'><strong>quid</strong></span> 
     </span>
    </p>
   </div>
   <div class='ocr_carea' id='block_1_85' title="bbox 654 4891 2167 4961">
    <p class='ocr_par' dir='ltr' id='par_1_85' title="bbox 654 4891 2167 4961">
     <span class='ocr_line' id='line_1_85' title="bbox 654 4891 2167 4961; baseline -0.003 -13"><span class='ocrx_word' id='word_1_467' title='bbox 654 4891 850 4959; x_wconf 81' lang='lat' dir='ltr'><strong>dixero,</strong></span> <span class='ocrx_word' id='word_1_468' title='bbox 872 4895 1004 4961; x_wconf 90' lang='lat' dir='ltr'><strong>quod</strong></span> <span class='ocrx_word' id='word_1_469' title='bbox 1027 4893 1294 4961; x_wconf 74' lang='lat' dir='ltr'><strong>philologis</strong></span> <span class='ocrx_word' id='word_1_470' title='bbox 1315 4891 1808 4961; x_wconf 74' lang='lat' dir='ltr'><strong>probari,boni_sque</strong></span> <span class='ocrx_word' id='word_1_471' title='bbox 1833 4894 2167 4958; x_wconf 85' lang='lat' dir='ltr'><strong>scriptoribus</strong></span> 
     </span>
    </p>
   </div>
   <div class='ocr_carea' id='block_1_86' title="bbox 658 4958 2166 5030">
    <p class='ocr_par' dir='ltr' id='par_1_86' title="bbox 658 4958 2166 5030">
     <span class='ocr_line' id='line_1_86' title="bbox 658 4958 2166 5030; baseline -0.003 -15"><span class='ocrx_word' id='word_1_472' title='bbox 658 4970 818 5019; x_wconf 89' lang='lat' dir='ltr'><strong>lucem</strong></span> <span class='ocrx_word' id='word_1_473' title='bbox 842 4958 845 4959; x_wconf 17' lang='grc' dir='ltr'><em>ν</em></span> <span class='ocrx_word' id='word_1_474' title='bbox 865 4958 1085 5030; x_wconf 85' lang='lat' dir='ltr'><strong>aliquam</strong></span> <span class='ocrx_word' id='word_1_475' title='bbox 1117 4959 1519 5030; x_wconf 28' lang='lat' dir='ltr'><strong>afferrenpossitr</strong></span> <span class='ocrx_word' id='word_1_476' title='bbox 1544 4958 1647 5008; x_wconf 70' lang='lat' dir='ltr'><strong>Non</strong></span> <span class='ocrx_word' id='word_1_477' title='bbox 1678 4959 1830 5023; x_wconf 75' lang='lat' dir='ltr'><strong>igitur</strong></span> <span class='ocrx_word' id='word_1_478' title='bbox 1860 4975 1921 5011; x_wconf 80' lang='lat' dir='ltr'><strong>ex</strong></span> <span class='ocrx_word' id='word_1_479' title='bbox 1948 4975 2009 5011; x_wconf 92' lang='lat' dir='ltr'><strong>eo</strong></span> <span class='ocrx_word' id='word_1_480' title='bbox 2031 4961 2166 5025; x_wconf 88' lang='lat' dir='ltr'><strong>quod</strong></span> 
     </span>
    </p>
   </div>
   <div class='ocr_carea' id='block_1_87' title="bbox 656 5023 2165 5096">
    <p class='ocr_par' dir='ltr' id='par_1_87' title="bbox 656 5023 2165 5096">
     <span class='ocr_line' id='line_1_87' title="bbox 656 5023 2165 5096; baseline -0.003 -13"><span class='ocrx_word' id='word_1_481' title='bbox 656 5035 791 5084; x_wconf 85' lang='lat' dir='ltr'><strong>verhi</strong></span> <span class='ocrx_word' id='word_1_482' title='bbox 818 5023 974 5096; x_wconf 71' lang='lat' dir='ltr'><strong>gratia</strong></span> <span class='ocrx_word' id='word_1_483' title='bbox 1003 5036 1049 5081; x_wconf 90' lang='lat' dir='ltr'><strong>in</strong></span> <span class='ocrx_word' id='word_1_484' title='bbox 1083 5030 1276 5080; x_wconf 87' lang='lat' dir='ltr'><strong>ludicro</strong></span> <span class='ocrx_word' id='word_1_485' title='bbox 1295 5023 1634 5096; x_wconf 50' lang='lat' dir='ltr'><strong>Circensi,_tte</strong></span> <span class='ocrx_word' id='word_1_486' title='bbox 1665 5030 1726 5076; x_wconf 86' lang='lat' dir='ltr'><strong>ab</strong></span> <span class='ocrx_word' id='word_1_487' title='bbox 1747 5036 1957 5096; x_wconf 83' lang='lat' dir='ltr'><strong>auctore</strong></span> <span class='ocrx_word' id='word_1_488' title='bbox 1986 5023 2165 5079; x_wconf 82' lang='lat' dir='ltr'><strong>nostro</strong></span> 
     </span>
    </p>
   </div>
   <div class='ocr_carea' id='block_1_88' title="bbox 653 5093 2163 5160">
    <p class='ocr_par' dir='ltr' id='par_1_88' title="bbox 653 5093 2163 5160">
     <span class='ocr_line' id='line_1_88' title="bbox 653 5093 2163 5160; baseline -0.005 -8"><span class='ocrx_word' id='word_1_489' title='bbox 653 5093 998 5160; x_wconf 72' lang='lat' dir='ltr'><strong>discedamus,</strong></span> <span class='ocrx_word' id='word_1_490' title='bbox 1026 5099 1254 5148; x_wconf 82' lang='lat' dir='ltr'><strong>carmine</strong></span> <span class='ocrx_word' id='word_1_491' title='bbox 1287 5093 1353 5144; x_wconf 74' lang='grc'><strong>25</strong></span> <span class='ocrx_word' id='word_1_492' title='bbox 1383 5094 1699 5142; x_wconf 74' lang='lat' dir='ltr'><strong>dexteriorem</strong></span> <span class='ocrx_word' id='word_1_493' title='bbox 1737 5094 2030 5144; x_wconf 82' lang='lat' dir='ltr'><strong>concitatum</strong></span> <span class='ocrx_word' id='word_1_494' title='bbox 2072 5109 2163 5158; x_wconf 86' lang='lat' dir='ltr'><strong>ap-</strong></span> 
     </span>
    </p>
   </div>
   <div class='ocr_carea' id='block_1_89' title="bbox 657 5160 2162 5233">
    <p class='ocr_par' dir='ltr' id='par_1_89' title="bbox 657 5160 2162 5233">
     <span class='ocr_line' id='line_1_89' title="bbox 657 5160 2162 5233; baseline -0.005 -15"><span class='ocrx_word' id='word_1_495' title='bbox 657 5168 865 5233; x_wconf 84' lang='lat' dir='ltr'><strong>pellavit</strong></span> <span class='ocrx_word' id='word_1_496' title='bbox 902 5167 1232 5224; x_wconf 80' lang='lat' dir='ltr'><strong>exteriorem,</strong></span> <span class='ocrx_word' id='word_1_497' title='bbox 1285 5171 1335 5212; x_wconf 92' lang='lat' dir='ltr'><strong>et</strong></span> <span class='ocrx_word' id='word_1_498' title='bbox 1371 5175 1567 5210; x_wconf 85' lang='lat' dir='ltr'><strong>currum</strong></span> <span class='ocrx_word' id='word_1_499' title='bbox 1604 5160 1732 5208; x_wconf 80' lang='lat' dir='ltr'><strong>intus</strong></span> <span class='ocrx_word' id='word_1_500' title='bbox 1773 5168 1953 5233; x_wconf 72' lang='lat' dir='ltr'><strong>actum,</strong></span> <span class='ocrx_word' id='word_1_501' title='bbox 1999 5161 2085 5233; x_wconf 79' lang='lat' dir='ltr'><strong>qui</strong></span> <span class='ocrx_word' id='word_1_502' title='bbox 2111 5165 2162 5213; x_wconf 89' lang='lat' dir='ltr'><strong>in</strong></span> 
     </span>
    </p>
   </div>
   <div class='ocr_carea' id='block_1_90' title="bbox 656 5229 2161 5298">
    <p class='ocr_par' dir='ltr' id='par_1_90' title="bbox 656 5229 2161 5298">
     <span class='ocr_line' id='line_1_90' title="bbox 656 5229 2161 5298; baseline -0.003 -13"><span class='ocrx_word' id='word_1_503' title='bbox 656 5229 910 5285; x_wconf 80' lang='lat' dir='ltr'><strong>sinistram</strong></span> <span class='ocrx_word' id='word_1_504' title='bbox 937 5244 1129 5298; x_wconf 87' lang='lat' dir='ltr'><strong>partem</strong></span> <span class='ocrx_word' id='word_1_505' title='bbox 1160 5241 1302 5298; x_wconf 86' lang='lat' dir='ltr'><strong>actus</strong></span> <span class='ocrx_word' id='word_1_506' title='bbox 1321 5236 1458 5280; x_wconf 84' lang='lat' dir='ltr'><strong>esset</strong></span> <span class='ocrx_word' id='word_1_507' title='bbox 1481 5241 1493 5287; x_wconf 94' lang='lat'><strong>;</strong></span> <span class='ocrx_word' id='word_1_508' title='bbox 1515 5235 1786 5298; x_wconf 81' lang='lat' dir='ltr'><strong>propterea</strong></span> <span class='ocrx_word' id='word_1_509' title='bbox 1816 5241 1880 5278; x_wconf 80' lang='lat' dir='ltr'><strong>ex</strong></span> <span class='ocrx_word' id='word_1_510' title='bbox 1907 5229 2161 5298; x_wconf 76' lang='lat' dir='ltr'><strong>similibus</strong></span> 
     </span>
    </p>
   </div>
   <div class='ocr_carea' id='block_1_91' title="bbox 658 5293 2161 5367">
    <p class='ocr_par' dir='ltr' id='par_1_91' title="bbox 658 5293 2161 5367">
     <span class='ocr_line' id='line_1_91' title="bbox 658 5293 2161 5367; baseline -0.001 -18"><span class='ocrx_word' id='word_1_511' title='bbox 658 5303 778 5352; x_wconf 88' lang='lat' dir='ltr'><strong>locis</strong></span> <span class='ocrx_word' id='word_1_512' title='bbox 805 5293 974 5365; x_wconf 71' lang='lat' dir='ltr'><strong>colligi</strong></span> <span class='ocrx_word' id='word_1_513' title='bbox 1003 5300 1173 5367; x_wconf 88' lang='lat' dir='ltr'><strong>statim</strong></span> <span class='ocrx_word' id='word_1_514' title='bbox 1192 5297 1363 5367; x_wconf 80' lang='lat' dir='ltr'><strong>debet,</strong></span> <span class='ocrx_word' id='word_1_515' title='bbox 1383 5294 1526 5367; x_wconf 82' lang='lat' dir='ltr'><strong>quod</strong></span> <span class='ocrx_word' id='word_1_516' title='bbox 1549 5295 1693 5367; x_wconf 73' lang='lat' dir='ltr'><strong>viros</strong></span> <span class='ocrx_word' id='word_1_517' title='bbox 1713 5293 1890 5367; x_wconf 80' lang='lat' dir='ltr'><strong>doctos</strong></span> <span class='ocrx_word' id='word_1_518' title='bbox 1915 5293 2161 5348; x_wconf 85' lang='lat' dir='ltr'><strong>fefellisse</strong></span> 
     </span>
    </p>
   </div>
   <div class='ocr_carea' id='block_1_92' title="bbox 661 5360 2162 5428">
    <p class='ocr_par' dir='ltr' id='par_1_92' title="bbox 661 5360 2162 5428">
     <span class='ocr_line' id='line_1_92' title="bbox 661 5360 2162 5428; baseline -0.001 -13"><span class='ocrx_word' id='word_1_519' title='bbox 661 5370 840 5417; x_wconf 84' lang='lat' dir='ltr'><strong>mirum</strong></span> <span class='ocrx_word' id='word_1_520' title='bbox 870 5360 968 5428; x_wconf 69' lang='lat' dir='ltr'><strong>esi,</strong></span> <span class='ocrx_word' id='word_1_521' title='bbox 1001 5366 1295 5418; x_wconf 89' lang='lat' dir='ltr'><strong>interiorem</strong></span> <span class='ocrx_word' id='word_1_522' title='bbox 1313 5364 1495 5424; x_wconf 86' lang='lat' dir='ltr'><strong>ubique</strong></span> <span class='ocrx_word' id='word_1_523' title='bbox 1518 5360 1885 5412; x_wconf 77' lang='lat' dir='ltr'><strong>siniSteriorem</strong></span> <span class='ocrx_word' id='word_1_524' title='bbox 1916 5376 2051 5423; x_wconf 91' lang='lat' dir='ltr'><strong>esse,</strong></span> <span class='ocrx_word' id='word_1_525' title='bbox 2075 5370 2162 5413; x_wconf 91' lang='lat' dir='ltr'><strong>aut</strong></span> 
     </span>
    </p>
   </div>
   <div class='ocr_carea' id='block_1_93' title="bbox 656 5429 2161 5492">
    <p class='ocr_par' dir='ltr' id='par_1_93' title="bbox 656 5429 2161 5492">
     <span class='ocr_line' id='line_1_93' title="bbox 656 5429 2161 5492; baseline 0.003 -14"><span class='ocrx_word' id='word_1_526' title='bbox 656 5434 993 5486; x_wconf 73' lang='lat' dir='ltr'><strong>dexteriorem</strong></span> <span class='ocrx_word' id='word_1_527' title='bbox 1048 5441 1253 5492; x_wconf 73' lang='lat' dir='ltr'><strong>Semper</strong></span> <span class='ocrx_word' id='word_1_528' title='bbox 1298 5429 1602 5480; x_wconf 76' lang='lat' dir='ltr'><strong>exteriorem</strong></span> <span class='ocrx_word' id='word_1_529' title='bbox 1636 5445 1649 5479; x_wconf 88' lang='lat'><strong>:</strong></span> <span class='ocrx_word' id='word_1_530' title='bbox 1688 5442 1802 5478; x_wconf 88' lang='lat' dir='ltr'><strong>cum</strong></span> <span class='ocrx_word' id='word_1_531' title='bbox 1846 5438 2043 5480; x_wconf 90' lang='lat' dir='ltr'><strong>certum</strong></span> <span class='ocrx_word' id='word_1_532' title='bbox 2093 5431 2161 5482; x_wconf 88' lang='lat' dir='ltr'><strong>sit</strong></span> 
     </span>
    </p>
   </div>
   <div class='ocr_carea' id='block_1_94' title="bbox 659 5495 2133 5566">
    <p class='ocr_par' dir='ltr' id='par_1_94' title="bbox 659 5495 2133 5566">
     <span class='ocr_line' id='line_1_94' title="bbox 659 5495 2133 5566; baseline 0.001 -20"><span class='ocrx_word' id='word_1_533' title='bbox 659 5499 972 5564; x_wconf 83' lang='lat' dir='ltr'><strong>interiorem,</strong></span> <span class='ocrx_word' id='word_1_534' title='bbox 1024 5507 1172 5566; x_wconf 87' lang='lat' dir='ltr'><strong>prout</strong></span> <span class='ocrx_word' id='word_1_535' title='bbox 1224 5511 1304 5549; x_wconf 84' lang='lat' dir='ltr'><strong>res</strong></span> <span class='ocrx_word' id='word_1_536' title='bbox 1353 5496 1534 5557; x_wconf 75' lang='lat' dir='ltr'><strong>ferant,</strong></span> <span class='ocrx_word' id='word_1_537' title='bbox 1585 5509 1716 5548; x_wconf 68' lang='lat' dir='ltr'><strong>nutc</strong></span> <span class='ocrx_word' id='word_1_538' title='bbox 1750 5495 1987 5547; x_wconf 83' lang='lat' dir='ltr'><strong>dextrum</strong></span> <span class='ocrx_word' id='word_1_539' title='bbox 2018 5509 2133 5548; x_wconf 88' lang='lat' dir='ltr'><strong>esse</strong></span> 
     </span>
    </p>
   </div>
   <div class='ocr_carea' id='block_1_95' title="bbox 2273 3814 3805 3890">
    <p class='ocr_par' dir='ltr' id='par_1_95' title="bbox 2273 3814 3805 3890">
     <span class='ocr_line' id='line_1_95' title="bbox 2273 3814 3805 3890; baseline 0 -20"><span class='ocrx_word' id='word_1_540' title='bbox 2273 3819 2413 3872; x_wconf 89' lang='lat' dir='ltr'><strong>circo</strong></span> <span class='ocrx_word' id='word_1_541' title='bbox 2441 3832 2562 3890; x_wconf 81' lang='lat' dir='ltr'><strong>sane</strong></span> <span class='ocrx_word' id='word_1_542' title='bbox 2584 3818 2800 3890; x_wconf 80' lang='lat' dir='ltr'><strong>interior</strong></span> <span class='ocrx_word' id='word_1_543' title='bbox 2827 3819 2983 3870; x_wconf 62' lang='lat' dir='ltr'><strong>laevus</strong></span> <span class='ocrx_word' id='word_1_544' title='bbox 3007 3814 3153 3890; x_wconf 74' lang='lat' dir='ltr'><strong>erat,</strong></span> <span class='ocrx_word' id='word_1_545' title='bbox 3199 3819 3290 3870; x_wconf 87' lang='lat' dir='ltr'><strong>sed</strong></span> <span class='ocrx_word' id='word_1_546' title='bbox 3323 3814 3451 3890; x_wconf 74' lang='lat' dir='ltr'><strong>ideo</strong></span> <span class='ocrx_word' id='word_1_547' title='bbox 3498 3823 3776 3890; x_wconf 28' lang='lat' dir='ltr'><strong>quia‘meu</strong></span> <span class='ocrx_word' id='word_1_548' title='bbox 3804 3823 3805 3890; x_wconf 51' lang='grc' dir='ltr'>ξ</span> 
     </span>
    </p>
   </div>
   <div class='ocr_carea' id='block_1_96' title="bbox 2271 3885 3805 3952">
    <p class='ocr_par' dir='ltr' id='par_1_96' title="bbox 2271 3885 3805 3952">
     <span class='ocr_line' id='line_1_96' title="bbox 2271 3885 3805 3952; baseline 0 -14"><span class='ocrx_word' id='word_1_549' title='bbox 2271 3886 2597 3938; x_wconf 87' lang='lat' dir='ltr'><strong>currentibus</strong></span> <span class='ocrx_word' id='word_1_550' title='bbox 2623 3885 2686 3935; x_wconf 88' lang='lat' dir='ltr'><strong>ad</strong></span> <span class='ocrx_word' id='word_1_551' title='bbox 2732 3886 2932 3947; x_wconf 64' lang='lat' dir='ltr'><strong>laevam,</strong></span> <span class='ocrx_word' id='word_1_552' title='bbox 2963 3895 3014 3938; x_wconf 90' lang='lat' dir='ltr'><strong>et</strong></span> <span class='ocrx_word' id='word_1_553' title='bbox 3045 3887 3095 3938; x_wconf 94' lang='lat' dir='ltr'><strong>in</strong></span> <span class='ocrx_word' id='word_1_554' title='bbox 3138 3888 3320 3940; x_wconf 75' lang='lat' dir='ltr'><strong>lrevam</strong></span> <span class='ocrx_word' id='word_1_555' title='bbox 3363 3887 3432 3940; x_wconf 90' lang='lat' dir='ltr'><strong>ad</strong></span> <span class='ocrx_word' id='word_1_556' title='bbox 3484 3885 3579 3941; x_wconf 73' lang='lat' dir='ltr'><strong>eas</strong></span> <span class='ocrx_word' id='word_1_557' title='bbox 3616 3885 3805 3952; x_wconf 58' lang='lat' dir='ltr'><strong>ﬂexu}</strong></span> 
     </span>
    </p>
   </div>
   <div class='ocr_carea' id='block_1_97' title="bbox 2274 3951 3805 4017">
    <p class='ocr_par' dir='ltr' id='par_1_97' title="bbox 2274 3951 3805 4017">
     <span class='ocr_line' id='line_1_97' title="bbox 2274 3951 3805 4017; baseline -0.001 -12"><span class='ocrx_word' id='word_1_558' title='bbox 2274 3955 2374 4005; x_wconf 84' lang='lat' dir='ltr'><strong>Fac</strong></span> <span class='ocrx_word' id='word_1_559' title='bbox 2400 3962 2576 4005; x_wconf 92' lang='lat' dir='ltr'><strong>contra</strong></span> <span class='ocrx_word' id='word_1_560' title='bbox 2624 3953 2672 4003; x_wconf 91' lang='lat' dir='ltr'><strong>in</strong></span> <span class='ocrx_word' id='word_1_561' title='bbox 2700 3951 2934 4004; x_wconf 77' lang='lat' dir='ltr'><strong>dextram</strong></span> <span class='ocrx_word' id='word_1_562' title='bbox 2964 3953 3131 4017; x_wconf 91' lang='lat' dir='ltr'><strong>ﬂecti,</strong></span> <span class='ocrx_word' id='word_1_563' title='bbox 3172 3954 3348 4005; x_wconf 79' lang='lat' dir='ltr'><strong>omnia</strong></span> <span class='ocrx_word' id='word_1_564' title='bbox 3399 3963 3566 4009; x_wconf 86' lang='lat' dir='ltr'><strong>erunt</strong></span> <span class='ocrx_word' id='word_1_565' title='bbox 3599 3965 3774 4009; x_wconf 80' lang='lat' dir='ltr'><strong>contra-</strong></span> <span class='ocrx_word' id='word_1_566' title='bbox 3804 3963 3805 4008; x_wconf 56' lang='grc' dir='ltr'>ι</span> 
     </span>
    </p>
   </div>
   <div class='ocr_carea' id='block_1_98' title="bbox 2271 4019 3774 4086">
    <p class='ocr_par' dir='ltr' id='par_1_98' title="bbox 2271 4019 3774 4086">
     <span class='ocr_line' id='line_1_98' title="bbox 2271 4019 3774 4086; baseline -0.002 -13"><span class='ocrx_word' id='word_1_567' title='bbox 2271 4021 2348 4073; x_wconf 87' lang='lat' dir='ltr'><strong>ria</strong></span> <span class='ocrx_word' id='word_1_568' title='bbox 2375 4036 2389 4072; x_wconf 89' lang='lat'>:</span> <span class='ocrx_word' id='word_1_569' title='bbox 2413 4021 2518 4086; x_wconf 85' lang='lat' dir='ltr'><strong>jam</strong></span> <span class='ocrx_word' id='word_1_570' title='bbox 2549 4019 2764 4072; x_wconf 90' lang='lat' dir='ltr'><strong>interior</strong></span> <span class='ocrx_word' id='word_1_571' title='bbox 2790 4019 2968 4072; x_wconf 79' lang='lat' dir='ltr'><strong>dexter</strong></span> <span class='ocrx_word' id='word_1_572' title='bbox 2988 4019 3105 4083; x_wconf 90' lang='lat' dir='ltr'><strong>erit,</strong></span> <span class='ocrx_word' id='word_1_573' title='bbox 3128 4028 3181 4073; x_wconf 89' lang='lat' dir='ltr'><strong>et</strong></span> <span class='ocrx_word' id='word_1_574' title='bbox 3207 4022 3428 4075; x_wconf 87' lang='lat' dir='ltr'><strong>sinister</strong></span> <span class='ocrx_word' id='word_1_575' title='bbox 3455 4023 3711 4076; x_wconf 85' lang='lat' dir='ltr'><strong>exterior:</strong></span> <span class='ocrx_word' id='word_1_576' title='bbox 3733 4031 3774 4071; x_wconf 90' lang='lat' dir='ltr'><strong>ut</strong></span> 
     </span>
    </p>
   </div>
   <div class='ocr_carea' id='block_1_99' title="bbox 2273 4088 3774 4157">
    <p class='ocr_par' dir='ltr' id='par_1_99' title="bbox 2273 4088 3774 4157">
     <span class='ocr_line' id='line_1_99' title="bbox 2273 4088 3774 4157; baseline 0.001 -18"><span class='ocrx_word' id='word_1_577' title='bbox 2273 4089 2322 4157; x_wconf 92' lang='lat' dir='ltr'><strong>i_n</strong></span> <span class='ocrx_word' id='word_1_578' title='bbox 2342 4088 2432 4157; x_wconf 66' lang='lat' dir='ltr'><strong>illa</strong></span> <span class='ocrx_word' id='word_1_579' title='bbox 2455 4089 2705 4157; x_wconf 76' lang='lat' dir='ltr'><strong>quadriga</strong></span> <span class='ocrx_word' id='word_1_580' title='bbox 2740 4089 2975 4140; x_wconf 85' lang='lat' dir='ltr'><strong>evenisse</strong></span> <span class='ocrx_word' id='word_1_581' title='bbox 3009 4102 3222 4142; x_wconf 85' lang='lat' dir='ltr'><strong>necesse</strong></span> <span class='ocrx_word' id='word_1_582' title='bbox 3250 4099 3352 4157; x_wconf 78' lang='lat' dir='ltr'><strong>est,</strong></span> <span class='ocrx_word' id='word_1_583' title='bbox 3419 4105 3582 4157; x_wconf 85' lang='lat' dir='ltr'><strong>quam</strong></span> <span class='ocrx_word' id='word_1_584' title='bbox 3631 4102 3774 4142; x_wconf 82' lang='lat' dir='ltr'><strong>narrat</strong></span> 
     </span>
    </p>
   </div>
   <div class='ocr_carea' id='block_1_100' title="bbox 2271 4149 3772 4223">
    <p class='ocr_par' dir='ltr' id='par_1_100' title="bbox 2271 4149 3772 4223">
     <span class='ocr_line' id='line_1_100' title="bbox 2271 4149 3772 4223; baseline 0.005 -19"><span class='ocrx_word' id='word_1_585' title='bbox 2271 4149 2484 4223; x_wconf 69' lang='lat' dir='ltr'><strong>Solinus</strong></span> <span class='ocrx_word' id='word_1_586' title='bbox 2501 4168 2617 4223; x_wconf 86' lang='lat' dir='ltr'><strong>cap.</strong></span> <span class='ocrx_word' id='word_1_587' title='bbox 2643 4149 2734 4213; x_wconf 65' lang='lat'><strong>16,</strong></span> <span class='ocrx_word' id='word_1_588' title='bbox 2776 4169 2993 4208; x_wconf 87' lang='lat' dir='ltr'><strong>excusso</strong></span> <span class='ocrx_word' id='word_1_589' title='bbox 3017 4157 3209 4223; x_wconf 79' lang='lat' dir='ltr'><strong>auriga.</strong></span> <span class='ocrx_word' id='word_1_590' title='bbox 3253 4149 3454 4223; x_wconf 66' lang='lat' dir='ltr'><strong>relicto&#39;</strong></span> <span class='ocrx_word' id='word_1_591' title='bbox 3501 4157 3772 4212; x_wconf 77' lang='lat' dir='ltr'><strong>certamine.</strong></span> 
     </span>
    </p>
   </div>
   <div class='ocr_carea' id='block_1_101' title="bbox 2272 4219 3772 4290">
    <p class='ocr_par' dir='ltr' id='par_1_101' title="bbox 2272 4219 3772 4290">
     <span class='ocr_line' id='line_1_101' title="bbox 2272 4219 3772 4290; baseline 0.001 -18"><span class='ocrx_word' id='word_1_592' title='bbox 2272 4222 2334 4290; x_wconf 83' lang='lat' dir='ltr'><strong>ad</strong></span> <span class='ocrx_word' id='word_1_593' title='bbox 2360 4219 2665 4290; x_wconf 80' lang='lat' dir='ltr'><strong>Capitolium</strong></span> <span class='ocrx_word' id='word_1_594' title='bbox 2697 4219 3320 4290; x_wconf 59' lang='lat' dir='ltr'><strong>prosiluissc,_lovt&#39;2mque</strong></span> <span class='ocrx_word' id='word_1_595' title='bbox 3343 4222 3628 4290; x_wconf 81' lang='lat' dir='ltr'><strong>Tarpeium</strong></span> <span class='ocrx_word' id='word_1_596' title='bbox 3655 4234 3772 4276; x_wconf 78' lang='lat' dir='ltr'><strong>teras</strong></span> 
     </span>
    </p>
   </div>
   <div class='ocr_carea' id='block_1_102' title="bbox 2272 4287 3772 4355">
    <p class='ocr_par' dir='ltr' id='par_1_102' title="bbox 2272 4287 3772 4355">
     <span class='ocr_line' id='line_1_102' title="bbox 2272 4287 3772 4355; baseline 0.001 -16"><span class='ocrx_word' id='word_1_597' title='bbox 2272 4288 2595 4340; x_wconf 84' lang='lat' dir='ltr'><strong>dextratione</strong></span> <span class='ocrx_word' id='word_1_598' title='bbox 2620 4287 2902 4348; x_wconf 74' lang='lat' dir='ltr'><strong>luStrasse&#39;,</strong></span> <span class='ocrx_word' id='word_1_599' title='bbox 2933 4297 2984 4340; x_wconf 90' lang='lat' dir='ltr'><strong>et</strong></span> <span class='ocrx_word' id='word_1_600' title='bbox 3012 4287 3065 4340; x_wconf 87' lang='lat' dir='ltr'><strong>in</strong></span> <span class='ocrx_word' id='word_1_601' title='bbox 3087 4287 3278 4341; x_wconf 80' lang='lat' dir='ltr'><strong>diurno</strong></span> <span class='ocrx_word' id='word_1_602' title='bbox 3302 4291 3427 4342; x_wconf 66' lang='lat' dir='ltr'><strong>celi</strong></span> <span class='ocrx_word' id='word_1_603' title='bbox 3460 4287 3772 4355; x_wconf 70' lang='lat' dir='ltr'><strong>siderumque</strong></span> 
     </span>
    </p>
   </div>
   <div class='ocr_carea' id='block_1_103' title="bbox 2273 4355 3772 4424">
    <p class='ocr_par' dir='ltr' id='par_1_103' title="bbox 2273 4355 3772 4424">
     <span class='ocr_line' id='line_1_103' title="bbox 2273 4355 3772 4424; baseline 0.003 -18"><span class='ocrx_word' id='word_1_604' title='bbox 2273 4367 2436 4419; x_wconf 87' lang='lat' dir='ltr'><strong>motu,</strong></span> <span class='ocrx_word' id='word_1_605' title='bbox 2476 4369 2588 4424; x_wconf 72' lang='lat' dir='ltr'><strong>qua:</strong></span> <span class='ocrx_word' id='word_1_606' title='bbox 2617 4364 2666 4406; x_wconf 90' lang='lat' dir='ltr'><strong>et</strong></span> <span class='ocrx_word' id='word_1_607' title='bbox 2696 4355 2805 4424; x_wconf 83' lang='lat' dir='ltr'><strong>ipsa</strong></span> <span class='ocrx_word' id='word_1_608' title='bbox 2830 4355 3014 4424; x_wconf 82' lang='lat' dir='ltr'><strong>dextro</strong></span> <span class='ocrx_word' id='word_1_609' title='bbox 3041 4369 3170 4424; x_wconf 83' lang='lat' dir='ltr'><strong>gyro</strong></span> <span class='ocrx_word' id='word_1_610' title='bbox 3204 4356 3408 4422; x_wconf 79' lang='lat' dir='ltr'><strong>polum.</strong></span> <span class='ocrx_word' id='word_1_611' title='bbox 3441 4357 3593 4424; x_wconf 74' lang='lat' dir='ltr'><strong>quasi</strong></span> <span class='ocrx_word' id='word_1_612' title='bbox 3620 4370 3772 4424; x_wconf 80' lang='lat' dir='ltr'><strong>perpe-</strong></span> 
     </span>
    </p>
   </div>
   <div class='ocr_carea' id='block_1_104' title="bbox 2272 4421 3770 4493">
    <p class='ocr_par' dir='ltr' id='par_1_104' title="bbox 2272 4421 3770 4493">
     <span class='ocr_line' id='line_1_104' title="bbox 2272 4421 3770 4493; baseline 0 -20"><span class='ocrx_word' id='word_1_613' title='bbox 2272 4422 2626 4493; x_wconf 26' lang='lat' dir='ltr'><strong>tuauqnadam</strong></span> <span class='ocrx_word' id='word_1_614' title='bbox 2683 4421 3480 4493; x_wconf 31' lang='lat' dir='ltr'><strong>dextratione,circumagunt;</strong></span> <span class='ocrx_word' id='word_1_615' title='bbox 3537 4421 3770 4493; x_wconf 71' lang='lat' dir='ltr'><strong>Cynosara</strong></span> 
     </span>
    </p>
   </div>
   <div class='ocr_carea' id='block_1_105' title="bbox 2274 4489 3768 4550">
    <p class='ocr_par' dir='ltr' id='par_1_105' title="bbox 2274 4489 3768 4550">
     <span class='ocr_line' id='line_1_105' title="bbox 2274 4489 3768 4550; baseline 0 -10"><span class='ocrx_word' id='word_1_616' title='bbox 2274 4489 2445 4542; x_wconf 90' lang='lat' dir='ltr'><strong>llelice</strong></span> <span class='ocrx_word' id='word_1_617' title='bbox 2475 4490 2691 4541; x_wconf 87' lang='lat' dir='ltr'><strong>interior</strong></span> <span class='ocrx_word' id='word_1_618' title='bbox 2719 4498 2815 4550; x_wconf 90' lang='lat' dir='ltr'><strong>est,</strong></span> <span class='ocrx_word' id='word_1_619' title='bbox 2845 4499 2896 4540; x_wconf 92' lang='lat' dir='ltr'><strong>et</strong></span> <span class='ocrx_word' id='word_1_620' title='bbox 2920 4496 3089 4542; x_wconf 89' lang='lat' dir='ltr'><strong>tamen</strong></span> <span class='ocrx_word' id='word_1_621' title='bbox 3118 4489 3405 4543; x_wconf 84' lang='lat' dir='ltr'><strong>dexterior.</strong></span> <span class='ocrx_word' id='word_1_622' title='bbox 3438 4491 3552 4545; x_wconf 77' lang='lat' dir='ltr'><strong>Nec</strong></span> <span class='ocrx_word' id='word_1_623' title='bbox 3576 4489 3712 4544; x_wconf 76' lang='lat' dir='ltr'><strong>aliter</strong></span> <span class='ocrx_word' id='word_1_624' title='bbox 3729 4495 3768 4540; x_wconf 81' lang='lat' dir='ltr'><strong>in</strong></span> 
     </span>
    </p>
   </div>
   <div class='ocr_carea' id='block_1_106' title="bbox 2271 4555 3768 4618">
    <p class='ocr_par' dir='ltr' id='par_1_106' title="bbox 2271 4555 3768 4618">
     <span class='ocr_line' id='line_1_106' title="bbox 2271 4555 3768 4618; baseline -0.001 -9"><span class='ocrx_word' id='word_1_625' title='bbox 2271 4555 2367 4609; x_wconf 89' lang='lat' dir='ltr'><strong>hoc</strong></span> <span class='ocrx_word' id='word_1_626' title='bbox 2389 4557 2452 4608; x_wconf 87' lang='lat' dir='ltr'><strong>de</strong></span> <span class='ocrx_word' id='word_1_627' title='bbox 2484 4557 2565 4607; x_wconf 83' lang='lat' dir='ltr'><strong>illa</strong></span> <span class='ocrx_word' id='word_1_628' title='bbox 2592 4570 2742 4607; x_wconf 89' lang='lat' dir='ltr'><strong>versu</strong></span> <span class='ocrx_word' id='word_1_629' title='bbox 2773 4570 2802 4607; x_wconf 92' lang='lat' dir='ltr'><strong>e</strong></span> <span class='ocrx_word' id='word_1_630' title='bbox 2827 4556 3091 4608; x_wconf 79' lang='lat' dir='ltr'><strong>Ciceronis</strong></span> <span class='ocrx_word' id='word_1_631' title='bbox 3117 4558 3299 4618; x_wconf 84' lang='lat' dir='ltr'><strong>Arato,</strong></span> <span class='ocrx_word' id='word_1_632' title='bbox 3337 4557 3478 4610; x_wconf 82' lang='lat' dir='ltr'><strong>Nam</strong></span> <span class='ocrx_word' id='word_1_633' title='bbox 3502 4573 3647 4610; x_wconf 71' lang='lat' dir='ltr'><strong>am</strong></span> <span class='ocrx_word' id='word_1_634' title='bbox 3669 4559 3768 4608; x_wconf 68' lang='lat' dir='ltr'><strong>im-</strong></span> 
     </span>
    </p>
   </div>
   <div class='ocr_carea' id='block_1_107' title="bbox 2269 4623 3768 4693">
    <p class='ocr_par' dir='ltr' id='par_1_107' title="bbox 2269 4623 3768 4693">
     <span class='ocr_line' id='line_1_107' title="bbox 2269 4623 3768 4693; baseline 0.003 -17"><span class='ocrx_word' id='word_1_635' title='bbox 2269 4625 2398 4676; x_wconf 82' lang='lat' dir='ltr'><strong>riore</strong></span> <span class='ocrx_word' id='word_1_636' title='bbox 2421 4624 2547 4674; x_wconf 81' lang='lat' dir='ltr'><strong>brevi</strong></span> <span class='ocrx_word' id='word_1_637' title='bbox 2573 4624 2869 4693; x_wconf 75' lang='lat' dir='ltr'><strong>convertitur</strong></span> <span class='ocrx_word' id='word_1_638' title='bbox 2890 4623 3020 4685; x_wconf 86' lang='lat' dir='ltr'><strong>orbe,</strong></span> <span class='ocrx_word' id='word_1_639' title='bbox 3049 4624 3352 4693; x_wconf 84' lang='lat' dir='ltr'><strong>interiorem</strong></span> <span class='ocrx_word' id='word_1_640' title='bbox 3382 4637 3768 4693; x_wconf 53' lang='lat' dir='ltr'><strong>cut-suntcap!!!</strong></span> 
     </span>
    </p>
   </div>
   <div class='ocr_carea' id='block_1_108' title="bbox 2269 4691 3803 4761">
    <p class='ocr_par' dir='ltr' id='par_1_108' title="bbox 2269 4691 3803 4761">
     <span class='ocr_line' id='line_1_108' title="bbox 2269 4691 3803 4761; baseline 0.003 -20"><span class='ocrx_word' id='word_1_641' title='bbox 2269 4693 2454 4761; x_wconf 72' lang='lat' dir='ltr'><strong>possis,</strong></span> <span class='ocrx_word' id='word_1_642' title='bbox 2488 4706 2637 4758; x_wconf 90' lang='lat' dir='ltr'><strong>quam</strong></span> <span class='ocrx_word' id='word_1_643' title='bbox 2667 4691 3032 4761; x_wconf 82' lang='lat' dir='ltr'><strong>dexteriorem.</strong></span> <span class='ocrx_word' id='word_1_644' title='bbox 3063 4692 3194 4753; x_wconf 85' lang='lat' dir='ltr'><strong>Quid</strong></span> <span class='ocrx_word' id='word_1_645' title='bbox 3226 4693 3400 4744; x_wconf 91' lang='lat' dir='ltr'><strong>multis</strong></span> <span class='ocrx_word' id='word_1_646' title='bbox 3421 4696 3446 4744; x_wconf 69' lang='grc' dir='ltr'><strong><em>Ἰ</em></strong></span> <span class='ocrx_word' id='word_1_647' title='bbox 3479 4707 3600 4746; x_wconf 87' lang='lat' dir='ltr'><strong>nam</strong></span> <span class='ocrx_word' id='word_1_648' title='bbox 3623 4691 3768 4761; x_wconf 60' lang='grc' dir='ltr'><strong>εὐαί·</strong></span> <span class='ocrx_word' id='word_1_649' title='bbox 3801 4743 3803 4752; x_wconf 36' lang='grc' dir='ltr'><strong><em>λ</em></strong></span> 
     </span>
    </p>
   </div>
   <div class='ocr_carea' id='block_1_109' title="bbox 2270 4760 3803 4824">
    <p class='ocr_par' dir='ltr' id='par_1_109' title="bbox 2270 4760 3803 4824">
     <span class='ocr_line' id='line_1_109' title="bbox 2270 4760 3803 4824; baseline -0.001 -13"><span class='ocrx_word' id='word_1_650' title='bbox 2270 4761 2351 4811; x_wconf 77' lang='lat' dir='ltr'><strong>die</strong></span> <span class='ocrx_word' id='word_1_651' title='bbox 2379 4760 2610 4812; x_wconf 74' lang='lat' dir='ltr'><strong>videmus</strong></span> <span class='ocrx_word' id='word_1_652' title='bbox 2630 4761 2677 4810; x_wconf 93' lang='lat' dir='ltr'><strong>in</strong></span> <span class='ocrx_word' id='word_1_653' title='bbox 2703 4760 2852 4824; x_wconf 84' lang='lat' dir='ltr'><strong>bigis,</strong></span> <span class='ocrx_word' id='word_1_654' title='bbox 2885 4773 2998 4811; x_wconf 90' lang='lat' dir='ltr'><strong>cum</strong></span> <span class='ocrx_word' id='word_1_655' title='bbox 3021 4761 3084 4810; x_wconf 90' lang='lat' dir='ltr'><strong>ad</strong></span> <span class='ocrx_word' id='word_1_656' title='bbox 3111 4761 3344 4812; x_wconf 85' lang='lat' dir='ltr'><strong>vicorum</strong></span> <span class='ocrx_word' id='word_1_657' title='bbox 3363 4761 3542 4823; x_wconf 81' lang='lat' dir='ltr'><strong>capita</strong></span> <span class='ocrx_word' id='word_1_658' title='bbox 3569 4760 3768 4814; x_wconf 56' lang='lat' dir='ltr'><strong>ﬁdunt.</strong></span> <span class='ocrx_word' id='word_1_659' title='bbox 3801 4801 3803 4824; x_wconf 23' lang='grc' dir='ltr'>ἐ</span> 
     </span>
    </p>
   </div>
   <div class='ocr_carea' id='block_1_110' title="bbox 2268 4827 3768 4888">
    <p class='ocr_par' dir='ltr' id='par_1_110' title="bbox 2268 4827 3768 4888">
     <span class='ocr_line' id='line_1_110' title="bbox 2268 4827 3768 4888; baseline 0.001 -11"><span class='ocrx_word' id='word_1_660' title='bbox 2268 4837 2356 4879; x_wconf 91' lang='lat' dir='ltr'><strong>aut</strong></span> <span class='ocrx_word' id='word_1_661' title='bbox 2383 4829 2430 4879; x_wconf 90' lang='lat' dir='ltr'><strong>in</strong></span> <span class='ocrx_word' id='word_1_662' title='bbox 2462 4827 2648 4888; x_wconf 90' lang='lat' dir='ltr'><strong>bubus,</strong></span> <span class='ocrx_word' id='word_1_663' title='bbox 2677 4842 2791 4877; x_wconf 92' lang='lat' dir='ltr'><strong>cum</strong></span> <span class='ocrx_word' id='word_1_664' title='bbox 2818 4834 2965 4876; x_wconf 86' lang='lat' dir='ltr'><strong>arant</strong></span> <span class='ocrx_word' id='word_1_665' title='bbox 2989 4834 3040 4877; x_wconf 89' lang='lat' dir='ltr'><strong>et</strong></span> <span class='ocrx_word' id='word_1_666' title='bbox 3066 4829 3296 4878; x_wconf 87' lang='lat' dir='ltr'><strong>alternos</strong></span> <span class='ocrx_word' id='word_1_667' title='bbox 3325 4829 3512 4880; x_wconf 82' lang='lat' dir='ltr'><strong>sulcus</strong></span> <span class='ocrx_word' id='word_1_668' title='bbox 3531 4828 3768 4888; x_wconf 55' lang='lat' dir='ltr'><strong>ducena:</strong></span> 
     </span>
    </p>
   </div>
   <div class='ocr_carea' id='block_1_111' title="bbox 2267 4893 3768 4957">
    <p class='ocr_par' dir='ltr' id='par_1_111' title="bbox 2267 4893 3768 4957">
     <span class='ocr_line' id='line_1_111' title="bbox 2267 4893 3768 4957; baseline 0.001 -13"><span class='ocrx_word' id='word_1_669' title='bbox 2267 4894 2467 4945; x_wconf 87' lang='lat' dir='ltr'><strong>duobus</strong></span> <span class='ocrx_word' id='word_1_670' title='bbox 2495 4897 2570 4944; x_wconf 92' lang='lat' dir='ltr'><strong>vel</strong></span> <span class='ocrx_word' id='word_1_671' title='bbox 2597 4894 2762 4945; x_wconf 90' lang='lat' dir='ltr'><strong>bnhns</strong></span> <span class='ocrx_word' id='word_1_672' title='bbox 2789 4894 2868 4944; x_wconf 87' lang='lat' dir='ltr'><strong>vel</strong></span> <span class='ocrx_word' id='word_1_673' title='bbox 2897 4895 3061 4957; x_wconf 84' lang='lat' dir='ltr'><strong>equis,</strong></span> <span class='ocrx_word' id='word_1_674' title='bbox 3095 4893 3395 4946; x_wconf 87' lang='lat' dir='ltr'><strong>interiorem</strong></span> <span class='ocrx_word' id='word_1_675' title='bbox 3431 4895 3488 4946; x_wconf 90' lang='lat' dir='ltr'><strong>in</strong></span> <span class='ocrx_word' id='word_1_676' title='bbox 3518 4893 3654 4946; x_wconf 80' lang='lat' dir='ltr'><strong>ﬂexu</strong></span> <span class='ocrx_word' id='word_1_677' title='bbox 3675 4903 3768 4957; x_wconf 70' lang='lat' dir='ltr'><strong>esse</strong></span> 
     </span>
    </p>
   </div>
   <div class='ocr_carea' id='block_1_112' title="bbox 2268 4956 3768 5028">
    <p class='ocr_par' dir='ltr' id='par_1_112' title="bbox 2268 4956 3768 5028">
     <span class='ocr_line' id='line_1_112' title="bbox 2268 4956 3768 5028; baseline 0 -16"><span class='ocrx_word' id='word_1_678' title='bbox 2268 4975 2401 5012; x_wconf 84' lang='lat' dir='ltr'><strong>nunc</strong></span> <span class='ocrx_word' id='word_1_679' title='bbox 2431 4963 2686 5024; x_wconf 83' lang='lat' dir='ltr'><strong>dextrum,</strong></span> <span class='ocrx_word' id='word_1_680' title='bbox 2715 4975 2850 5012; x_wconf 90' lang='lat' dir='ltr'><strong>nunc</strong></span> <span class='ocrx_word' id='word_1_681' title='bbox 2871 4956 3153 5011; x_wconf 71' lang='lat' dir='ltr'><strong>sinistrum.</strong></span> <span class='ocrx_word' id='word_1_682' title='bbox 3181 4959 3434 5027; x_wconf 83' lang='lat' dir='ltr'><strong>Quodque</strong></span> <span class='ocrx_word' id='word_1_683' title='bbox 3463 4962 3525 5028; x_wconf 65' lang='grc' dir='ltr'><strong>ἰιι</strong></span> <span class='ocrx_word' id='word_1_684' title='bbox 3545 4959 3626 5012; x_wconf 74' lang='lat' dir='ltr'><strong>his</strong></span> <span class='ocrx_word' id='word_1_685' title='bbox 3647 4956 3768 5028; x_wconf 51' lang='lat' dir='ltr'><strong>vide:</strong></span> 
     </span>
    </p>
   </div>
   <div class='ocr_carea' id='block_1_113' title="bbox 2269 5022 3768 5095">
    <p class='ocr_par' dir='ltr' id='par_1_113' title="bbox 2269 5022 3768 5095">
     <span class='ocr_line' id='line_1_113' title="bbox 2269 5022 3768 5095; baseline 0 -17"><span class='ocrx_word' id='word_1_686' title='bbox 2269 5043 2404 5089; x_wconf 90' lang='lat' dir='ltr'><strong>mus,</strong></span> <span class='ocrx_word' id='word_1_687' title='bbox 2433 5029 2563 5080; x_wconf 88' lang='lat' dir='ltr'><strong>idem</strong></span> <span class='ocrx_word' id='word_1_688' title='bbox 2591 5029 2638 5078; x_wconf 92' lang='lat' dir='ltr'><strong>in</strong></span> <span class='ocrx_word' id='word_1_689' title='bbox 2677 5022 2938 5078; x_wconf 81' lang='lat' dir='ltr'><strong>hominum</strong></span> <span class='ocrx_word' id='word_1_690' title='bbox 2994 5029 3196 5078; x_wconf 88' lang='lat' dir='ltr'><strong>incessu</strong></span> <span class='ocrx_word' id='word_1_691' title='bbox 3241 5022 3610 5095; x_wconf 52' lang='lat' dir='ltr'><strong>concessoque</strong></span> <span class='ocrx_word' id='word_1_692' title='bbox 3651 5022 3768 5078; x_wconf 61' lang='lat' dir='ltr'><strong>uti»</strong></span> 
     </span>
    </p>
   </div>
   <div class='ocr_carea' id='block_1_114' title="bbox 2265 5085 3766 5163">
    <p class='ocr_par' dir='ltr' id='par_1_114' title="bbox 2265 5085 3766 5163">
     <span class='ocr_line' id='line_1_114' title="bbox 2265 5085 3766 5163; baseline 0.001 -19"><span class='ocrx_word' id='word_1_693' title='bbox 2265 5085 2408 5146; x_wconf 86' lang='lat' dir='ltr'><strong>mare</strong></span> <span class='ocrx_word' id='word_1_694' title='bbox 2437 5105 2532 5146; x_wconf 81' lang='lat' dir='ltr'><strong>est.</strong></span> <span class='ocrx_word' id='word_1_695' title='bbox 2564 5096 2659 5163; x_wconf 87' lang='lat' dir='ltr'><strong>l_&#39;ar</strong></span> <span class='ocrx_word' id='word_1_696' title='bbox 2688 5097 2953 5163; x_wconf 36' lang='lat' dir='ltr'><strong>enituuest</strong></span> <span class='ocrx_word' id='word_1_697' title='bbox 3001 5109 3176 5163; x_wconf 85' lang='lat' dir='ltr'><strong>causa,</strong></span> <span class='ocrx_word' id='word_1_698' title='bbox 3231 5085 3570 5163; x_wconf 21' lang='lat' dir='ltr'><strong>cumgeader&#39;n</strong></span> <span class='ocrx_word' id='word_1_699' title='bbox 3591 5103 3766 5163; x_wconf 59' lang='lat' dir='ltr'><strong>quoq!</strong></span> 
     </span>
    </p>
   </div>
   <div class='ocr_carea' id='block_1_115' title="bbox 2267 5160 3764 5231">
    <p class='ocr_par' dir='ltr' id='par_1_115' title="bbox 2267 5160 3764 5231">
     <span class='ocr_line' id='line_1_115' title="bbox 2267 5160 3764 5231; baseline 0.003 -19"><span class='ocrx_word' id='word_1_700' title='bbox 2267 5163 2530 5231; x_wconf 80' lang='lat' dir='ltr'><strong>nominum</strong></span> <span class='ocrx_word' id='word_1_701' title='bbox 2553 5161 2620 5231; x_wconf 71' lang='lat' dir='ltr'><strong>sit</strong></span> <span class='ocrx_word' id='word_1_702' title='bbox 2641 5164 2789 5212; x_wconf 89' lang='lat' dir='ltr'><strong>ratio.</strong></span> <span class='ocrx_word' id='word_1_703' title='bbox 2836 5160 2900 5231; x_wconf 78' lang='lat' dir='ltr'><strong>Ut</strong></span> <span class='ocrx_word' id='word_1_704' title='bbox 2941 5160 3076 5231; x_wconf 86' lang='lat' dir='ltr'><strong>enim</strong></span> <span class='ocrx_word' id='word_1_705' title='bbox 3107 5162 3156 5213; x_wconf 90' lang='lat' dir='ltr'><strong>in</strong></span> <span class='ocrx_word' id='word_1_706' title='bbox 3182 5160 3764 5231; x_wconf 61' lang='lat' dir='ltr'><strong>circo_ﬂexuqne&#39;uet&amp;</strong></span> 
     </span>
    </p>
   </div>
   <div class='ocr_carea' id='block_1_116' title="bbox 2263 5229 3764 5294">
    <p class='ocr_par' dir='ltr' id='par_1_116' title="bbox 2263 5229 3764 5294">
     <span class='ocr_line' id='line_1_116' title="bbox 2263 5229 3764 5294; baseline 0.003 -16"><span class='ocrx_word' id='word_1_707' title='bbox 2263 5229 2306 5280; x_wconf 88' lang='lat' dir='ltr'><strong>is</strong></span> <span class='ocrx_word' id='word_1_708' title='bbox 2337 5229 2535 5294; x_wconf 69' lang='lat' dir='ltr'><strong>dicitur</strong></span> <span class='ocrx_word' id='word_1_709' title='bbox 2563 5229 2777 5280; x_wconf 88' lang='lat' dir='ltr'><strong>interior</strong></span> <span class='ocrx_word' id='word_1_710' title='bbox 2805 5229 2891 5294; x_wconf 92' lang='lat' dir='ltr'><strong>qui</strong></span> <span class='ocrx_word' id='word_1_711' title='bbox 2931 5229 3289 5281; x_wconf 86' lang='lat' dir='ltr'><strong>adversarium</strong></span> <span class='ocrx_word' id='word_1_712' title='bbox 3321 5229 3462 5281; x_wconf 85' lang='lat' dir='ltr'><strong>inter</strong></span> <span class='ocrx_word' id='word_1_713' title='bbox 3502 5229 3764 5290; x_wconf 67' lang='lat' dir='ltr'><strong>metam</strong></span> 
     </span>
    </p>
   </div>
   <div class='ocr_carea' id='block_1_117' title="bbox 2263 5289 3762 5364">
    <p class='ocr_par' dir='ltr' id='par_1_117' title="bbox 2263 5289 3762 5364">
     <span class='ocr_line' id='line_1_117' title="bbox 2263 5289 3762 5364; baseline 0.001 -15"><span class='ocrx_word' id='word_1_714' title='bbox 2263 5296 2495 5364; x_wconf 80' lang='lat' dir='ltr'><strong>propius</strong></span> <span class='ocrx_word' id='word_1_715' title='bbox 2515 5289 2693 5355; x_wconf 77' lang='lat' dir='ltr'><strong>ﬂectit;</strong></span> <span class='ocrx_word' id='word_1_716' title='bbox 2730 5289 2886 5364; x_wconf 71' lang='lat' dir='ltr'><strong>sicin</strong></span> <span class='ocrx_word' id='word_1_717' title='bbox 2927 5296 3180 5364; x_wconf 84' lang='lat' dir='ltr'><strong>ingressu,</strong></span> <span class='ocrx_word' id='word_1_718' title='bbox 3228 5296 3272 5347; x_wconf 89' lang='lat' dir='ltr'><strong>si</strong></span> <span class='ocrx_word' id='word_1_719' title='bbox 3299 5295 3404 5348; x_wconf 87' lang='lat' dir='ltr'><strong>duo</strong></span> <span class='ocrx_word' id='word_1_720' title='bbox 3430 5297 3592 5364; x_wconf 70' lang='lat' dir='ltr'><strong>simul</strong></span> 
     </span>
    </p>
   </div>
   <div class='ocr_carea' id='block_1_118' title="bbox 2263 5359 3764 5428">
    <p class='ocr_par' dir='ltr' id='par_1_118' title="bbox 2263 5359 3764 5428">
     <span class='ocr_line' id='line_1_118' title="bbox 2263 5359 3764 5428; baseline 0.005 -17"><span class='ocrx_word' id='word_1_721' title='bbox 2263 5359 2379 5420; x_wconf 69' lang='lat' dir='ltr'><strong>lcnt,~</strong></span> <span class='ocrx_word' id='word_1_722' title='bbox 2455 5367 2648 5428; x_wconf 73' lang='lat' dir='ltr'><strong>interior</strong></span> <span class='ocrx_word' id='word_1_723' title='bbox 2733 5362 2829 5411; x_wconf 81' lang='lat' dir='ltr'><strong>erit</strong></span> <span class='ocrx_word' id='word_1_724' title='bbox 2855 5363 2941 5427; x_wconf 86' lang='lat' dir='ltr'><strong>qui</strong></span> <span class='ocrx_word' id='word_1_725' title='bbox 2971 5359 3220 5415; x_wconf 69' lang='lat' dir='ltr'><strong>interiore</strong></span> <span class='ocrx_word' id='word_1_726' title='bbox 3264 5364 3379 5415; x_wconf 89' lang='lat' dir='ltr'><strong>loco</strong></span> <span class='ocrx_word' id='word_1_727' title='bbox 3427 5363 3654 5428; x_wconf 66' lang='lat' dir='ltr'><strong>incedet,</strong></span> <span class='ocrx_word' id='word_1_728' title='bbox 3687 5359 3764 5410; x_wconf 71' lang='grc' dir='ltr'><strong>Ιηε</strong></span> 
     </span>
    </p>
   </div>
   <div class='ocr_carea' id='block_1_119' title="bbox 2263 5425 3768 5489">
    <p class='ocr_par' dir='ltr' id='par_1_119' title="bbox 2263 5425 3768 5489">
     <span class='ocr_line' id='line_1_119' title="bbox 2263 5425 3768 5489; baseline -0.001 -10"><span class='ocrx_word' id='word_1_729' title='bbox 2263 5435 2348 5480; x_wconf 81' lang='lat' dir='ltr'><strong>est</strong></span> <span class='ocrx_word' id='word_1_730' title='bbox 2375 5425 2536 5482; x_wconf 85' lang='lat' dir='ltr'><strong>medio</strong></span> <span class='ocrx_word' id='word_1_731' title='bbox 2594 5428 2728 5480; x_wconf 89' lang='lat' dir='ltr'><strong>inter</strong></span> <span class='ocrx_word' id='word_1_732' title='bbox 2762 5425 3000 5480; x_wconf 87' lang='lat' dir='ltr'><strong>comitem</strong></span> <span class='ocrx_word' id='word_1_733' title='bbox 3038 5431 3349 5483; x_wconf 71' lang='lat' dir='ltr'><strong>esteriorem</strong></span> <span class='ocrx_word' id='word_1_734' title='bbox 3391 5437 3454 5483; x_wconf 82' lang='lat' dir='ltr'><strong>et</strong></span> <span class='ocrx_word' id='word_1_735' title='bbox 3501 5425 3768 5489; x_wconf 47' lang='lat' dir='ltr'><strong>“sive</strong></span> 
     </span>
    </p>
   </div>
   <div class='ocr_carea' id='block_1_120' title="bbox 2269 5490 3764 5568">
    <p class='ocr_par' dir='ltr' id='par_1_120' title="bbox 2269 5490 3764 5568">
     <span class='ocr_line' id='line_1_120' title="bbox 2269 5490 3764 5568; baseline -0.001 -20"><span class='ocrx_word' id='word_1_736' title='bbox 2269 5491 2399 5549; x_wconf 85' lang='lat' dir='ltr'><strong>aliud</strong></span> <span class='ocrx_word' id='word_1_737' title='bbox 2435 5490 2722 5568; x_wconf 81' lang='lat' dir='ltr'><strong>quispiam,</strong></span> <span class='ocrx_word' id='word_1_738' title='bbox 2769 5495 2905 5562; x_wconf 89' lang='lat' dir='ltr'><strong>quod</strong></span> <span class='ocrx_word' id='word_1_739' title='bbox 2951 5496 3066 5561; x_wconf 84' lang='lat' dir='ltr'><strong>ejus</strong></span> <span class='ocrx_word' id='word_1_740' title='bbox 3106 5496 3330 5550; x_wconf 88' lang='lat' dir='ltr'><strong>alterum</strong></span> <span class='ocrx_word' id='word_1_741' title='bbox 3377 5496 3525 5551; x_wconf 74' lang='lat' dir='ltr'><strong>latus</strong></span> <span class='ocrx_word' id='word_1_742' title='bbox 3567 5491 3764 5549; x_wconf 62' lang='lat' dir='ltr'><strong>cistula-</strong></span> 
     </span>
    </p>
   </div>
  </div>
