3818 6226
61 274 133 323 ἵὸδ
650 323 663 326 ,
1305 264 1523 319 TESTA!

1632 262 1816 317 iTUM.

3050 258 3147 311 754

57 376 228 431 concilio
266 373 500 427 Venetico
543 370 789 424 interfuit.
822 368 1125 432 Anno/482,
1155 378 1417 422 exstructa
1446 384 1533 421 su-
1559 376 1604 430 Α
1634 385 1780 421 usum
1802 367 1993 435 jejunis
2023 376 2074 420 et
2105 367 2320 433 vigilias,
2350 365 2570 433 qualiter
2601 380 2643 430 pt
2666 379 2689 417 r
2719 366 2872 417 totius
2902 365 3016 415 anni
3044 366 3146 415 cire

58 484 123 535 per
164 467 305 519 sancti
370 464 572 517 Martini
640 465 930 529 sepulcrum
985 462 1196 514 basilica
1250 462 1525 513 admodum

56 554 271 622 splendida
314 563 361 605 et
410 551 717 622 magniﬁca,
748 544 1023 617 episcopos
1072 549 1415 613 provinciales
1461 548 1524 600 ad

56 618 236 699 eicmnia
265 640 399 693 illius
441 618 743 692 celebranda
771 639 955 704 coegit.
1000 635 1137 689 Obiit
1161 651 1295 689 anno
1319 636 1419 689 490
1444 636 1522 687 vel

56 738 145 789 i0l.
188 734 352 785 Exstat
390 739 731 781 testamentum
771 729 822 780 et
864 728 1171 796 epitaphium
1220 726 1333 794 ejus
1387 725 1519 791 apud

58 820 307 871 ttnrlierinm
338 817 573 884 Spiclleg.
604 828 729 867 tom.
765 813 826 866 V.
848 816 900 867 In
934 814 1176 867 Ecclesia?
1203 811 1519 865 Turonensis

61 935 2635 962 Mm.

1628 456 1801 509 culum
1833 456 2253 518 observarentur,
2286 453 2524 504 instituit.
2553 451 2795 503 Ordinem
2823 453 2888 502 ab
2913 466 2974 502 eo
3005 451 3149 502 insti-
3236 476 3241 479 η

1630 552 1789 594 tntum
1809 557 1867 594 ex
1888 542 2101 605 publicis
2119 541 2358 593 Ecclesia:
2372 540 2688 593 Turonensis
2713 539 2898 591 tabulis
2910 537 3141 604 exscrip-

1627 642 1730 685 tum
1775 607 1988 685 exhibet
2018 631 2292 698 Gregorius
2326 629 2668 691 Turonensis,
2714 626 2845 679 Hist.
2885 627 2950 679 de
2976 626 3146 680 Gestis

1624 722 1829 782 Franc.,
1860 722 1947 771 lib.
1981 736 2031 779 χ,
2054 735 2164 784 cap.
2199 720 2285 772 50.

3024 925 3128 942 ..-

2638 930 3017 943 .a..——————————

148 1058 1250 1163 TESTAMENTUM
1371 1006 2167 1154 PEnPE-TUI"
2288 1050 3027 1153 EPISCOPI.

101 1354 142 1405 lu
176 1355 371 1406 nomine
405 1353 529 1407 Jesu
574 1351 792 1417 Christi,
831 1353 1020 1406 Amen.
1075 1352 1185 1420 Ego
1236 1350 1525 1419 Perpetuus

55 1451 264 1503 peccatur.
289 1441 565 1493 Turonica:
614 1439 858 1497 Ecclesiae
897 1439 1161 1502 sacerdos,
1207 1438 1350 1491 abire
1385 1435 1525 1489 nolui

52 1531 134 1581 sine
158 1539 471 1593 testamento,
502 1543 567 1581 ne
592 1527 1173 1594 fraudentur'panperes
1203 1526 1264 1577 iis
1284 1539 1403 1593 quze
1435 1539 1525 1576 su-

55 1635 171 1685 perna
197 1622 349 1687 gratia
379 1618 505 1671 mihi
540 1632 644 1673 non
679 1618 864 1676 merito
890 1616 1171 1669 liberaliter
1211 1623 1263 1668 et
1295 1622 1528 1665 amanter

1626 1362 1716 1399 cro
1729 1348 2084 1402 indelicienter
2099 1348 2401 1403 illnstrando
2418 1368 2428 1401 :
2448 1351 2583 1418 quod
2601 1349 2645 1403 si
2661 1350 2814 1403 fuerit
2840 1351 3147 1417 neglectum,

1627 1445 1678 1487 et
1707 1438 1940 1489 voluntas
1967 1452 2102 1499 mea,
2143 1439 2280 1517 quod
2312 1454 2422 1495 non.
2455 1454 2630 1517 spero,
2660 1453 2829 1501 cassa,
2863 1439 3001 1491 dicta
3034 1439 3181 1493 villa-

1627 1526 1692 1579 de
1737 1528 2025 1581 Bertiniaco
2061 1542 2177 1581 cum
2214 1528 2495 1597 adjunctis,
2534 1532 2825 1584 limredibus
2869 1532 2998 1585 meis
3034 1546 3152 1585 mox

1630 1617 1957 1671 nominandis
1979 1618 2150 1684 cedat,
2180 1620 2318 1683 volo,
2341 1627 2533 1680 statuo,
2561 1619 2737 1686 jubeo.

52 1707 245 1769 contulit;
274 1716 435 1771 et-ne,
458 1706 598 1773 quod
633 1706 788 1771 absit,
815 1714 1079 1758 transeant
1108 1703 1173 1755 ad
1215 1702 1345 1756 alios
1373 1716 1525 1771 quam
1557 1739 1602 1795 Β
1698 1706 1957 1772 Quidquid
1984 1714 2037 1759 et
2066 1721 2271 1774 quoquo
2301 1708 2350 1760 in
2389 1707 2525 1769 loco,
2568 1719 2615 1758 et
2650 1721 2679 1758 a
2713 1721 3018 1775 quacunque
3043 1722 3153 1775 per-

54 1794 97 1845 ad
120 1794 373 1847 Ecclesiam
399 1792 689 1844 sacerdotis
716 1792 870 1844 bona.

102 1880 412 1948 Presbyteris.
449 1880 755 1933 diacOnibns
795 1890 848 1934 et
883 1880 1084 1934 clericis
1123 1879 1369 1933 Ecclesia:
1400 1891 1531 1932 meae

56 1981 189 2029 pacem
214 1967 408 2020 Domini
432 1968 556 2020 Jesu
573 1968 764 2021 Christi
790 1969 877 2031 do,
903 1970 1037 2035 legO,
1065 1967 1247 2020 Amen.
1268 1966 1528 2020 Conﬁrma

58 2056 141 2113 huc,
170 2055 393 2121 Domine,
445 2056 582 2123 quod
610 2066 853 2122 cperatus
882 2071 939 2108 es
975 2058 1025 2108 in
1074 2055 1255 2117 nobis;
1301 2054 1531 2107 nesciant

56 2143 297 2205 schismata,
334 2144 552 2197 stabiles
601 2146 655 2196 in
696 2145 797 2197 ﬁde
836 2152 1208 2211 permaneant;
1240 2143 1530 2211 quicunque

57 2233 236 2297 regulam
259 2233 519 2299 Evangelii
554 2232 710 2286 fuerit
734 2246 963 2296 secutus,
986 2233 1055 2285 sit
1074 2232 1370 2285 benedictus
1390 2232 1527 2283 omni

58 2320 361 2376 benedictione
395 2322 656 2389 spirituali
688 2325 738 2375 in
772 2323 1011 2391 supernis
1039 2336 1129 2389 per
1158 2320 1417 2391 Christum
1444 2321 1529 2374 Je-

57 2422 157 2471 sum,
178 2412 347 2462 Amen.
382 2411 445 2462 Et
468 2410 716 2463 Dominus
742 2411 894 2464 Jesus
918 2410 1116 2480 occidat
1144 2411 1353 2474 impium
1376 2418 1530 2461 vento

56 2507 131 2546 nos
155 2498 241 2558 sui,
276 2499 464 2560 Amen,
502 2498 687 2550 Amen.
732 2498 835 2565 Pax
886 2497 1151 2560 Ecclesize,
1193 2513 1290 2563 pax
1323 2497 1523 2563 populo,

58 2579 92 2631 in
111 2582 231 2646 iube,
251 2586 296 2635 in
322 2600 445 2651 agro
474 2599 507 2635 a
540 2584 644 2637 Deo
670 2593 723 2637 et
753 2586 901 2637 Patre
930 2586 1131 2637 Domini
1168 2585 1287 2638 Jesu
1316 2584 1526 2650 Christi,

57 2670 195 2719 Anien.
222 2669 364 2732 Veni,
388 2671 630 2738 Domine,
651 2682 703 2725 et
731 2673 832 2725 noli
856 2673 1132 2736 sustinere,
1160 2678 1340 2728 Amen.
1374 2674 1529 2729 Vobis

58 2755 186 2821 itaque
221 2760 554 2828 presbyteris,
595 2760 898 2814 diaconibus
943 2771 995 2814 et
1034 2762 1239 2815 clericis
1284 2764 1529 2817 Ecclesia;

57 2857 149 2896 mea:
169 2860 270 2898 cum
299 2848 524 2901 consilio
552 2849 786 2914 Agilonis
816 2852 1020 2903 comitis
1048 2852 1399 2915 sepeliendum
1438 2866 1528 2905 ca-

58 2930 173 2985 daver
208 2937 377 2988 mortis
413 2936 573 3003 hujus
603 2938 892 3006 ubicunque
923 2940 1204 3016 elegeritis,
1255 2940 1526 3007 permitto:

1631 1807 1758 1846 sona
1781 1788 1934 1847 fuerit
1958 1794 2082 1848 mihi
2106 1794 2354 1857 debitum,
2378 1811 2480 1862 quo
2505 1796 2588 1848 die
2608 1796 2931 1861 abscessero,
2956 1796 3153 1850 debito-

1630 1884 1771 1935 ribus
1802 1882 1927 1950 ipsis
1965 1883 2053 1945 do,
2103 1884 2236 1952 lego.
2277 1885 2497 1953 Exigere
2541 1886 2677 1952 quod
2733 1885 2938 1939 dimitto
2983 1886 3184 1959 nullus,

1631 1984 1928 2040 pratsumat,
1964 1974 2103 2039 volo,
2135 1982 2329 2033 statuo.
3032 2034 3049 2049 ο

1648 2091 1655 2098 -
1697 2063 1810 2117 Tibi
1831 2064 1972 2117 fratri
1991 2072 2043 2118 et
2057 2064 2409 2118 consacerdoti
2429 2065 2765 2118 dilectissimo
2779 2065 3025 2119 Eufronio
3045 2066 3153 2119 the-

1629 2165 1741 2203 cam
1769 2166 1831 2204 ex
1859 2159 2071 2219 argento
2091 2152 2157 2206 de
2178 2153 2404 2219 reliquiis
2426 2162 2719 2205 sanctorum
2744 2154 2831 2217 do,
2858 2154 2992 2221 lego.
3010 2154 3153 2207 Illam

1630 2238 1859 2304 intelligo
1881 2254 2031 2307 quam
2049 2240 2251 2294 deferre
2267 2240 2492 2293 solebam
2512 2258 2525 2303 ;
2551 2256 2667 2292 nam
2684 2241 2981 2295 deauratam
2998 2243 3154 2296 aliam

1626 2341 1741 2393 quae
1770 2337 1850 2380 eSt
1879 2326 1929 2378 in
1963 2334 2199 2393 capsario
2226 2342 2360 2391 meo,
2392 2343 2508 2381 cum
2549 2329 2749 2382 duobus
2790 2330 3037 2382 calicibus
3064 2344 3154 2382 au-

1628 2416 1755 2479 reis,
1787 2423 1840 2467 et
1864 2429 2017 2467 cruce
2041 2415 2279 2468 similiter
2307 2430 2484 2479 aurea,
2512 2431 2663 2482 quam
2705 2417 2974 2469 Mabuinus
3011 2417 3153 2480 fecit,

1631 2504 1876 2557 Ecclesiae
1900 2516 2031 2556 mea:
2054 2503 2140 2566 do,
2173 2504 2306 2571 lego.
2338 2504 2498 2557 Simul
2518 2514 2570 2557 et
2587 2505 2768 2556 u'mnes
2793 2504 2953 2557 libros
2982 2517 3148 2561 meos.

1630 2592 1816 2658 praeter
1840 2592 2233 2660 Evangeliorum
2272 2593 2479 2652 librum.
2508 2607 2657 2661 quem
2688 2593 2892 2660 scripsit
2931 2591 3153 2645 Hilarius

1629 2681 1886 2743 quondam
1931 2680 2272 2733 Pictaviensis
2304 2682 2567 2745 sacerdos,
2593 2696 2743 2744 quem
2770 2681 2859 2732 tibi
2910 2680 3154 2733 Eufronio

1632 2771 1775 2822 fratri
1798 2779 1849 2823 et
1876 2770 2252 2831 consacerdoti,
2270 2771 2606 2823 dilectissimo
2631 2784 2747 2822 cum
2768 2769 2979 2836 prafata
3001 2770 3146 2823 theca
3182 2771 3186 2774 ’

1629 2858 1716 2923 do,
1747 2859 1883 2923 lego,
1910 2860 2047 2922 volo,
2079 2868 2266 2911 statuo.
2297 2859 2490 2910 Memor
2519 2868 2630 2909 esto
2653 2859 2774 2921 mei,
2800 2858 2985 2911 Amen.

1698 2949 1941 3004 Ecclesiae
1968 2948 2129 3001 sancti
2165 2947 2387 3015 Dionysii
2424 2946 2487 2999 de
2525 2946 2905 3008 Rambasciaco,
2931 2945 3143 3000 calicem

57 3021 134 3113 ίῗίλο
155 3025 269 3089 quo“
299 3026 617 3094 Redemptor
654 3043 800 3081 meus
828 3045 929 3081 n0"
960 3032 1199 3093 ῐηοΐίιιπ,
1221 3039 1275 3084 ει
1298 3030 1348 3082 in
1371 3044 1527 3083 came
1551 3051 1598 3113 ρ
1628 3049 1948 3108 argenteum.
1980 3050 2033 3092 et
2063 3054 2268 3091 crucem
2313 3039 2551 3091 similiter
2576 3022 2869 3102 argenteam
2912 3039 2964 3090 in
3002 3037 3147 3105 cujus

58 3110 195 3184 ridebo
218 3114 539 3169 liberatorem
571 3132 763 3179 meum,
790 3120 976 3171 Amen.
1000 3120 1194 3171 Tamen
1228 3121 1271 3172 si
1317 3120 1528 3187 indigno

59 3196 150 3249 ἱιιὶ
170 3197 373 3254 feceritis
400 3203 837 3264 misericordiam,
865 3220 1015 3270 quam
1047 3206 1262 3271 supplex
1302 3208 1524 3271 postulo,

58 3293 234 3347 Optarent
261 3289 320 3341 ad
348 3288 547 3343 domini
586 3289 786 3343 Martini
824 3292 979 3358 pedes
1007 3294 1055 3343 in
1086 3293 1222 3346 diem
1258 3294 1527 3360 quiescere

58 3368 219 3433 iudicii:
248 3364 499 3440 videritis,
545 3377 864 3445 judicabitis,
894 3380 1123 3447 eligetis;
1168 3382 1303 3443 volo,
1332 3392 1524 3445 statuo,

58 3468 180 3513 ratum
201 3463 343 3533 juheo
381 3468 521 3537 quod
570 3470 714 3522 vobis
740 3469 963 3524 dominis
1004 3479 1058 3525 et
1111 3471 1353 3525 fratribus
1399 3473 1534 3527 meis.

59 3546 268 3611 placuerit.

106 3635 319 3703 imprimis
359 3644 542 3712 itaque
579 3659 676 3713 ego
704 3645 984 3714 Perpetuus
1021 3649 1137 3701 volo
1187 3648 1377 3703 liberos
1413 3664 1528 3703 esse

60 3718 290 3796 libensque
331 3731 575 3786 homines
611 3744 659 3787 et
702 3735 917 3799 feminas
966 3745 1219 3804 quotquot
1259 3738 1423 3791 habeo
1474 3740 1525 3790 in

59 3811 140 3862 tilla
176 3814 458 3885 Saponaria,
499 3835 634 3887 quos
684 3825 785 3874 emi
832 3826 897 3876 de
943 3839 1057 3877 mea
1103 3826 1337 3890 pecunia,
1387 3836 1528 3876 utet

59 3910 213 3965 Pueros,
238 3920 361 3972 quos
390 3910 439 3960 in
464 3910 551 3961 die
574 3909 831 3961 discessus
855 3913 953 3963 mei
978 3925 1081 3964 non
1105 3913 1452 3964 manumisero
1474 3913 1523 3964 in

58 3984 260 4045 Ecclesia:
291 3995 354 4045 ita
388 4005 561 4047 tamen
594 4004 651 4046 ut
679 3996 839 4049 libere
865 3999 1111 4062 serviant,
1128 3998 1353 4063 quandiu
1377 3998 1522 4051 vixe-

58 4070 142 4131 rint.
162 4075 381 4133 Ecclesia:
411 4098 566 4143 meae,
591 4083 680 4134 sed
713 4083 907 4151 absque
928 4086 1174 4139 servitute
1197 4086 1261 4140 ad
1292 4088 1524 4143 lueredes

59 4165 369 4218 transmissibtli
396 4170 751 4237 eLgIebatica.

104 4245 160 4299 Do
187 4252 322 4306 etiam
365 4256 617 4313 Ecclesia:
658 4274 786 4311 mea:
839 4275 1015 4328 agrum
1060 4276 1213 4328 quem
1269 4264 1523 4332 Aligarius

1631 3128 1901 3181 manubrio
1921 3137 2000 3181 est
2018 3128 2231 3195 rcliquia
2250 3127 2314 3182 de
2335 3128 2514 3196 eodem
2536 3126 2590 3179 S.
2616 3125 2879 3196 Dionysio,
2905 3125 2990 3190 do,
3015 3126 3146 3194 lego.

1696 3218 1941 3270 Ecclesiae
1968 3218 2034 3271 de
2076 3216 2286 3270 Proillio
2329 3216 2565 3268 similiter
2594 3217 2806 3269 calicem
2852 3226 3147 3284 argenteum
3222 3220 3231 3229 '

1626 3313 1680 3357 et
1708 3320 1892 3357 urceos
1916 3316 2191 3372 argenteos
2236 3305 2323 3365 do,
2358 3307 2490 3370 lego.
2518 3304 2769 3373 Similiter
2793 3313 2843 3357 et
2890 3304 3151 3356 Amalarin

1627 3400 1811 3451 ibidem
1858 3395 2167 3462 presbytero
2202 3393 2464 3459 capsulam
2514 3406 2665 3444 unam
2711 3405 3037 3444 communem
3084 3391 3150 3444 de

1626 3488 1813 3551 serico,
1846 3484 1967 3537 item
1996 3479 2342 3549 peristerium,
2376 3488 2427 3533 et
2447 3481 2737 3533 columbam
2760 3492 3055 3547 argenteam
3084 3482 3147 3532 ad

1627 3573 2014 3638 repositorium,
2046 3570 2142 3623 nisi
2180 3568 2417 3622 maluerit
2458 3568 2687 3621 Ecclesia
2732 3582 2845 3621 mea
2874 3568 3011 3621 illam
3050 3582 3149 3636 qua

1628 3652 1785 3714 utitur
1805 3662 1972 3714 eidem
2007 3658 2264 3711 Amalario
2292 3657 2663 3717 transmittere,
2689 3671 2854 3723 meam
2887 3657 3110 3711 retinere
3135 3674 3146 3707 :

1626 3750 1715 3801 tibi
1744 3748 1985 3801 Ecclesiae
2013 3762 2141 3799 mete
2167 3745 2460 3813 eligendum
2493 3746 2751 3811 permitto,
2792 3745 2925 3808 volo,
2957 3752 3148 3799 statuo.

1693 3836 1868 3888 Sorori
1895 3850 2023 3899 mea:
2053 3834 2209 3886 Fidiae
2235 3834 2378 3886 Julia:
2408 3835 2911 3897 Perpetute‘crucem
2940 3848 3147 3900 parvam

1623 3938 1834 3976 auream
1865 3937 1925 3976 ex
1954 3922 2313 3982 emblasmate,
2345 3920 2394 3971 in
2424 3936 2521 3987 qua
2550 3929 2670 3972 sunt
2696 3921 2761 3973 de
2792 3921 3021 3986 reliquiis
3045 3921 3151 3975 Do-

1623 4010 1765 4073 mini,
1793 4010 1878 4075 do,
1912 4012 2043 4076 lego.
2068 4012 2227 4073 Quam
2266 4018 2441 4061 tamen
2467 4010 2659 4061 obnixe
2704 4008 3141 4075 rogatam-velim,

1621 4107 1679 4152 ut
1705 4100 1746 4151 si
1776 4100 1929 4162 forte,
1958 4099 2170 4164 iubente
2202 4099 2441 4159 Domino,
2472 4113 2584 4151 eam
2622 4099 2886 4165 contingat
2928 4099 3170 4167 migrare-

1621 4195 1741 4241 ante
1776 4188 2086 4244 Dadolenam
2132 4185 2400 4251 virginem,
2441 4185 2687 4237 Ecclesiae
2730 4201 2860 4239 meae
2891 4187 2940 4238 ei
2981 4188 3180 4251 possi-'

1622 4276 1842 4329 deudam
1866 4276 2138 4342 relinquat.
2163 4273 2237 4326 Te
2256 4274 2409 4325 etiam
2438 4288 2581 4339 rogo,
2611 4287 2758 4324 soror
2782 4273 3059 4335 Dadolena,
3093 4287 3147 4325 ut

57 4334 143 4428 inihi
167 4344 372 4397 vendidit
411 4346 464 4399 in
503 4349 643 4399 dicta
675 4348 793 4400 villa
824 4350 1126 4417 Saponaria,
1171 4367 1286 4406 cum
1316 4364 1518 4423 stagno.

1632 4364 1851 4419 meriens
1870 4377 1982 4416 eam
2003 4362 2247 4414 EccleSize
2270 4376 2387 4428 qua:
2410 4360 2614 4414 libuerit
2634 4360 2859 4422 addicas.
2884 4375 2948 4414 ne
2978 4361 3155 4416 veniat

58 4420 145 4478 Item
170 4433 444 4489 molendina
484 4452 643 4503 supra
673 4438 860 4492 Carum
900 4456 1061 4508 prope
1095 4442 1285 4495 dictam
1308 4420 1519 4509 villam;

57 4526 122 4605 nec
137 4533 221 4573 non
242 4530 467 4587 pecuaria
497 4539 547 4581 et
568 4538 710 4593 prata
733 4530 826 4597 ipsi
857 4532 1101 4585 Ecclesia:
1124 4549 1251 4588 mea:
1270 4534 1358 4598 do,
1382 4536 1517 4605 lego.

104 4604 249 4665 Villam
277 4615 336 4668 de
358 4618 655 4681 Bertiniaco
678 4634 797 4671 cum
829 4608 972 4689 sylva
995 4631 1048 4673 et
1070 4624 1212 4675 omni
1246 4604 1519 4690 reditu,ca

57 4696 290 4757 conditione
318 4722 412 4773 qna
446 4708 580 4759 mihi
616 4721 646 4760 a
676 4707 886 4763 Daniele
915 4711 1132 4775 diacono
1171 4714 1375 4766 vendita
1418 4724 1515 4776 est,

57 4775 248 4841 ECdeSite
264 4807 386 4847 mea:
408 4798 611 4863 pariter
626 4797 712 4860 do,
738 4798 869 4865 lego.
890 4799 960 4849 Ita
984 4808 1177 4863 tamen,
1194 4811 1249 4853 ut
1264 4802 1327 4852 de
1339 4816 1516 4854 eorum

58 4879 323 4934 Pmtentibus
344 4885 517 4938 oleum
545 4894 757 4952 paretur
782 4899 875 4952 pro
903 4887 1095 4940 domini
1124 4882 1328 4941 Martini
1350 4890 1523 4955 sepul-

105 5062 291 5144 {Nobile
318 5072 436 5144 hoc,
462 5077 536 5127 ait
568 5077 843 5138 Acberius,
872 5079 1189 5144 antiquitatis
1218 5093 1513 5133 monumen-

57 5132 148 5213 lttttt,
171 5138 288 5213 quod
318 5139 373 5191 ν.
401 5132 463 5193 C.
497 5132 845 5213 Hieronymus
875 5132 1142 5213 Vign'ertus
1169 5148 1271 5213 jam
1313 5132 1511 5213 pridem

57 5204 166 5274 emit,
188 5204 306 5255 nulla
331 5219 447 5274 eget
487 5204 876 5264 observatione.
904 5204 1231 5267 C‘oncorda'nt
1265 5204 1507 5268 universa

58 5272 160 5347 {ego
177 5272 533 5347 contentacum
551 5280 669 5343 jure
697 5279 937 5347 Caesareo
966 5282 1361 5347 pontilicioque;
1392 5298 1515 5335 con-

58 5332 338 5412 {erantcum
369 5343 535 5397 Fastis
551 5332 927 5412 consularibus
945 5332 1295 5409 {concordant
1306 5332 1517 5412 ieiuniis

60 5402 209 5485 attende
226 5405 467 5485 Perpetuo
506 5419 687 5464 narrat
723 5402 1001 5485 Gregorius
1035 5402 1361 5470 Florentinus
1398 5402 1514 5485 cap.

61 5460 102 5515 εἰ
124 5460 357 5540 Perpetth
376 5480 437 5531 de
462 5495 640 5549 genere
668 5488 714 5531 et
744 5460 867 5546 ipsa
893 5493 947 5535 ut
975 5460 1145 5549 aiunt:
1158 5460 1515 5551 senatorio,-

1623 4455 1686 4507 ad
1714 4453 1968 4519 indignos.
2000 4450 2145 4516 Quod
2186 4450 2231 4502 si
2267 4456 2493 4503 transeat
2521 4448 2778 4501 Dadolena
2821 4460 2941 4502 ante
2982 4460 3049 4513 te,
3080 4450 3148 4503 sit

1624 4543 1714 4595 tibi
1750 4542 1996 4606 liberum,
2035 4538 2299 4591 carissima
2340 4551 2491 4589 soror
2525 4536 2666 4588 Fidia
2694 4537 2826 4588 Julia
2856 4538 3142 4603 Perpetua,

1624 4630 1919 4695 prtedictam
1950 4622 2155 4679 crucem
2182 4625 2264 4676 cui
2294 4622 2514 4676 volueris
2545 4624 2786 4676 Ecclesia:
2823 4626 3114 4690 relinquere
3133 4665 3147 4686 ,

1619 4719 1758 4778 volo,
1788 4723 1975 4785 statuo.
2008 4713 2201 4764 Memor
2222 4719 2335 4763 esto
2360 4709 2481 4773 mei,
2504 4710 2859 4775 dilectissima,
2889 4712 3076 4764 Amen.

1691 4802 1802 4853 Tibi
1840 4799 2039 4867 Agiloni
2087 4798 2264 4851 comiti
2301 4797 2367 4850 ob
2404 4798 2605 4865 egregia
2645 4808 2726 4849 tua
2772 4798 2822 4850 in
2862 4800 3142 4853 Ecclesiam

1627 4902 1817 4948 meam,
1845 4897 1897 4939 et
1924 4899 2176 4954 pauperes
2206 4886 2338 4937 lilios
2366 4900 2508 4937 meos
2544 4885 2746 4948 merita,
2777 4894 2829 4939 et
2872 4897 2924 4939 ut
2964 4902 3147 4956 pergas

1616 5082 1921 5149 propinquus
1944 5081 2222 5149 decessoris
2259 5080 2379 5131 sui:
2399 5080 2726 5149 digesmalde,
2758 5088 2819 5149 et,
2846 5096 2931 5147 per
2963 5082 3143 5149 multa:

1618 5146 1837 5199 civitates
1865 5148 2047 5199 habens
2078 5150 2424 5214 possessiones.
2457 5147 2518 5198 Et
2538 5146 2651 5197 aliis
2675 5146 2954 5211 interjectis
2978 5163 2991 5197 :
3015 5146 3142 5197 Con-

1620 5217 1839 5281 diditque
1860 5224 2221 5280 testamentum,
2245 5225 2289 5265 et
2319 5215 2565 5279 deputavit
2604 5229 2689 5281 per
2716 5215 2934 5281 singulas
2972 5214 3141 5265 civita-

1616 5294 1684 5335 tes
1723 5269 1852 5349 qitod
1894 5269 2273 5346 possidebat,'in
2314 5269 2527 5349 eis'ipn's
2559 5269 2742 5333 scilicet
2776 5269 3009 5333 Ecclesiis
3044 5296 3144 5333 non

1616 5351 1861 5402 modicam
1881 5359 1925 5401 et
1956 5349 2201 5401 Turonica
2231 5349 2445 5401 tribuens
2480 5350 2776 5417 facultatem.
2807 5351 2948 5402 Sedit
2981 5360 3142 5400 autem

1618 5434 1771 5498 annos
1802 5418 2024 5487 triginta,
2050 5427 2095 5470 et
2124 5417 2344 5485 sepultus
2373 5427 2443 5469 ut
2476 5421 2526 5470 in
2557 5417 2759 5469 basilica
2804 5418 2974 5472 Sancti
3005 5417 3142 5469 Mar-

1621 5498 1731 5539 ttm.
