1909 3113
327 96 376 123 755

328 200 423 226 equum
436 200 520 219 meum
535 193 682 227 parabilem,
694 198 720 219 et
732 193 827 219 mulum
836 201 911 227 quem
924 193 1081 227 clcgerisdo,

330 236 394 270 lego.
411 236 507 263 Memor
516 241 572 264 esto
583 238 643 268 mei,
659 238 692 263 fili
704 237 878 270 dilectissime,
889 239 978 263 Amen.

364 280 483 307 Ecclesiae
494 281 521 307 S.
538 280 606 307 Petri
618 282 796 315 peristromata
809 288 867 315 quae
882 281 903 307 ei
917 281 948 307 ad
961 281 1081 307 utendmn

331 325 355 350 in
366 325 447 350 Natali
459 319 573 358 ejusdem
587 332 656 359 stepe
669 325 794 356 concessi,
812 325 917 351 omnino
930 328 955 350 et
967 324 1083 350 absolute

330 367 373 398 do,
385 368 451 401 lego.

365 411 420 438 Tibi
436 411 505 438 fratri
524 417 548 438 et
563 411 738 438 consacerdoti
754 412 898 444 carissimo,
917 411 949 438 de
968 418 1018 444 quo
1034 411 1085 437 Do-

331 455 415 482 minus
428 455 570 489 providcbit
584 455 701 489 regenda:
715 460 772 489 post
783 456 924 482 discessum
938 462 1022 481 meum
1037 454 1086 481 Ec-

331 499 416 526 clesite
430 506 498 526 nunc
509 507 582 531 mete,
600 504 660 526 tunc
676 504 736 533 tuae,
752 504 795 526 aut
809 500 892 533 potius
904 507 952 526 nec
963 506 1026 526 mea:
1040 506 1087 525 nec

332 547 393 575 tum,
404 543 449 570 sed
461 543 566 575 Christi,
580 544 614 570 do
626 544 750 577 quidquid
769 543 799 569 ad
818 551 892 570 usum
914 543 1086 576 episcopalem

332 586 366 613 de
379 586 455 614 rebus
467 588 530 613 mcis
545 587 657 614 volueris
670 587 766 621 eligere
778 587 803 612 in
818 594 917 614 camera
934 591 959 613 et
974 587 1087 614 sacrario

334 630 427 656 vicino.
442 629 514 661 Quod
532 630 656 662 nolueris,
672 629 801 656 h:eredum
819 638 933 656 meorum
954 629 1089 656 nominan-

334 674 424 700 dorum
439 680 503 700 esto.
517 674 694 708 Presbyterum
707 674 738 701 de
749 674 859 706 Malleio,
874 681 984 708 eumque
996 674 1027 701 de
1038 674 1087 701 0r-

336 719 401 746 bona
415 719 446 745 ad
461 718 553 751 gradus
568 718 633 744 unde
655 718 746 745 merito
758 718 851 751 deiecti
865 723 938 749 sunt,
958 725 1087 752 nunquam

336 763 450 789 restitue.
466 761 610 796 Sportulam
624 765 709 788 tamen
724 761 834 788 habeant
852 761 964 795 quandiu
978 761 1090 788 vixerint

336 813 413 840 super
426 810 496 839 parte
509 806 637 833 redituum
648 813 763 832 meorum
779 806 811 832 de
822 806 949 836 Presiaio;
963 806 1030 839 quod
1042 813 1087 832 su-
1103 808 1125 837 Β
1137 807 1276 840 subscripsi
1288 814 1334 839 ego
1349 806 1501 840 Perpetuus,
1517 806 1618 833 calend.
1637 806 1716 832 Maias
1737 811 1796 839 post
1804 814 1879 833 contr

335 850 440 883 pcrerit,
455 857 512 877 cum
524 852 596 884 parte
610 849 652 875 illa
665 856 740 882 quam
754 849 874 875 utendam
889 849 1020 883 fruendam
1036 849 1087 875 illis

336 891 460 925 concessi,
476 898 609 927 postquam
623 892 743 922 obierint,
758 896 784 918 et
799 892 842 921 tibi
862 892 984 918 utendum
1002 892 1089 918 fruen-

336 937 396 963 dum
416 937 551 970 relinquo:
570 941 628 969 post
644 936 785 962 discessiim
799 940 869 962 tuum
890 936 1011 967 Ecclesiae
1027 943 1090 962 meze

336 980 380 1010 do,
399 980 465 1013 lego.
488 981 522 1006 At
545 984 580 1010 lu,
604 979 682 1006 frater
700 984 726 1006 et
749 979 920 1006 consacerdos
947 980 1087 1011 carissime,

337 1023 511 1057 presbyteros,
522 1022 655 1054 diaconos,
665 1023 782 1054 clericos,
796 1023 915 1057 virgines,
927 1031 1007 1053 meos,
1021 1028 1089 1056 tuos,

337 1073 405 1098 ama,
423 1066 539 1099 exemplo
557 1066 627 1100 juva,
653 1067 829 1093 benevolentia
851 1060 980 1099 praevenij
1002 1067 1042 1094 fac
1065 1071 1092 1093 nt

338 1110 419 1136 sciant
431 1117 460 1136 se
473 1109 522 1136 tibi
538 1110 612 1143 filios,
625 1117 673 1136 non
688 1115 830 1142 servos;.te
846 1111 895 1137 illis
909 1115 1017 1145 patrem,
1041 1119 1091 1138 non

338 1154 533 1186 dominatorem,
548 1158 621 1188 rogo,
638 1154 706 1185 volo,
720 1159 813 1181 statuo.

371 1200 404 1226 At
424 1207 470 1226 vos
489 1200 587 1225 viscera
610 1206 676 1229 mea.
695 1199 787 1226 fratres
808 1200 979 1229 dilectissimi.
998 1207 1092 1226 cnrona

338 1250 406 1274 mea,
419 1242 539 1275 gaudium
559 1249 655 1275 meum,
670 1243 767 1268 domini
786 1244 845 1275 mei,
862 1244 905 1270 lilii
926 1244 986 1276 mei,
1001 1251 1093 1278 paupe-

648 1421 995 1461 EPITAPHIUM
1026 1422 1308 1462 PERPETUI
1335 1421 1606 1462 EPISCOPI.

343 1544 456 1571 Culmina
471 1546 571 1572 sublimi
586 1546 679 1573 tollunt
692 1554 748 1580 qua:
761 1547 857 1574 vertice
872 1549 962 1577 cristas

373 1589 489 1616 Eximius
501 1590 598 1617 meritis
614 1591 752 1624 Perpetuus
764 1591 868 1618 dederat

342 1633 440 1659 Domno
451 1633 568 1665 blartino,
582 1634 654 1668 cujus
669 1635 717 1661 sub
734 1642 863 1662 marmore
878 1640 985 1669 pausmt

374 1675 448 1708 Ossa,
461 1681 597 1703 veneratur
610 1685 668 1711 qua:
682 1678 721 1711 pia
736 1678 807 1712 plebs
819 1680 946 1713 precibus.

343 1719 475 1745 llasredem
488 1720 591 1753 scripsit
602 1720 743 1752 Christum,
755 1725 831 1755 atque
844 1729 920 1748 aurea
934 1722 1012 1748 multa

375 1762 504 1789 Sacrando
519 1762 617 1790 Domini
632 1770 691 1790 vasa
705 1771 796 1790 cruore
809 1764 887 1791 dedit.

345 1804 495 1833 Transmisit
503 1807 583 1839 calo,
597 1815 654 1841 qua:
668 1808 775 1840 plurima
790 1810 869 1835 cessit
879 1809 975 1842 egenis,

376 1848 448 1875 Fecit
461 1853 489 1876 et
501 1855 560 1877 ante
569 1857 629 1877 suas
641 1851 764 1877 scandere
774 1851 884 1878 divitias.

426 1911 577 1946 (Epistolam
592 1912 688 1939 Sidonii
701 1913 856 1946 Apollinaris
868 1914 898 1940 ad
915 1913 1067 1947 Perpetuum
1082 1914 1178 1941 videsis
1191 1922 1267 1948 supra
1282 1915 1349 1941 inter
1364 1922 1440 1948 opera
1455 1914 1553 1942 Sidonii
1569 1913 1614 1941 lib.
1629 1921 1678 1947 vn,
1693 1914 1767 1948 epist.
1780 1911 1815 1946 9.)

347 1995 1874 2029 ᾖ

907 2089 984 2110 ANNO
1007 2089 1115 2110 DOMI‘NI
1138 2089 1314 2110 CCCCLXXXV
1320 2104 1327 2110 .

712 2144 1540 2303 CEREALIS
1608 2254 1612 2257 ι

916 2340 1133 2366 CASTELLENSIS
1148 2339 1320 2365 EPISCOPL’S.

791 2483 1005 2518 NOTITIA
1031 2485 1102 2519 EX
1129 2457 1405 2519 GENNADIO.

376 2560 490 2589 Cerealis
511 2559 645 2591 episcopus
666 2557 769 2584 natione
794 2557 854 2583 Afer
867 2578 873 2586 .
901 2558 1070 2591 interrogatus
1082 2566 1095 2583 a
1111 2559 1134 2587 D
1148 2558 1283 2600 Quam‘illc
1297 2559 1321 2583 in
1334 2558 1436 2583 nomine
1448 2557 1547 2583 Domini
1561 2557 1723 2592 sum-rigante
1732 2553 1875 2594 tibiis“.

345 2604 497 2631 Maximiano
511 2603 685 2629 Africanorum
697 2601 817 2634 episcopo
831 2602 851 2626 si
864 2608 948 2633 posset
960 2603 998 2628 vel
1010 2603 1097 2635 paucis

346 2649 437 2674 divinae
452 2647 591 2679 Scriptum
606 2645 756 2672 testimoniis
777 2644 870 2677 absque
886 2645 935 2670 ulla
948 2646 1096 2678 disputilio-

348 2690 385 2715 nis
396 2689 516 2716 duntaxat
531 2689 681 2721 assertione,
698 2688 771 2714 fidem
785 2687 936 2713 catholicam
954 2689 1093 2721 assignare.

882 95 1043 123 CEREALIS
1059 92 1302 122 CASTELLENSIS
1323 92 1467 121 EPISCOPI

326 156 416 185 corum
430 149 601 177 defensionem
623 150 727 177 rolmste
746 150 875 183 sus.-ipcre
887 151 951 177 sicut
966 150 1078 183 cepisti,
1094 155 1116 183 Α
1130 158 1171 178 res
1190 150 1297 182 Christi,
1314 151 1386 184 egeni
1408 141 1528 181 mendici,
1552 149 1624 183 :rgri.
1646 148 1737 182 vidum,
1766 148 1881 183 orpliani;

1103 1549 1125 1577 C
1140 1547 1229 1573 Clarus
1243 1547 1306 1577 avis,
1320 1547 1453 1580 atavisque
1465 1550 1566 1581 potens.
1587 1545 1634 1571 fuit
1648 1549 1730 1578 atque
1738 1548 1844 1571 senator:

1842 93 1881 121 756

1132 201 1187 225 vos,
1209 194 1329 227 inquam,
1351 193 1468 219 ba‘redes
1489 199 1560 219 meos
1577 192 1679 223 scribo,
1703 192 1773 224 dico,
1796 197 1879 219 statuo.

1133 238 1178 264 llis
1197 245 1255 269 qua:
1274 244 1350 270 supra
1364 236 1495 268 detractis,
1515 236 1636 270 quidquid
1651 236 1678 262 in
1700 236 1776 262 bonis
1798 235 1880 266 habeo,

1132 282 1186 308 sive
1198 282 1222 308 in
1233 281 1310 314 agris,
1321 282 1433 315 pascuis,
1445 281 1535 313 pratis,
1546 281 1704 313 nemoribus,
1715 280 1809 311 vineis,
1817 288 1880 307 man-

1133 325 1178 355 sis,
1190 324 1282 356 hortis,
1298 324 1380 358 aquis,
1397 324 1559 355 moiendinis,
1571 324 1626 350 sive
1643 324 1668 349 in
1686 330 1760 352 auro,
1774 329 1880 356 argenta,

1133 372 1159 394 et
1169 368 1293 397 vestibus,
1310 368 1461 400 cmlerisque
1476 367 1552 393 rebus
1574 366 1606 393 de
1626 365 1719 400 quibus
1742 373 1786 393 me
1807 366 1881 401 dispo-

1134 413 1215 439 suisse
1226 419 1277 438 non
1288 411 1426 442 constabit,
1449 411 1563 437 lueredes
1580 418 1638 438 esse
1650 418 1697 437 vos
1710 410 1800 444 Iubeo.
1819 402 1849 436 εί
1860 416 1880 435 nt

1134 457 1218 483 omnia
1247 464 1294 490 per
1317 456 1499 482 discretionem
1531 455 1755 486 administrentur,
1782 455 1839 480 Volo
1861 460 1881 481 ut

1135 500 1310 526 distrahantur
1323 499 1511 533 quamprimum
1522 498 1620 530 obiero,
1634 502 1661 525 et
1675 498 1729 524 fieri
1745 498 1847 531 pateﬁt,
1861 504 1880 524 et

1136 543 1163 570 in
1178 543 1311 575 pecuniam
1327 543 1485 575 redigantur,
1502 542 1575 575 cujus
1591 545 1642 568 tres
1656 545 1742 574 partes
1755 541 1827 567 (iant.
1838 541 1881 567 llo-

1137 586 1248 613 minibus
1260 587 1348 620 egenis
1359 585 1418 612 dua:
1428 586 1622 616 distribuantur,
1633 590 1661 612 ut
1675 585 1804 618 placuerit
1811 587 1880 620 Agra-

1138 631 1176 657 rio
1190 630 1351 664 presbytero,
1372 635 1395 656 et
1419 630 1508 655 comiti
1534 629 1646 663 Agiloni.
1666 628 1755 655 Tertia
1771 626 1847 654 viduis
1862 632 1880 655 et

1137 674 1292 708 pauperibus
1312 673 1424 705 feminis,
1445 674 1480 700 uti
1500 674 1623 707 placuerit
1637 673 1731 707 virgini
1750 673 1880 703 Dadolenz.

1137 718 1333 749 distribuantur,
1348 718 1415 748 volo,
1429 725 1503 751 rogo,
1518 722 1613 744 statuo.

1172 763 1363 790 Testamentum
1375 762 1424 788 hoc
1438 769 1513 788 manu
1530 762 1632 795 propria
1646 762 1771 796 scriptum
1786 761 1880 795 relegiet

1138 851 1216 878 latum
1230 850 1321 877 Leonis
1336 850 1439 877 Minoris
1460 851 1490 878 A.
1512 851 1576 877 Illud
1591 850 1757 881 tn,‘Delmati
1774 850 1817 880 fili,
1828 850 1880 883 apud

1139 900 1163 921 te
1177 895 1322 928 depositum
1340 902 1428 926 serva;
1454 901 1480 922 et
1492 903 1550 922 cum
1569 895 1621 921 alio
1635 895 1713 921 simili
1733 902 1788 921 mea
1804 895 1879 927 priter

1139 938 1217 965 manu
1231 939 1356 972 scripttim
1368 942 1394 965 et
1406 938 1592 971 subscriptum,
1615 938 1682 972 quod
1703 938 1772 971 apud
1793 938 1880 963 Dzdolc-

1142 990 1199 1010 nam
1214 982 1331 1015 deposui,
1351 982 1450 1017 Agi’oni
1467 983 1554 1009 comiti
1578 989 1667 1009 coram
1695 982 1814 1009 fratribus
1831 983 1879 1008 meis

1141 1027 1309 1062 presbyteris,
1321 1027 1471 1053 diaconibus
1486 1031 1512 1053 et
1523 1026 1623 1053 clericis
1638 1026 1806 1058 aperiendum
1821 1030 1842 1051 et
1853 1026 1880 1051 le-

1139 1070 1249 1104 gendum
1261 1070 1357 1101 trades,
1372 1070 1398 1096 in
1410 1070 1513 1097 nomine
1526 1070 1627 1096 Domini
1640 1070 1710 1101 volo,
1719 1077 1791 1104 rogo,
1803 1073 1878 1098 statim,

1141 1114 1217 1140 fixum
1233 1118 1368 1146 ratumque
1379 1113 1422 1138 sit.
1438 1112 1559 1143 Benedic,
1575 1112 1685 1139 Domine
1700 1121 1707 1138 :
1727 1113 1784 1138 veni
1798 1112 1879 1138 Christe

1141 1156 1213 1191 Jcsu.
1260 1175 1264 1178 ι

1175 1200 1231 1234 Ego
1245 1200 1387 1234 Perpetuus
1401 1200 1426 1226 in
1439 1201 1540 1227 nomine
1554 1205 1608 1232 tuo,
1621 1201 1716 1227 Amen.

1177 1591 1277 1617 Clarior
1286 1595 1314 1617 at
1326 1598 1370 1617 sua
1381 1591 1441 1617 dum
1454 1589 1610 1623 pauperibus
1626 1588 1730 1615 tribuit.

1144 1635 1194 1661 Sed
1208 1641 1289 1668 neque
1299 1634 1408 1660 Martino
1417 1634 1465 1660 soli
1482 1637 1531 1659 tam
1546 1632 1644 1666 grande
1657 1631 1802 1665 sepulcrm

1177 1678 1338 1709 Construxit,
1353 1677 1478 1704 tumulum
1490 1676 1551 1703 fecit
1562 1680 1589 1702 et
1603 1682 1662 1702 esse
1672 1682 1760 1702 suum.

1145 1721 1177 1748 Et
1189 1721 1250 1747 licet
1263 1727 1323 1747 ante
1336 1721 1416 1754 pedes
1426 1720 1530 1747 Martini
1544 1714 1750 1749 contumuletur.

1180 1765 1207 1790 In
1220 1765 1287 1790 coelo
1297 1764 1374 1790 simili
1385 1764 1478 1797 gaudet
1491 1768 1598 1796 uterque
1610 1764 1685 1790 loco.
1819 1796 1821 1798 η

1146 1807 1254 1841 Respice
1264 1808 1296 1834 de
1310 1808 1408 1840 superis
1423 1814 1500 1841 super
1509 1807 1569 1838 hoc,
1580 1807 1649 1833 bone
1659 1811 1762 1839 pastor,
1772 1805 1833 1836 ovili,

1180 1852 1372 1885 Perpetuusque
1382 1857 1449 1878 tuam
1462 1856 1585 1885 perpetua
1602 1844 1727 1885 patriam.

1149 2609 1199 2627 non
1216 2597 1302 2634 paucis
1315 2601 1466 2627 testimoniis
1478 2600 1544 2626 sicut
1558 2601 1733 2628 Maximianus
1741 2597 1894 2631 irridentes:

1149 2647 1232 2676 liul‘ﬂl,
1246 2645 1289 2671 sed
1300 2645 1410 2678 copiosis
1421 2649 1471 2670 tam
1484 2644 1583 2672 Veteris
1591 2637 1874 2680 'l‘estamentiquatbIl
1888 2641 1892 2671 ἐ

1148 2688 1306 2720 approbavit,
1318 2692 1343 2713 et
1356 2687 1443 2713 libello
1457 2687 1546 2714 edidit.

1694 2697 1896 3094 Δ
