3818 6226
90 290 160 344 757
877 287 1198 348 LIBELLUS
1234 289 1501 343 CONTRA
1537 288 1918 345 MAXIMINUM
1957 287 2276 346 ARIANUM.

3065 291 3168 346 758

88 397 3125 425 mw

622 478 1587 652 CEREALI'S

1651 493 2528 636 EPISCOPI

383 719 843 800 CONTRA
895 721 1593 803 MAXIMINUM
1640 723 2172 804 ARIANUM
2223 726 2788 808 LIBELLUS.

553 980 1010 1034 INTRODUCTIO.

123 1067 230 1117 Cum
255 1065 614 1134 Carthaginem
643 1067 874 1120 Cerealis
917 1076 1110 1120 sanctae
1138 1069 1406 1121 catholicae
1435 1068 1550 1121 ﬁdei

75 1151 358 1204 Castellensis
385 1153 659 1220 cpiscopus
681 1156 837 1219 venit,
884 1164 936 1208 et
962 1157 1076 1221 quia
1108 1157 1323 1209 vicinior
1349 1170 1426 1210 est
1453 1158 1552 1221 illis

72 1240 319 1292 civitatibus
355 1254 473 1306 quae
501 1240 592 1292 Dei
627 1241 803 1296 furore
842 1244 1163 1307 inarserunt,
1208 1245 1405 1313 regales
1443 1246 1555 1312 pul-

71 1328 173 1377 savit
195 1341 334 1380 aures
352 1327 468 1394 ejus
496 1328 769 1385 adventus.
799 1329 863 1382 Et
894 1345 1009 1384 eum
1034 1333 1098 1383 ab
1119 1345 1183 1384 eo
1203 1333 1550 1399 requirerent,

69 1417 218 1481 quibus
241 1426 347 1469 erat
371 1417 678 1483 injunctuin,
701 1419 742 1472 si
768 1435 887 1473 vera
908 1421 1009 1472 sint
1035 1410 1150 1488 quae
1173 1422 1548 1489 famajactavit,

71 1520 118 1555 ex
135 1506 297 1558 ordine
323 1521 440 1559 cum
470 1515 759 1571 enarraret,
786 1509 1092 1562 Maximinus
1114 1511 1551 1563 Ariomanitarum

69 1595 301 1661 episcopus
329 1596 650 1661 supervenit,
680 1604 732 1648 et
760 1596 830 1647 ait
857 1597 1102 1662 episeopo
1130 1598 1330 1650 Cereali
1353 1616 1364 1650 :
1397 1598 1552 1650 Vide-

70 1683 119 1731 tis
139 1697 236 1748 quae
264 1693 434 1736 vestra
465 1683 662 1736 faciunt
707 1693 912 1751 peccata
937 1688 960 1736 ‘t
1008 1686 1124 1739 ideo
1151 1687 1378 1740 deseruit
1418 1688 1552 1742 Deus

71 1785 156 1822 vos.
177 1770 441 1824 Οεκειιιε.
461 1773 633 1837 Quare
659 1788 754 1826 nos
775 1773 1021 1839 deseruit,
1048 1785 1100 1829 et
1121 1793 1224 1831 non
1252 1781 1419 1844 potius
1439 1793 1563 1854 vos,

69 1859 131 1918 qui
150 1861 329 1910 animas
348 1862 446 1911 sub
460 1860 739 1913 Christiani
763 1862 986 1915 nominis
1015 1865 1150 1932 ston
1166 1865 1433 1933 jugulatis,
1457 1883 1553 1921 nec

70 1961 208 1999 veram
238 1948 385 2001 ﬁdem
418 1951 605 2004 tenetis
628 1953 649 2003 ?
674 1952 989 2006 Manmnus.
1016 1955 1071 2013 Si
1100 1970 1272 2009 veram
1301 1956 1450 2010 ﬁdem
1481 1968 1555 2010 te-

68 2038 189 2097 netis,
221 2052 503 2103 proponam
553 2041 642 2092 tibi
671 2044 983 2107 quaestiones
1031 2055 1213 2098 vestrte
1249 2046 1400 2108 ﬁdei,
1432 2056 1486 2098 ut
1510 2049 1553 2100 si

70 2137 206 2175 veram
246 2125 404 2179 habes
433 2128 610 2192 ﬁdem,
645 2130 761 2182 volo
790 2138 842 2181 ut
871 2131 934 2182 ad
964 2145 1113 2184 unam
1151 2134 1551 2200 propositionem

67 2214 392 2266 cxcludendam
417 2215 524 2267 duo
546 2217 624 2268 vel
649 2217 742 2268 tria
768 2219 1058 2271 testimonia
1081 2219 1324 2274 adducas.
1352 2221 1551 2274 Cenes-

1570 987 1620 1042 Α
1652 979 1767 1033 ideo
1795 983 1943 1049 dixit,
1963 989 2080 1054 quia
2103 989 2235 1043 alius
2270 999 2347 1042 est
2375 990 2550 1044 Filius.
2577 992 2675 1044 Sed
2701 1007 2856 1044 unum
2882 994 3170 1046 suntPater

1651 1081 1703 1122 et
1729 1071 1906 1126 Filius.
1927 1073 2104 1142 Neque
2129 1079 2264 1129 enim
2285 1077 2533 1131 dividitur
2553 1081 2704 1144 Deus,
2730 1079 2842 1131 cum
2875 1083 2983 1144 ipse
3013 1082 3168 1134 Filius

1651 1158 1824 1212 dicat:
1869 1160 1976 1229 Ego
1998 1163 2048 1214 in
2081 1162 2250 1228 Patre,
2295 1174 2339 1216 et
2385 1166 2535 1218 Pater
2563 1168 2612 1218 in
2659 1183 2733 1217 me
2771 1177 2860 1219 est.
2899 1167 3026 1232 Quia
3046 1182 3168 1220 vero

1653 1260 1755 1299 non
1786 1248 1950 1299 solum
1980 1264 2135 1302 unum
2179 1262 2298 1312 sunt
2328 1251 2479 1304 Pater
2505 1262 2557 1305 et
2589 1252 2745 1304 Filius
2777 1253 2949 1306 addito
2979 1254 3169 1320 Spiritu

1651 1343 1849 1399 sancto,
1877 1337 2055 1389 subter
2083 1338 2240 1390 habes
2267 1339 2698 1404 demonstratum,
2721 1357 2881 1394 unum
2911 1353 3081 1396 autem
3109 1345 3170 1394 ad

1651 1423 1950 1475 societatem
1976 1426 2196 1487 pertinet
2237 1426 2401 1478 Patris
2443 1439 2494 1482 et
2542 1429 2676 1490 Filii,
2709 1444 2866 1482 unum
2903 1439 3074 1482 autem
3109 1432 3172 1482 ad

1651 1511 1815 1563 solum
1851 1512 2121 1566 Dominum
2151 1513 2391 1579 pertinet,
2415 1515 2532 1582 quia
2555 1526 2606 1569 et
2630 1516 2798 1587 Pater,
2833 1527 2883 1571 et
2911 1518 3091 1580 Filius,
3122 1530 3171 1572 et

1653 1599 1876 1665 Spiritus
1904 1612 2131 1655 sanctus.
2167 1603 2291 1655 Item
2333 1604 2442 1670 ipse
2480 1604 2727 1656 Dominus
2774 1607 2824 1656 in
2856 1605 3134 1672 Evangelio
3157 1647 3170 1668 ,

1656 1688 1837 1740 Omnia
1856 1705 1966 1757 quae
1989 1691 2132 1742 habet
2165 1690 2335 1755 Pater,
2365 1707 2474 1744 mea
2503 1703 2631 1745 sunt.
2651 1693 2773 1746 Item
2805 1694 2914 1759 ipse
2933 1691 3094 1745 Filius
3124 1694 3172 1744 in

1654 1777 1928 1844 Evangelio
1969 1777 2034 1830 ad
2070 1777 2274 1830 Patrem
2302 1777 2457 1831 dicit:
2494 1779 2672 1830 Omnia
2716 1794 2824 1829 mea
2853 1788 2942 1830 tua
2969 1787 3101 1838 sunt,
3129 1789 3172 1829 et

1653 1873 1739 1914 tua
1759 1864 1923 1913 omnia
1945 1879 2051 1916 mea
2078 1875 2211 1917 sunt.
2243 1865 2304 1918 Et
2347 1866 2532 1919 iterum
2563 1882 2573 1914 :
2617 1865 2713 1928 Qui
2746 1881 2842 1916 non
2883 1866 3172 1930 honoriﬁcat

1651 1948 1862 2013 Filium,
1894 1967 1991 2003 non
2014 1951 2308 2017 honori/icat
2343 1951 2567 2004 Patrem.
2621 1952 2745 2004 Item
2775 1951 2825 2004 in
2854 1951 3170 2018 Evangelio:

1655 2039 1752 2102 Qui
1777 2053 1853 2090 me
1881 2041 2005 2100 odit,
2032 2050 2077 2090 et
2106 2039 2312 2100 Patrem
2339 2057 2494 2093 meum
2517 2042 2640 2092 odit.
2678 2041 2800 2093 Item
2849 2041 2898 2092 in
2947 2039 3169 2105 Epistola

1650 2127 1892 2180 Joannis:
1919 2129 2017 2192 Qui
2033 2115 2179 2198 negat
2210 2128 2419 2190 Filium,
2448 2147 2534 2182 nec
2563 2130 2761 2184 Patrem
2784 2131 2925 2181 Ιιιώιί
2944 2147 2962 2194 ;
2983 2129 3068 2181 sed
3092 2133 3178 2196 qui

1653 2218 1912 2282 conﬁtetur
1943 2216 2149 2282 Filium,
2178 2228 2225 2270 et
2256 2218 2444 2271 Filium
2461 2219 2613 2282 habet
2646 2229 2691 2272 et
2722 2219 2940 2271 Patrem.
2975 2217 3096 2271 Item
3121 2217 3172 2269 in

71 2310 144 2347 Lis.
170 2298 269 2350 Non
299 2299 402 2352 duo
424 2302 506 2354 vel
538 2303 658 2366 tria,
678 2303 767 2357 sed
799 2305 941 2373 plura
964 2306 1213 2361 adducam
1239 2309 1548 2362 testimonia.
1584 2304 1625 2360 Β
1655 2303 1966 2366 Salomone:
2010 2305 2258 2371 Splendor
2297 2315 2368 2356 est
2413 2278 2535 2357 tticis
2576 2315 2800 2369 teter-nar,
2833 2315 2877 2356 et
2925 2305 3178 2372 speculum

69 2381 331 2440 Mittimus.
367 2387 546 2441 Primo
575 2389 704 2443 doce
732 2408 745 2443 :

120 2491 228 2559 Quia
252 2493 463 2559 aqualis
489 2504 559 2546 est
593 2495 735 2548 Patri
766 2497 954 2550 Filius.

117 2558 415 2634 (lemnitate;
443 2565 564 2630 quia
592 2580 719 2615 unus
745 2575 812 2617 est
845 2567 979 2618 Deus
1015 2565 1192 2630 Pater,
1223 2579 1267 2620 et
1294 2567 1340 2618 F
1344 2570 1478 2634 ilius,
1506 2581 1550 2622 et

173 2627 378 2694 Spiritus
403 2627 630 2683 sanctus.

120 2693 353 2754 Quomodo
385 2696 546 2749 Pater
573 2699 758 2750 miserit
794 2697 1003 2756 Filium.

119 2763 352 2822 Quomodo
389 2764 548 2823 Pater
575 2768 809 2884 elariﬁcet
839 2768 1045 2822 Filium.

119 2828 228 2884 Quia
253 2835 565 2884 omnipotens
595 2844 662 2884 est
745 2838 878 2884 ilius.

119 2828 228 2900 Quia
253 2835 565 2900 omnipotens
595 2844 662 2886 est
697 2828 878 2888 Filius.

118 2899 259 2980 Quare
296 2899 423 2952 dixit
456 2899 658 2980 Filiig:
693 2903 1124 2980 Palcruninjor'tne
1160 2918 1251 2962 est.
1290 2909 1373 2964 Vel
1402 2929 1553 2980 quare

169 2968 340 3018 dictant
357 2985 375 3020 :
402 2971 543 3028 quod
578 2971 723 3022 Pater
745 2968 955 3026 tradidit'
971 2974 1016 3025 F
1021 2979 1177 3028 ilium.

115 3030 178 3102 De
199 3036 344 3086 libera
376 3036 510 3087 Filii
538 3048 793 3102 potestate.

114 3098 274 3179 Contra
293 3105 346 3180 id
363 3098 694 3184 quod'tticu-nt
710 3123 728 3157 :
751 3110 1021 3164 Auctarest
1040 3116 1125 3181 qui
1148 3125 1364 3184 generat,
1391 3117 1552 3170 vident

173 3169 463 3234 principium
496 3171 661 3233 Patri,
693 3183 791 3226 etc.

112 3233 270 3316 Contra
290 3233 341 3288 id
364 3238 504 3304 quod
543 3241 709 3291 dicunt
739 3256 758 3293 :
789 3241 990 3297 Patrem
1034 3247 1296 3316 imperasse
1327 3248 1459 3315 Filio
1499 3263 1550 3304 ut

174 3307 342 3368 faceret
362 3318 671 3361 creaturam.

114 3372 223 3433 Quia
251 3374 384 3426 Deus
411 3387 487 3427 est
524 3377 740 3441 Spiritus
765 3387 983 3431 sanctus.

112 3441 222 3510 Quia
248 3453 440 3494 creator
456 3453 535 3495 est
563 3443 778 3510 Spiritus
799 3459 1017 3503 sanctus.

113 3509 221 3581 Quia
242 3511 528 3577 viviﬁcator
556 3509 624 3564 est
655 3512 871 3581 Spiritus
904 3528 1123 3571 sanctus.

112 3575 235 3679 Qui?”
250 3588 296 3656 et
324 3575 433 3679 ipse
485 3575 707 3647 propria}
745 3587 994 3650 potestatis
1039 3598 1110 3639 est
1137 3599 1178 3641 et
1205 3590 1463 3641 voluntatis
1502 3600 1548 3642 et
1576 3619 1619 3679 α

167 3647 289 3695 omni
292 3657 471 3708 potens
482 3689 496 3699 .

109 3709 169 3763 De
189 3711 428 3766 Trinitate
456 3715 542 3766 vel
566 3719 772 3770 unitate.

109 3779 220 3841 Quia
239 3782 512 3834 invisibilis
541 3794 610 3833 est
636 3783 816 3837 Filius.

107 3846 268 3900 Contra
287 3851 340 3900 id
361 3850 518 3923 quod
543 3851 710 3923 dicunt
732 3868 748 3902 :
782 3855 859 3905 Ea:
890 3855 1036 3907 Putre
1064 3857 1266 3919 Filium,
1293 3868 1337 3908 et
1360 3859 1552 3923 Spiritu

160 3927 321 3968 sancto
349 3921 489 3983 facta
531 3920 714 3969 omnia.

109 3983 272 4055 Cotyra
298 3986 352 4035 id
393 3985 538 4055 quod
566 3985 768 4037 dicunt:
802 3989 963 4048 Quare
993 3992 1127 4055 prius
1159 3990 1329 4055 Pater,
1381 3993 1557 4043 deinde

167 4047 324 4102 Filius
356 4047 673 4102 nominatur.

107 4116 266 4169 Contra
286 4121 338 4170 id
351 4119 492 4187 quod
517 4119 722 4172 dicunt:
744 4120 886 4183 Quod
907 4121 1268 4195 Patersubjecit
1282 4127 1357 4178 illi
1373 4129 1551 4180 omnia.

481 4224 726 4278 INCIPIT
765 4227 1102 4285 LIBELLUS.

565 4327 729 4367 CAPUT
768 4332 979 4371 PRIMUM.

106 4422 363 4480 Crassus.
393 4424 537 4492 Quia
565 4426 780 4492 aequalis
811 4438 890 4480 est
920 4429 1052 4481 Patri
1083 4431 1264 4495 Filius,
1297 4433 1372 4486 sic
1409 4433 1560 4487 docet

57 4517 283 4578 apostolus
311 4517 510 4569 Paulus
541 4513 721 4567 dicens
753 4531 765 4567 :
822 4516 931 4568 Hoc
961 4520 1130 4571 sentite
1172 4521 1221 4570 in
1249 4521 1398 4584 vobis,
1429 4523 1560 4588 quod

55 4611 88 4647 et
113 4602 153 4650 in
180 4601 370 4656 Christo
418 4603 582 4664 Iesu,
616 4603 699 4669 qui
727 4619 837 4653 cum
884 4609 933 4654 in
973 4608 1133 4670 forma
1165 4607 1254 4657 Dei
1282 4619 1433 4671 esset,
1463 4624 1560 4660 non

54 4691 245 4752 rapinam
263 4693 548 4744 arbitratus
574 4699 644 4740 est
662 4706 764 4742 esse
787 4707 836 4742 se
862 4691 1099 4758 wqualem
1121 4692 1225 4744 Deo
1237 4678 1262 4760 ’(
1275 4693 1458 4762 Philip.
1482 4695 1556 4762 η).

55 4775 127 4837 Qui
151 4789 225 4831 est
250 4782 300 4832 in
334 4783 511 4834 forma
551 4781 640 4832 Dci
668 4781 852 4843 Patris,
887 4797 987 4832 non
1029 4792 1197 4846 potest
1228 4797 1343 4834 esse
1372 4785 1556 4846 minor,

53 4866 118 4928 qui
146 4883 237 4920 non
259 4872 432 4937 rapuit
451 4869 602 4937 quod
632 4885 733 4920 non
765 4869 956 4932 habuit,
981 4872 1095 4936 quia
1126 4871 1176 4921 in
1206 4871 1368 4923 forma
1396 4870 1557 4922 Patris

54 4966 225 5019 Semper
272 4959 390 5009 fuit.
425 4959 485 5009 In
522 4957 809 5022 Evangi-Iio
857 4957 1084 5010 Joannes
1124 4959 1239 5010 ait:
1291 4959 1558 5025 Propterea

53 5044 188 5099 Judaei
209 5050 429 5102 colebant
453 5065 578 5100 eum
596 5049 894 5113 interﬁcere,
915 5052 1031 5116 quia
1053 5066 1147 5101 non
1169 5051 1326 5101 solum
1347 5050 1561 5101 solvebat

54 5137 293 5203 sabbatum,
314 5141 400 5190 sed
426 5149 476 5189 et
514 5135 724 5186 Patrem
752 5154 895 5189 suum
917 5141 1103 5190 dicebat
1124 5137 1300 5197 Deum,
1325 5139 1561 5205 a’qualem

55 5240 90 5273 re
118 5229 284 5294 faciens
315 5227 426 5279 Deo
478 5225 662 5293 (Joan.
698 5225 766 5288 v).
801 5227 924 5277 Item
973 5229 1080 5292 ipse
1111 5229 1354 5279 Dominus
1393 5229 1557 5278 dixit:

57 5314 134 5374 Qui
158 5332 227 5369 me
251 5318 402 5378 videt,
421 5314 564 5366 videt
593 5321 638 5362 et
663 5309 880 5362 Patrem.
909 5313 1030 5364 Item
1057 5316 1103 5365 in
1132 5315 1405 5382 Evangelia
1425 5330 1437 5364 :
1457 5314 1560 5380 Ego

56 5412 84 5448 n
107 5400 238 5456 Pater
263 5418 420 5455 unum
450 5415 652 5452 sumus.
683 5397 773 5448 Hic
796 5413 949 5448 unum
983 5414 1074 5464 pro
1097 5403 1383 5466 mqualitate
1411 5389 1557 5461 dixit,

55 5493 146 5554 quia
187 5492 408 5563 aequales
437 5495 612 5551 sunt,
645 5485 731 5552 qui
763 5500 917 5538 unum
967 5494 1105 5539 sunt.
1160 5492 1349 5541 Sumus
1391 5497 1558 5539 autem

1652 2393 1757 2444 sine
1789 2393 1980 2444 macula
2025 2391 2116 2446 Dei
2146 2394 2444 2459 majestatis,
2475 2405 2543 2458 et.
2573 2395 2734 2462 imago
2770 2393 2996 2446 bonitatis
3041 2393 3174 2448 illius

1655 2480 1808 2547 (Sap.
1841 2481 1954 2548 vn).
1991 2481 2097 2533 Hoc
2123 2482 2189 2535 de
2223 2482 2350 2535 Filio
2399 2483 2538 2556 dicit.
2589 2482 2715 2534 Item
2769 2482 2820 2534 in
2864 2482 3171 2548 Evangelio:

1655 2570 1794 2624 Sicut
1823 2571 1964 2622 habet
1993 2569 2144 2623 Pater
2164 2574 2312 2622 vitam
2340 2573 2388 2623 ia
2419 2573 2697 2640 semetipso,
2723 2573 2791 2623 sic
2809 2573 2941 2623 dedit
2965 2580 3012 2623 et
3040 2569 3173 2622 Filio

1653 2657 1831 2710 habere
1850 2661 1999 2710 vitam
2027 2660 2075 2710 in
2102 2661 2378 2726 semetipso.
2409 2660 2552 2724 Quod
2591 2668 2761 2712 autem
2795 2659 2956 2720 dicit,
3005 2658 3169 2719 dedit.

1654 2747 1834 2814 genuit
1865 2747 2186 2814 intelligitur.
2217 2751 2317 2799 Aut
2343 2748 2384 2800 si
2416 2756 2590 2813 postea
2622 2746 2932 2798 dc-ditvitam
2957 2746 3060 2810 jam
3085 2759 3169 2811 ge-

1654 2837 1759 2887 nito
1785 2835 1914 2887 Filio
1957 2834 2129 2897 Pater,
2181 2849 2302 2901 ergo
2327 2836 2528 2907 genitus
2574 2832 2731 2883 Filius
2762 2833 2871 2883 sine
2909 2834 3009 2881 vita
3037 2839 3165 2883 erat.

1654 2925 1717 2975 Et
1742 2921 2000 2989 quomodo
2045 2922 2167 2974 dicit
2199 2924 2305 2989 ipse
2331 2922 2380 2974 in
2429 2919 2744 2985 Evangelio:
2778 2917 2881 2986 Ego
2925 2935 3030 2970 sum
3063 2921 3168 2980 via,

1651 3015 1856 3074 veritas,
1895 3020 1941 3065 et
1962 3012 2099 3064 vita?
2128 3011 2253 3064 Item
2284 3010 2347 3063 ad
2378 3009 2623 3063 Hebrteos
2674 3009 2747 3060 sic
2775 3009 2840 3060 de
2871 3008 2997 3060 Filio
3046 3008 3171 3061 dicit

1652 3101 1960 3166 Apostolus:
1997 3100 2094 3163 Qui
2133 3115 2243 3150 cum
2281 3099 2372 3164 sit,
2404 3099 2588 3165 inquit,
2619 3098 2850 3165 splendor
2885 3098 3084 3166 gloriae,
3124 3107 3167 3148 et

1651 3187 1812 3252 ﬁgura
1836 3185 2119 3237 substantia
2143 3188 2269 3251 ejus,
2307 3201 2477 3252 gerens
2503 3200 2696 3251 quoque
2717 3185 2881 3235 omnia
2911 3183 3051 3234 verba
3072 3184 3168 3234 vir-

1651 3273 1763 3323 tutis
1785 3288 1889 3324 sute
1909 3271 2087 3350 (IIKbr.
2108 3272 2165 3341 t).
2191 3273 2321 3337 Ergo
2343 3273 2585 3338 Splendor
2601 3272 2791 3337 gloriae,
2807 3270 3027 3337 etﬁgura
3048 3269 3167 3321 sub-

1649 3356 1851 3413 stantia:
1877 3358 2038 3426 ipsius
2067 3368 2239 3412 teneat
2266 3359 2612 3424 splendorem,
2651 3357 2698 3410 id
2731 3365 2828 3417 est,
2860 3358 3166 3410 veritatem?

1653 3447 1838 3515 Figura
1868 3458 2036 3500 autem
2061 3448 2152 3500 Dei
2177 3449 2442 3515 mqualitas
2467 3447 2651 3499 dicitur
2678 3445 2788 3499 Dei.
2811 3445 2936 3501 Item
2963 3454 3166 3513 aposto-

1651 3537 1730 3589 lus
1756 3536 1942 3589 Paulus
1967 3536 2030 3587 ad
2053 3535 2387 3588 Coloswnses
2416 3537 2478 3587 de
2502 3535 2628 3587 Filio
2650 3534 2771 3587 dicit
2803 3550 2816 3586 :
2851 3533 2915 3585 In
2954 3533 3062 3600 ipso
3092 3535 3162 3584 in-

1649 3625 1848 3688 habitat,
1867 3625 2049 3692 inquit,
2067 3629 2223 3675 omnis
2240 3625 2493 3692 plenitudo
2521 3623 2802 3674 Divinitatis
2823 3623 3162 3688 corporaliter.

1651 3712 1704 3764 Si
1735 3713 1784 3762 in
1809 3712 2013 3762 Christo
2043 3712 2237 3763 habitat
2276 3713 2442 3763 omnis
2482 3711 2742 3778 plenitudo
2784 3708 3091 3770 Divinitatis,
3119 3718 3171 3760 et

1654 3799 1909 3865 quomodo
1938 3801 2105 3851 minor
2130 3809 2204 3851 est
2234 3800 2372 3850 Flius
2401 3801 2420 3848 ?

2247 3947 2250 3950 _
2284 3900 2446 3937 CAPUT
2485 3900 2541 3935 tl-

1721 3975 1867 4041 Quod
1895 3989 2026 4027 unus
2063 3975 2196 4026 Deus
2233 3973 2401 4033 Pater,
2426 3982 2476 4025 et
2501 3971 2678 4032 Filius,
2728 3980 2780 4025 et
2804 3970 3030 4038 Spiritus
3051 3985 3168 4044 san-

1655 4072 1788 4122 ctus,
1818 4063 1893 4114 sic
1915 4066 2146 4113 docetur.
2181 4060 2291 4125 Ipse
2323 4062 2569 4112 tlominus
2596 4063 2642 4111 in
2683 4060 2979 4126 legedicit:
3019 4061 3168 4123 Audi,

1657 4147 1836 4211 Israel,
1871 4149 2108 4198 Dominus
2141 4147 2268 4197 Deus
2291 4155 2400 4196 tuus
2431 4146 2564 4197 Deus
2593 4164 2719 4197 unus
2745 4156 2833 4198 est.
2862 4147 2926 4199 Et
2950 4149 3170 4212 Aposto-

1655 4235 1734 4287 lus
1763 4235 1888 4285 dicit
1918 4251 1929 4284 :
1955 4232 2138 4284 Nullus
2167 4242 2233 4284 est
2267 4232 2422 4296 Deus,
2448 4233 2542 4284 nisi
2569 4247 2712 4282 unus.
2739 4232 2861 4284 Item
2887 4233 2996 4299 ipse
3017 4232 3169 4284 dicit:

1656 4340 1782 4376 unus
1809 4322 2093 4386 Deus,'una
2122 4322 2262 4388 fides,
2293 4338 2445 4372 unum
2473 4323 2714 4389 baptisma
2746 4320 2900 4390 (Eph.
2933 4321 3024 4390 tv).
3045 4320 3170 4382 Item

1656 4414 1918 4480 apostolus
1937 4412 2157 4465 Jacobus
2186 4411 2335 4463 dicit:
2367 4409 2437 4460 Tu
2465 4412 2620 4462 credis
2639 4411 2756 4476 quia
2779 4426 2904 4462 unus
2925 4419 2995 4461 est
3018 4409 3170 4472 Deus,

1658 4501 1778 4553 bene
1807 4504 1959 4567 facts;
1987 4508 2031 4549 et
2054 4500 2297 4550 dwmones
2333 4500 2536 4549 credunt
2561 4508 2613 4548 et-
2636 4499 3009 4551 contremiscunt
3036 4497 3170 4564 (Jac.

1659 4587 1735 4655 tt).
1763 4588 1901 4639 Hanc
1928 4586 2077 4637 ﬁdem
2106 4586 2508 4636 contremiscunt
2535 4584 2795 4637 daemones
2815 4600 2965 4651 quam
2996 4598 3168 4635 verant

1660 4691 1776 4728 esse
1803 4675 2093 4725 noluerunt.
2121 4673 2229 4736 Ipse
2254 4672 2494 4724 Dominus
2523 4674 2677 4725 dicit:
2730 4672 2832 4740 Ego
2857 4689 2966 4724 sum
2999 4671 3132 4723 Deus

1660 4771 1704 4813 et
1736 4778 1829 4812 non
1852 4771 1920 4813 est
1945 4761 2074 4810 alius
2095 4771 2269 4826 pt'tBlet'
2290 4777 2384 4812 me.
2413 4760 2536 4813 Item
2565 4762 2612 4812 in
2641 4761 2825 4828 psalm.
2854 4775 3023 4812 xxvn:
3057 4760 3176 4823 Quis

1665 4848 1797 4899 Deus
1825 4855 2001 4914 praeter
2030 4846 2292 4898 Dominum
2311 4889 2324 4910 ,
2355 4859 2438 4899 aut
2467 4852 2574 4915 quis
2626 4849 2758 4900 Deus
2810 4861 2988 4915 prwter
3017 4850 3177 4900 Deum

1583 4924 1632 4982 D
1661 4937 1919 4987 nostrum?
1947 4935 2009 4986 Et
2035 4935 2128 5002 ipsi
2157 4936 2463 4989 conﬁtentur
2493 4938 2608 5002 quia
2640 4948 2690 4989 et
2723 4938 2880 4990 Filius
2916 4938 3049 4990 Deus
3077 4947 3175 4988 est.

1663 5025 1948 5077 Ostendam
1969 5024 2092 5075 mihi
2123 5014 2380 5090 quomodo
2408 5041 2534 5078 unus
2565 5035 2672 5089 est,
2705 5025 2801 5076 nisi
2831 5025 2948 5090 quia
2994 5024 3175 5080 Pater.

1660 5123 1707 5167 et
1741 5113 1916 5174 Filius,
1946 5121 1998 5164 et
2029 5112 2249 5179 Spiritus
2279 5123 2482 5165 sanctus
2511 5126 2639 5164 unus
2666 5124 2764 5164 est.

2275 5236 2436 5273 CAPUT
2476 5235 2549 5271 IH.

1733 5306 1999 5371 Quomodo
2026 5307 2224 5358 miserit
2246 5308 2395 5359 Pater
2426 5309 2632 5370 Filium,
2652 5307 2724 5359 sic
2752 5304 3178 5358 doceturzlllissio

1667 5397 1778 5449 Filii
1811 5400 2088 5447 incarnatio
2117 5405 2196 5447 est
2226 5395 2371 5457 Filii;
2414 5396 2718 5447 testiﬁcatur
2759 5393 3019 5458 apostolus
3045 5393 3174 5443 Pau-

1671 5488 1748 5538 lus
1774 5495 1822 5538 et
1868 5483 1981 5550 quis
2012 5483 2195 5535 missus
2239 5484 2332 5546 sit,
2380 5494 2550 5535 utrum
2591 5483 2745 5534 Filius
2776 5479 2892 5542 Dei,
2930 5493 2992 5532 an
3024 5473 3180 5532 Filius
