3818 6226
604 219 710 274 759

1563 208 1884 262 CEREALIS
1922 203 2404 260 CASTELLENSIS
2443 206 2736 262 EPISCOPI

3659 217 3736 271 760

610 323 867 388 hominis,
887 324 1062 377 diccus
1094 340 1106 372 :
1141 321 1274 373 Misit
1296 320 1427 372 Deus
1457 315 1642 369 Filium
1664 334 1831 378 suum,
1861 319 2050 383 factum
2072 299 2133 366 ea:
2167 317 2207 370 Δ
2239 315 2360 368 liens
2393 333 2423 368 a
2450 319 2701 386 regalibus
2737 318 2935 372 sedibus
2979 321 3079 374 tuis
3104 363 3116 380 .
3150 322 3202 374 in
3231 324 3444 376 mediam
3487 329 3735 380 externunii

609 383 1035 480 mulierejactuut
1055 413 1142 461 sub
1165 412 1285 479 lege,
1316 417 1369 459 ut
1396 423 1478 460 eos
1507 408 1588 475 qui
1619 406 1708 457 sub
1738 407 1842 474 lege
1868 414 2011 458 erant
2053 419 2125 455 re-

610 501 812 551 dimeret
835 497 967 566 (Gal.
1000 496 1091 565 tv).
1118 497 1250 562 Ergo
1264 495 1349 562 qui
1373 509 1433 547 es
1457 495 1670 548 muliere
1698 493 1863 545 fat-tus
1890 501 1991 555 est,
2023 493 2134 558 ipse

610 591 794 640 missus
820 586 905 653 qui
926 595 1024 649 est,
1055 587 1210 638 etiam
1239 587 1336 636 sub
1364 586 1478 652 lege
1509 583 1602 636 fuit
1621 625 1636 648 ,
1664 585 1802 636 sicut
1826 584 1989 645 dixit;
2014 598 2129 633 nam

611 677 746 728 Deus
773 674 1006 727 condidit
1035 673 1217 740 legem.
1275 673 1399 724 Item
1441 672 1552 738 ipse
1590 672 1855 738 apostolus
1900 671 2023 722 dicit
2069 673 2132 722 de

607 764 839 817 Christo:
871 761 1201 828 Semetipsum
1218 761 1484 812 exinanirit
1505 763 1717 827 [ormam
1738 761 1861 811 servi
1879 760 2126 827 accipiens

607 849 828 918 (Philip.
858 851 937 915 ιι).
970 850 1183 914 Quando
1207 849 1544 911 semetipsum
1575 847 1878 910 exinanivit,
1903 857 2024 899 tunc
2051 863 2133 899 se-

609 938 882 1004 metipsum
911 937 1078 998 misit;
1111 950 1228 988 nam
1260 945 1310 988 et
1342 937 1452 1000 ipse
1494 935 1653 986 Filius
1699 935 1855 1006 dicit:
1896 933 2002 1000 Ego
2029 933 2136 984 veni

605 1040 822 1093 querere
849 1035 892 1077 et
910 1027 1097 1078 salvere
1114 1023 1246 1092 quod
1268 1024 1506 1091 perierat.
1538 1022 1628 1072 Ilic
1647 1036 1749 1073 non
1781 1020 1923 1082 dicit,
1949 1021 2137 1071 missus

606 1127 718 1166 sum
740 1153 754 1175 ,
785 1113 876 1166 sed
906 1113 1031 1165 veni.
1061 1111 1188 1162 Nam
1215 1119 1267 1161 et
1295 1109 1517 1174 Spiritus
1565 1116 1775 1160 sanctus
1817 1109 1957 1158 misit
1991 1121 2132 1167 eum,

606 1196 744 1256 sicut
770 1203 1048 1269 scriptam,
1077 1200 1190 1265 ipso
1218 1199 1457 1262 docente,
1495 1206 1573 1250 est
1609 1197 1658 1249 in
1691 1197 1814 1248 Isaia
1846 1197 2092 1261 prepheta
2120 1212 2133 1248 :

610 1290 674 1341 Et
715 1306 872 1355 nunc,
905 1291 1096 1358 inquit,
1127 1287 1370 1340 Dominus
1404 1287 1535 1338 misit
1565 1302 1668 1352 me,
1701 1298 1746 1338 et
1783 1285 2000 1351 Spiritus
2030 1286 2135 1353 ejus

613 1376 762 1443 (Isai.
800 1380 998 1446 sunt).
1030 1366 1298 1430 Item‘dicit
1323 1376 1434 1442 ipse
1464 1375 1656 1428 Filius:
1688 1375 1908 1442 Spiritus
1934 1374 2136 1427 Domini

609 1482 755 1532 super
785 1481 876 1526 me,
905 1475 1105 1532 prapter
1133 1466 1265 1528 quod
1291 1463 1431 1515 unxit
1461 1479 1556 1523 me,
1584 1463 1916 1530 evangelisare
1943 1479 2136 1530 paupe-

609 1553 743 1607 ribus
770 1554 897 1605 misit
936 1568 1029 1616 me,
1076 1563 1175 1607 etc.
1211 1551 1348 1618 Ergo
1371 1552 1536 1618 major
1561 1559 1636 1602 est
1664 1548 1885 1616 Spiritus
1929 1563 2137 1606 sanctus

2234 411 2417 454 terram
2463 406 2705 471 prosilivit
2743 405 2904 474 (Sap.
2949 411 3123 473 xvnt).
3157 410 3294 476 Ergo
3327 421 3378 463 et
3424 426 3512 462 rex
3555 423 3634 465 est
3661 417 3732 480 qui

2234 495 2436 558 regales
2463 493 2662 545 obtinet
2685 495 2856 547 sedes.
2889 495 3015 548 Item
3043 499 3093 548 in
3123 499 3466 565 Apocalypsi:
3498 499 3615 550 Hice
3630 503 3732 551 dicit

2235 575 2397 628 Filius
2449 577 2561 640 Dei,
2612 581 2812 646 qui‘est
2860 583 3036 650 et.qui
3090 584 3183 650 fuit
3214 569 3731 650 .omuipotens'Deus,

2234 664 2288 717 In
2317 668 2628 734 Evangelio:
2662 669 2842 721 Omnia
2865 687 3168 738 quiscunque
3192 672 3341 743 Pater
3372 674 3522 740 facit,
3565 676 3662 726 lia-c
3697 690 3732 727 et

2234 753 2401 806 Filius
2444 756 2674 808 similiter
2715 759 2834 824 facit
2862 757 3044 826 (Joan.
3075 760 3156 828 ν).
3195 748 3320 813 Item
3348 763 3397 814 in
3439 761 3727 830 Evangelia:

2235 842 2377 895 Sicut
2409 842 2557 895 Pater
2582 846 2787 898 suscitat
2807 857 3024 901 mortuos
3041 849 3094 901 el
3108 850 3342 916 t'ivi/icat,
3365 851 3436 901 sic
3455 849 3503 902 Γ
3505 853 3615 904 ilius
3631 869 3726 917 ques

2234 929 2336 981 vult
2362 932 2591 996 viui/irai.
2638 933 2691 986 In
2721 934 2845 987 Isaia
2874 935 3032 989 Filius
3077 937 3202 989 dicit
3231 953 3242 988 :
3277 935 3406 989 Ecce
3447 955 3533 1005 ego
3561 942 3726 990 mittam

2234 1032 2435 1068 manum
2461 1034 2621 1070 meam
2645 1036 2794 1086 super
2818 1038 2901 1074 uos
2927 1031 2974 1074 et
2999 1024 3415 1089 depraedabantur
3449 1026 3531 1089 qui
3558 1028 3726 1093 deprcs-

2234 1107 2471 1159 dauerunt
2494 1123 2596 1171 vos,
2623 1118 2667 1162 et
2693 1111 2853 1163 scietis
2875 1114 2992 1179 quia
3021 1113 3262 1166 Dominus
3283 1117 3588 1184 omnipotens
3617 1134 3725 1181 sum,

2234 1203 2278 1245 et
2296 1198 2380 1262 qui
2395 1198 2524 1248 misit
2552 1213 2627 1250 me
2657 1194 2902 1251 Dominus
2929 1202 3236 1268 omnipotens
3263 1213 3351 1257 est.

2302 1285 2552 1340 Jeremias
2575 1287 2821 1353 propheta
2851 1288 2971 1342 dicit
2999 1307 3012 1342 :
3053 1290 3266 1360 Magnus
3291 1300 3382 1355 est,
3410 1302 3456 1345 et
3486 1310 3582 1345 non
3609 1296 3725 1345 habet

2235 1375 2403 1438 ﬁnem,
2425 1376 2647 1429 excelsus
2666 1387 2710 1432 et
2731 1365 2993 1432 immensus
3012 1378 3098 1434 hic
3121 1381 3257 1435 Deus
3278 1393 3466 1446 noster;
3486 1395 3531 1437 et
3559 1403 3646 1436 non
3669 1399 3723 1438 est

2234 1465 2380 1516 alius.
2404 1467 2465 1516 Et
2489 1476 2539 1518 ut
2565 1479 2803 1532 appareat
2829 1469 2891 1521 de
2913 1470 3122 1523 Christo
3142 1473 3265 1533 dici,
3289 1475 3549 1540 sequitur:
3576 1474 3725 1527 Postea

2235 1551 2286 1601 in
2311 1553 2450 1605 terris
2470 1555 2606 1604 visus
2632 1551 2731 1618 est,
2774 1567 2821 1607 et
2849 1573 2960 1609 cum
3007 1560 3625 1624 hominibusconversatus
3647 1578 3721 1615 est.

613 1643 740 1694 Filio
761 1685 774 1708 ,
807 1644 849 1695 si
895 1643 1060 1710 major
1100 1651 1179 1694 cst
1207 1644 1292 1709 qui
1320 1641 1477 1693 mittit
1500 1679 1512 1700 ,
1538 1642 1652 1707 quia
1681 1640 1903 1708 Spiritus
1929 1652 2134 1696 sanctus
2166 1619 2212 1676 Β
2239 1637 2362 1690 Ιιθω
2385 1641 2658 1704 Apostolus
2684 1660 2697 1694 :
2721 1643 2829 1696 Nos
2849 1655 3031 1709 autem,
3053 1646 3246 1714 inquit,
3269 1619 3591 1714 prrrdicamus
3605 1647 3722 1700 Chri-

625 1732 764 1782 misit
787 1730 969 1782 Filium
1000 1730 1113 1781 Dei.
1163 1731 1299 1782 Deus
1340 1729 1515 1795 utique
1544 1728 1735 1794 ubique
1762 1739 1858 1792 est,
1881 1721 1997 1796 quia
2025 1731 2097 1783 ait
2122 1749 2134 1782 :

610 1818 795 1870 Culum
816 1828 859 1870 et
886 1828 1071 1869 terram
1117 1832 1206 1885 ego
1253 1816 1454 1882 impleo.
1508 1815 1569 1866 Et
1598 1816 1719 1868 alibi
1747 1816 1872 1869 dicit
1902 1835 1913 1869 :
1954 1818 2140 1871 Cwlum

611 1907 729 1957 mihi
754 1905 890 1958 sedes
918 1913 1007 1968 est,
1031 1915 1160 1956 terra
1187 1913 1350 1955 autem
1380 1903 1648 1956 scabillum
1677 1905 1860 1971 pedum
1897 1922 2136 1958 meorum.

611 1993 882 2058 Quomodo
909 1993 1060 2060 igitur
1090 1993 1309 2045 mittitur
1360 1993 1555 2046 Filius?
1581 2004 1669 2046 aut
1694 1995 1954 2061 quomodo
1986 1998 2141 2050 mittit

613 2081 784 2143 Pater,
810 2083 853 2133 si
885 2083 936 2134 in
958 2081 1092 2136 caelo
1119 2090 1170 2134 et
1201 2082 1250 2134 iu
1297 2091 1428 2135 terra
1462 2084 1651 2151 ubique
1694 2101 1824 2137 unus
1852 2095 1932 2138 est
1963 2087 2140 2140 Deus?

613 2171 737 2224 Item
759 2171 876 2223 audi
908 2171 993 2224 ubi
1024 2187 1126 2224 non
1155 2172 1320 2224 solum
1354 2174 1578 2240 aequales
1607 2175 1672 2226 ab
1701 2176 2005 2242 atqualibus,
2045 2177 2136 2228 sed

617 2267 671 2313 et
697 2260 920 2326 majores
959 2261 1230 2314 mittantur
1251 2275 1276 2312 a
1303 2262 1622 2326 minoribus,
1653 2265 1784 2316 sicut
1805 2265 2020 2331 legimus
2049 2280 2140 2318 an-

611 2347 779 2414 gelum
821 2363 938 2402 esse
975 2351 1191 2403 missum
1218 2365 1245 2402 a
1278 2350 1462 2412 Tobia,
1494 2361 1544 2403 et
1576 2351 1812 2405 Christus
1844 2354 2032 2405 missus
2061 2363 2140 2406 est

611 2452 637 2485 a
667 2436 833 2489 Pilato
857 2436 922 2490 ad
947 2439 1224 2493 Ilerodem.
1250 2438 1486 2507 Nunquid
1515 2438 1802 2493 humiliavit
1825 2455 1883 2495 se
1903 2441 2136 2509 angelus,

611 2523 730 2590 quia
756 2526 982 2590 perrexit
1009 2541 1112 2592 quo
1150 2528 1337 2580 missus
1362 2537 1443 2580 est
1472 2542 1500 2579 a
1531 2528 1722 2580 Tobia?
1745 2538 1832 2580 aut
1856 2529 2140 2584 humiliavit

614 2625 674 2663 se
701 2611 958 2674 Christus,
983 2613 1068 2679 qui
1093 2627 1120 2663 a
1142 2612 1304 2665 Pilato
1332 2613 1519 2666 missus
1540 2622 1617 2667 est
1644 2616 1707 2666 ad
1734 2615 2028 2668 Herodem?
2055 2617 2139 2669 Vis

613 2699 765 2762 scire,
782 2702 898 2765 quia
923 2701 1112 2768 ubique
1132 2709 1213 2754 est
1239 2702 1422 2765 Filius,
1439 2718 1531 2755 nec
1553 2705 1728 2757 estubi
1757 2706 2004 2768 mittatur,
2021 2709 2138 2760 audi

615 2789 734 2854 quid
763 2790 888 2842 dicit
915 2792 1025 2856 ipse
1057 2791 1243 2844 Filius:
1275 2790 1434 2844 Nemo
1461 2794 1680 2846 ascendit
1716 2796 1768 2846 in
1813 2797 2010 2862 caelum,
2046 2799 2141 2850 nisi

614 2879 696 2944 qui
724 2879 973 2932 descendit
1003 2882 1063 2932 de
1083 2882 1205 2934 calo
1226 2899 1244 2946 ;
1268 2881 1434 2935 Filius
1462 2882 1693 2946 hominis,
1721 2885 1804 2952 qui
1829 2894 1897 2937 est
1921 2886 1978 2937 in
1996 2888 2133 2939 creto.

615 2967 726 3020 Non
754 2970 891 3021 enim
921 2969 1074 3037 dixit,
1101 2972 1185 3038 qui
1209 2971 1302 3024 fuit
1328 2973 1378 3024 in
1406 2973 1561 3036 (mlo,
1586 2973 1678 3026 scd
1708 2975 1793 3039 qui
1830 2982 1901 3026 est
1924 2978 1976 3028 in
1997 2977 2137 3038 ctelo,

615 3066 668 3109 nt
701 3067 872 3111 tamen
901 3060 950 3112 in
980 3069 1113 3114 terra
1161 3061 1494 3129 loquebatur;
1534 3064 1622 3116 sed
1655 3073 1707 3116 et
1736 3065 1784 3116 in
1832 3075 1969 3117 terra
2021 3075 2138 3118 tunc

617 3145 772 3198 homo
820 3146 914 3199 fuit
937 3156 989 3200 et
1019 3147 1175 3201 Deus.
1206 3149 1332 3202 Nam
1374 3151 1415 3202 si
1446 3151 1577 3203 Deus
1609 3167 1710 3204 non
1760 3152 1852 3203 fuit
1878 3154 1926 3203 in
1967 3162 2099 3206 terra
2121 3196 2134 3216 ,

616 3233 876 3299 quomodo
901 3235 1069 3302 angeli
1094 3236 1167 3289 illi
1195 3237 1574 3298 ministrabant,
1593 3240 1724 3290 sicut
1744 3239 1992 3304 scriptum
2015 3251 2094 3292 est
2123 3259 2135 3292 :

618 3320 680 3371 Et
707 3321 928 3374 discessit
958 3324 1186 3376 diabolus
1205 3365 1218 3389 ,
1264 3335 1310 3376 et
1337 3334 1568 3377 uenerunt
1590 3327 1773 3394 angeli,
1799 3339 1844 3378 et
1888 3329 2142 3380 ministra-

617 3411 729 3461 bant
755 3404 804 3462 ei'
824 3409 1000 3479 (Joan.
1027 3413 1178 3479 xvn).

1249 3515 1412 3553 CAPUT
1451 3517 1520 3552 IV.

689 3584 960 3651 Quomodo
985 3586 1234 3638 clariﬁcet
1257 3587 1406 3640 Pater
1434 3588 1639 3652 Filium,
1665 3592 1739 3643 sic
1759 3591 1989 3646 docetur.
2016 3594 2139 3647 Nam

622 3685 673 3726 et
693 3673 851 3726 Filius
875 3674 1124 3727 clariﬁcat
1144 3675 1367 3738 Patrem,
1387 3679 1518 3729 sicut
1535 3681 1783 3745 scriptum
1803 3683 1948 3735 estin
1975 3684 2142 3736 Evan-

622 3761 753 3828 gelio
781 3761 982 3815 dicente
1013 3763 1122 3828 ipso
1148 3762 1281 3815 Filio
1301 3767 1364 3814 ad
1391 3764 1592 3817 Patrem
1627 3783 1640 3817 :
1666 3765 1771 3835 Ego
1801 3776 1846 3820 te
1873 3769 2142 3836 clariﬁcatti

621 3865 769 3917 super
792 3859 992 3901 terram.
1018 3849 1205 3903 lterum
1236 3852 1346 3916 ipse
1373 3853 1529 3907 Filius
1557 3854 1681 3907 dicit
1708 3873 1718 3905 :
1753 3856 1928 3920 Pater,
1955 3857 2143 3924 clariﬁ-

623 3953 680 3990 ca
707 3937 898 3989 Filium
926 3947 1083 4003 tuum,
1113 3949 1164 3990 ut
1185 3948 1228 4015 et
1254 3937 1418 3992 Filius
1450 3951 1560 3994 tuus
1586 3945 1821 4011 clariﬁcet
1843 3956 1907 3999 te.
1943 3949 2004 3999 Et
2032 3948 2144 4015 ipse

624 4025 848 4093 Spiritus
876 4036 1083 4079 sanctus
1107 4013 1354 4080 clarificat
1377 4029 1559 4081 Filium
1577 4069 1592 4093 ,
1624 4034 1739 4098 quia
1761 4034 2006 4101 scriptum
2031 4013 2140 4088 est:

627 4112 743 4178 Ipse
769 4129 846 4164 me
873 4113 1195 4181 clariﬁcabit,
1226 4117 1344 4184 quia
1382 4118 1441 4168 de
1470 4132 1574 4168 meo
1596 4120 1834 4186 accipiet,
1860 4132 1904 4172 et
1943 4138 2142 4173 annun-

2235 1734 2384 1788 stum,
2414 1725 2507 1778 Dei
2532 1729 2780 1795 virtutem,
2813 1742 2856 1783 et
2877 1732 2969 1786 Dei
2987 1735 3298 1801 sapientiam.
3335 1736 3458 1788 Item
3488 1736 3594 1802 ipse
3629 1752 3722 1788 cum

2235 1813 2301 1866 de
2324 1813 2514 1867 ludatis
2543 1815 2800 1881 loquitur:
2827 1818 3048 1881 Quorum
3077 1830 3261 1886 patres,
3293 1817 3480 1888 inquit,
3503 1831 3545 1872 et
3567 1827 3721 1890 exqui-

2237 1901 2324 1952 bus
2346 1899 2570 1968 Christus
2611 1905 2880 1954 secundum
2917 1922 3134 1970 carnem,
3177 1909 3263 1975 qui
3310 1919 3380 1960 est
3407 1925 3554 1976 super
3584 1912 3721 1962 omnia

2236 1989 2367 2040 Deus
2387 1989 2666 2042 benedictus
2695 1992 2747 2042 in
2762 1993 2964 2044 scecula.
2989 1996 3175 2047 Amen.

2860 2098 3020 2136 CAPUT
3057 2101 3126 2137 VL

2303 2166 2474 2230 Quare
2489 2167 2675 2222 dixerit
2694 2168 2856 2222 Filius
2879 2187 2891 2220 :
2923 2170 3074 2224 Pater
3100 2175 3261 2241 major
3282 2189 3360 2226 me
3381 2184 3472 2238 est,
3496 2177 3572 2228 vel
3591 2190 3721 2243 quare

2236 2257 2430 2309 dictum
2454 2255 2524 2310 sit
2550 2257 2688 2325 quod
2715 2257 2869 2312 Pater
2881 2260 3090 2313 tradidit
3113 2260 3295 2314 Filium
3318 2277 3490 2325 suum,
3519 2264 3720 2316 docetur.

2237 2343 2494 2412 Scriptum
2526 2355 2606 2399 est
2640 2346 2692 2398 in
2725 2348 2924 2413 psalmo
2947 2388 2962 2412 ,
3007 2348 3137 2402 Filio
3188 2350 3393 2404 dicente
3415 2351 3480 2403 ad
3510 2352 3717 2404 Patrem:

2240 2433 2312 2484 De
2339 2442 2501 2486 ventre
2530 2435 2702 2488 matris
2728 2452 2848 2490 mete
2894 2436 3028 2492 Deus
3075 2455 3210 2491 meus
3229 2455 3280 2492 es
3307 2448 3363 2491 tu
3391 2438 3569 2509 (Psal.
3607 2440 3719 2503 ut).

2238 2520 2373 2587 Ergo
2400 2522 2466 2575 de
2493 2533 2675 2575 ventre
2702 2527 2882 2579 matris
2921 2535 3001 2580 est
3026 2527 3162 2580 Deus
3189 2529 3302 2594 ejus
3345 2528 3528 2592 Pater,
3558 2536 3605 2580 et
3629 2527 3721 2579 ideo

2239 2610 2403 2676 major
2431 2619 2513 2663 est
2542 2610 2712 2665 Pater.
2745 2613 2869 2667 Item
2895 2614 3007 2682 ipse
3038 2615 3075 2667 F
3080 2617 3196 2669 ilius
3222 2617 3272 2669 in
3299 2619 3501 2685 psalmo
3526 2617 3662 2670 dicit:
3690 2615 3721 2666 0

2243 2698 2471 2761 Domine,
2502 2712 2591 2768 ego
2619 2715 2782 2753 seruus
2808 2711 2936 2765 tuus,
2968 2719 3058 2770 ego
3099 2720 3266 2758 seruus
3295 2714 3410 2756 tuus
3439 2714 3484 2759 et
3509 2705 3632 2772 filius
3653 2719 3721 2755 att-

2235 2787 2368 2839 cillte
2395 2799 2497 2840 tute
2524 2787 2687 2851 (Psal.
2718 2795 2864 2855 cn),
2888 2790 2939 2842 id
2979 2801 3059 2844 est
3079 2791 3268 2846 Mariae.
3303 2791 3416 2858 Ipse
3443 2803 3525 2846 est
3548 2807 3720 2852 servus.

2240 2885 2288 2927 et
2318 2875 2437 2928 inde
2464 2876 2630 2943 major
2649 2888 2728 2930 est
2753 2877 2923 2932 Pater.
2955 2879 3079 2933 Item
3111 2896 3124 2932 :
3150 2879 3303 2942 Deus,
3334 2879 3472 2934 Deus
3500 2897 3642 2947 meus,
3663 2897 3721 2932 re-

2242 2967 2372 3030 spice
2391 2965 2443 3016 in
2472 2981 2548 3018 me
2569 2981 2587 3018 :
2607 2982 2759 3030 quare
2784 2982 2860 3018 me
2879 2966 3183 3035 dereliquisti
3198 2967 3366 3036 (Psal.
3394 2969 3505 3038 ut)
3527 2971 3550 3020 ἲ
3571 2969 3622 3020 Et
3648 2968 3720 3020 ite-

2239 3068 2350 3105 rum
2377 3073 2390 3105 :
2421 3053 2628 3107 Salvum
2652 3070 2728 3108 me
2751 3056 2831 3124 {ac
2857 3071 2918 3109 ex
2954 3072 3036 3109 ore
3055 3056 3230 3109 leonis.
3263 3057 3382 3109 Haec
3407 3061 3471 3109 ad
3499 3058 3720 3108 hominem

2241 3146 2525 3210 pertinent;
2557 3160 2675 3197 nam
2705 3155 2754 3198 et
2776 3146 2886 3213 ipse
2913 3146 3015 3198 ait:
3044 3146 3344 3199 Potestatem
3371 3147 3524 3199 habeo
3547 3145 3720 3214 pone-di

2237 3235 2456 3285 animam
2494 3249 2683 3296 meam,
2715 3242 2761 3285 et
2787 3242 3074 3302 potestatem
3113 3224 3277 3286 habeo.
3322 3235 3503 3286 iterum
3535 3232 3721 3286 sumendi

2239 3337 2377 3379 eam:
2400 3337 2541 3373 nemo
2564 3337 2672 3373 eam
2693 3322 2821 3375 tollit
2841 3339 2870 3374 a
2893 3338 2991 3386 me,
3025 3324 3111 3376 sed
3136 3339 3224 3393 ego
3251 3340 3380 3392 pono
3397 3340 3511 3377 eam
3532 3339 3562 3374 a
3586 3337 3669 3382 ate.
3688 3333 3721 3370 ει

2237 3410 2413 3462 iterum
2434 3424 2574 3460 sumo
2598 3424 2706 3461 eam
2729 3408 3031 3480 (luamus).
3065 3411 3372 3478 In,psalm.:
3408 3409 3517 3480 Ego
3551 3408 3722 3462 dar-tiri

2240 3507 2286 3547 et
2311 3513 2536 3549 somnum
2580 3498 2705 3564 cepi,
2752 3507 2796 3550 et
2820 3501 3080 3564 "surrexi,
3108 3497 3222 3567 quia
3269 3501 3510 3554 Dominus
3545 3499 3721 3563 suscepit

2239 3599 2331 3635 me.
2365 3584 2429 3636 Et
2456 3585 2750 3650 Apostolus,
2769 3586 2887 3652 quia
2913 3588 3098 3653 seipse
3125 3587 3286 3640 Filius
3307 3587 3536 3649 tradidit,
3559 3589 3626 3638 sic
3641 3585 3717 3636 ait:

2244 3674 2340 3739 Qui
2369 3691 2443 3726 me
2471 3675 2662 3738 dilexit,
2693 3674 2875 3742 inquit,
2905 3685 2951 3727 et
2973 3677 3174 3728 tradidit
3200 3676 3512 3744 semetipsum
3543 3688 3622 3740 pro
3643 3686 3718 3722 nte.

2243 3764 2366 3816 Item
2398 3764 2506 3828 ipse
2531 3764 2810 3830 Apostolus
2837 3781 2851 3815 :
2885 3766 2982 3827 Qui
3009 3763 3440 3830 dilexit,'inquit,
3487 3760 3720 3814 Ecclesium

2239 3869 2398 3920 suam,
2427 3863 2473 3906 et
2497 3854 2702 3906 tradidit
2725 3854 3036 3922 semetipsum
3065 3867 3153 3920 pro
3174 3868 3251 3916 ea,
3282 3852 3532 3903 mundans
3547 3844 3716 3902 eamla-

2243 3957 2384 3994 vacro
2406 3958 2546 4009 aqua
2565 3959 2596 3995 n
2623 3942 2782 3994 uerbo.
2798 3943 2928 3994 Item
2952 3943 3001 3995 in
3031 3942 3257 4010 Epistula
3280 3940 3470 3994 Paulus
3493 3939 3554 3992 ad
3575 3935 3714 4002 Ephe-

2243 4031 2346 4083 sios
2371 4048 2382 4082 :
2427 4030 2570 4084 Sicut
2604 4037 2647 4084 et
2673 4029 2918 4092 Christus,
2945 4029 3125 4097 inquit,
3153 4028 3325 4081 dilexit
3354 4043 3445 4079 nos
3472 4035 3518 4081 et
3543 4019 3716 4078 tradidit

2243 4122 2555 4186 semetipsum
2580 4137 2669 4186 pro
2700 4121 2858 4174 nobis.
2901 4121 3028 4175 Item
3066 4120 3116 4174 in
3146 4120 3344 4187 psalmo
3378 4121 3490 4187 ipse
3507 4115 3649 4172 dicit:
3671 4113 3721 4166 Ut

628 4201 763 4252 tiabit
787 4202 942 4255 vobis.
964 4200 1016 4253 Si
1039 4215 1164 4267 ergo
1179 4203 1429 4254 clarilicat
1455 4203 1673 4267 Spiritus
1700 4213 1908 4267 sanctus
1931 4209 2141 4272 Filium,
2175 4235 2224 4291 ι)
2249 4211 2426 4275 faciam
2456 4211 2747 4262 voluntatem
2779 4221 2931 4273 tuam,
2961 4212 3091 4264 Deus
3120 4227 3276 4274 meus,
3300 4210 3451 4263 volui.
3493 4209 3642 4263 Homo
3664 4204 3721 4256 di-

630 4303 886 4356 nunquam
917 4290 1084 4354 major
1109 4299 1187 4340 est
1237 4289 1367 4341 Filio
1411 4291 1631 4354 Spiritus
1669 4303 1898 4348 sanctus.
1938 4297 2000 4348 Et
2037 4297 2148 4362 ipse

633 4377 791 4438 [filius
819 4374 942 4427 dicit
971 4377 1022 4427 in
1052 4376 1249 4442 psalmo
1274 4392 1288 4428 :
1321 4378 1635 4443 Sacriﬁcium
1662 4381 1826 4432 laudis
1853 4384 2149 4450 honoriﬁca-

632 4463 703 4512 bit
732 4477 826 4512 me.
842 4461 975 4528 Ergo
994 4463 1301 4515 sacriﬁcium
1319 4464 1483 4516 laudis
1505 4463 1859 4520 holocaustum
1893 4471 2148 4536 passionis

629 4550 919 4616 accipitur;
955 4550 1004 4602 in
1037 4553 1273 4617 passione
1306 4567 1428 4620 ergo
1456 4554 1770 4609 clariﬁcatur
1810 4557 1991 4621 homo,
2029 4576 2148 4613 nam

637 4645 771 4695 Deus
801 4650 1009 4702 semper
1033 4645 1113 4690 est
1137 4638 1414 4704 gloriosus.
1449 4639 1536 4693 Vis
1561 4642 1693 4696 scire
1717 4646 1834 4711 quia
1857 4661 1957 4697 non
1982 4649 2145 4701 solum

630 4739 841 4791 semper
868 4725 1123 4791 gloriosus
1145 4723 1238 4776 fuit
1264 4724 1548 4788 Filius,sed
1565 4737 1617 4780 et
1633 4729 1768 4782 Deus
1790 4731 1966 4798 glorize
1988 4731 2079 4784 fuit
2094 4743 2148 4786 et

638 4823 737 4875 est,
761 4813 1026 4878 apostolus
1049 4811 1233 4864 Paulus
1247 4814 1366 4866 dicit
1386 4815 1451 4867 de
1475 4814 1693 4870 Jndreis:
1724 4819 1782 4872 Si
1807 4822 1935 4872 enim
1962 4836 2144 4888 cogno-

633 4904 834 4964 uissent,
865 4915 1112 4967 nunquam
1134 4898 1395 4951 Dominum
1415 4899 1588 4968 glorias
1611 4906 1989 4972 cruci/ixissent.
2005 4907 2147 4960 Nunc

629 5005 757 5057 ergo
784 4990 871 5058 qui
901 4989 1032 5042 mori
1063 4989 1248 5056 potuit,
1275 4989 1383 5056 ipse
1403 4998 1454 5042 et
1479 4990 1754 5056 gloriﬁcari
1785 4998 1970 5059 potuit,
1996 4995 2148 5047 homo

634 5087 854 5131 tantum.
876 5078 1002 5130 Nam
1029 5079 1144 5130 audi
1166 5077 1287 5144 quid
1308 5077 1444 5130 dicat
1470 5080 1577 5144 ipse
1600 5080 1776 5144 Filius,
1809 5085 2068 5149 quomodo
2093 5100 2150 5138 se

633 5166 742 5232 ipse
759 5168 1066 5220 sanctificat:
1088 5167 1152 5220 In
1169 5169 1389 5231 veritate,
1404 5169 1602 5231 dicens,
1615 5171 1868 5236 sancti/ica
1889 5174 1982 5224 mei
1987 5189 2147 5240 psum.

1272 5274 1431 5310 CAPUT
1470 5273 1521 5310 ν.
1812 5273 1822 5279 ’

702 5339 851 5404 Quod
878 5343 1206 5410 omnipotens
1234 5355 1313 5399 est
1343 5346 1522 5409 Filius,
1556 5347 1632 5400 sic
1653 5347 1887 5402 docetur.
1916 5349 1968 5402 In
2001 5350 2150 5402 Salo-

652 5426 1048 5492 mouelegltnr:
1082 5429 1399 5496 Omnipotens
1428 5448 1581 5486 sermo
1619 5442 1749 5500 tuus,
1779 5434 2011 5499 Domine,
2046 5437 2147 5488 eai-

2249 4298 2319 4350 cit
2345 4297 2393 4348 in
2425 4297 2657 4364 psalmo:
2687 4296 2818 4349 Deus
2862 4315 3020 4362 meus,
3055 4297 3314 4365 quomodo
3342 4297 3574 4362 superius
3594 4292 3720 4346 dixit:

2252 4385 2324 4436 De
2337 4395 2500 4436 ventre
2527 4386 2694 4436 matris
2716 4401 2834 4437 mete
2861 4384 2992 4437 Deus
3025 4401 3161 4437 meus
3199 4401 3250 4437 es
3278 4393 3348 4437 tu.
3379 4384 3444 4437 Et
3471 4395 3628 4437 tamen
3649 4393 3721 4443 μοι

2248 4482 2356 4524 slea
2403 4473 2652 4540 sequitur,
2690 4473 2894 4540 quando
2933 4473 3098 4526 dixit:
3147 4473 3212 4526 Ut
3247 4474 3428 4540 faciam
3466 4473 3720 4526 volutatus

2251 4572 2410 4627 tuam,
2440 4561 2571 4615 Deus
2592 4579 2746 4626 meus,
2773 4547 3023 4629 adjunxit,
3052 4563 3237 4627 voluit;
3257 4562 3378 4630 quia
3402 4562 3579 4623 voluit,
3603 4557 3720 4611 fecit:

2251 4651 2362 4716 ipse
2385 4651 2520 4703 enim
2551 4660 2631 4702 est
2652 4651 2714 4703 de
2735 4665 2836 4718 quo
2851 4650 3066 4703 dicitur:
3095 4649 3273 4702 Omnia
3297 4662 3591 4716 quacunque
3604 4641 3721 4697 solli!

2251 4738 2383 4803 fecit.
2418 4737 2529 4804 Ipse
2555 4739 2691 4789 Itusci
2724 4739 2905 4804 voluit,
2935 4738 3044 4805 ipse
3072 4739 3201 4791 mori
3227 4738 3421 4802 voluit,
3453 4739 3559 4805 ipse
3583 4731 3720 4787 omnia

2250 4830 2352 4892 pati
2383 4827 2563 4887 voluit,
2588 4835 2639 4879 et
2663 4827 2882 4890 esurire,
2928 4834 2981 4879 et
3007 4826 3173 4890 sitire,
3204 4835 3257 4879 ct
3295 4824 3498 4886 lassari,
3521 4829 3720 4892 attamen

2251 4887 2532 4966 secundum
2567 4915 2848 4970 hominem.
2868 4887 3004 4965 Nam
3037 4913 3115 4964 vis
3148 4887 3284 4966 scire
3310 4913 3480 4980 qualis
3501 4911 3566 4966 sit
3595 4887 3720 4961 Pilius

2255 5003 2377 5056 Dei?
2403 5004 2556 5056 Isaias
2575 5004 2698 5056 dicit
2721 5021 2732 5052 :
2761 5003 2893 5056 Deus
2908 5011 3141 5065 internus,
3165 5003 3248 5067 qui
3263 5003 3376 5069 fecit
3398 5007 3720 5055 celeritatem.

2249 5106 2347 5142 non
2377 5092 2610 5142 laborauit
2640 5106 2792 5157 neque
2837 5090 3034 5152 exuriit,
3062 5097 3196 5151 etc.;
3242 5087 3307 5140 de
3342 5076 3484 5140 Filio
3522 5081 3651 5143 dicit.
3673 5079 3720 5129 (⁸ο

2249 5192 2348 5242 quo
2375 5163 2564 5228 dictum
2587 5186 2664 5229 est
2693 5195 2704 5227 :
2741 5178 2918 5229 Omnia
2957 5193 3048 5245 per
3089 5179 3250 5246 ipsum
3288 5180 3424 5245 facta
3456 5182 3582 5228 sunt.
3618 5167 3719 5223 Nam

2255 5265 2388 5315 Deus
2415 5265 2536 5315 nihil
2563 5266 2704 5326 mali,
2733 5280 2794 5318 ac
2821 5265 3011 5318 laboris
3037 5266 3363 5332 patipotuit,
3395 5265 3478 5319 cui
3501 5262 3664 5317 dicitur
3681 5259 3717 5302 in

2249 5349 2448 5414 psalmo
2474 5365 2536 5400 sx
2560 5366 2573 5400 :
2606 5350 2721 5402 Non
2741 5353 2969 5403 accedent
2989 5351 3054 5401 ad
3074 5360 3121 5404 te
3139 5354 3289 5418 mala,
3317 5361 3365 5405 et
3385 5348 3624 5420 ﬂagellum
3645 5355 3718 5394 νη

2249 5436 2654 5500 appropinquabit
2675 5437 2987 5489 tabernaculo
3007 5446 3110 5490 tuo.
