3818 6226
57 288 125 340 76!

1546 363 1590 420 A

613 393 775 433 CAPUT
822 391 910 430 "ll.

107 475 326 530 Delibera
349 471 461 524 Filii
491 477 744 536 potestate
776 468 852 518 sic
878 466 1110 516 docetur.
1143 459 1204 512 In
1238 454 1520 522 Evangelia

56 566 180 618 dicit:
205 560 357 624 Pater,
389 560 497 610 uolo
520 567 571 608 ut
601 555 683 606 uLi
724 568 812 622 ego
861 566 990 613 sum,
1020 559 1064 600 et
1091 548 1171 598 itti
1214 547 1311 598 sint
1335 556 1521 593 mecum

57 655 188 720 (Joan.
209 652 342 711 sm).
369 647 482 699 Non
512 644 661 705 dixit,
693 650 826 708 pcto.
859 639 970 692 Non
1002 637 1130 690 dixit
1159 635 1210 686 in
1244 629 1522 696 Evangelia

56 743 101 794 ad
124 744 370 805 leprosum,
399 743 538 802 peto,
571 733 660 786 sed
706 731 834 793 volo,
869 728 1107 780 mundare
1153 724 1359 794 (Matth.
1383 723 1518 787 vttt).

57 832 149 882 ltcm
165 829 207 878 in
232 825 501 891 Evangelio
520 822 585 873 ad
617 821 844 879 Petrum,
877 817 998 870 dum
1025 829 1082 867 se.
1103 820 1304 881 peteret
1332 819 1386 862 ut
1412 823 1524 860 am-

57 919 214 970 bularet
237 928 385 978 super
411 924 622 976 aquam,
650 907 722 960 ait
749 906 929 959 lesus:
967 901 1130 954 Veni..
1152 899 1262 952 Non
1301 895 1518 963 rogavit,

55 1006 120 1058 sed
143 1000 539 1055 venidixitJtem
579 996 640 1048 ad
668 995 1012 1048 Chananaaam
1052 988 1322 1041 mulierem
1355 984 1521 1038 dixit:

55 1093 143 1143 Non
174 1106 270 1140 sum
301 1089 476 1140 missus
513 1084 609 1137 nisi
639 1083 704 1134 ad
749 1095 861 1133 oves
901 1093 1009 1145 qua
1051 1077 1299 1144 perierunt
1347 1074 1523 1124 domus

56 1177 176 1230 Israel
198 1174 391 1244 (Matth.
436 1170 553 1239 xv).
585 1168 801 1222 Gentilis
827 1176 940 1218 erat
969 1163 1173 1224 mulier,
1205 1170 1376 1212 tamen
1405 1159 1523 1224 quia

56 1269 200 1338 ruluit,
215 1262 441 1332 praestitit
469 1258 776 1315 beneﬁcium
803 1263 852 1309 et
880 1255 1080 1306 sanavit
1109 1250 1264 1302 tiliam
1298 1250 1431 1314 ejus,
1460 1245 1525 1298 ad

56 1370 171 1419 quain
197 1335 250 1406 Se
269 1351 478 1403 missum
508 1362 611 1400 non
636 1359 752 1398 esse
777 1343 997 1395 dixerat.
1017 1338 1126 1392 Non
1148 1337 1287 1390 enim
1317 1335 1378 1386 ad
1402 1346 1526 1400 gen-

59 1457 130 1505 tes,
153 1443 232 1495 sed
273 1441 335 1492 ad
381 1438 596 1491 .luda’os
625 1442 738 1489 erat
778 1432 1064 1502 destinatus
1100 1426 1377 1486 Christus;
1409 1432 1528 1475 tunc

57 1535 180 1585 dixit:
210 1530 452 1591 Ontulier,
483 1542 664 1593 magno
691 1533 762 1576 est
789 1523 912 1588 ﬁdes
932 1529 1038 1579 tua,
1069 1518 1155 1583 ﬁat
1176 1516 1262 1567 tibi
1282 1516 1405 1566 sicut
1433 1513 1525 1564 uis.

61 1620 104 1670 Et
122 1629 270 1671 sanata
290 1628 354 1670 est
381 1617 492 1682 ﬁlia
521 1618 628 1684 ejus
651 1628 711 1665 ea:
738 1612 827 1662 illo
856 1609 1001 1659 hora.
1038 1608 1112 1669 Ad
1139 1618 1292 1670 quam
1320 1616 1376 1654 se
1407 1595 1530 1652 niis-

59 1725 143 1761 sum
169 1723 258 1758 non
283 1720 395 1759 esse
434 1678 667 1763 dixerat,
693 1713 852 1766 quare
877 1693 1192 1748 concedebat
1223 1689 1530 1743 beneficium
1565 1678 1608 1735 B

59 1800 122 1850 ei?
145 1798 261 1863 Ergo
289 1794 429 1846 vides
461 1792 580 1860 quia
610 1804 723 1856 qua:
749 1787 911 1840 voluit
962 1784 1102 1844 fecit,
1133 1797 1233 1834 non
1265 1794 1378 1846 qua:
1403 1778 1532 1829 alius

60 1885 302 1950 imperavit.
345 1883 470 1934 Item
522 1881 574 1931 in
615 1879 812 1945 psalmo
840 1875 905 1928 de
931 1872 1138 1926 Christo
1168 1870 1322 1922 dicit:
1359 1866 1536 1918 Omnia

61 1988 306 2041 quacunque
330 1970 580 2024 Dominus
609 1966 759 2018 voluit
791 1964 905 2031 fecit
935 1963 986 2012 in
1032 1958 1173 2023 caelo,
1222 1965 1269 2009 et
1305 1958 1355 2008 in
1385 1963 1535 2016 terra,

61 2063 96 2111 in
111 2061 217 2112 stari
238 2071 278 2112 et
306 2058 532 2111 omnibus
560 2055 769 2124 abyssis.
795 2052 908 2105 Non
931 2049 1081 2114 dixit,
1109 2057 1428 2113 quaacunque
1448 2056 1536 2108 pe-

65 2150 161 2203 tivit.

1601 1955 1608 1972 ι

629 2244 792 2284 CAPUT
822 2243 928 2280 \‘lll.

112 2323 274 2377 Contra
300 2323 348 2376 id
372 2320 513 2390 quod
541 2320 690 2372 dicit:
716 2316 877 2384 Major
899 2325 979 2367 est
1000 2312 1084 2379 qui
1113 2317 1342 2379 generat.
1371 2307 1541 2358 minor

67 2423 123 2464 est
166 2415 242 2480 qui
286 2421 583 2481 generatur.
635 2410 754 2461 Haec
788 2404 1105 2471 temporibus
1142 2412 1541 2468 cognOscutitur,

69 2502 104 2550 in
124 2499 306 2554 Christo
325 2508 502 2551 autem
534 2496 674 2550 nulla
704 2504 824 2546 sunt
855 2504 1113 2559 tempora,
1148 2503 1236 2556 per
1265 2502 1414 2555 quem
1439 2500 1546 2537 om-

70 2591 127 2640 nia
151 2588 262 2642 ficta
299 2597 434 2640 sunt.
467 2585 583 2639 Non
611 2586 692 2638 eat
718 2584 855 2636 enim
900 2597 963 2636 ex
1008 2577 1240 2647 tempore
1263 2576 1545 2642 sempiter-

71 2691 158 2738 nus,
175 2676 252 2744 qui
277 2683 396 2728 ante
422 2685 659 2741 tempora
696 2673 927 2724 iloscitur
945 2678 1240 2737 generatus,
1264 2669 1395 2718 sicut
1423 2664 1547 2729 legi-

72 2777 156 2814 mus
179 2765 282 2831 quia
314 2763 478 2814 Adam
512 2776 541 2812 a
573 2760 718 2813 nullo
744 2760 948 2827 genitus
978 2765 1090 2819 est,
1139 2763 1192 2808 et
1220 2763 1387 2805 tamen
1438 2752 1548 2817 ipse

70 2863 108 2902 et
129 2852 242 2904 ﬁlius
255 2853 364 2918 ejus
389 2852 548 2903 ambo
573 2857 721 2903 erant
746 2862 895 2916 pares
921 2857 970 2899 et
998 2845 1240 2913 mquales,
1265 2843 1379 2909 quia
1397 2841 1548 2893 ambo

71 2951 188 2996 erant
230 2943 487 2996 homines.
531 2941 696 3007 Major
735 2949 787 2993 et
818 2939 984 2991 tninor
1019 2935 1338 3002 temporibus
1384 2934 1543 2995 ﬁunt,

70 3033 159 3094 quia
181 3047 301 3084 unus
329 3032 582 3089 senescit,
606 2996 658 3081 et
691 3030 821 3080 alius
847 3027 1055 3080 crescit.
1087 2996 1189 3077 seu
1219 3023 1352 3090 apud
1384 3022 1542 3074 Deum
1570 2996 1614 3055 Ο

73 3136 286 3187 nunquatn
315 3120 526 3173 fuerunt
555 3127 811 3184 tempora.

121 3209 215 3275 Ipsa
231 3211 359 3264 enim
387 3219 622 3276 tempora
650 3222 738 3270 per
761 3206 944 3258 Filium
972 3203 1103 3254 facta
1122 3209 1259 3266 sunt,
1276 3210 1324 3253 et
1347 3200 1472 3252 nihil
1497 3200 1546 3251 in

74 3296 152 3350 Deo
179 3298 448 3365 temporale
471 3305 574 3350 est.
623 3295 770 3348 Tolle
808 3308 932 3360 ergo
963 3300 1192 3357 tempora
1212 3328 1227 3352 ,
1257 3298 1310 3342 et
1332 3286 1550 3341 ostende

73 3385 166 3437 mihi
186 3387 419 3454 majorem
447 3395 501 3439 et
524 3385 798 3438 minorem.
823 3379 1260 3447 Quemadmodum
1292 3377 1462 3430 minor
1485 3381 1552 3428 sit

73 3472 200 3526 Filius
223 3491 318 3528 non
340 3477 511 3528 solum
545 3475 694 3527 Patre
715 3487 828 3537 suo,
852 3471 943 3526 sed
974 3479 1027 3524 et
1050 3469 1265 3537 angelis,
1289 3466 1552 3534 apostolus

76 3559 224 3614 Paulus
258 3563 318 3616 ad
347 3564 600 3617 Hebraeos
650 3563 713 3615 de
741 3553 853 3628 ipso
898 3559 1024 3613 dicit
1059 3574 1073 3611 :
1107 3557 1253 3610 Nunc
1275 3595 1291 3621 ,
1323 3558 1548 3621 inquam,

73 3650 223 3703 modico
258 3653 416 3704 minus
446 3652 508 3703 ob
556 3651 743 3717 angelis
792 3649 1086 3700 minorotum
1119 3646 1332 3698 uidimus
1360 3641 1549 3695 Jesum.

73 3736 236 3800 Quare?
260 3741 532 3808 Sequitur:
559 3738 768 3804 Propter
787 3738 1064 3805 passionem
1085 3735 1253 3785 mortis
1273 3732 1447 3799 (Hebr.
1464 3727 1546 3796 n).

659 3842 820 3878 CAPUT
855 3841 924 3876 IX.

121 3912 285 3966 Contra
312 3915 360 3967 id
385 3914 522 3982 quod
545 3912 758 3968 dicunt;
781 3912 974 3962 Auctor
1000 3917 1078 3961 est
1104 3910 1188 3974 qui
1214 3911 1446 3972 generat,
1471 3905 1549 3956 vi-

75 4001 170 4054 dent
191 4004 511 4070 principium.
538 4001 677 4055 Patri
708 4014 808 4054 non
836 4009 917 4053 est
935 3999 1230 4061 auctoritas,
1254 3996 1341 4048 ubi
1372 3995 1551 4047 volun-

77 4099 135 4142 tas
157 4092 278 4144 nulla
305 4083 403 4146 est.
436 4093 596 4144 Pater
632 4091 770 4143 enim
803 4103 896 4142 nec
918 4087 1095 4142 volens
1135 4103 1231 4139 net:
1258 4086 1439 4138 nolens
1465 4099 1552 4152 ge.

77 4179 181 4240 nuit,
206 4180 288 4232 sed
332 4190 538 4234 natura.
570 4178 698 4231 Nam
744 4178 788 4232 si
835 4177 1016 4231 volens
1049 4177 1251 4241 genuit,
1291 4188 1414 4241 ergo
1443 4175 1549 4240 ipsa

75 4269 268 4324 voluntas
308 4271 474 4323 Patris
502 4269 667 4323 Filius
704 4276 812 4330 est,
851 4267 985 4322 sicut
1027 4265 1263 4334 legimus.
1288 4264 1414 4329 Quia
1443 4263 1551 4329 ipse

75 4365 135 4408 est
149 4359 339 4412 verbum
363 4369 414 4412 ct
441 4359 612 4411 virtus
638 4367 691 4410 et
711 4355 960 4422 sapientia
980 4371 995 4419 ;
1018 4357 1128 4421 ipse
1148 4362 1230 4407 est
1245 4364 1298 4406 et
1319 4354 1550 4407 voluntas

77 4443 225 4498 Patris.
250 4446 301 4501 Si
337 4446 620 4515 aliquando
650 4458 752 4499 non
776 4421 894 4496 fluit
919 4443 1114 4504 Filius,
1145 4421 1422 4509 aliquando
1448 4455 1550 4494 non

77 4533 148 4584 fuit
167 4534 320 4599 Pater,
345 4537 461 4604 quia
493 4537 650 4587 Pater
676 4546 794 4586 esse
824 4547 923 4584 non
946 4532 1131 4598 potuit,
1163 4532 1206 4583 si
1242 4531 1422 4583 Filium
1449 4545 1550 4582 non

78 4617 316 4676 habuisset.
352 4624 453 4678 Sed
488 4623 625 4674 sicut
657 4620 806 4673 Pater
827 4628 1052 4672 aeternus
1087 4618 1186 4678 est,
1219 4620 1286 4671 ita
1317 4627 1370 4671 et
1390 4618 1553 4669 Filius

75 4715 257 4759 alemus
282 4721 376 4774 est,
403 4711 469 4763 de
493 4723 598 4777 quo
625 4692 870 4773 scripturn
902 4717 978 4760 cst
1014 4725 1029 4760 :
1070 4705 1131 4758 In
1157 4706 1404 4775 printipio
1448 4712 1551 4755 erat

84 4789 273 4859 Verbum,
301 4808 342 4848 et
394 4798 610 4850 Verbum
641 4806 743 4847 erat
781 4795 916 4864 apud
960 4794 1147 4856 Deum;
1194 4803 1238 4845 et
1285 4792 1416 4843 Deus
1451 4801 1551 4842 erat

84 4877 273 4946 Verbum,
295 4885 381 4938 hoc
406 4895 514 4939 erat
540 4887 593 4937 in
638 4885 1058 4952 principio'apud
1103 4882 1259 4935 Deum
1290 4882 1460 4950 (Joun.
1492 4882 1550 4945 ι).

80 4965 162 5021 Non
187 4975 368 5040 capitur
395 4984 653 5040 tempore,
682 4987 784 5023 nnn
817 4973 974 5024 habet
1000 4971 1226 5032 initium,
1259 4985 1353 5022 nec
1402 4970 1554 5020 inclu-

81 5057 186 5110 ditur
205 5064 419 5116 stecults.
455 5063 520 5114 Et
548 5063 600 5113 in
629 5062 824 5127 psalmo
849 5061 972 5111 dicit
997 5060 1156 5110 Filius
1203 5057 1266 5108 ad
1307 5058 1505 5108 Patrem
1539 5072 1551 5106 :

83 5140 164 5210 Ego
185 5163 357 5218 semper
400 5161 562 5202 tecum
591 5162 722 5200 sum.
754 5147 803 5198 Si
841 5148 981 5198 enim
1011 5160 1216 5209 semper
1243 5159 1356 5194 cum
1405 5143 1556 5194 Patre

85 5231 153 5301 luit
177 5233 336 5300 Filius,
362 5236 626 5302 quomodo
653 5243 833 5284 auctor
862 5244 937 5284 est
969 5234 1140 5293 Pater,
1172 5233 1255 5295 qui
1289 5241 1404 5280 ante
1429 5245 1558 5279 nun-

83 5331 201 5376 ‘l‘lilm
233 5323 365 5376 fuit?
417 5327 550 5378 Item
572 5324 638 5376 de
669 5322 779 5385 ipso
823 5321 1029 5382 dicitur,
1067 5317 1363 5383 Priusquam
1392 5318 1559 5380 fierent

86 5416 248 5472 montes,
293 5420 335 5462 et
362 5413 631 5480 ﬁngeretur
675 5419 822 5468 terra,
855 5416 896 5457 et
927 5406 1054 5456 orbis
1101 5415 1262 5467 terrm,
1302 5421 1332 5452 η
1378 5405 1556 5453 strculo

83 5507 200 5552 usque
220 5499 267 5550 in
292 5503 520 5553 stcculum
546 5511 598 5551 tu
631 5515 697 5550 es.
723 5497 777 5550 Si
806 5497 959 5557 igitur
995 5498 1229 5549 voluntas
1274 5502 1351 5547 cst
1391 5493 1556 5544 Patris

880 265 1197 324 LIBELLUS
1232 258 1499 318 CONTRA
1539 254 1915 310 MAXIMINUM
1956 251 2274 307 ARIANUM.

3043 241 3139 294 76?

1621 362 1800 418 Filius.
1831 361 2030 413 dicatur
2056 357 2178 410 mihi
2210 353 2470 423 quomodo
2509 362 2686 402 auctor
2713 358 2792 402 est
2827 349 2998 409 Pater,
3022 351 3132 402 sine

1623 467 1724 519 quo
1757 463 2013 516 nunquam
2048 448 2140 499 luit
2185 445 2365 519 Filius,
2407 443 2525 510 quia
2559 442 2713 493 Pater
2737 441 2850 491 sine
2877 439 3142 490 voluntate

1622 555 1738 593 esse
1769 553 1867 591 non
1902 536 2098 604 potuit?
2126 535 2270 599 Quod
2285 517 2481 584 dicitur
2512 529 2682 590 Pater,
2713 534 2924 590 propter
2953 522 3137 573 Filium

1622 630 1758 681 dicitz
1783 643 1829 693 r,
1875 637 1929 679 et
1971 625 2056 676 ille
2102 624 2233 674 Deus
2260 621 2447 672 dicitur
2475 617 2540 669 de
2573 616 2695 666 Deo.
2722 612 2821 664 Sed
2851 607 3136 675 quia-dixit

1625 717 1801 774 Filius,
1819 698 2028 781 ethuod
2058 711 2242 774 dicitur
2266 707 2445 766 Filius.
2471 712 2679 770 promer
2702 700 2902 752 Patrem
2928 695 3134 748 dicitur.

1622 805 1748 857 Nam
1800 803 1906 870 Ego
1934 801 1983 851 in
2012 799 2192 859 Patre,
2230 805 2276 848 et
2312 794 2461 846 Pater
2486 793 2538 843 in
2567 805 2644 841 me
2663 827 2680 850 ,
2713 801 2812 838 non
2842 790 3135 847 separatur,

1623 895 1711 947 sed
1742 868 2018 946 ideotunns
2044 897 2124 940 est
2152 887 2302 938 Deus.
2327 882 2428 936 Sed
2460 882 2500 933 si
2527 880 2696 930 minor
2720 885 2799 928 est
2823 872 2979 925 Filius
3001 884 3026 920 a
3045 868 3138 919 Pa-

1625 993 1724 1044 tre,
1747 993 1906 1042 quare
1933 977 2068 1030 dixit
2097 975 2247 1026 Pater
2263 975 2313 1024 in
2342 986 2418 1022 me
2438 968 2549 1020 est?
2587 965 2854 1031 Nunquam
2892 957 3138 1024 majorem

1623 1074 1792 1135 potest
1820 1077 2004 1132 capere
2029 1062 2217 1113 minor.
2251 1059 2254 1064 ’
2322 1114 2327 1119 ,

2226 1158 2389 1196 CAPUT
2418 1157 2470 1192 Χ.

1693 1242 1878 1294 Contra
1910 1239 1957 1289 id
1989 1235 2123 1301 quod
2149 1234 2324 1286 dicunt
2355 1231 2552 1282 Patrem
2600 1225 2880 1291 imperasse
2931 1215 3060 1268 Filio
3089 1222 3144 1266 ut

1625 1332 1815 1384 faceret
1840 1334 2147 1386 creaturam,
2179 1317 2540 1385 respondetur.
2566 1313 2692 1364 Cum
2737 1308 2913 1374 utique
2944 1313 2996 1356 et
3034 1302 3144 1367 ipse

1628 1422 1776 1474 Pater
1806 1416 2002 1474 fecerit,
2037 1427 2152 1464 nam
2183 1409 2428 1473 scriptum
2452 1415 2565 1458 est:
2610 1401 2873 1454 Faciamus
2905 1397 3145 1449 hominem

1627 1508 1690 1559 ad
1709 1505 1969 1571 imaginem
1992 1511 2035 1550 et
2056 1497 2426 1550 similitudinem
2474 1501 2692 1544 nostram
2737 1488 2884 1555 (Gen.
2941 1486 3000 1553 t).
3051 1482 3146 1537 Ubi

1628 1592 1916 1647 ostcnditur
1961 1589 2149 1654 pariter
2186 1590 2446 1649 operatus,
2500 1586 2556 1630 ut
2612 1591 2767 1628 unutn
2821 1576 2980 1625 Deum
3032 1586 3147 1624 esse

1635 1692 1959 1738 monstraret.
1987 1678 2226 1746 Sequitur
2255 1674 2514 1738 Scriptura
2547 1687 2557 1720 :
2601 1666 2662 1717 Et
2699 1667 2812 1732 fecit
2837 1665 2968 1716 Deus
2992 1662 3146 1712 homi-

1634 1791 1743 1826 nem
1771 1771 1836 1822 ad
1859 1769 2124 1835 imaginem
2147 1776 2190 1816 et
2211 1760 2583 1814 similitudinem
2606 1769 2768 1808 suam.
2792 1753 2900 1805 Non
2929 1752 3054 1802 dixit
3081 1751 3148 1800 fee

1631 1873 1815 1917 cerunt
1840 1861 1930 1921 dii,
1949 1871 2063 1910 cum
2083 1854 2294 1907 dixisset
2311 1850 2547 1918 faciamus
2570 1845 2848 1904 hominem;
2878 1840 2964 1891 sed
2989 1838 3149 1889 dixit:
3233 1825 3235 1827 1

1639 1951 1771 2003 Deus
1820 1949 1932 2014 fecit
1974 1943 2219 1995 hominem
2270 1937 2334 1989 ad
2382 1936 2646 2003 imaginem
2691 1939 2734 1982 et
2778 1925 3151 1980 similitudinem

1635 2054 1726 2091 suo
1748 2055 1795 2086 ις.
1831 2036 1952 2088 Item
1978 2032 2021 2084 si
2052 2030 2204 2082 Pater
2227 2041 2326 2078 non
2355 2023 2476 2076 fecit
2499 2029 2806 2078 creaturam,
2830 2025 2881 2067 et
2901 2012 3158 2076 quomodo

1638 2127 1760 2197 dicit
1792 2123 1950 2175 Filius
1977 2136 1992 2174 :
2024 2118 2174 2168 Pater
2191 2129 2330 2166 meus
2350 2126 2502 2176 usque
2524 2109 2669 2160 modo
2714 2113 2967 2170 operatur,
2998 2110 3048 2152 et
3069 2113 3157 2166 ego

1639 2211 1851 2282 operor?
1872 2210 1996 2261 Item
2025 2206 2069 2258 si
2095 2199 2253 2257 Pater
2280 2216 2380 2252 non
2413 2199 2530 2251 fecit
2576 2205 2861 2248 creaturam
2883 2232 2896 2251 ,
2937 2198 2989 2242 et
3030 2203 3159 2255 quo-

1641 2302 1792 2355 modn
1820 2291 2240 2372 dicuntiapostoii
2261 2292 2322 2342 ad
2349 2290 2549 2340 Patrem
2584 2302 2596 2336 :
2629 2284 2702 2334 Tu
2732 2298 2802 2342 es,
2835 2276 3158 2342 Domine,qui

1643 2390 1799 2457 fecisti
1821 2385 1995 2438 ctelum
2023 2396 2066 2435 et
2097 2391 2296 2440 terram,
2319 2392 2452 2428 mare
2471 2384 2514 2425 et
2539 2371 2704 2425 omnia
2725 2383 2834 2437 qua:
2860 2368 2910 2417 in
2933 2366 3002 2417 eis
3021 2371 3158 2424 sunt,

1643 2480 1725 2546 qui
1748 2492 1831 2542 per
1855 2490 1907 2525 os
1929 2472 2084 2522 sancti
2118 2467 2257 2533 pueri
2286 2466 2356 2516 tui
2386 2462 2545 2513 Dauid
2571 2458 2738 2509 dixisti
2789 2470 2806 2506 :
2858 2452 3021 2515 Quare
3064 2448 3161 2515 fre-

1646 2575 1870 2621 muerunt
1891 2576 2074 2634 gentes,
2100 2570 2142 2612 et
2166 2556 2336 2623 papuli
2366 2550 2584 2605 meditati
2615 2554 2725 2596 sunt
2755 2542 2922 2593 inania
2943 2541 2966 2591 ?
2985 2539 3161 2590 Astite-

1645 2668 1759 2712 runt
1783 2672 1916 2723 reges
1939 2666 2099 2710 terrm,
2123 2658 2166 2701 et
2195 2645 2440 2715 principes
2462 2642 2785 2691 convenerunt
2822 2633 2872 2682 in
2896 2643 3047 2680 unum
3071 2626 3162 2677 ad-

1646 2763 1809 2799 versus
1832 2714 2115 2799 Dominum,
2139 2746 2182 2787 et
2199 2714 2439 2783 adversus
2462 2726 2710 2779 Christum
2737 2722 2842 2788 ejus
2878 2714 3051 2787 (Psal.
3082 2715 3161 2781 It).

1649 2834 1985 2888 Conrenerunt
2013 2827 2142 2878 enim
2163 2826 2210 2872 in
2240 2821 2437 2872 ueritate
2459 2817 2506 2865 in
2530 2813 2722 2863 civitate
2752 2811 2845 2857 ista
2871 2819 3017 2872 super
3045 2817 3160 2854 san-

1649 2934 1779 2975 ctum
1808 2931 2013 2987 puerum
2039 2926 2176 2963 tuum
2197 2908 2229 2960 J
2235 2922 2368 2959 esum
2388 2903 2651 2957 Christum,
2671 2911 2816 2964 quem
2837 2892 3046 2955 unxisti,
3063 2888 3166 2940 He-
3181 2933 3202 2938 ._

1646 2976 1857 3062 rodes'et
1884 3002 2092 3055 Pontius
2121 2996 2317 3049 Pilatus
2354 3007 2464 3043 cum
2502 2985 2742 3058 gentibus,
2765 2992 2810 3034 et
2849 2991 2950 3032 toto
2984 2976 3160 3040 Israel,

1647 3110 1692 3150 et
1722 3099 1938 3163 fecerunt
1961 3092 2085 3144 sicut
2109 3101 2281 3138 manus
2306 3093 2392 3133 tua
2412 3089 2453 3131 et
2470 3077 2730 3130 consilium
2754 3083 2893 3125 tuum
2919 3069 3165 3142 pur/inie-

1647 3158 1730 3239 rat
1756 3187 1886 3253 (Aet.
1911 3181 2002 3246 tv).
2037 3179 2170 3244 Ergo
2196 3173 2261 3226 de
2310 3170 2514 3222 Christo
2571 3163 2910 3232 loquebantur
2957 3161 3019 3210 ad
3073 3158 3163 3208 Pa-

1650 3245 1800 3337 trem,
1822 3269 1907 3338 qui
1938 3245 2174 3320 dicebant
2203 3278 2216 3312 :
2248 3259 2321 3310 Tu
2343 3274 2411 3320 es,
2444 3254 2670 3310 Domine,
2694 3251 2778 3318 qui
2808 3248 2964 3314 fecisti
2992 3245 3164 3296 caelum

1648 3373 1692 3414 et
1716 3371 1914 3418 (errant,
1941 3368 2074 3405 mare
2101 3359 2143 3403 et
2171 3347 2338 3400 omnia
2364 3357 2472 3411 qua:
2490 3342 2538 3392 in
2561 3343 2629 3391 eis
2654 3345 2787 3390 sunt.
2821 3335 2953 3401 Lege
2985 3336 3034 3384 in
3067 3336 3165 3384 Ac-

1652 3450 1785 3502 tibus
1817 3441 2201 3512 Apostolorum,
2232 3444 2283 3488 et
2311 3433 2539 3485 invenies
2562 3428 2623 3479 de
2655 3425 2785 3478 Filio
2827 3417 2931 3475 dici
2971 3419 3034 3471 ad
3075 3419 3165 3472 Pa-

1652 3550 1780 3591 trem
1810 3536 1956 3587 istam
1979 3527 2306 3583 sententiam.

2266 3627 2427 3666 CAPUT
2468 3624 2542 3661 XI.

1718 3715 1844 3779 Quia
1878 3714 2009 3763 Deus
2037 3717 2118 3761 est
2142 3706 2359 3772 Spiritus
2383 3711 2612 3760 sanctus,
2637 3699 2709 3748 sic
2725 3694 2957 3748 docetur.
2984 3689 3165 3745 Petrus

1652 3802 1713 3853 ad
1740 3776 1854 3852 cum
1885 3798 1970 3865 qui
1999 3797 2325 3848 subtraxerat
2347 3790 2411 3840 de
2437 3783 2607 3853 'pretio
2636 3783 2775 3835 villae
2825 3779 2954 3831 dixit
2988 3795 3000 3827 :
3036 3776 3166 3838 Quid

1648 3899 1719 3941 est
1759 3861 2136 3954 quod’implevit
2175 3878 2390 3932 Satanas
2438 3889 2520 3924 cor
2550 3880 2685 3921 tuum
2732 3865 2927 3918 mentiri
2959 3861 3169 3928 Spiritui

1649 3978 1861 4031 sancto?
1899 3977 1956 4026 Et
1994 3967 2322 4040 postmodum
2362 3952 2594 4028 adjunxit
2629 3975 2639 4007 :
2678 3956 2795 4007 Non
2846 3969 2895 4005 es
2941 3950 3167 4002 mentitus

1651 4065 1944 4125 hominibus,
1962 4038 2045 4115 sed
2074 4060 2175 4111 Deo
2202 4057 2335 4125 (Act.
2353 4053 2430 4117 η).
2449 4053 2570 4103 Item
2593 4048 2644 4099 in
2661 4045 2872 4098 Actibus
2894 4038 3169 4106 Apostolo-

1653 4172 1763 4210 rum
1791 4151 2050 4213 scribitur,
2085 4146 2236 4198 Petro
2261 4142 2517 4208 cogitante
2542 4145 2593 4187 ct
2623 4135 2890 4186 haesitante
2929 4129 2993 4181 de
3021 4126 3132 4178 visu
3151 4166 3164 4188 ,

1651 4247 1774 4300 dicit
1797 4241 2018 4310 Spiritus
2042 4246 2247 4295 sanctus
2280 4251 2291 4283 :
2326 4231 2451 4282 Ecce
2477 4229 2566 4279 viri
2600 4230 2818 4293 quierunt
2848 4231 2920 4282 te;
2941 4230 3164 4283 exsurge,

1654 4347 1699 4388 et
1719 4331 1976 4394 descende,
1997 4340 2040 4381 et
2061 4327 2181 4381 vade
2200 4339 2309 4376 cum
2333 4321 2432 4373 illis
2461 4318 2584 4369 nihil
2627 4312 2874 4379 dubitans,
2923 4310 3038 4377 quia
3080 4323 3168 4372 ego

1655 4429 1766 4480 illos
1792 4424 1903 4476 misi
1926 4423 1992 4473 ad
2016 4430 2080 4472 te.
2107 4417 2170 4469 Et
2195 4415 2387 4468 veniens
2411 4409 2590 4462 Petrus
2615 4405 2678 4456 ad
2700 4403 2974 4454 Cornelium
3006 4397 3129 4448 dixit
3153 4410 3171 4447 .‘

1656 4518 1718 4568 In
1745 4517 1944 4568 veritate
1979 4510 2080 4561 scio
2121 4507 2236 4574 quia
2256 4518 2354 4553 non
2381 4505 2450 4550 est
2482 4506 2804 4562 personarum
2849 4489 2976 4539 Deus
3025 4499 3168 4582 atie-

1657 4607 1767 4673 ptOr
1793 4602 1928 4669 (Act.
1951 4600 2028 4664 Χ).
2059 4595 2134 4648 Ad
2160 4592 2400 4660 gentilem
2431 4587 2566 4638 enim
2624 4582 2811 4631 missus
2862 4577 2926 4627 ab
2979 4575 3172 4640 Spiritu

1656 4666 1854 4752 sancto,
1886 4689 2000 4756 quia
2030 4686 2198 4738 adhuc
2223 4678 2457 4746 gentibus
2488 4688 2585 4724 non
2612 4667 2983 4737 praedicabatur
3008 4666 3172 4715 Evan-

1657 4749 1867 4851 gelium,
1898 4749 1986 4828 sed
2010 4773 2131 4826 solis
2154 4769 2363 4823 Judacis.
2392 4765 2517 4821 Item
2561 4762 2609 4810 in
2658 4756 2931 4836 Evangelia
2973 4769 2983 4800 :
3023 4749 3170 4800 Jesus

1659 4831 1805 4851 υν-τπ
1855 4831 1867 4844 .

1659 4880 1820 4923 autem
1851 4865 2043 4934 Spiritu
2070 4867 2238 4912 sancto
2261 4857 2430 4920 plenus
2455 4864 2704 4917 regressus
2742 4854 2810 4896 est
2851 4831 2903 4894 oi
2925 4841 3170 4893 .lordane.

1661 4961 1737 5011 An
1771 4931 1978 5005 nonest
2007 4949 2142 4999 Deus
2169 4943 2252 5008 qui
2283 4941 2462 5007 implet
2508 4933 2700 4990 licunt?
2737 4933 2872 4999 Ergo
2903 4931 3036 4981 Deus
3064 4938 3172 4980 erat

1662 5029 1723 5098 in‘
1744 5043 1968 5102 Christo,
1999 5051 2100 5103 quo
2125 5034 2301 5105 plcans
2329 5038 2409 5082 est
2437 5039 2702 5094 regressus
2724 5037 2750 5073 a
2778 5021 3020 5073 .Iurdane.
3043 5018 3169 5069 Item

1663 5129 1937 5199 Apostolus
1972 5143 1982 5175 :
2012 5121 2222 5176 Nescitis
2246 5104 2359 5184 quia
2390 5130 2597 5182 corpora
2635 5120 2794 5162 vestra
2839 5107 3073 5174 templum
3119 5104 3172 5154 in

1661 5220 1788 5271 vobis
1805 5227 1872 5268 est
1901 5214 2118 5280 Spiritus
2145 5208 2341 5260 sancti?
2368 5205 2588 5257 Secutus
2616 5209 2694 5252 est
2721 5214 2732 5248 :
2761 5197 3041 5260 Gloriﬁcote
3061 5207 3174 5259 ergo

1665 5311 1816 5360 Deum
1841 5308 1889 5356 in
1917 5317 2116 5371 corpore
2145 5308 2319 5350 vestro.
2346 5297 2468 5348 lleut
2507 5295 2555 5346 in
2602 5290 2876 5343 Salomone
2911 5302 2921 5334 :
2957 5282 3174 5348 Spiritus

1661 5395 1860 5449 Domini
1889 5391 2089 5458 replevit
2112 5387 2272 5438 orbem
2297 5395 2556 5436 terrarum.
2587 5380 2712 5430 Item
2740 5374 2917 5426 Esaias
2949 5369 3172 5434 prophe-

1664 5502 1710 5540 ta
1737 5505 1747 5540 :
1785 5483 1844 5535 Et
1879 5482 2012 5532 Dixit
2040 5477 2274 5529 Dominus
2296 5475 2360 5525 ad
2384 5487 2494 5524 me:
2527 5469 2685 5531 Vade,
2712 5466 2788 5515 dic
2824 5461 3006 5529 papula
3038 5460 3171 5522 huic;
