3818 6226
72 251 153 302 765
895 242 1208 298 LIBELLUS
1245 239 1510 294 CONTRA
1551 237 1928 294 MAXIMINUM
1971 241 2288 297 ARlA-NUM.

3082 253 3179 305 768

72 365 290 426 imparem
319 357 504 425 signal.
528 355 754 410 Remove
777 353 1102 418 distantiam,
1133 363 1182 406 et
1211 352 1347 419 quod
1379 362 1558 402 nume-
1588 347 1638 402 Α
1665 360 1744 410 co,
1782 349 2006 416 nunquid
2036 352 2156 418 quia
2199 353 2412 420 legimus
2453 356 2504 406 in
2554 352 2784 407 Levitico
2821 355 3028 420 proprio
3067 354 3180 405 loco

71 462 138 500 res
163 459 256 499 non
283 445 515 498 habebis.
544 444 799 510 Propheta
830 442 990 496 dicit:
1025 441 1300 506 Sapientia:
1332 440 1438 507 ejus
1466 453 1562 488 non

71 547 124 586 cst
143 549 383 585 numerus.
414 532 465 586 Si
488 531 738 598 sapientia
781 531 892 596 ejus
949 544 1048 582 non
1091 541 1411 589 numeratur,
1444 542 1568 593 quo-

69 622 200 672 modo
227 619 386 672 Filius
408 628 722 679 numeratur,
752 618 835 685 qui
865 626 944 670 est
972 617 1236 684 Sapientia
1266 617 1432 667 Patris
1452 656 1465 676 ,
1496 616 1566 666 si-

67 718 139 758 cut
157 707 428 774 Apostolus
446 706 610 759 dicit?
635 705 803 771 Quare
830 715 944 772 post
970 705 1176 756 Patrem
1208 703 1470 756 secundus
1497 704 1568 754 di-

67 798 176 848 citur
206 796 384 860 Filius,
416 811 532 848 cum
553 795 804 863 sapientia
827 810 932 848 non
964 804 1288 860 numeretur,
1335 794 1455 862 quia
1485 800 1564 846 est

67 885 292 951 sapientia
315 885 501 937 Patris.

656 986 821 1025 CAPUT
860 987 966 1025 XVL

119 1060 236 1124 Quia
266 1059 534 1111 invisibilis
558 1067 636 1110 est
660 1060 841 1122 Filius,
873 1061 946 1112 sic
973 1060 1212 1112 docetur:
1235 1058 1392 1112 Nemo
1425 1059 1565 1112 novit

68 1151 231 1201 Filium
252 1150 346 1202 nisi
376 1149 546 1211 Pater,
570 1165 722 1214 neque
745 1149 940 1200 Patrem
965 1151 1070 1214 quis
1093 1149 1221 1199 nouit
1242 1149 1338 1200 nisi
1371 1145 1413 1196 F
1417 1149 1556 1209 ilius,

65 1238 416 1290 etcuivotuerit
440 1236 602 1290 Filius
624 1237 856 1288 revelare.
883 1237 933 1288 In
971 1236 1217 1302 Apostolo
1258 1237 1322 1288 de
1360 1235 1565 1288 Christo

66 1325 285 1390 scriptum
313 1329 431 1376 est!
460 1323 555 1376 Hic
576 1324 831 1376 invisibilis
870 1325 1226 1391 primogenitus
1259 1322 1402 1374 totius
1430 1338 1565 1373 crea-

66 1431 185 1468 ture.
228 1417 388 1467 Item:
420 1413 646 1466 Christus
692 1415 838 1466 Iesus
880 1415 1003 1465 venit
1047 1415 1096 1465 in
1146 1415 1273 1464 hunc
1323 1413 1562 1463 mundum

66 1514 318 1571 peccatores
348 1504 510 1554 salvos
542 1504 721 1569 facere,
749 1518 956 1569 quorum
982 1504 1166 1566 primus
1197 1516 1284 1570 ego
1314 1515 1453 1562 sum;
1481 1500 1564 1550 sed

67 1597 154 1644 ideo
187 1591 574 1643 misericordiam
605 1599 887 1642 consecutus
922 1605 1066 1648 sum,
1108 1600 1158 1639 ut
1207 1589 1256 1638 in
1284 1603 1359 1637 nte
1407 1588 1564 1650 primo

1664 436 1760 486 sub
1784 450 1881 486 una
1907 439 2157 490 sententia
2189 441 2505 491 nominatum
2535 439 2718 504 Jacob,
2745 441 2974 493 secundo
3003 441 3143 493 Isaac
3163 479 3178 503 ,

1667 526 1816 575 tertio
1849 527 2123 590 Abraham,
2153 528 2266 581 ideo
2295 528 2569 580 dicendum
2604 537 2681 580 est
2713 530 2978 582 meliorem
3021 527 3180 580 fuisse

1665 613 1824 666 Jacob
1852 617 1918 667 ab
1945 617 2099 678 Isaac,
2125 627 2210 668 aut
2252 618 2496 683 majorem
2545 617 2685 668 Isaac
2727 601 2982 670 Abraham
3041 626 3182 683 patre

1666 716 1778 766 suo,
1812 704 1946 756 sicut
1967 706 2100 756 enim
2129 686 2373 771 scriptum
2421 715 2499 756 est
2546 721 2559 758 :
2592 703 2677 755 Ειι
2699 707 3002 756 mc-morabor
3034 715 3182 756 testa-

1663 795 1813 844 menti
1833 792 2014 856 Jacob,
2041 795 2158 846 dicit
2191 794 2449 854 Dominus,
2473 802 2515 844 et
2541 795 2813 844 testamenti
2843 791 3006 856 Isaac,
3044 800 3088 844 et
3110 799 3182 843 te-

1663 884 1893 934 stamenti
1924 883 2188 934 Abraham.
2216 884 2517 936 Hominibus
2543 898 2641 934 non
2668 883 3181 948 prtejudicatis,taxa-

1667 973 1736 1022 tio
1759 972 1862 1024 Deo
1886 971 2237 1037 prmjudicium
2261 986 2354 1022 cur
2385 970 2562 1033 infert,
2594 974 2634 1022 si
2669 971 2799 1022 forte
2832 968 3016 1021 alicubi
3041 968 3183 1034 prior

1667 1069 1866 1114 taxatur
1892 1061 2044 1113 Pater
2080 1076 2105 1111 a
2138 1061 2286 1121 Filio,
2341 1069 2427 1112 aut
2467 1059 2626 1113 Filius
2677 1074 2707 1112 a
2763 1059 2957 1127 Spiritu
3000 1065 3181 1116 sancto

1665 1149 1822 1215 priori
1845 1148 1955 1200 loco
1983 1163 2010 1200 a
2037 1149 2186 1201 Patre
2211 1158 2456 1200 laxatum.

2272 1250 2436 1288 CAPUT
2469 1250 2551 1287 XX.

1734 1326 1918 1378 Contra
1954 1325 2001 1378 id
2034 1325 2169 1391 quod
2200 1325 2380 1377 dicunt
2412 1342 2424 1374 :
2457 1326 2608 1378 Pater
2643 1325 2709 1376 illi
2737 1325 2908 1377 omnia
2947 1324 3183 1391 subjecit.

1667 1415 1944 1481 Apostolus
1967 1415 2028 1466 ad
2060 1415 2356 1466 Corinthios
2396 1415 2516 1465 dicit
2537 1415 2600 1466 de
2636 1414 2764 1466 Filio
2798 1427 2811 1462 :
2844 1415 3076 1478 Oportet,
3112 1415 3186 1464 in—

1667 1503 1795 1567 quit,
1827 1501 1969 1552 itlum
1998 1517 2221 1568 regnare,
2255 1501 2408 1552 donec
2435 1509 2584 1567 ponat
2615 1517 2781 1551 omnes
2807 1501 3030 1551 inimicos
3069 1515 3183 1551 suos

1667 1591 1753 1640 sub
1777 1590 1980 1656 pedibus
2004 1592 2103 1640 suis
2129 1591 2266 1654 (Cor.
2291 1590 2398 1656 xv).
2427 1589 2488 1640 Et
2521 1589 2582 1640 ad
2614 1588 2974 1654 Philippenses
3001 1603 3013 1636 :
3042 1587 3185 1640 Unde

67 1680 313 1730 ostendi-ret
359 1676 580 1729 Christus
627 1675 775 1727 Iesus
813 1691 1001 1726 onmem
1053 1677 1473 1741 longanimitatem
1512 1676 1561 1724 in
1599 1657 1640 1712 Β
1666 1679 1809 1730 etiam
1836 1689 2171 1744 exspectamus
2201 1679 2459 1729 Dominum
2487 1677 2660 1729 Iesum
2681 1677 2926 1728 Christum
2957 1675 3185 1728 Salvato-

68 1768 390 1832 formationem
411 1781 577 1817 eorum
605 1764 690 1829 qui
723 1765 953 1814 credituri
986 1775 1095 1814 sunt
1123 1762 1199 1813 illi
1226 1763 1274 1812 in
1311 1767 1458 1812 vitam
1501 1778 1568 1812 w-

68 1866 228 1904 ternam
255 1868 273 1904 :
302 1853 409 1919 regi
437 1861 598 1902 autent
639 1850 934 1902 strculorum
970 1849 1266 1907 immortali,
1303 1848 1530 1899 invisibili
1550 1887 1563 1910 ,

68 1943 139 1992 soli
160 1940 257 1992 Deo
285 1941 446 1991 honor
467 1947 510 1990 et
535 1939 694 2007 gloria
717 1940 768 1990 in
810 1939 993 1990 swcula
1028 1937 1340 1989 saeculorum.
1390 1937 1567 1988 invisi-

69 2031 163 2081 bilis
189 2037 416 2095 estergo
447 2027 622 2088 Fdius,
651 2030 736 2094 qui
766 2028 907 2079 venit
953 2035 1246 2092 peccatores
1288 2025 1454 2077 salvos
1495 2025 1568 2076 fa-

68 2134 180 2171 cere.
213 2119 261 2172 Si
301 2120 507 2170 videtur
544 2117 704 2192 Filius
729 2159 742 2179 ,
779 2102 976 2168 videtur
1011 2125 1062 2168 et
1108 2117 1277 2175 Pater,
1326 2116 1565 2180 quoniam

68 2210 284 2273 scriptum
315 2215 398 2258 est
423 2224 433 2256 :
468 2206 565 2268 Qui
590 2222 665 2256 me
693 2205 838 2266 vidit,
865 2205 991 2255 videt
1011 2215 1053 2255 et
1086 2204 1302 2255 Putrem.

625 2328 955 2366 CAPUT-AV".
1350 2355 1360 2368 ,

121 2408 295 2458 Contra
333 2404 385 2456 id
427 2405 561 2468 quod
606 2405 780 2457 dicunt
825 2419 837 2452 :
877 2416 940 2454 ex
984 2401 1134 2453 Patre
1170 2416 1258 2466 per
1298 2381 1482 2452 Filium
1514 2400 1563 2452 in

70 2496 232 2558 Spiritu
262 2505 444 2546 sancto
469 2507 587 2546 esse
613 2493 804 2545 omnia.
830 2491 960 2542 Audi
996 2491 1110 2556 quia
1153 2504 1252 2541 non
1296 2491 1460 2540 solum
1501 2503 1564 2540 ex

73 2583 214 2644 Patre,
235 2580 325 2633 sed
353 2589 406 2632 et
434 2595 498 2632 es
527 2578 685 2645 Filio,
715 2589 766 2630 et
806 2577 999 2644 Spiritu
1027 2583 1204 2627 sancto
1243 2575 1368 2626 iacta
1393 2575 1562 2626 omnia

72 2671 268 2723 invenies
295 2671 516 2721 dictum.
548 2667 824 2734 Apostolus
850 2666 912 2717 ad
945 2665 1192 2731 Ephesios
1231 2666 1307 2720 sic
1334 2664 1466 2718 dicit
1502 2665 1566 2718 de

73 2757 177 2811 Filio
204 2774 220 2811 :
251 2759 516 2809 Veritatem
539 2766 700 2807 autem
725 2755 1041 2822 facientes‘in
1074 2755 1276 2806 caritate
1299 2770 1568 2822 augeantur

72 2850 107 2897 in
132 2847 210 2898 illo
233 2863 318 2913 per
337 2849 530 2908 omnr'a,
560 2845 642 2912 qui
669 2854 738 2896 est
759 2852 904 2912 caput
930 2843 1172 2909 Christus,
1203 2859 1262 2896 ea:
1286 2860 1379 2905 quo
1411 2851 1566 2894 totum

74 2951 218 3002 corpus
244 2950 518 2986 connexum
548 2943 591 2985 et
616 2943 941 2998 compactum.
987 2934 1116 2984 Ecce
1148 2948 1210 2985 ex
1242 2931 1372 2984 Filio
1404 2950 1413 2983 :
1443 2933 1560 2984 andi

73 3032 112 3073 et
130 3037 181 3074 ex
211 3022 402 3087 Spiritu
448 3029 627 3072 sancto
659 3037 670 3068 ε
714 3018 902 3086 Siquis
941 3036 1038 3070 non
1087 3029 1283 3070 renatus
1322 3019 1467 3084 fuerit
1505 3034 1566 3070 ex

74 3125 178 3173 aqua
203 3118 245 3160 et
272 3109 470 3175 Spiritu
491 3117 682 3168 sancto,
706 3122 803 3156 non
835 3114 986 3169 potest
1017 3107 1176 3156 videre
1209 3122 1412 3173 regnum
1451 3105 1561 3157 Dei.

75 3196 125 3248 Et
163 3197 337 3248 iterum
391 3196 444 3247 itt
501 3193 776 3261 Evangelia
821 3194 1042 3260 legitur:
1079 3193 1164 3247 Sic
1193 3203 1260 3246 est
1298 3196 1455 3245 omnis
1484 3196 1566 3260 qui

75 3299 192 3339 natus
218 3297 280 3339 est
299 3302 359 3338 ea:
388 3285 606 3353 Spiritu.

656 3367 821 3428 ελρρτ
860 3366 999 3403 χνημ

125 3442 296 3496 Contra
327 3444 376 3495 id
407 3442 547 3509 quod
571 3441 747 3492 dicunt
773 3457 784 3489 :
808 3439 935 3503 Quia
968 3438 1121 3492 Pater
1152 3440 1387 3505 perhibet
1419 3441 1563 3493 testi-

77 3532 270 3582 monium
299 3531 452 3583 Filio.
484 3530 596 3594 Ipse
621 3528 855 3580 Christus
873 3528 996 3580 dicit
1021 3528 1070 3580 in
1104 3528 1384 3595 Evangelio
1414 3541 1426 3573 :
1458 3527 1566 3597 Ego

77 3634 160 3667 Ittm
184 3620 259 3684 qui
279 3618 611 3670 testimonium
639 3616 863 3681 perhibeo
892 3616 956 3667 de
992 3631 1084 3666 me.
1124 3616 1258 3682 Ergo
1289 3618 1396 3682 ipse
1425 3618 1566 3669 testi-

78 3712 227 3759 ticttur
258 3707 320 3759 de
347 3722 423 3758 se.
462 3703 735 3770 Propheta:
765 3703 1128 3769 perhibuerunt
1169 3703 1297 3753 Filio
1337 3703 1565 3753 testiino-

78 3799 210 3856 niu-n,
241 3795 469 3863 nunquid
501 3793 720 3857 majores
750 3800 868 3841 sunt
909 3791 1170 3853 propheta:
1216 3789 1379 3839 Finio?
1427 3790 1560 3853 Apo—

77 3886 169 3937 stoli
196 3883 561 3950 perhibuermtt
592 3878 937 3928 testimonium
966 3874 1111 3933 Filio,
1157 3875 1381 3940 nunquid
1408 3876 1566 3940 majo-

77 3987 141 4023 ri-s
178 3982 287 4024 sunt
325 3966 549 4032 apostoli
594 3964 724 4015 Filio
783 3963 908 4015 Dei?
946 3961 1046 4013 Sed
1089 3977 1204 4013 cum
1251 3961 1562 4013 ostenderim

77 4063 168 4126 quia
193 4060 294 4126 ipse
317 4057 414 4111 sibi
446 4054 704 4121 perhibuit
747 4047 1090 4103 testimonium
1110 4091 1123 4113 ,
1155 4066 1256 4102 non
1303 4052 1401 4103 erit
1431 4051 1564 4116 qttod

77 4150 126 4196 ab
151 4145 448 4198 :-d\'ersariis
475 4141 878 4206 respondeatur:
915 4138 1018 4206 Ego
1044 4153 1170 4200 sum,
1202 4138 1360 4207 inquit
1385 4139 1562 4202 Filius,

78 4237 141 4299 qui
157 4238 375 4304 testiﬁcor
395 4235 459 4285 de
481 4248 576 4284 me.

473 4315 477 4321 ’
661 4335 820 4372 csrur
859 4335 964 4371 XIX.

129 4410 299 4462 Contra
331 4411 376 4461 id
407 4408 546 4477 quod
574 4408 746 4458 dicunt
772 4424 783 4458 :
816 4407 984 4484 Quare
1009 4408 1147 4472 prius
1179 4408 1349 4469 Pater,
1375 4407 1562 4458 deinde

80 4495 209 4550 Filius
236 4500 552 4551 nominatur.
581 4497 710 4547 Audi
738 4505 790 4547 et
817 4495 999 4547 Filium
1047 4498 1267 4560 priorem
1311 4497 1561 4547 nominari

78 4598 95 4629 τι
119 4583 268 4637 Patre.
299 4583 722 4654 Apostolusdit-it
749 4583 811 4633 ad
839 4582 1043 4634 Galatas
1069 4598 1080 4629 :
1118 4583 1231 4632 Non
1267 4586 1326 4632 ab
1353 4582 1563 4632 homini-

77 4672 161 4730 bus,
187 4689 330 4739 neque
352 4689 440 4740 per
463 4672 726 4734 hominem,
769 4671 852 4720 sed
900 4687 983 4734 per
1013 4670 1183 4720 .lesum
1225 4669 1473 4721 Christum
1520 4682 1563 4720 rt

81 4754 206 4805 Deum
231 4759 446 4809 Putrem.
480 4759 602 4808 Item
628 4758 688 4807 ad
715 4757 1206 4809 'l‘hessalonicenses
1251 4757 1360 4822 ipse
1395 4760 1514 4809 dicit
1547 4777 1558 4809 :

79 4842 172 4903 Ipse
194 4854 347 4895 autem
375 4846 614 4895 Uom’iutts
637 4858 795 4895 noster
823 4844 966 4896 Jestts
993 4847 1213 4896 Chris'us
1235 4856 1277 4894 et
1306 4847 1432 4896 Deus
1463 4846 1562 4896 Pa-

78 4937 133 4977 ter
151 4941 316 4994 noster,
345 4933 431 4996 qui
462 4932 632 4981 dilexit
663 4948 772 4986 uos,
800 4942 842 4980 et
866 4934 994 4981 dedit
1027 4935 1406 4983 consolationem
1424 4944 1562 4984 arter-

80 5031 187 5076 nam.
215 5029 306 5071 etc.
337 5020 474 5071 Ecce
497 5025 637 5084 prior
683 5031 760 5070 cst
800 5022 958 5071 Filius
990 5023 1298 5072 nominatus.
1348 5025 1476 5073 Antii
1510 5035 1560 5074 et

79 5105 288 5179 Spiritum
315 5115 551 5157 sanctum
604 5107 758 5170 priori
805 5107 918 5157 loco
959 5110 1228 5159 nominari.
1281 5111 1560 5172 Apostolus

80 5191 176 5242 dicit
199 5207 212 5240 :
241 5193 398 5246 Unum
429 5209 612 5254 corpus
639 5202 680 5242 et
706 5210 824 5244 unus
850 5194 1063 5260 Spiritus
1083 5234 1094 5253 ,
1127 5197 1250 5245 sicut
1274 5199 1427 5246 vocati
1451 5200 1563 5248 csris

81 5278 118 5323 in
138 5295 222 5328 una
247 5293 327 5343 spe
349 5279 620 5328 vocationis
649 5288 836 5338 vestrm,
871 5297 992 5328 unus
1039 5281 1168 5330 Deus
1196 5321 1206 5338 ,
1249 5298 1344 5330 una
1398 5284 1518 5346 ﬁdes
1547 5324 1557 5343 ,

81 5380 202 5417 unum
226 5371 638 5433 baptisma,unus
685 5365 811 5415 Deus
855 5377 899 5416 et
949 5367 1096 5417 Pater
1143 5370 1374 5418 omnium.
1429 5371 1560 5421 lit-ce

87 5453 200 5516 prius
221 5457 481 5523 Spiritum,
513 5462 562 5508 et
595 5463 765 5520 postea
802 5456 997 5507 l‘a-‘reut
1025 5457 1318 5506 notuinmil.
1353 5459 1449 5508 Sed
1484 5460 1556 5510 di-

1593 4277 1640 4332 D

1669 1783 1770 1819 rem
1798 1777 2015 1818 nostrum
2043 1784 2058 1828 ;
2086 1768 2166 1830 qui
2189 1767 2554 1834 transﬁgurabit
2583 1782 2761 1832 corpus
2782 1765 3186 1816 humilitatis-no-

1665 1862 1782 1907 stra:
1811 1857 2119 1921 conformans
2149 1856 2343 1921 corpori
2374 1857 2542 1920 gloriae
2581 1869 2684 1904 sua:
2722 1854 2991 1904 secundum
3015 1867 3187 1918 opera-

1665 1943 1865 2006 tionem,
1892 1954 1944 1994 ut
1973 1945 2122 2011 possit
2152 1944 2243 1993 sibi
2269 1943 2508 2011 subjicere
2535 1942 2700 1992 omnia
2731 1941 2945 2009 (Philip.
2975 1939 3032 2006 ι).
3061 1940 3184 1990 Item

1666 2032 1942 2095 Apostolus
1967 2032 2109 2096 dicit,
2134 2033 2252 2098 quia
2281 2031 2437 2082 Filius
2467 2031 2630 2082 tradet
2667 2045 2876 2096 regnum
2915 2029 3018 2079 Deo
3049 2027 3184 2078 Patri

1664 2135 1787 2184 suo;
1822 2123 2063 2186 scriptum
2092 2131 2173 2172 est
2199 2121 2333 2172 enim
2363 2121 2427 2172 de
2458 2119 2664 2172 Christo
2701 2142 2710 2174 :
2759 2117 2878 2169 Cum
2927 2117 3188 2168 tradiderit

1663 2224 1866 2277 regnum
1890 2207 1990 2259 Deo
2017 2217 2060 2257 et
2088 2206 2248 2258 Patri.
2276 2207 2410 2272 Ergo
2442 2207 2605 2272 major
2627 2216 2703 2258 est
2736 2205 2897 2257 Filius
2928 2219 2954 2254 a
3004 2205 3186 2264 Patre,

1665 2298 1780 2363 quia
1806 2297 1913 2362 ipse
1939 2296 2108 2347 tradet
2139 2295 2273 2346 Patri
2315 2311 2408 2346 suo
2448 2296 2698 2360 regnum?
2745 2295 2864 2344 llaec
2907 2301 3026 2344 sunt
3072 2307 3186 2359 qua:

1668 2385 1917 2451 tantisper
1939 2399 2350 2436 commemorare
2371 2385 2509 2450 potui
2537 2372 2877 2446 etdererpsi;
2910 2381 3064 2432 multa
3095 2395 3187 2432 au-

1669 2480 1772 2524 tem
1797 2473 2139 2537 praetermissa
2165 2480 2282 2522 sunt
2317 2470 2683 2536 impedimento
2708 2468 2995 2521 velocitatis
3016 2504 3032 2528 ,
3069 2481 3184 2533 qua:

1667 2559 1842 2626 legens
1870 2560 2061 2625 poterit
2099 2558 2349 2610 invenire.
2388 2559 2494 2611 Hoc
2539 2568 2731 2610 tantum
2771 2559 2932 2610 lector
2974 2565 3183 2620 teneat,

1666 2646 1938 2699 Dominum
1965 2647 2124 2700 Deum
2168 2646 2379 2698 minime
2408 2661 2623 2698 numero
2652 2646 2938 2712 subjacere,
2973 2645 3185 2697 minime

1665 2737 1891 2802 separari
1920 2748 1931 2780 :
1964 2733 2099 2801 quod
2129 2735 2265 2786 enim
2298 2734 2564 2785 minimum
2611 2742 2688 2785 est
2709 2773 2723 2796 ,
2757 2733 2891 2784 Deus
2921 2746 3023 2784 non
3061 2739 3140 2784 est
3168 2745 3181 2782 :

1664 2823 1756 2876 sed
1778 2823 1912 2890 quod
1941 2823 2075 2874 Deus
2096 2831 2191 2883 est,
2213 2821 2394 2881 Filius,
2421 2831 2472 2874 et
2498 2822 2718 2886 Spiritus
2739 2802 2948 2873 sanctus
2967 2828 3182 2884 uterque

1668 2910 1919 2976 perfectus
1986 2907 2312 2978 [professus]
2371 2918 2472 2962 est.
2532 2909 2650 2960 "me
2712 2917 2792 2961 est
2851 2920 3020 2960 autem
3063 2922 3183 2958 vera

1667 3001 1931 3067 perfectio,
1983 3014 2133 3064 quam
2167 3014 2265 3050 non
2321 2998 2528 3063 subjicit
2569 2998 2780 3049 alterius
2826 2996 3181 3062 comparatio.

1664 3103 1758 3141 nec
1813 3097 2041 3166 remanet
2102 3085 2236 3153 quod
2269 3087 2429 3152 possit
2465 3099 2782 3138 accrescere.
2816 3087 2950 3137 Deus
2973 3084 3183 3151 spiritus

1662 3186 1777 3240 est,
1823 3193 1925 3231 non
1965 3191 2120 3238 caro;
2173 3176 2462 3228 intellectus
2491 3183 2600 3237 est,
2649 3190 2753 3226 non
2799 3183 2878 3226 est
2925 3173 3177 3238 globatio;

1665 3269 1919 3320 internum
1948 3267 2118 3318 lumen
2148 3276 2247 3328 est,
2281 3281 2381 3317 non
2405 3266 2646 3318 materies
2673 3264 3004 3316 circumfusa.
3059 3263 3213 3314 Ideo-

1664 3373 1765 3408 non
1806 3355 2046 3407 dividitur
2085 3355 2251 3415 Pater,
2283 3362 2333 3406 et
2374 3353 2549 3415 Filius,
2592 3362 2644 3406 et
2679 3353 2896 3419 Spiritus
2940 3360 3177 3412 sanctus,

1664 3446 1778 3510 quia
1813 3458 1912 3494 non
1945 3451 2024 3495 est
2057 3442 2192 3505 talis,
2224 3442 2306 3507 qui
2339 3456 2395 3493 se
2423 3453 2562 3507 paret
2591 3441 2774 3502 incidi;
2807 3449 2856 3492 et
2886 3449 3054 3491 tamen
3085 3427 3181 3490 Pa-

1664 3540 1761 3595 ter,
1790 3532 1942 3584 Pater
1969 3539 2073 3592 est;
2122 3531 2302 3592 Filius,
2351 3530 2506 3584 Filius
2550 3540 2654 3594 est;
2701 3531 2921 3597 Spiritus
2950 3537 3175 3590 sanctus,

1667 3617 1886 3682 Spiritus
1930 3627 2138 3669 sanctus
2181 3627 2290 3679 est;
2333 3630 2384 3671 et
2427 3619 2614 3685 ultique
2659 3620 2768 3671 sine
2818 3617 3033 3670 invicem
3080 3633 3178 3667 non

1665 3715 1818 3757 sunt:
1846 3706 1960 3770 quia
1993 3722 2122 3756 untts
2151 3716 2230 3757 εει
2256 3708 2338 3771 qui
2373 3707 2578 3772 intc'ligi
2613 3715 2806 3772 potest,
2829 3707 3055 3773 separari
3079 3720 3178 3757 non

1665 3802 1852 3859 potest.
1899 3795 2005 3843 Non
2054 3805 2172 3844 sunt
2220 3796 2542 3859 conglobati,
2588 3798 2700 3859 quia
2741 3810 2840 3845 non
2887 3805 3004 3845 sunt
3045 3795 3184 3846 velut

1664 3882 1813 3943 aerei;
1847 3897 1944 3932 non
1986 3891 2104 3932 sunt
2142 3881 2318 3941 divisi,
2356 3883 2470 3948 quia
2511 3881 2622 3932 sine
2653 3882 2868 3933 invicem
2899 3895 2998 3931 non
3039 3886 3175 3933 sunt.

1667 3971 1782 4022 llaic
1807 3980 1884 4021 est
1912 3985 2027 4021 vero
2062 3981 2109 4021 et
2142 3968 2391 4020 catholica
2439 3969 2591 4031 ﬁdes,
2623 3984 2773 4034 quam
2818 3968 3052 4020 Christus
3090 3967 3181 4019 do-

1666 4059 1771 4109 cuit
1794 4067 1843 4108 et
1874 4057 2109 4121 tradidit,
2139 4056 2356 4121 apostoli
2388 4057 2700 4116 docuerunt,
2731 4066 2779 4107 et
2811 4069 2989 4106 omnes
3017 4053 3179 4105 sancti

1665 4147 1971 4211 patriarcha:
2001 4155 2052 4196 et
2081 4146 2341 4210 proplietzu
2380 4144 2596 4194 ﬁdeliter
2637 4144 2950 4194 cecinerunt.
2989 4141 3181 4206 Propo-

1666 4235 1934 4288 sitionibus
1983 4235 2078 4285 tuis
2121 4234 2330 4298 juvante
2377 4232 2552 4293 Patre,
2600 4240 2650 4283 et
2697 4231 2854 4290 Filio.
2895 4239 2947 4282 et
2987 4228 3180 4295 Spiritu

1667 4336 1863 4388 sancto,
1887 4326 1950 4377 de
1981 4323 2120 4375 Novo
2144 4335 2193 4375 et
2220 4323 2387 4374 Veteri
2412 4321 2739 4372 Testamento
2762 4319 3022 4386 respondi,
3049 4332 3183 4370 nunc

1666 4429 1790 4465 vero
1831 4429 1920 4478 pro
1949 4412 2197 4463 catholica
2220 4450 2234 4472 ,
2280 4425 2395 4476 quze
2427 4413 2610 4475 ubique
2653 4417 2732 4459 est
2763 4408 2877 4470 lide,
2910 4408 3004 4457 alia
3036 4407 3181 4459 testi-

1668 4503 1834 4555 monia
1868 4502 2138 4568 proposui,
2166 4500 2350 4565 quibus
2389 4500 2700 4563 respondere
2727 4498 2932 4549 debeas.
2967 4497 3017 4548 lit
3053 4496 3184 4548 libro

1668 4590 1942 4655 Sapientia:
1969 4606 1980 4640 :
2010 4589 2123 4654 quia
2155 4589 2285 4639 sicut
2317 4588 2448 4636 Deus
2478 4586 2744 4651 sapientia,
2779 4600 2891 4651 quae
2918 4594 2996 4637 est
3022 4585 3183 4637 Filius

1670 4677 1792 4742 Dei,
1829 4679 1902 4728 sic
1941 4684 1992 4727 et
2031 4674 2252 4739 Spiritus
2299 4683 2505 4723 sanctus
2552 4673 2689 4723 novit
2735 4670 2945 4723 consilia
2991 4671 3178 4723 Patris.

1674 4767 1722 4816 tn
1767 4763 1944 4818 eodem
1996 4763 2166 4812 libro:
2205 4761 2322 4826 quia
2363 4760 2686 4824 omnipotens
2726 4767 2808 4810 est
2851 4759 3038 4818 Filius,
3087 4772 3179 4823 per

1668 4869 1820 4920 quem
1856 4853 1981 4903 facta
2013 4858 2130 4901 sunt
2154 4849 2346 4901 omnia.
2380 4847 2430 4900 In
2455 4849 2636 4900 eodem
2670 4849 2834 4899 libro:
2867 4849 2983 4914 quia
3023 4847 3184 4912 Spiri-

1669 4951 1749 4992 tus
1776 4948 1980 4992 sanctus
2021 4940 2173 4989 etiam
2215 4936 2393 4997 Filius,
2424 4936 2510 5002 qui
2552 4936 2736 4987 dicitur
2781 4937 2938 4986 virltts
2981 4935 3089 4986 Dei.
3127 4934 3179 4985 In

1667 5029 1847 5080 eodem
1881 5027 2009 5090 libro
2054 5024 2240 5074 dicitur
2276 5023 2339 5074 de
2367 5023 2561 5089 Spiritu
2609 5033 2806 5086 sancto,
2838 5025 2920 5091 qui
2953 5024 3181 5073 incorru-

1669 5114 1858 5181 ptibilis
1887 5121 1980 5164 est.
2026 5112 2078 5162 ln
2120 5111 2297 5161 eodem
2331 5111 2459 5163 libro
2490 5127 2502 5162 :
2532 5111 2811 5162 secundum
2853 5113 3065 5162 fortnam
3096 5124 3183 5160 δυο

1667 5212 1852 5268 sceptro
1887 5199 2182 5251 humilitatis
2221 5201 2470 5251 visibilem
2516 5200 2636 5250 dicit
2664 5201 2954 5258 Christum,
3000 5211 3180 5248 secun-

1667 5292 1783 5339 dum
1818 5290 2026 5337 fortnam
2060 5302 2177 5337 vero
2205 5287 2408 5338 deitatis
2440 5305 2536 5338 non
2579 5287 2859 5347 visibilem,
2889 5287 2976 5338 sed
3007 5286 3184 5337 invisi-

1668 5376 1816 5426 bilem
1860 5376 2169 5438 pronuntiat.
2213 5375 2354 5438 Quod
2400 5377 2536 5427 enim
2569 5377 2785 5436 videtur,
2824 5375 3002 5434 homo,
3045 5375 3180 5438 quod

1667 5476 1763 5514 non
1796 5463 2007 5520 vide'ur,
2046 5461 2176 5511 Deus
2209 5465 2517 5528 agnoscitur.
2547 5463 2598 5514 In
2631 5462 2806 5514 eodem
2838 5462 2962 5510 libro
2994 5461 3180 5514 dicitur
