3818 6226
602 189 699 242 767
1529 186 1580 243 s.
1619 187 1950 242 suasurus
1987 189 2551 248 CARTHACINENSIS
2590 195 2967 254 EPlSCOPUS.
3671 211 3760 266 τω
3806 191 3807 252 ;

602 300 718 364 quia
748 298 904 349 Filius
945 297 1029 348 Dei
1067 296 1130 349 de
1154 296 1435 348 substantia
1480 307 1559 348 est
1589 297 1772 349 Patris.
1819 298 1871 348 lu
1901 270 2117 351 \Cantico
2147 304 2194 358 Λ
2221 313 2332 355 ClttS
2359 321 2370 355 :
2414 305 2629 372 Spiritus
2659 309 2895 375 veritatis,
2930 327 3074 376 quem
3105 315 3319 371 mundus
3348 332 3446 368 non
3475 329 3643 386 poles!
3673 339 3756 373 ac-

602 386 959 447 Canticorum,
992 387 1075 437 ubi
1115 387 1376 438 Christum
1415 386 1538 439 dicit
1585 402 1702 441 esse
1744 387 1966 455 Regem,
2007 404 2120 440 cum

601 476 663 524 ad
690 489 802 526 eum
836 475 1056 525 Ecclesia
1087 475 1327 539 loquitur.
1362 474 1414 525 In
1458 475 1816 527 Ecclesiastirn
1842 491 1856 526 :
1887 478 2006 542 quia
2048 478 2124 528 in-

601 564 931 614 numerabilis
972 569 1051 614 cst
1095 562 1390 628 magnitudo
1436 563 1545 615 Dei.
1578 565 1724 616 Unde
1754 555 1977 616 ducetur
2005 567 2119 631 quia

600 649 880 715 blaSphemi
915 651 1144 714 sunt-qui
1177 648 1480 702 Trinitatem
1506 651 1820 715 separando,
1850 666 1909 703 ac
1951 652 2119 718 gradi-

599 741 693 793 bus
716 750 767 792 et
794 742 1022 792 numeris
1046 740 1258 792 credunt
1297 756 1412 792 esse
1451 741 1788 792 suadendum.
1831 742 1881 791 In
1926 742 2120 806 psalmo

597 843 731 882 cxvu
752 829 987 881 similtter
1011 827 1076 881 de
1103 828 1390 893 Sapientia,
1411 844 1526 895 qua:
1554 838 1631 881 est
1655 829 1812 880 Filius
1846 830 1953 890 llei,
1973 830 2046 882 sic
2067 839 2117 882 et

597 920 817 985 Spiritus
833 899 1189 973 sant-ltisnovit
1215 916 1424 969 consilia
1447 918 1611 969 Patris
1632 936 1641 963 τ
1663 915 1933 970 Consilium
1953 930 2117 970 autem

596 1014 731 1056 tuum
759 1006 866 1070 quis
894 1009 1012 1064 sat,
1047 1006 1141 1056 nisi
1183 1013 1234 1056 tu
1260 1005 1452 1056 dederis
1482 1001 1814 1071 Sapientiam,
1853 1019 1894 1060 et
1927 1010 2117 1060 miseris

597 1093 837 1159 Spiritum
853 1093 914 1142 de
928 1092 1218 1142 altissimis?
1237 1095 1289 1142 ln
1313 1092 1494 1144 eodem
1514 1092 1641 1144 libro
1657 1097 1774 1160 qu'a
1793 1096 2115 1162 omnipotens

593 1191 674 1233 est
696 1182 871 1238 Filius,
900 1196 988 1246 per
1009 1196 1160 1246 quem
1187 1180 1314 1232 facta
1341 1190 1460 1233 sunt
1484 1185 1654 1233 omnia
1682 1199 1694 1232 :
1725 1181 1840 1234 Non
1866 1185 2015 1246 enim,
2044 1186 2114 1236 in-

593 1272 721 1336 quit,
738 1269 1052 1334 impossibilis
1077 1277 1181 1319 erat
1199 1269 1504 1334 omnipotens
1518 1286 1687 1324 manus
1700 1280 1802 1331 tua.
1819 1287 1926 1336 qua:
1936 1276 2114 1325 creavit

593 1364 779 1422 onm'a,
803 1367 845 1409 et
870 1359 1031 1408 orbem
1054 1369 1291 1409 terrarum
1314 1374 1374 1410 ex
1394 1361 1597 1410 materia
1612 1360 1831 1426 informi.
1854 1361 1906 1412 In
1929 1362 2110 1415 eodem

594 1447 760 1499 libro:
793 1448 905 1513 quia
930 1447 1152 1512 Spiritus
1173 1457 1378 1500 sanctus
1407 1449 1561 1500 etiam
1589 1449 1746 1502 Filius
1772 1461 1882 1502 esu
1915 1446 2112 1516 disper-

593 1538 636 1589 si
669 1551 757 1603 per
784 1536 1031 1604 Spiritum
1061 1550 1292 1589 sanet-um
1327 1539 1528 1610 vir.ntis
1560 1547 1659 1590 tum
1699 1540 2108 1604 persecutionem

2223 395 2401 456 cipere,
2422 397 2538 458 quia
2567 398 2778 447 mundus
2807 413 2903 450 non
2930 401 3058 451 ridet
3075 417 3204 464 eum,
3223 418 3312 454 nec
3339 409 3596 473 coynoscit
3615 427 3752 460 eum:

2221 495 2304 532 vos
2334 493 2493 532 autem
2519 488 2812 550 cognoscitis
2835 503 2965 548 eum,
2995 490 3108 554 quia
3136 491 3271 555 apud
3344 507 3397 544 os
3428 499 3672 557 manebit,
3715 512 3754 548 et

2221 567 2271 618 in
2295 569 2426 620 vobis
2453 570 2563 620 erit.
2597 571 2649 622 In
2680 571 2906 626 Canticis
2933 574 3194 649 Christum
3222 577 3346 630 dicit
3366 593 3482 633 esse
3512 582 3710 649 Regem
3738 603 3749 642 ;
3806 625 3807 640 χ

2219 668 2331 708 Ctltn
2363 655 2642 709 Ecclesium
2679 660 2930 727 loquitur:
2974 663 3262 716 Introduxit
3292 683 3367 718 me
3392 683 3480 719 rex
3519 669 3578 733 in
3618 672 3750 721 cubi-

2217 744 2384 811 culum
2412 760 2576 809 suum,
2605 749 2898 800 exsultemns
2925 761 2966 800 et
2989 753 3324 818 jucundemnr
3344 756 3394 804 in
3423 764 3488 806 te.
3525 755 3658 808 Item
3684 761 3743 809 si.

2217 830 2533 882 militudines
2584 835 2694 885 auri
2727 833 2970 888 faciemus
3009 838 3098 890 tibi
3149 854 3265 892 cum
3318 842 3745 897 distinctionibus

2215 918 2436 982 argenti,
2465 932 2730 983 quousque
2767 935 2854 973 rex
2884 924 2946 974 sit
2991 924 3038 974 in
3070 927 3300 978 recuhitu
3331 942 3447 980 suo.
3483 929 3539 981 In
3572 930 3744 983 Eccle-

2214 1007 2425 1060 siastiro
2447 1025 2459 1057 :
2478 1007 2593 1068 quia
2618 1007 3005 1063 innumerabilis
3030 1022 3110 1066 est
3137 1018 3435 1083 magnitudo
3464 1019 3580 1072 Dei.
3605 1020 3741 1077 Unde

2213 1093 2427 1146 docetur
2447 1110 2600 1162 quam
2635 1095 2932 1163 blasphemi
2968 1101 3073 1152 sint
3120 1103 3170 1154 in
3199 1104 3506 1159 Trinitatem
3545 1107 3637 1162 Dei
3666 1112 3740 1178 qui

2212 1185 2502 1248 separando
2538 1185 2781 1247 gradibus
2807 1201 2868 1240 ac
2904 1193 3132 1244 numeris
3155 1194 3417 1248 suadenda
3446 1199 3738 1253 aesﬁmant:

2211 1281 2260 1323 et
2287 1273 2404 1337 quis
2452 1274 2780 1341 investigarit
2807 1279 3176 1343 magnitudinis
3218 1283 3331 1350 ejus
3368 1285 3674 1352 imperium,
3697 1297 3741 1341 et

2213 1361 2612 1426 magnitudinem
2626 1363 2738 1429 ejus
2754 1365 2867 1430 quis
2882 1365 3269 1422 denumeravit?
3284 1371 3336 1423 In
3351 1375 3560 1438 psalmo
3581 1392 3737 1437 xxm,
3806 1395 3807 1412 ι

2209 1450 2448 1504 similiter
2476 1453 2540 1504 dc
2567 1453 2860 1519 Sapientia,
2890 1473 3005 1523 qua:
3043 1468 3126 1511 est
3177 1462 3340 1515 Filius
3386 1465 3504 1529 Dei,
3553 1467 3736 1524 dictum
3806 1463 3807 1468 “

2210 1551 2289 1591 est
2315 1560 2327 1593 ε
2357 1541 2472 1607 quia
2503 1543 2771 1608 sapientia:
2820 1547 2934 1613 ejus
2959 1563 3060 1601 non
3086 1559 3166 1602 est
3204 1567 3452 1607 numerus
3482 1572 3494 1604 :
3536 1555 3736 1624 Magnus

594 1629 726 1691 passi
759 1627 822 1698 ab
848 1626 973 1689 ipsis
1013 1626 1161 1679 factis
1189 1627 1314 1680 suis.
1347 1628 1399 1678 lu
1429 1628 1611 1680 eodem
1657 1627 1786 1680 libro
1816 1629 1879 1680 de
1916 1620 2108 1694 Spiritu
2143 1621 2184 1676 Β
2213 1627 2454 1698 Dominus
2501 1641 2682 1695 noster,
2727 1643 2774 1684 et
2822 1651 3005 1704 magna
3041 1638 3196 1691 virtus
3247 1643 3376 1706 ejus,
3402 1651 3451 1694 et
3487 1620 3740 1709 sapientia:

590 1703 767 1766 sancto
795 1716 910 1781 quia
957 1715 1358 1778 inctirrnptihilis
1385 1725 1463 1766 cst
1498 1733 1508 1766 :
1542 1715 1938 1782 Incorruptibitis
1980 1719 2111 1772 enim

595 1805 814 1871 Spiritus
842 1816 955 1857 tuus
975 1806 1024 1856 in
1054 1805 1277 1857 omnibus
1303 1815 1392 1856 est.
1427 1805 1478 1856 In
1510 1805 1690 1857 eodem
1723 1806 1875 1868 libro,
1913 1806 1993 1857 ubi
2026 1822 2108 1858 se-

589 1896 815 1946 cundum
845 1895 1061 1946 formam
1101 1903 1355 1960 suscepta:
1384 1895 1686 1948 humilitatis
1711 1897 1963 1948 visibilem
1989 1897 2112 1949 dicit

587 1983 874 2041 Christum,
905 1983 1187 2034 secundum
1233 1982 1450 2034 formam
1484 1999 1605 2034 vero
1635 1984 1838 2036 deitatis
1858 1999 1957 2037 non
1985 1985 2108 2036 visi-

588 2070 767 2134 bilem,
793 2069 882 2120 sed
933 2069 1244 2122 invisibilem
1285 2071 1585 2136 pronuntiat
1625 2071 1840 2124 dicens:
1879 2072 2112 2126 Videntes

587 2158 729 2210 illum
755 2175 897 2224 quem
928 2159 1045 2212 olim
1091 2159 1365 2227 negabant,
1401 2161 1556 2211 Deum
1597 2171 1892 2230 agnoverunt
1923 2180 2108 2218 rerum.

586 2246 640 2297 in
677 2246 856 2299 eodem
901 2248 1063 2300 libro:
1091 2247 1208 2315 quia
1254 2249 1411 2301 Filius
1460 2249 1555 2302 Dei
1595 2251 1659 2303 de
1702 2251 1987 2304 substantia
2031 2262 2113 2306 est

587 2335 788 2389 Patris:
816 2337 916 2389 Pro
957 2339 1132 2403 quibus
1183 2341 1474 2408 angelorum
1515 2355 1623 2391 esca
1668 2342 1840 2392 cibasti
1873 2341 2112 2409 populum

585 2435 741 2489 tuum,
785 2432 827 2476 et
856 2436 1078 2490 paratum
1107 2443 1282 2490 panem
1308 2427 1369 2476 de
1415 2426 1534 2477 cmlo
1565 2429 1834 2491 prwstitisti
1875 2429 1976 2479 illis
2005 2431 2110 2482 sine

586 2514 772 2572 labore,
796 2529 938 2563 omne
963 2513 1364 2564 delectamentum
1393 2513 1444 2563 in
1487 2530 1539 2565 se
1569 2515 1848 2577 habentem,
1872 2526 1918 2569 et
1948 2521 2104 2570 omnis

583 2599 776 2663 saporis
803 2601 1088 2650 suavitatem
1118 2615 1134 2660 ;
1163 2599 1480 2651 substantiam
1508 2603 1634 2652 enim
1659 2612 1794 2653 luant
1815 2605 2107 2672 etdttlcedi-

584 2703 692 2737 nem
719 2702 839 2752 quas
876 2688 924 2737 in
970 2685 1103 2737 Filio
1146 2687 1325 2738 habeas
1372 2690 1679 2743 ostendebas.
1724 2690 1776 2742 In
1830 2693 2104 2758 Evangelio

584 2774 866 2824 secundum
894 2774 1142 2827 Joannem
1170 2793 1180 2826 :
1208 2777 1324 2841 quia
1350 2776 1620 2829 invisibilis
1643 2789 1718 2830 est
1741 2779 1962 2846 Spiritus
1987 2797 2104 2833 sau-

583 2959 736 2972 0——

743 2963 1026 2976 -——_..

2206 1716 2314 1782 ejus
2338 1732 2437 1768 non
2465 1728 2534 1767 est
2557 1735 2806 1773 numerus.
2829 1721 3271 1789 Propositionibus
3291 1729 3404 1782 istis
3430 1731 3736 1784 Maximinus

2208 1803 2440 1855 Ariouita
2464 1806 2587 1856 nihil
2619 1807 2795 1860 valens
2815 1811 2878 1862 ad
2909 1812 3348 1880 respondendum,
3379 1819 3661 1873 differebat
3680 1821 3736 1872 de

2209 1890 2292 1942 die
2323 1893 2371 1942 in
2401 1892 2559 1944 diem.
2591 1893 2819 1948 Cerealis
2845 1912 2972 1951 vero
2997 1900 3130 1954 dixit
3175 1904 3278 1970 illi,
3329 1907 3415 1970 qui
3473 1909 3732 1971 intrrerat,

2208 1981 2289 2032 cui
2327 1991 2439 2034 erat
2483 1983 2769 2048 injunctutn
2796 2003 2808 2036 :
2840 1985 3126 2056 Propositis
3170 1991 3235 2042 ab
3276 2007 3340 2045 eo
3365 1997 3734 2060 questionibus

2210 2072 2486 2137 adjuvante
2532 2072 2640 2125 Deo
2669 2075 2950 2141 respondi,
2997 2092 3092 2130 cur
3137 2079 3266 2132 meis
3297 2083 3733 2146 prapositionibus
3806 2119 3807 2126 η

2211 2175 2312 2213 non
2367 2146 2679 2228 respondet?
2706 2163 2874 2230 Supra
2925 2175 3269 2218 memoratum
3311 2169 3469 2236 igitur
3516 2169 3732 2221 Maximi-

2210 2265 2356 2310 num,
2382 2251 2462 2301 cui
2492 2262 2602 2304 erat
2627 2248 2942 2319 iniunctum,
2967 2267 3085 2306 cum
3109 2256 3433 2317 conveniret,
3467 2259 3650 2310 tacuit.
3679 2257 3730 2308 Et

2209 2337 2541 2392 aitCereali:
2577 2339 2718 2393 Vade
2758 2341 2849 2393 tibi
2888 2341 2937 2394 in
2966 2342 3222 2408 propriam
3257 2345 3586 2421 Ecclesiani,
3624 2347 3730 2412 quia

2209 2439 2493 2482 conventus
2531 2444 2559 2481 a
2587 2444 2670 2482 me
2703 2430 3011 2484 Maximinus
3041 2432 3203 2485 noluit
3244 2423 3594 2501 respondere,
3625 2433 3731 2486 hinc

2209 2517 2510 2584 intelligitur
2535 2520 2652 2586 quia
2682 2535 2783 2572 non
2811 2521 2990 2586 valuit,
3025 2522 3108 2574 ubi
3141 2524 3320 2585 tacuit,
3341 2531 3398 2575 et
3425 2524 3537 2576 tuis
3561 2537 3730 2589 propo-

2208 2607 2482 2661 sitionibus
2526 2610 2844 2676 respondere
2895 2611 3081 2664 noluit.
3130 2611 3242 2665 Jam
3296 2613 3436 2667 inter
3473 2628 3572 2668 vos
3611 2613 3731 2666 Deus

2209 2695 2371 2747 audit.

1876 3085 2085 3126 EODEM
2130 3085 2442 3146 Teneone.

1167 3240 1425 3500 S.
1536 3241 3158 3526 EUGENIUS

1688 3599 2219 3651 CARTHAGINENSIS
2263 3601 2619 3652 EPISCOPUS.

1650 3869 2097 3940 NOTITIA
2150 3871 2285 3940 EX
2343 3872 2651 3948 CAVE.

646 4032 926 4099 Eugenius,
952 4041 1105 4099 gente
1144 4033 1288 4096 Afer,
1317 4045 1452 4086 anno
1479 4034 1579 4090 480
1604 4051 1632 4087 a
1654 4037 1947 4097 catholicis,
1981 4037 2095 4103 qui-
2123 4039 2166 4096 C
2198 4039 2340 4103 quasi
2368 4039 2538 4094 adhuc
2572 4041 2777 4096 vivente
2810 4041 3037 4112 loquitur
3058 4045 3357 4102 Gennadius
3402 4048 3458 4105 in
3489 4050 3718 4119 Catalogo

580 4122 671 4174 bus
723 4118 1011 4172 llunericus
1058 4121 1403 4174 Vandalorum
1451 4138 1541 4174 rex
1594 4123 1818 4177 Zenonis
1879 4125 2004 4191 imp.
2046 4132 2097 4176 et

580 4209 818 4260 Placidia:
849 4210 1085 4271 precibus
1115 4220 1357 4262 exoratus
1388 4213 1606 4276 eligendi
1637 4213 1865 4279 episcopi
1895 4215 2097 4266 veniam

580 4303 948 4354 concesserat,
987 4296 1261 4361 episcopus
1294 4297 1714 4362 Carthaginensis
1755 4303 2097 4367 constitutus,

582 4390 854 4445 postquam
885 4379 1035 4431 sedes
1065 4381 1372 4432 Arianorum
1400 4384 1598 4434 saevitia
1626 4400 1716 4450 per
1736 4386 1804 4436 24
1828 4402 1989 4439 annos
2015 4404 2103 4440 va-

581 4473 805 4517 caverat.
862 4467 1010 4516 Anno
1055 4467 1178 4530 484,
1229 4469 1444 4521 collecta
1494 4471 1626 4537 apud
1654 4473 2016 4540 Carthaginem
2037 4478 2101 4528 ab

584 4552 838 4605 llunerit-o
885 4556 1241 4622 episcoporum
1272 4558 1575 4610 Arianorum
1606 4561 1774 4622 turba,
1801 4563 1887 4628 qui
1925 4564 2100 4630 dispuo

585 4645 830 4696 tationem
861 4660 975 4697 cum
1003 4647 1276 4699 catholicis
1303 4654 1707 4711 committerent,
1742 4653 1996 4720 Eugenius
2029 4653 2100 4704 lu-

582 4735 840 4786 cuicutam
868 4736 984 4788 ﬁdei
1013 4736 1386 4800 professionem
1414 4740 1518 4804 regi
1543 4741 1751 4805 obtulit,
1781 4751 1920 4793 tanta
1945 4742 2102 4793 ratio-

583 4822 664 4874 nis
687 4823 733 4872 vi
758 4823 1028 4882 munitam,
1064 4834 1117 4873 ut
1143 4825 1415 4878 htcreticos
1443 4827 1506 4878 ad
1532 4829 1795 4881 silentium
1827 4832 2017 4894 pariter
2043 4844 2104 4882 ac

505 4944 509 4947 ι
582 4912 779 4962 rabiem
819 4911 1060 4977 adigeret.
1105 4913 1262 4966 Paulo
1308 4925 1421 4978 post
1447 4917 1513 4968 ab
1555 4918 1813 4970 lluneriCn
1846 4919 2103 4970 Tamallu-

587 5012 798 5048 nrnsem
819 4999 1076 5051 civitatem
1109 5001 1156 5051 in
1184 5002 1408 5054 conﬁnio
1429 5005 1761 5072 Tripolitanae
1789 5008 1940 5059 sitam
1974 5007 2102 5060 relc-

586 5093 755 5148 gatur,
778 5094 829 5135 et
851 5085 1075 5139 Antonio
1097 5089 1190 5139 Irci
1214 5091 1472 5155 episcopo,
1491 5091 1734 5146 hmretico
1759 5095 2099 5157 ferocissimo,

588 5172 957 5223 excruciandus
982 5178 1335 5228 committitur.
1363 5180 1560 5240 l‘ostea,
1585 5183 1626 5232 si
1657 5181 2101 5251 Gregorio'Turo-

592 5259 732 5305 Ili'lhi
764 5257 925 5321 (Hist.
960 5259 1143 5311 Franc.
1174 5263 1258 5313 lib.
1288 5280 1341 5326 ιι,
1371 5282 1480 5335 cap.
1514 5271 1566 5328 5)
1593 5270 1740 5330 lides,
1771 5273 2098 5337 Alb'gensem

2197 4129 2508 4193 scriptorum
2563 4131 2700 4199 (cap.
2747 4133 2856 4200 97),
2906 4149 3057 4201 quem
3112 4136 3209 4190 isto
3260 4152 3403 4194 anno
3455 4139 3720 4196 contexuit.

2200 4219 2380 4269 Exstat
2422 4220 2626 4288 libellus
2668 4235 2758 4272 seu
2813 4223 3007 4289 prolixa
3060 4225 3177 4289 ﬁdei
3224 4227 3487 4294 Confessio
3535 4232 3722 4284 nomine

2197 4306 2558 4370 episcoporum
2610 4307 2968 4360 Africanorum
3042 4311 3299 4366 llunerico
3351 4319 3473 4384 regi
3527 4319 3721 4374 oblata.

2201 4393 2333 4458 apud
2367 4392 2626 4445 Victorem
2660 4394 3113 4466 Vitensem.(cujus
3135 4398 3392 4467 integrum
3418 4404 3610 4458 librum
3633 4414 3719 4458 ter-

2201 4479 2325 4532 tium
2379 4482 2669 4547 constituit)
2716 4481 2788 4534 De
2825 4487 3164 4548 persecutione
3208 4486 3498 4543 Vandalica
3535 4492 3623 4544 lib.
3661 4507 3720 4550 ut,

2201 4582 2318 4635 pag.
2357 4569 2456 4621 ὅδε
2490 4569 2614 4634 Ejus
2652 4571 2791 4623 enim
2839 4585 2973 4636 esse,
3006 4574 3126 4629 licet
3159 4575 3211 4629 id
3239 4590 3340 4629 non
3371 4576 3517 4631 dicat
3543 4577 3719 4640 Victor,

2200 4665 2350 4706 extra
2398 4668 2606 4707 omnem
2651 4661 3063 4713 controversiam
3107 4663 3252 4729 ponit
3291 4663 3602 4720 Gennadius
3625 4667 3722 4719 loco

2201 4741 2385 4820 citato.~
2408 4743 2632 4795 [labetur
2660 4744 2856 4799 Concil.
2889 4757 3016 4802 tom.
3051 4751 3137 4816 IV,
3170 4766 3286 4820 pag.
3314 4752 3479 4820 “28,
3514 4753 3723 4810 etlnBi-

2201 4831 2453 4884 bliotbeca
2491 4833 2699 4886 Palmm
2738 4847 2860 4889 tom.
2893 4838 3021 4904 Vlll,
3051 4853 3168 4908 pag.
3201 4841 3319 4896 683.
3352 4842 3581 4914 Scripsit
3605 4858 3717 4914 pnt-

2204 4930 2360 4985 terea,
2401 4932 2530 4976 teste
2561 4925 2744 4977 eodem
2776 4929 3064 4992 bennadio,
3103 4947 3218 4998 qua:
3261 4934 3596 4999 interierunt,
3622 4935 3716 5001 epi-

2202 5011 2353 5063 stolas
2398 5013 2469 5062 ‘ad
2513 5014 2699 5076 plebem
2739 5031 2842 5066 sua:
2889 5032 3021 5070 curre
3052 5022 3362 5074 commissam
3388 5035 3390 5037 '
3418 5026 3573 5091 paulo
3615 5032 3717 5076 ante

2201 5100 2435 5152 exsilium
2482 5101 2698 5165 missas;
2738 5106 3082 5160 altercationes
3111 5124 3238 5174 quas
3262 5125 3382 5164 cum
3428 5113 3717 5166 Arianorum

2204 5189 2508 5254 prtesulibus
2545 5205 2637 5256 per
2687 5194 3032 5247 internuntios
3081 5197 3281 5260 habuit,
3313 5198 3610 5254 Homerico
3631 5197 3719 5264 regi

2203 5289 2553 5343 nuntnpatas;
2581 5294 2759 5346 preces
2791 5279 3012 5350 denique
3043 5299 3136 5350 pro
3163 5285 3340 5350 quiete
3361 5287 3715 5344 catholicorum

590 5343 865 5396 Galliarum
905 5349 1082 5398 urbem
1126 5362 1414 5413 asportatus
1455 5363 1553 5420 est,
1597 5359 1678 5410 ubi
1735 5375 1869 5411 anno
1900 5361 2103 5412 circiter
2131 5370 2177 5428 Ι)
2202 5367 2550 5436 apologiarum
2580 5343 2640 5422 ad
2663 5370 2844 5438 instar,
2869 5365 3034 5426 cidem
3066 5373 3286 5426 Oblatas.

592 5437 690 5488 ωδ
721 5441 794 5488 \‘e’
821 5438 968 5502 paulo
999 5446 1114 5507 post
1143 5439 1290 5491 vitam
1323 5442 1511 5497 liniisse
1543 5445 1755 5498 videtur.
1780 5448 1848 5501 De
1878 5463 1938 5502 eo
1962 5450 2099 5502 enim

2531 5535 2545 5572 \

3806 2999 3807 3046 1

3806 3069 3807 3098 1

3806 3145 3807 3168 1

3806 3229 3807 3252 1

3806 3323 3807 3348 1

3806 3397 3807 3422 1

3806 3465 3807 3494 1

3805 3503 3807 3538 1

3806 3577 3807 3606 1

3806 3625 3807 3662 1
