3818 6226
610 266 1012 357 Ἐχυεῐιιδτωί
1053 269 1144 324 Ex
1178 264 1520 324 GREGORIO
1556 262 1634 317 Tu

1711 261 1827 326 κε..
1867 259 2047 317 ΠΕΒ.
2090 254 2401 319 EUGENIO,
2440 251 2583 307 ETC.

3070 217 3175 302 rio

843 364 3158 405 _________________________._..__————-——————-—-

1075 483 1749 587 PROFESSIO
1827 480 2144 610 FIDE]

947 637 1410 695 EPISCOPORUM
1447 632 1964 691 CATHOLICORUM
2001 630 2267 686 AFRICE

432 822 1224 981 scamno
1295 760 1634 971 cari

1711 851 2784 967 PEAGINENSI
2828 914 2836 939 ι

1458 1041 1763 1084 BEDACTA.
2132 1067 2136 1070 ι

108 1236 260 1305 (Hanc
285 1233 687 1289 Professionem
723 1231 864 1294 nilei,
903 1244 1017 1297 quae
1048 1229 1232 1280 librum
1259 1225 1464 1275 tertium
1496 1221 1724 1274 historiae
1752 1220 2132 1273 Persecutionis
2163 1217 2457 1271 Vandalicas
2482 1213 2768 1278 constituit,
2796 1199 2986 1266 vitiosis
3010 1223 3186 1277 supra,

1488 1308 1588 1361 col.
1614 1307 1757 1373 219.)

73 1427 3180 1468 ___________________________.__._.__________________

831 1518 1305 1584 EXCERPTUM
1347 1516 1454 1574 EX
1500 1511 1905 1574 GREGORIO
1947 1510 2378 1572 TUBONENSI

1592 1592 1659 1681 ολ

790 1754 873 1831 s.
957 1745 1475 1830 EUGENIO
1553 1690 2484 1824 CARTHAGINENSI

492 1922 499 1935 κ
702 1900 857 1945 Αιιιε
898 1896 1379 1943 CONFESSORIBUS
1422 1893 1527 1945 QUI
1570 1893 1683 1935 SUB
1724 1891 2039 1934 HUNERICO
2081 1892 2239 1934 REGE
2281 1883 2447 1933 PASSI
2494 1888 2671 1933 IUNT.

1419 1971 1421 1975 ,
2352 1972 2356 1976 Α
2412 1968 2429 1991 I

118 2127 165 2181 l.
194 2124 421 2178 Vandali
450 2140 485 2175 a
514 2122 625 2175 loco
665 2124 754 2174 suo
780 2120 988 2189 digressi
1020 2134 1131 2172 cum
1159 2118 1441 2172 Cunderico
1473 2133 1586 2188 rege
1612 2122 1658 2180 Α
1686 2118 1957 2170 cratissimo
2000 2117 2210 2169 nomine
2234 2115 2346 2166 cassi
2375 2115 2493 2177 sint,
2532 2112 2594 2165 ab
2619 2109 2893 2163 hominibus
2920 2124 3019 2160 non
3039 2100 3201 2177 potest

67 2217 107 2265 in
129 2212 311 2265 Callias
332 2216 523 2270 ruunt,
549 2206 725 2275 quibus
748 2206 891 2258 valde
908 2206 1107 2258 vastatis
1128 2204 1402 2272 Hispanias
1429 2218 1584 2271 appe-

70 2311 177 2353 tunt.
200 2298 308 2353 Hos
332 2296 505 2350 secuti
547 2293 697 2347 Suevi
711 2330 728 2357 ,
757 2293 810 2344 id
827 2302 898 2344 est
926 2294 1175 2355 Alamani,
1206 2291 1472 2345 Calliciam
1495 2306 1588 2359 ap-

72 2386 383 2453 prehendunt.
433 2380 551 2434 Nec
578 2382 732 2431 multa
769 2387 877 2445 post
908 2380 1200 2431 scandalum
1238 2381 1365 2432 inter
1390 2386 1589 2431 utrum-

74 2492 151 2541 que
180 2474 338 2525 oritur
375 2468 656 2539 populum,
689 2468 918 2533 quoniam
946 2470 1234 2535 -pr0pinqui
1279 2468 1475 2538 (Colb.,
1500 2465 1589 2533 ibi)

70 2559 512 2627 nsi-erant.......
561 2554 678 2607 Post
720 2554 824 2606 Ilch
864 2557 1268 2622 prosequentibus
1304 2556 1595 2608 Alamannis

75 2664 204 2713 usque
224 2647 291 2697 ad
316 2644 659 2707 Traductam,
681 2644 902 2695 transito
925 2643 1052 2694 mari
1086 2642 1304 2696 Vandali
1324 2658 1411 2711 per
1431 2651 1584 2695 totam

81 2736 280 2800 Africam
304 2748 367 2785 ac
400 2730 775 2785 Mauritaniam
804 2740 916 2783 sunt
944 2730 1178 2797 dispersi.

133 2823 207 2878 II.
234 2824 338 2879 Sed
361 2824 607 2892 quoniam
632 2838 800 2875 eorum
831 2831 1044 2889 tempore
1077 2822 1351 2889 persecutio
1374 2822 1425 2871 in
1453 2820 1597 2873 Chri-

86 2915 252 2967 stianos
278 2913 531 2976 inualuit,
560 2913 751 2963 videtur
770 2923 824 2963 ut
842 2913 1007 2976 aliqua
1028 2927 1089 2963 ex
1113 2912 1189 2964 his
1213 2927 1320 2977 qua:
1343 2914 1473 2963 circa
1508 2912 1598 2964 Dei

82 3000 305 3052 Erclesias
332 2999 651 3060 intulerunt,
676 2999 750 3050 uel
787 2982 1200 3065 quemadmodum
1241 2998 1302 3048 de
1337 3010 1489 3065 regna
1516 3011 1600 3048 ea:-

82 3086 198 3155 pulsi
220 3096 367 3151 sunt,
388 3100 740 3137 memorarem.
756 3083 1000 3151 Defuncto
1020 3083 1173 3151 igitur
1189 3093 1212 3117 ιι
1246 3083 1595 3144 Trasimunda,

84 3185 177 3244 post
217 3178 405 3231 scelera
429 3189 548 3243 quae
585 3174 637 3226 in
680 3174 862 3225 sanctis
900 3171 992 3223 Dei
1029 3171 1270 3234 exercuit,
1320 3170 1609 3222 Honoricus

85 3274 222 3317 mente
259 3263 531 3316 crudelior
556 3260 844 3327 Africanum
871 3266 1076 3325 occupat
1103 3274 1309 3326 regnum
1331 3296 1347 3322 ,
1372 3266 1515 3324 atque
1542 3273 1603 3308 ex

87 3354 297 3406 electione
330 3350 684 3405 Vandalorum
702 3349 822 3416 ipsis
847 3349 1177 3416 praeponitur,
1200 3349 1342 3415 cujus
1370 3346 1459 3399 sub
1486 3354 1602 3397 tem-

1684 2205 2051 2273 comprehendi.
2106 2204 2260 2257 Testis
2288 2211 2358 2257 est
2408 2212 2571 2253 tamen
2612 2199 2784 2266 Africa
2810 2208 2919 2263 quae
2965 2197 3113 2255 misit,
3160 2205 3206 2247 et

1687 2294 1869 2357 Christi
1908 2294 2110 2345 dextera
2131 2306 2241 2357 quat
2264 2290 2467 2358 gemmis
2488 2285 2969 2340 immarcessibilibus
2997 2296 3211 2333 corona-

1686 2384 1773 2437 vit.
1812 2381 2043 2449 Legimus
2088 2389 2251 2431 tamen
2301 2376 2626 2446 quorumdam
2673 2389 2733 2426 ex
2770 2372 2893 2439 ipsis
2938 2377 3210 2435 martyrum

1689 2470 1941 2538 passiones
1960 2508 1975 2530 ,
2005 2484 2066 2520 ea:
2091 2467 2265 2535 quibus
2305 2464 2531 2530 quaedam
2575 2458 2857 2530 replicando
2884 2465 3032 2519 sunt,
3057 2464 3113 2507 ut
3147 2454 3211 2505 ad

1690 2576 1750 2614 ea
1774 2573 1883 2625 qua:
1906 2556 2259 2627 spopondimus
2292 2554 2563 2605 veniamus.

1760 2646 1877 2700 ΙΙΙ.
1917 2646 1942 2698 l
1949 2646 2081 2715 gitur
2110 2643 2277 2696 Ciro'a
2298 2680 2315 2707 ,
2339 2642 2467 2704 [also
2490 2648 2689 2712 vocatus
2716 2636 2996 2704 episcOpus,
3020 2631 3215 2683 lucreti-

1648 2768 1657 2773 ~
1692 2751 1862 2797 eorum
1908 2744 2023 2784 tunc
2064 2731 2313 2783 maximus
2340 2716 2609 2779 habebatur
2644 2730 2894 2783 assertor;
2923 2733 3130 2785 cumque
3151 2716 3215 2766 ad

1692 2823 2075 2895 persequentium
2110 2818 2413 2872 Christianos
2451 2831 2537 2867 res:
2578 2829 2665 2879 per
2700 2812 2891 2862 diversa
2915 2805 3217 2858 transmitte.-

1692 2906 1787 2972 r‘et,
1814 2889 2034 2962 sumtum
2056 2903 2332 2975 Eugenium
2358 2904 2662 2971 episcopum,
2690 2899 2847 2949 virum
2874 2892 3217 2948 inenarrabilis

1694 2997 1986 3060 sanctitatis,
2013 2996 2096 3063 qui
2116 3004 2230 3045 tunc
2255 2994 2499 3059 ferebatur
2524 3002 2715 3055 magna:
2736 2984 3013 3052 prudentia:
3037 2995 3139 3032 esse
3162 2980 3218 3028 in

1694 3086 1969 3140 suburbano
2006 3082 2211 3135 civitatis
2248 3095 2351 3133 suae
2391 3077 2567 3143 reperit
2616 3081 2911 3142 persecutor.
2948 3070 3104 3132 Quem
3150 3066 3220 3116 ita

1696 3173 1931 3226 violenter
1975 3171 2165 3237 rapuit,
2210 3178 2263 3221 ut
2314 3182 2403 3219 nec
2454 3164 2477 3202 δ
2531 3164 2595 3213 ad
2634 3160 2992 3215 cohortandum
3031 3170 3221 3225 gregem

1699 3259 1881 3313 Christi
1928 3258 2090 3310 locum
2135 3256 2311 3307 habere
2359 3253 2677 3323 permitteret.
2734 3246 2831 3298 Ille
2883 3259 2993 3297 vero
3033 3257 3143 3294 cum
3171 3256 3221 3292 se

1698 3348 1882 3400 videret
1905 3346 2101 3407 abduci,
2130 3340 2386 3417 epistolam
2428 3340 2609 3392 civibus
2648 3338 2752 3390 suis
2788 3349 2876 3403 pro
2903 3327 3223 3384 custodienda

87 3454 188 3507 pore
206 3443 379 3508 quanti
408 3439 811 3494 Christianorum
836 3438 1008 3507 pepuli
1045 3452 1136 3505 pro
1179 3438 1286 3505 ipso
1315 3435 1499 3489 Christi
1522 3452 1602 3486 sa—
1632 3430 1676 3487 Β
1706 3436 1804 3501 ﬁde
1820 3434 2064 3487 catholica
2086 3432 2177 3483 hoc
2198 3430 2340 3483 iiiodo
2379 3428 2645 3481 transmisit
2674 3443 2687 3477 :

1358 3585 1710 3683 EPIST

1358 3585 1557 3683 EPI
1638 3587 1710 3681 T

317 3762 477 3872 ε.
513 3837 517 3843 .
552 3750 1283 3897 suanm:
1349 3580 2915 3859 casngénammsss

821 3936 901 3976 AD
926 3935 1096 3975 ClVES
1137 3933 1309 3989 suos,
1344 3932 1459 3972 pao
1494 3914 1921 3971 cus'romsn'ns
1948 3928 2095 3969 FIDE
2129 3906 2485 3968 animum.

154 4054 503 4111 Dilectissimis
520 4060 565 4104 et
589 4053 639 4103 in
662 4049 846 4103 Christi
875 4065 1042 4101 amore
1078 4047 1375 4100 dulcissimis
1405 4047 1526 4111 ﬁliis
1566 4059 1612 4099 et
1640 4047 1683 4108 C
1715 4048 1773 4098 tis
1807 4045 2091 4112 abundeque
2119 4043 2327 4094 obtestor
2360 4056 2445 4103 per
2487 4037 2575 4087 Dei
2610 4036 2911 4104 ntajcstatem
2950 4044 2992 4084 et
3018 4040 3229 4108 pertre-

96 4144 274 4211 ﬁliabus
319 4141 568 4195 Ecclesia:
605 4139 726 4191 mihi
756 4149 833 4188 c‘a
864 4137 967 4189 Deo
1008 4140 1314 4199 commissae,
1359 4134 1611 4203 Eugenius

97 4233 360 4299 episcopus.
396 4228 605 4299 Regalis
630 4228 870 4280 emanavit
896 4226 1185 4289 auctoritas,
1210 4234 1255 4274 et
1273 4238 1360 4287 pro
1384 4236 1613 4275 exercen-

99 4322 155 4372 da
191 4320 289 4387 [ide
332 4317 593 4372 catholica
634 4316 792 4368 edicto
836 4311 960 4367 nos‘1
988 4317 1050 4365 ad
1078 4313 1419 4381 Carthaginem
1452 4312 1612 4364 venire

98 4407 328 4477 precepit.
362 4405 433 4457 Et
474 4404 591 4455 ideo
618 4418 679 4453 ne
721 4402 885 4453 abiens
912 4417 940 4451 a
970 4400 1102 4452 vobis
1138 4399 1413 4451 Ecclesium
1444 4397 1533 4477 Dei
1559 4398 1611 4449 in

99 4498 329 4565 ambiguo.
387 4496 486 4545 hoc
530 4501 599 4543 est
651 4492 702 4540 in
754 4505 989 4555 suspenso
1040 4489 1351 4552 dimitterem,
1380 4496 1465 4537 aut
1489 4466 1613 4545 ’pves

100 4582 269 4635 Christi
293 4590 399 4635 non
428 4594 576 4632 verus
600 4586 765 4644 pastor
792 4576 988 4627 silentio
1006 4577 1329 4640 relinquerem
1352 4591 1367 4636 ;
1395 4589 1619 4625 necessa-

104 4668 218 4722 rium
237 4671 359 4722 duxi
380 4673 475 4720 has
498 4681 589 4734 pro
608 4680 684 4715 me
703 4665 910 4715 vicarius
932 4674 1100 4716 vestra:
1118 4665 1328 4730 dirigere
1347 4662 1618 4723 sanctitati,

103 4762 147 4808 in
162 4759 329 4825 quibus
351 4771 453 4809 non
474 4753 584 4807 sine
604 4752 837 4820 lacrymis
863 4763 994 4821 peto,
1027 4752 1213 4815 hortor,
1247 4766 1442 4812 moueo,
1464 4758 1509 4801 et
1542 4765 1621 4800 sa-

167 4980 191 5008 ι
214 4967 515 5039 Legendus!)
553 4963 833 5043 Genserico.
1442 4970 1446 4981 ‘

167 5037 196 5110 _"
220 5036 486 5110 Sic_(_}olb.
512 5033 751 5110 At.e_dtt._,
780 5034 843 5110 ad
872 5032 1165 5110 hortandum
1209 5044 1399 5110 gregem
1434 5026 1615 5110 Christi

111 5102 251 5157 ullum
273 5100 755 5169 abirepermitteret.
780 5095 1255 5169 [tegendum-forte,
1294 5095 1433 5146 illum
1465 5096 1615 5155 abire,

114 5182 199 5227 etc.
222 5172 373 5239 333.,
396 5165 751 5239 Christicolam
775 5168 909 5239 abire
932 5166 1250 5239 permitteret.

175 5251 196 5279 ⁸
218 5226 497 5295 διαυοόᾶει
526 5232 714 5299 Regius
751 5242 804 5285 et
827 5226 947 5283 editi
974 5230 1091 5291 alii;
1123 5245 1247 5282 mss.
1290 5231 1409 5289 duo,
1435 5228 1487 5279 in
1520 5226 1619 5279 Do-

118 5309 269 5371 mino;
294 5320 358 5361 ex
389 5301 582 5371 quipus
604 5301 761 5371 alter,
779 5300 1068 5371 commissis:

174 5361 299 5431 “Sic
322 5361 450 5426 msé.
479 5368 549 5430 Ως
580 5366 702 5421 editi
740 5361 935 5419 habent
968 5381 999 5416 tt
1024 5365 1344 5433 Carthagine.
1372 5361 1619 5416 Baronius

123 5442 177 5494 ad
197 5458 312 5498 ann.
342 5438 468 5502 484,
491 5452 523 5488 a
551 5433 860 5503 Carthagine.

1711 4135 1942 4186 mendum
1963 4132 2143 4199 judicii
2165 4130 2312 4189 diem,
2334 4136 2479 4194 atque
2506 4126 2741 4177 adventus
2769 4121 2949 4173 Christi
2970 4118 3230 4170 terribilem
3324 4190 3327 4193 _

1711 4223 2001 4283 claritatem,
2033 4229 2086 4270 ut
2105 4218 2251 4285 ﬁdus
2267 4214 2469 4266 teneatis
2489 4210 2782 4263 catholicam
2808 4209 2975 4274 ﬁdem,
3004 4221 3233 4259 asseren-

1713 4316 1780 4360 tes
1814 4315 1834 4341 °
1868 4304 2058 4357 Filium
2086 4302 2229 4354 Patri
2254 4316 2358 4353 esse
2380 4298 2637 4365 aqualem,
2670 4306 2713 4347 et
2743 4294 2985 4362 Spiritum
3012 4301 3235 4345 sanctum

1714 4396 1935 4447 eamdem
1960 4392 2133 4443 habere
2154 4406 2263 4440 cum
2303 4389 2455 4441 Patre
2486 4395 2533 4438 et
2564 4384 2699 4436 Filio
2738 4383 2985 4435 deitatem.
3032 4381 3233 4435 Servate

1713 4485 1877 4549 itaque
1924 4480 2054 4532 unici
2082 4478 2387 4546 baptismatis
2424 4476 2658 4544 gratiam,
2689 4471 3015 4521 custodientes
3046 4466 3064 4503 ί
3096 4467 3235 4519 Chri-

1715 4571 1886 4623 smatis
1928 4567 2225 4619 unctionem.
2259 4564 2419 4615 Nemo
2466 4570 2572 4630 post
2618 4574 2817 4627 aquam,
2854 4562 3128 4609 revertatur
3172 4554 3236 4604 ad

1718 4672 1913 4727 aquam,
1935 4664 2133 4707 renatus
2160 4668 2221 4705 ex
2248 4667 2376 4726 aqua
2406 4660 2453 4702 ις.
2484 4647 2624 4700 Nutu
2644 4648 2771 4698 enim
2800 4643 2887 4695 Dei
2914 4645 2991 4695 sal
3018 4645 3069 4694 in
3102 4657 3233 4709 aqua

1721 4744 1997 4812 conﬁcitur,
2052 4739 2137 4791 sed
2180 4739 2220 4789 si
2258 4738 2309 4789 in
2355 4734 2536 4804 aqu’ain
2588 4734 2837 4786 redactum
2887 4731 3051 4796 fuerit,
3081 4729 3237 4780 omnis

1791 4964 1813 4990 ο
1843 4952 1937 5005 Ms.
1978 4951 2028 5013 1,
2068 4957 2335 5001 asserentes
2378 4950 2597 5008 Patrem,
2634 4954 2678 4996 et
2725 4942 2969 5009 Spiritum
3010 4949 3236 4994 sanctum

1721 5022 1937 5074 eamdem
1957 5018 2135 5070 habere
2153 5033 2263 5068 cum
2283 5013 2417 5067 Filio
2437 5017 2686 5065 deitatem.

1795 5087 1811 5124 ί
1846 5086 2117 5139 Salvi-nus
2145 5085 2374 5150 ejusdem
2418 5082 2512 5135 ειενί
2543 5090 2719 5150 auctor
2736 5078 2839 5150 μὶ).
2873 5092 2923 5129 m
2950 5076 3013 5150 de
3046 5074 3242 5126 Guber-

1724 5156 1930 5209 natione
1959 5151 1974 5167 '
2002 5151 2071 5212 ei,
2096 5144 2226 5202 bona
2255 5165 2369 5216 quae
2389 5148 2705 5216 Christianis
2736 5147 2869 5216 Deus
2894 5144 3139 5216 assignat,
3163 5155 3242 5216 re-

1724 5233 1962 5277 censeas,
1992 5210 2363 5271 commemorat
2386 5218 2545 5267 sancti
2574 5215 2877 5279 bap'ismatis
2902 5212 3131 5280 gratiam,
3166 5210 3242 5277 tli—

1723 5274 1823 5341 viui
1850 5274 2127 5337 chrismatis
2148 5284 2445 5347 unctionem,
2476 5274 2841 5350 quod’chrisma
2863 5274 3238 5332 ecclesiasticum

1726 5355 1877 5424 paulo
1905 5361 2023 5424 post
2041 5354 2283 5424 apponat“.

1797 5430 1819 5465 8
1838 5417 1980 5472 Coib.
2012 5419 2152 5471 addit
2172 5428 2213 5470 et
2245 5417 2434 5483 Spiritu
2462 5424 2644 5469 sancto.
