3818 6226
626 211 719 264 ’ΠΙ

618 321 805 384 species
830 328 936 391 ejus
966 329 1223 397 confestim
1258 349 1538 390 evacuatur.
1585 340 1730 396 Unde
1756 359 1856 396 non
1892 347 2137 400 immerito

620 405 860 461 Dominus
898 412 949 463 in
990 412 1256 483 Evangelio
1281 420 1351 471 ait
1372 437 1392 473 :
1411 422 1470 475 Si
1491 421 1568 473 sal
1588 434 1612 462 ⁸
1638 428 1687 479 in
1694 431 1941 496 fatuatum
1966 414 2131 500 fuerit,

615 496 667 547 in
705 511 802 562 quo
841 500 1042 552 satietur
1062 503 1086 553 ?
1108 502 1169 554 Et
1196 506 1359 573 utique
1387 510 1480 561 hoc
1509 521 1577 563 est
1602 514 1867 581 infatuari,
1899 496 2023 571 velle
2057 496 2135 573 se;

613 584 772 635 eundo
792 587 980 639 condiri
1000 603 1109 640 eum
1140 595 1292 646 semel
1312 595 1501 662 factum
1528 600 1752 666 sufficiat.
1778 601 1897 655 Non
1927 608 2133 660 audistis

610 671 858 727 Christum
911 679 1148 731 dicentem
1179 697 1203 757 :r
1220 683 1315 747 Qui
1354 686 1504 737 semel
1546 688 1677 761 lotus
1718 701 1812 754 est,
1844 708 1942 745 non
1990 694 2131 748 habet

608 763 942 815 necessitatem
970 766 1156 831 iterum
1200 753 1401 823 lavandi
1443 772 1623 838 (Joan.
1661 758 1824 845 sm)?
1873 778 2125 846 Ideoque,

607 852 805 916 fratres,
836 862 881 903 et
906 844 1019 918 ﬁlii,
1036 855 1250 922 ﬁliaeque
1278 874 1395 910 mea:
1417 861 1467 911 in
1497 861 1727 929 Domino,
1758 880 1858 927 non
1901 883 1983 919 vos
2010 885 2127 922 con-

605 939 758 987 tristet
787 935 1005 990 absentia
1030 955 1135 1013 mea
1156 959 1173 993 :
1199 942 1222 978 b
1250 945 1369 1009 quia
1396 946 1438 996 si
1465 949 1717 1002 catholicae
1738 953 2011 1021 disciplina:
2035 958 2124 1010 ad-

600 1015 857 1085 luereatis,
890 1041 979 1094 ego
1012 1020 1090 1080 vos
1122 1044 1211 1079 nec
1257 1032 1615 1101 longinquitate
1650 1040 1819 1105 aliqua
1845 1042 2118 1109 obliviscar,

601 1124 691 1162 nec
734 1121 887 1163 morte
912 1127 942 1162 a
972 1114 1107 1165 vobis
1133 1116 1362 1169 divellar.
1393 1119 1580 1172 Scitote
1604 1128 1718 1189 quia
1752 1134 1774 1162 ο
1800 1130 2122 1198 quodcunque

1614 1178 1625 1189 .
1811 1178 1823 1191 .
1876 1178 1882 1179 κ
1918 1178 2117 1198 ηκ-ντην

511 1178 514 1183 ”
598 1198 767 1265 fecerit
801 1214 875 1249 me
913 1198 1064 1266 dividi
1090 1216 1120 1250 a
1149 1201 1301 1265 vobis,
1334 1220 1518 1256 mecum
1548 1218 1617 1260 est
1643 1211 1826 1277 palma.
1860 1213 1920 1266 Si
1944 1217 2009 1266 ad
2034 1232 2120 1268 ea:-

597 1284 764 1335 silium
810 1286 1005 1360 abieroi,
1064 1287 1188 1341 beati
1228 1288 1436 1345 Joannis
1482 1298 1791 1363 evangelista:
1840 1304 2117 1368 exemplum

597 1368 623 1406 ά
639 1371 827 1436 habeo;
855 1375 898 1424 si
924 1374 995 1443 ad;
1010 1380 1175 1429 ntortis
1200 1380 1420 1441 eaitium,
1452 1382 1578 1435 Mihi
1605 1390 1757 1438 vivere
1774 1387 1999 1442 Christus
2024 1403 2114 1457 est,

596 1468 643 1511 et
686 1462 809 1512 mori
838 1451 1028 1515 lucrum
1057 1465 1308 1536 (Philipp.
1338 1484 1376 1535 t,
1400 1469 1509 1539 21).
1558 1472 1617 1527 Si
1658 1477 1866 1541 rediero,
1916 1451 2111 1547 fratres,

595 1549 812 1616 implebit
863 1550 995 1605 Deus
1037 1553 1334 1608 desiderium
1387 1570 1617 1611 vestrum.
1663 1562 1889 1615 Attamen
1938 1567 2112 1632 sufficit

592 1638 759 1703 modo,
785 1641 920 1704 quod
942 1641 1074 1692 vobis
1096 1657 1196 1694 non
1222 1646 1376 1709 tacui,
1409 1648 1578 1698 monui
1604 1659 1649 1699 et
1672 1649 1882 1701 instruxi
1906 1667 2109 1718 quomo-
2143 1664 2181 1720 Β

590 1723 655 1775 do
694 1726 848 1791 potui,
886 1726 1091 1795 ideoque
1137 1732 1368 1785 immunis
1413 1748 1522 1785 sum
1560 1750 1591 1786 a
1616 1738 1854 1806 sanguine
1890 1743 2109 1793 omnium

588 1818 926 1883 pereuntium;
947 1820 1048 1886 scio
1065 1821 1182 1886 quia
1202 1820 1437 1875 adversus
1458 1841 1540 1877 eos
1563 1822 1979 1893 legentur‘litterte
2004 1830 2109 1883 ista:

586 1914 702 1956 ante
728 1906 943 1957 tribunal
966 1905 1167 1974 Christi,
1192 1925 1299 1961 cum
1322 1913 1502 1963 venerit
1528 1916 1734 1968 reddere
1759 1918 2014 1986 unicuique
2034 1936 2107 1973 se-

586 1992 799 2042 cundant
854 2008 1004 2057 opera
1052 2010 1161 2047 sua.
1196 1996 1255 2049 Si
1280 2013 1498 2052 reversus
1522 2002 1680 2068 fuero,
1709 2007 1908 2072 fratres,
1938 2009 2107 2061 videbo

585 2092 667 2131 vos
690 2078 741 2129 in
764 2081 855 2129 hac
880 2080 976 2131 vita
991 2094 1010 2142 ,'
1026 2082 1073 2133 si
1096 2099 1317 2137 reversus
1336 2102 1436 2138 non
1456 2087 1614 2155 fuero,
1646 2091 1817 2144 videbo
1840 2107 1924 2145 vos
1948 2095 1999 2147 in
2025 2096 2105 2163 fu-

582 2176 715 2220 tura.
746 2167 871 2221 Dico
899 2170 1061 2223 tamen
1089 2173 1241 2239 vobis,
1272 2174 1457 2242 Valete,
1485 2190 1621 2233 orate
1652 2196 1743 2248 pro
1769 2182 1999 2248 nobis,*et
2019 2189 2103 2254 je-

578 2256 753 2327 junate
780 2271 799 2309 .'
823 2261 940 2325 quia
956 2256 1213 2329 jejunium
1233 2272 1276 2314 et
1289 2264 1598 2335 eleemosyna
1623 2285 1812 2337 semper
1832 2272 2101 2327 Dominum

577 2343 643 2394 ad
664 2344 1047 2398 misericordiam
1069 2350 1390 2416 deﬂexerunt.
1411 2352 1707 2408 Mementote
1736 2373 1839 2409 esse
1863 2362 2100 2427 scriptum

574 2430 626 2480 in
655 2429 924 2500 Evangelia
954 2448 973 2486 :
1000 2433 1173 2487 Nolite
1201 2438 1373 2490 timere
1409 2456 1489 2492 eos
1532 2444 1617 2507 qui
1639 2445 1869 2498 occidunt
1895 2430 2095 2517 corpus,

573 2517 787 2570 animant
806 2529 972 2572 autem
998 2537 1097 2573 non
1123 2529 1594 2591 possuntoccidere;
1614 2532 1777 2584 timete
1800 2544 2096 2601 autemeum

570 2606 654 2668 qui
676 2615 930 2673 postquam
954 2609 1182 2661 octiderit
1202 2626 1397 2681 corpus,
1429 2615 1568 2669 habet
1593 2628 1876 2687 potestatem
1916 2632 1962 2674 et
1990 2626 2097 2675 ani-

568 2708 698 2744 mam
723 2694 942 2761 perdere,
968 2705 1011 2763 et
1048 2698 1237 2751 mittere
1262 2701 1313 2751 in
1335 2702 1606 2769 gehennam
1636 2705 1841 2776 (Matth.
1871 2725 1923 2774 x,
1956 2712 2065 2780 28).

570 2824 773 2888 Explicil
790 2828 992 2889 Eugenii
1013 2832 1228 2895 epistola,
1249 2835 1307 2883 ad
1328 2849 1464 2886 suum
1486 2840 1611 2888 redit
1633 2841 1789 2891 thema
1811 2844 2088 2908 Gregorius.

636 2949 721 3003 ιγ.
754 2950 942 3005 Ductus
982 2956 1146 3024 itaque
1178 2970 1375 3041 sapctus
1406 2960 1652 3031 Engenius
1681 2967 1747 3018 ad
1782 2985 1940 3037 regem
1981 2988 2090 3024 cum
2119 2972 2161 3034 C
2190 2949 2302 3048 sim:-

560 3034 655 3089 rt'llo
683 3039 974 3094 Arianorutn
1006 3034 1252 3113 episcopo,
1284 3066 1374 3117 pro
1414 3052 1513 3117 fide
1540 3056 1781 3108 catholica
1806 3034 2083 3115 decertavit.

563 3125 783 3193 Cumque
805 3148 911 3184 eum
935 3133 995 3186 de
1020 3148 1203 3207 sancta:
1224 3138 1477 3195 Trinitatis
1508 3148 1737 3212 mysterio
1759 3152 2086 3217 potentissime

560 3215 831 3280 devicisset,
860 3230 906 3272 et
934 3223 1133 3288 insuper
1173 3226 1353 3277 multas
1381 3245 1466 3294 per
1494 3246 1605 3282 eum
1633 3215 1832 3287 virtutes
1861 3237 2083 3293 Christus

564 3305 852 3371 ostendi-ret,
867 3309 917 3357 in
940 3315 1178 3376 majorem
1202 3313 1445 3364 insaniam
1466 3316 1597 3367 idem
1616 3321 1869 3386 episeopus
1895 3326 2081 3378 invidia

559 3390 896 3455 inﬂammante
914 3398 1243 3448 succenditur.
1265 3398 1420 3451 Erant
1441 3405 1567 3454 enim
1587 3415 1702 3457 tunc
1724 3412 1949 3473 temporis
1970 3430 2078 3465 cum

565 3488 728 3531 sancto
767 3478 988 3545 Eugenio
1034 3484 1123 3534 viti
1164 3486 1533 3552 prudentissimi
1577 3504 1722 3559 atque
1762 3500 2074 3565 sanctissimi,

569 3564 896 3618 Vindemialis
918 3578 963 3618 et
989 3568 1244 3637 Longinus
1272 3576 1506 3643 episcopi,
1538 3596 1680 3645 pares
1706 3586 1885 3647 gradu,
1916 3598 1959 3637 et
1985 3584 2081 3640 vir-

559 3664 659 3706 tu'e
688 3673 784 3707 non
810 3658 1037 3725 impares.
1062 3658 1192 3712 Nam
1215 3673 1413 3716 sanctus
1452 3666 1770 3723 Vindemial-s
1790 3689 1845 3726 eo
1865 3684 2079 3742 tempore

557 3745 805 3810 ferebatur
833 3758 1079 3798 mortuum
1119 3753 1397 3815 suscitasse,
1432 3754 1685 3824 Longinus
1712 3754 1891 3814 autem.
1912 3769 2077 3821 multis

556 3833 760 3897 inﬁrmis
789 3836 997 3887 salutem
1033 3839 1232 3901 tribuit;
1273 3838 1523 3907 Eugenius
1560 3862 1749 3911 quoque
1786 3867 1882 3903 non
1918 3856 2076 3907 solum

556 3919 814 3971 visibilium
838 3926 1091 3975 oculorum
1121 3927 1409 3993 caritatem,
1439 3932 1523 3982 sed
1563 3934 1705 3985 etiam
1733 3939 1963 3991 mentium
1991 3943 2077 3994 de-

556 4006 783 4070 pellebat.

626 4090 685 4141 ν.
717 4093 862 4153 Quod
889 4111 1089 4149 cernens
1113 4100 1195 4150 ille
1226 4115 1431 4166 nequam
1471 4106 1766 4161 Arianorum
1797 4114 2071 4181 episcOpus,

552 4190 780 4232 vocatum
806 4189 871 4231 ad
892 4199 942 4235 se
970 4187 1231 4249 quemdam
1261 4190 1523 4256 hominem,
1554 4197 1612 4245 ab
1638 4198 1724 4247 illo
1749 4216 1843 4264 quo
1872 4204 1975 4269 ipse
1998 4208 2072 4257 vi-

550 4268 684 4321 vebat
708 4283 871 4321 errore
891 4270 1162 4335 deceptum,
1184 4275 1285 4323 ait:
1310 4274 1426 4326 Non
1450 4281 1611 4343 patior
1629 4285 1759 4347 quod
1784 4287 1833 4336 hi
1854 4268 2070 4355 episcopi
2098 4293 2146 4348 D

550 4357 703 4407 multa
728 4353 777 4408 in
807 4360 991 4427 populo
1020 4360 1161 4427 signa
1190 4361 1501 4429 depromunt,
1537 4367 1743 4437 illosque
1780 4376 1963 4437 cuncti,
1993 4353 2067 4429 me

550 4445 791 4510 neglecto,
823 4456 1113 4509 sequuntur.
1144 4447 1400 4514 Aequiesce
1425 4467 1553 4503 nunc
1578 4452 1656 4505 his
1681 4472 1789 4523 qua:
1812 4463 2067 4529 prwcipio,

547 4544 593 4583 et
632 4534 841 4599 acceptis
880 4536 1236 4603 quinquaginta
1283 4544 1478 4603 aureis,
1521 4546 1635 4595 sede
1686 4548 1735 4597 in
1778 4551 1939 4611 platea
1986 4568 2071 4618 per

548 4637 694 4682 quant
723 4625 860 4675 nobis
886 4634 955 4675 est
978 4629 1229 4690 transitus,
1262 4640 1305 4680 et
1336 4636 1531 4683 manum
1559 4650 1707 4701 super
1731 4638 1922 4693 clausos
1948 4646 2074 4697 ocu-'

590 4743 978 4842 Τιθηῖἓδὲῗένὲἷς
994 4750 1319 4842 ’ΖιῖῗῗςῗΨὟ
1328 4792 1346 4842 2
1358 4758 1561 4842 {‘55},
1580 4759 2071 4842 h9b8“!'€vanuerit;

544 4819 599 4862 et
619 4811 774 4861 Marc.
792 4815 995 4903 χινῖὅο,
1014 4811 1271 4903 insulsujtn.
1289 4822 1353 4872 Αι
1367 4811 1471 4874 Afri

546 4887 599 4929 ut
628 4887 766 4943 patet
786 4894 847 4930 ex
870 4882 1154 4947 Augustino
1181 4887 1243 4938 de
1265 4902 1504 4945 sermone
1526 4882 1727 4951 Domini
1747 4882 2065 4964 ii'ﬁﬁﬁl‘é’f"

621 4943 643 4981 δ
673 4946 758 4998 Sic
780 4960 845 4997 ει
870 4962 965 4999 mS-
990 4964 1333 5010 TeDosunnttS.
1369 4956 1499 5010 Editi
1522 4977 1637 5010 cum
1666 4968 1791 5010 (Enn.
1870 4976 1998 5010 nn...
2026 4983 2067 5010 .:

621 4960 643 4981 υ
673 4960 758 4998 διο
780 4960 845 4997 ex
870 4962 965 4999 ms.
990 4964 1333 5015 reposmmus.
1369 4960 1499 5010 Editi
1522 4977 1637 5016 cum
1666 4968 1836 5037 Colb.,
1870 4960 1998 5038 Quin
2022 4983 2064 5033 si

545 5011 800 5091 catholica:
823 5014 1097 5101 dispip‘l'intv
1116 5022 1436 5101 'adha’reatis,
1464 5043 1551 5094 ego
1581 5048 1661 5083 vos
1700 5052 1895 5094 nec.....
1933 5049 2058 5101 obli-

544 5080 1082 5157 υίισο[.·η-ςιάίινςςιρτι
1116 5086 1263 5153 Reg.
1293 5080 1455 5157 quasi,
1481 5080 1657 5149 ac.“
1933 5080 1957 5130 τ

616 5156 637 5183 c
765 5149 1095 5247 eidegntﬂgqlb.
1115 5159 1177 5206 At
1198 5148 1596 5247 ediIt'c-um'regin
1622 5184 1741 5236 ms.,
1764 5174 2063 5247 Quocunque

543 5215 1015 5299 meafe‘cerli‘ntdividi
1038 5236 1235 5299 agones.
1270 5226 1477 5299 Barong.,
1508 5215 1680 5299 ligone.

616 5278 641 5314 ά
669 5282 754 5395 Sile
770 5284 955 5336 Baro".
977 5300 990 5344 ;
1014 5278 1101 5339 sed
1124 5288 1291 5355 Coib.,
1322 5278 1708 5359 proféid’ji'ih'd
1726 5324 1842 5376 ms.,
1867 5328 2056 5372 constat

616 5362 711 5395 mm
736 5365 838 5395 um-

545 5359 839 5409 exemptum.

618 5422 639 5446 ε
674 5416 845 5481 Colb.,
891 5420 1183 5485 cogitaverat
1224 5426 1507 5483 exclamavit
1553 5449 1663 5490 voce
1706 5459 1905 5514 magna,
1946 5461 2048 5506 tota

1457 226 1507 284 S.
1546 230 1879 292 EUGENIUS
1914 238 2485 304 CARTHAGINENSIS
2526 251 2903 312 EPISCOPUS.

3648 274 3732 325 7ῗὲ

2166 358 2211 413 Α
2244 354 2317 407 los
2346 373 2562 422 ponens,
2606 378 2681 415 me
2711 376 3032 429 prtetereunte
3062 386 3171 423 cum
3208 374 3408 442 reliquis
3442 382 3655 439 ποίμνια
3694 392 3735 444 in

2234 458 2413 514 magna
2438 448 2632 508 virtute,
2657 451 2824 503 dicens
2850 468 2867 503 :
2892 453 2975 517 Te,
2998 455 3267 514 beatissime
3288 461 3455 517 Cirola
3476 481 3651 525 nostra:
3670 494 3734 527 re-
3788 468 3789 519 ἶ

2232 527 2431 598 ligionis
2460 536 2682 598 antistes,
2712 538 2946 603 deprecor
2975 554 3027 596 ut
3055 548 3321 615 respiciens
3348 560 3622 623 manifestes
3641 563 3733 628 glo-
3788 540 3789 575 Τ

2230 618 2357 679 riam
2392 635 2452 671 ac
2473 622 2704 675 virtutem
2732 636 2888 692 tuam,
2932 641 2985 681 ut
3024 636 3191 687 oculos
3218 652 3350 691 meos
3379 644 3617 712 aperiens,
3646 665 3727 700 me
3788 654 3789 663 ‘

2228 722 2338 758 rear
2357 709 2516 761 lucem
2556 714 2720 765 videre
2747 731 2892 781 quam
2927 724 3141 787 perdidi.
3191 726 3289 788 Qui
3316 729 3458 796 jussu
3481 738 3725 801 complens,

2226 795 2536 865 residensque
2565 801 2615 851 in
2640 802 2824 869 platea,
2867 816 3149 865 transeunte
3175 815 3404 870 lueretica
3432 837 3543 872 cum
3565 830 3725 879 sanctis
3788 844 3789 855 π

2227 881 2337 944 Dei,
2380 884 2470 952 iste
2500 888 2586 954 qui
2621 886 2776 941 Deum
2809 894 3014 948 irridere
3051 907 3074 933 ⁸
3100 902 3362 969 cogitabat,
3412 910 3647 965 exclamat
3683 916 3723 965 in

2220 984 2400 1037 magna
2428 974 2796 1036 virtute,dicens
2818 994 2835 1030 :
2860 983 2988 1034 Audi
3014 1003 3108 1050 me,
3129 993 3402 1047 beatissime
3427 995 3721 1064 Cirola,audi

2219 1074 2313 1121 me,
2341 1074 2507 1115 sancte
2528 1067 2755 1118 sacerdos
2787 1067 2914 1121 Dei:
2938 1076 3121 1139 respice
3145 1082 3416 1135 etecitatem
3438 1101 3612 1142 meam.
3634 1088 3721 1142 E1-

2218 1147 2379 1213 periar
2403 1164 2488 1217 ego
2520 1154 2870 1208 medicamenta
2891 1176 3000 1225 qua:
3023 1177 3151 1229 stupe
3171 1170 3286 1218 caeci
3312 1171 3484 1238 reliqui
3512 1191 3543 1225 a
3571 1186 3613 1229 te
3636 1195 3719 1230 me—

2216 1245 2416 1285 ruerunt
2448 1234 2489 1299 τ,
2517 1254 2625 1304 qua:
2650 1242 2830 1308 leprosi
2850 1250 3036 1314 experti
3052 1262 3182 1316 sunt,
3205 1271 3314 1320 qua:
3331 1259 3423 1323 ipsi
3443 1263 3584 1315 etiam
3607 1282 3714 1318 mor.

2216 1320 2286 1371 tui
2315 1338 2679 1387 pet'senserunt.
2724 1330 2912 1397 Adjura
2951 1343 2996 1387 te
3023 1352 3108 1404 per
3137 1341 3295 1406 ipsant
3345 1320 3565 1400 virtutem
3589 1368 3713 1417 quam

2213 1409 2381 1476 habes,
2414 1424 2465 1464 ut
2491 1416 2611 1468 mihi
2638 1419 2967 1474 desideratam
2994 1429 3222 1482 restituas
3247 1431 3428 1498 lucem,
3458 1439 3571 1503 quia
3595 1446 3712 1507 gravi
3788 1454 3789 1505 ξ

2210 1515 2319 1551 sum
2348 1505 2564 1558 caecitate
2583 1524 2862 1574 percussus.
2884 1512 3155 1569 Veritatem
3180 1521 3311 1572 enim
3333 1526 3552 1578 nesciens
3570 1544 3709 1581 verum
3788 1556 3789 1565 ι

2210 1588 2396 1641 dicebat
2419 1607 2438 1643 :
2465 1596 2579 1659 quia
2604 1611 2867 1653 ctecaverat
2888 1618 2999 1655 eum
3025 1609 3289 1675 cupiditas,
3320 1622 3367 1663 et
3392 1616 3613 1668 virtutem
3635 1616 3709 1669 Dei
3788 1612 3789 1669 ξ

2208 1677 2554 1743 omnipotentis
2579 1684 2787 1738 irridere
2816 1705 2901 1755 per
2928 1697 3188 1761 pecuniam
3213 1700 3507 1753 instituebat.

2277 1763 2360 1817 Vl.
2397 1765 2533 1819 Tunc
2556 1769 2898 1827 ha’reticorum
2924 1780 3186 1847 episcopus
3213 1790 3470 1852 paululum
3498 1807 3549 1843 se
3572 1793 3706 1845 diver-

2206 1851 2263 1903 tit
2284 1856 2426 1920 quasi
2446 1857 2495 1907 in
2525 1859 2701 1911 virtute
2730 1863 3143 1933 triumphaturus,
3173 1851 3333 1927 elatus
3356 1878 3567 1930 vanitate
3583 1892 3705 1946 atque

2203 1942 2449 2008 superbia,
2482 1948 2642 2012 posuit
2668 1953 2867 2001 manum
2884 1969 3023 2005 suant
3041 1962 3188 2022 super
3207 1962 3375 2015 oculos
3394 1967 3517 2028 ejus,
3532 1969 3703 2023 dicens:

2205 2029 2487 2086 Secundum
2521 2036 2671 2102 ﬁdem
2706 2052 2944 2107 nostram,
2974 2062 3072 2112 qua
3110 2060 3237 2101 recte
3274 2051 3435 2103 Deum
3463 2058 3702 2121 credimus,

2201 2125 2489 2189 aperiantur
2514 2129 2645 2179 oculi
2670 2132 2759 2181 tui.
2796 2132 2858 2183 Et
2886 2150 3000 2187 mox
3026 2147 3079 2188 ut
3099 2136 3193 2189 hoc
3221 2147 3362 2205 nefas
3389 2144 3565 2209 erupit,
3594 2150 3703 2199 n’m

2199 2220 2417 2265 mutatur
2438 2216 2490 2267 in
2515 2219 2790 2286 planctum,
2815 2232 2859 2274 et
2884 2224 3026 2279 dolus
3049 2229 3264 2299 episcopi
3290 2242 3359 2283 est
3378 2238 3700 2307 patefactusin

2199 2301 2393 2364 publico
2420 2314 2463 2357 ι.
2503 2306 2632 2363 Nam
2658 2318 2824 2362 tantus
2862 2315 3007 2368 dolor
3031 2318 3198 2371 oculos
3230 2321 3396 2373 miseri
3426 2301 3557 2376 illius
3583 2326 3698 2377 inra-

2196 2388 2281 2453 sit,
2309 2399 2358 2440 ut
2385 2407 2465 2445 eos
2490 2394 2659 2462 digitis
2688 2400 2770 2449 vix
2792 2404 3155 2471 comprimeret,
3180 2424 3243 2461 ne
3267 2420 3539 2475 creparent.
3568 2413 3698 2465 Deni-

2195 2491 2286 2541 que
2305 2479 2518 2533 clamare
2543 2485 2682 2551 ctepit
2723 2489 2891 2553 miser,
2921 2507 2982 2542 ac
3003 2493 3167 2547 dicere
3189 2512 3209 2548 :
3248 2496 3337 2550 Ve
3358 2501 3486 2551 mihi
3513 2502 3697 2557 misero!

2194 2562 2309 2624 quia
2336 2565 2563 2618 seductus
2590 2586 2700 2621 sum
2729 2574 2786 2623 ab
2824 2576 3025 2629 inimico
3061 2580 3179 2648 legis
3208 2584 3405 2637 divinet.
3457 2586 3543 2639 Vae
3577 2589 3694 2650 mihi.

2193 2647 2310 2713 quia
2336 2646 2495 2701 Deum
2520 2669 2607 2720 per
2627 2661 2880 2721 pecuniam
2900 2646 3120 2716 irridere?
3136 2668 3349 2730 voiui,et
3369 2673 3694 2741 quinquaginta

2194 2750 2369 2788 aureos
2399 2740 2586 2807 accepi,
2611 2754 2660 2793 ut
2689 2744 2781 2797 hoc
2808 2750 3000 2812 facinus
3036 2764 3387 2819 perpetrarem.
3423 2762 3503 2811 Ad
3532 2740 3694 2826 episco-

2192 2839 2312 2890 pum
2350 2836 2511 2878 autem
2554 2831 2711 2882 aiebat
2749 2848 2767 2885 :
2812 2834 2938 2887 Ecce
2979 2854 3158 2892 aurum
3188 2851 3339 2906 tuum,
3374 2847 3527 2898 redde
3552 2847 3691 2900 lumen

2194 2926 2374 2976 meum,
2404 2916 2538 2979 quod
2562 2917 2676 2969 dolo
2704 2929 2788 2971 tuo
2809 2924 3023 2988 perdidi.
3065 2926 3258 2995 Vosque
3285 2946 3425 3000 rago,
3459 2933 3689 3002 gloriosis-

2340 2998 2628 3061 Christiani,
2654 3022 2715 3056 ne
2756 3009 3039 3075 despiciatis
3078 3017 3327 3081 miserum,
3370 3020 3456 3072 sed
3493 3023 3689 3075 velociter

2184 3089 2454 3140 succurrite
2481 3094 2721 3156 pereunti.
2767 3094 2892 3149 Vere
2920 3101 3048 3151 enim
3091 3107 3294 3173 cognovi
3319 3108 3436 3173 quia
3462 3108 3583 3161 Deus
3608 3126 3687 3159 non

2184 3170 2419 3225 irridetur
2443 3174 2584 3242 (Gal.
2615 3178 2682 3244 rt,
2716 3182 2793 3248 7).
3151 3170 3163 3173 ἰ
3330 3170 3356 3193 γ’

2255 3258 2356 3311 VH.
2384 3260 2522 3313 Tunc
2543 3269 2699 3318 sancti
2723 3268 2814 3321 Dei
2832 3274 3168 3329 misericordia
3190 3282 3307 3331 moti
3329 3295 3347 3332 :
3369 3280 3450 3343 Si,
3466 3281 3683 3349 inquiunt,

2182 3348 2359 3411 credis,
2388 3351 2551 3401 omnia
2574 3356 2828 3418 possibilia
2854 3366 2971 3412 sunt
2994 3368 3231 3419 credenti.
3263 3369 3323 3419 At
3348 3368 3437 3420 ille
3463 3348 3684 3422 claruabat

2181 3447 2292 3483 voce
2322 3450 2498 3502 magna
2518 3452 2536 3488 :
2569 3438 2665 3499 Qui
2703 3457 2799 3493 non
2830 3448 3095 3500 crediderit
3121 3452 3366 3506 Christum
3400 3455 3584 3508 Filium
3613 3458 3683 3507 Dei

2179 3527 2223 3569 et
2246 3519 2491 3585 Spiritum
2515 3535 2738 3579 sanctum
2760 3534 2997 3597 aequalem
3022 3537 3199 3590 habere
3218 3542 3541 3594 substantiam
3560 3554 3682 3610 atque

2178 3606 2404 3659 deitatem
2429 3624 2540 3661 cum
2570 3611 2671 3664 Deo
2705 3614 2871 3679 Patre,
2904 3622 3051 3673 hodie
3074 3639 3183 3688 quin
3211 3643 3299 3693 ego
3326 3630 3526 3695 perfero
3546 3606 3682 3695 patia-

2176 3704 2276 3747 tur.
2316 3698 2381 3748 Et
2414 3701 2594 3769 adjecit
2626 3719 2644 3755 :
2673 3704 2831 3759 Credo
2875 3708 2929 3758 D.
2946 3727 3027 3761 um
3060 3711 3263 3765 Pa’rcm
3300 3721 3678 3783 omnipotentem,

2175 3785 2316 3836 credo
2331 3785 2433 3838 Fili
2440 3804 2520 3839 um
2536 3788 2626 3841 Dei
2650 3791 2899 3846 Christum
2916 3796 3088 3849 Jesum
3112 3802 3351 3868 a’qualem
3370 3804 3538 3867 Patri,
3552 3807 3675 3856 crc'do

2177 3870 2420 3938 Spiritum
2448 3888 2668 3930 sanctum
2690 3880 2830 3933 Patri
2851 3895 2895 3934 et
2913 3884 3048 3938 Filio
3074 3890 3543 3945 consubstantialem
3558 3902 3678 3959 atque

2172 3968 2486 4015 cateternum.
2534 3964 2657 4018 Ilaec
2703 3969 2779 4021 illi
2812 3974 3088 4041 audientes,
3130 3987 3176 4028 et
3205 3994 3258 4031 se
3292 3981 3495 4033 invicem
3520 3981 3678 4033 honore

2171 4060 2341 4102 mutuo
2370 4057 2739 4121 prcevenientes,
2780 4063 2938 4112 oritur
2972 4064 3097 4115 inter
3121 4083 3203 4118 eos
3241 4079 3411 4121 sancta
3438 4072 3674 4131 contentiO.

2171 4141 2277 4200 quis
2299 4140 2452 4191 Oculis
2475 4145 2581 4207 ejus
2601 4146 2796 4210 signum
2825 4148 2972 4199 beata:
2999 4155 3154 4205 crucis
3181 4156 3478 4221 imponeret.
3513 4159 3674 4211 Vinde-

2173 4224 2333 4275 mialis
2356 4241 2466 4275 vero
2486 4243 2545 4277 ac
2573 4230 2820 4298 Longinus
2844 4233 3149 4303 Eugenium;
3179 4240 3266 4291 ille
3291 4256 3455 4293 autent
3478 4261 3505 4296 e
3528 4256 3676 4297 contra

2170 4324 2248 4359 eos
2287 4323 2457 4362 exorat
2494 4323 2545 4364 ut
2582 4331 2755 4367 manus
2792 4321 3094 4386 imponerent
3118 4342 3266 4379 caeco.
3300 4329 3448 4391 Quod
3485 4347 3591 4382 cunt
3613 4332 3672 4399 fe-

2171 4396 2364 4458 cissent,
2386 4408 2428 4450 et
2449 4416 2621 4453 manus
2647 4419 2758 4455 suas
2788 4422 2931 4474 super
2956 4422 3099 4477 caput
3119 4416 3225 4480 ejus
3247 4425 3672 4483 tenerent,sandus

2175 4481 2425 4551 Engenius
2446 4505 2637 4541 crucem
2660 4509 2804 4559 super
2826 4498 2989 4550 oculos
3013 4517 3070 4551 ca
3085 4504 3129 4552 ci
3153 4506 3363 4570 faciens,
3393 4508 3495 4559 ait:
3524 4504 3582 4558 In
3597 4522 3671 4558 no-

2171 4573 2300 4623 mine
2334 4573 2521 4637 Patris,
2550 4588 2595 4627 et
2626 4577 2770 4646 Filii,
2794 4592 2840 4634 et
2871 4584 3084 4653 Spiritus
3107 4595 3263 4644 sancti
3288 4596 3391 4646 veri
3418 4593 3527 4657 Dei,
3547 4610 3670 4661 quem

2172 4659 2349 4708 trinum
2381 4662 2428 4711 in
2461 4678 2559 4713 una
2594 4669 2873 4731 wqualitate
2915 4682 3059 4739 atque
3104 4681 3455 4747 omnipotentta
3496 4684 3669 4752 conﬁte-

2170 4784 2344 4863 vit'titte
2369 4802 2399 4863 ς.
2420 4789 2548 4863 Audi
2578 4809 2670 4859 me,
2701 4809 2884 4863 sancte,
2916 4814 3015 4855 e!c.

2245 4850 2261 4887 ί
2294 4854 2443 4931 ρριδπ
2473 4850 2873 4931 adiiitaccipere.

2237 4929 2260 5015 ξ
2286 4922 2479 5015 ἓίᾞξξε
2495 4929 2626 5015 ⁸ῳηό
2654 4922 2771 5015 huic
2798 4936 2868 4987 rei
2898 4940 3108 5015 conligit
3135 4944 3416 5015 Lcovigildi
3448 4949 3665 5015 tempori-

2164 4986 2261 5040 bus
2286 4989 2336 5068 in
2368 4986 2633 5083 maeuii,
2666 5001 2736 5077 uti
2766 4986 3185 5083 memoratuidem
3215 4986 3498 5083 Grauia;
3524 4986 3665 5073 'lrurt-

2167 5060 2475 5149 pensis}in
2492 5061 2555 5114 de
2577 5064 2749 5149 Gloria
2772 5060 3664 5149 (Ξοηῑρδεοτὺῖίιξ-σξρἷέ..ἰῗδίριῖέο

2167 5137 2512 5216 conquerente
2540 5136 2674 5216 quod
2712 5151 2817 5216 sua:
2843 5152 3001 5216 sectae
3040 5136 3268 5216 episcopi
3300 5136 3663 5206 inullavedeteiﬂ

2169 5195 2410 5285 tiiirqleule
2456 5195 2586 5277 sicut
2613 5204 2746 5270 apud
2776 5195 3532 5285 catholicusIliei'i'soiebantT
3547 5230 3661 5272 Itali!

2164 5275 2226 5351 ex
2260 5264 2375 5351 illis.
2400 5264 2658 5322 hominem
2673 5278 2818 5351 ,.qui_
2844 5278 3056 5351 pecunia
3084 5264 3591 5351 cdiiuiii§""c'aééum
3613 5296 3661 5337 ω

2164 5329 2620 5408 ﬁngercthurare
2668 5329 3198 5405 Simulu'vitesed‘Dei
3229 5329 3357 5408 iiut-ti
3383 5329 3481 5408 ili;
3500 5366 3660 5408 ment

2157 5409 2327 5451 cacus
2360 5399 2571 5457 eﬂ‘cctus
2602 5408 2773 5461 dolum
2800 5399 3059 5478 patefecit.
