3818 6226
61 289 139 341 773
605 285 1006 344 EXCERPTUM
1046 283 1135 338 EX
1174 282 1514 338 GREGORIO
1551 279 1816 344 TURON.,
1856 280 1942 332 DE
1987 279 2043 335 S.
2090 279 2404 348 EUGENIO,
2445 280 2590 370 ETC.

3083 287 3176 341 7H

60 423 162 472 mur,
189 405 469 472 aperiantur
497 400 624 454 oculi
654 402 744 451 tui.
789 399 850 449 Et
873 398 1040 448 statim
1065 395 1231 446 ablato
1269 395 1463 457 dolore,
1487 392 1551 444 ad
1579 395 1629 450 Α
1652 392 1866 458 propriis
1905 406 1956 442 se
1994 392 2254 459 morsibus
2279 393 2516 456 laniabat,
2559 394 2608 445 in
2648 408 2745 461 quo
2783 396 2930 446 etiam
2957 399 3176 448 cruciats.

61 492 283 558 pristinam
308 489 458 540 rediit
485 486 745 539 sunita:ent
771 493 816 534 ⁸.
847 483 899 534 Μ
904 482 1252 561 anifestissimc
1277 488 1437 531 autem
1460 495 1552 546 pa-

60 581 131 629 luit
155 593 231 643 per
256 577 405 644 hujus
434 575 718 635 ctecitatem,
757 568 972 637 qualiter
999 568 1340 618 haereticorum
1370 565 1557 632 episco-

61 681 132 728 pus
154 664 312 715 oculos
335 661 558 712 cordium
587 659 765 710 misero
788 655 1073 708 assertionis
1100 668 1204 706 sua!
1223 651 1412 704 velabat
1429 652 1556 702 ami-

60 763 140 812 ctu,
165 764 220 800 ne
247 764 409 800 ceram
449 749 606 797 lucem
638 745 741 796 illis
777 745 946 794 liceret
986 741 1104 808 ﬁdei
1145 743 1299 792 oculis
1335 751 1554 792 contem-

62 840 181 904 ptari.
207 837 248 888 0
279 836 544 888 miserum!
574 835 658 900 qui
696 849 794 886 non
826 834 1077 901 ingressus
1111 847 1199 899 per
1234 834 1462 900 januam,
1501 831 1552 880 id

57 937 112 975 cst
135 942 213 991 per
237 924 616 988 Christumrqui
639 931 708 974 est
719 926 880 990 janua
907 936 1038 983 vera,
1073 919 1219 985 lupus
1243 919 1400 987 magis
1415 920 1550 988 gregi

58 1029 176 1079 quam
203 1013 308 1080 ejus
330 1020 492 1062 custos
521 1007 744 1074 effectus,
773 1020 816 1061 et
855 1023 1025 1076 pacem
1061 1008 1177 1073 ﬁdei
1199 1024 1343 1071 quam
1372 1007 1424 1057 in
1438 1001 1552 1056 ἰτε-

59 1101 246 1152 dentium
275 1099 503 1170 cordibus
534 1097 766 1149 debuerat
807 1097 1090 1157 accendere,
1125 1095 1366 1162 pravitate
1392 1094 1553 1147 cordis

57 1192 116 1240 καί
135 1188 397 1240 conabatur
425 1189 753 1254 exstinguere.
796 1185 972 1239 Sancti
1004 1201 1114 1238 vero
1155 1185 1250 1236 Dei
1289 1185 1390 1235 alia
1415 1184 1555 1251 signa

54 1279 92 1324 in
113 1276 296 1341 populis
322 1275 480 1326 multa
505 1278 746 1342 fecerunt,
769 1283 813 1325 et
834 1281 937 1324 erat
963 1289 1054 1324 vox
1080 1288 1177 1323 una
1201 1271 1372 1338 papuli
1389 1271 1555 1322 dicen-

54 1366 101 1416 tis
124 1379 141 1416 :
167 1363 322 1416 Verus
353 1361 488 1416 Deus
519 1362 691 1424 Pater,
714 1377 853 1414 verus
883 1361 1018 1413 Deus
1046 1358 1228 1424 Filius,
1255 1375 1394 1411 verus
1423 1359 1554 1411 Deus

53 1453 244 1519 Spiritus
279 1461 504 1516 sanctus,
550 1467 648 1503 una
686 1452 784 1518 ﬁde
812 1450 1065 1512 colendus,
1105 1463 1202 1500 uno
1243 1450 1415 1499 timore
1451 1463 1554 1499 me-

55 1521 250 1603 tuendus,
291 1541 555 1606 eodemque
587 1540 771 1589 honore
808 1538 1131 1588 venerandus.
1173 1535 1309 1587 Nam
1348 1552 1405 1588 ea
1442 1549 1554 1604 qui:

54 1627 194 1680 Cirola
216 1629 412 1689 asserit,
439 1626 566 1694 falsa
585 1641 689 1677 esse
708 1625 896 1694 cunctis
927 1633 995 1676 est
1026 1624 1355 1691 manifestum.

1654 480 1801 530 vitam
1829 479 2081 546 indignam
2099 481 2241 547 justa
2265 489 2420 534 morte
2443 481 2622 546 ﬁnivit.
2666 482 2796 533 Huic
2824 483 2839 530 i
2876 482 3176 538 Childericus
3254 547 3257 550 η

1652 568 1904 627 successit,
1952 583 2048 634 quo
2085 568 2320 634 defuncto
2362 566 2658 620 Gelisimiris
2694 585 2897 639 regnum
2941 573 3178 634 suscepit.

1655 652 1774 718 Ipse
1795 669 1985 720 quoque
2008 671 2037 704 a
2073 654 2323 719 republica
2349 663 2629 721 superatus,
2651 656 2798 707 vitam
2819 658 3178 724 principatum-

1652 757 1745 808 que
1772 742 1950 806 ﬁnivit,
1980 751 2026 793 et
2047 744 2117 793 sic
2145 758 2347 810 regnum
2376 742 2558 794 decidit
2593 743 2951 796 Vandalorum.

1720 827 1788 879 Χ.
1824 827 1954 880 IIuic
1985 839 2188 896 cryptte,
2211 830 2264 880 in
2291 845 2386 895 qua
2414 830 2697 882 servabatur
2717 832 2877 883 sancti
2905 832 3176 885 Amarandi

1650 931 1847 982 corpus,
1887 916 2102 967 sociatur
2139 924 2183 966 et
2213 917 2298 968 ille
2338 916 2626 982 IIonoriﬁci.
2651 934 2730 970 na:
2775 918 3175 989 [Hunericianm]

1650 1004 1999 1070 persecutionis
2053 1014 2241 1072 martyr
2299 1003 2586 1072 Eugenius,
2635 1008 2948 1059 sacerdotalis
3002 1009 3174 1060 insula:

1650 1094 1922 1144 maximum
1950 1095 2115 1156 decus,
2157 1110 2300 1161 quem
2327 1094 2377 1146 in
2417 1095 2510 1144 hac
2539 1095 2654 1146 urbe
2693 1097 2941 1148 detrusum
2977 1097 3173 1162 exsilio,

1650 1183 1725 1232 vel
1749 1183 1925 1248 ipsius,
1968 1181 2044 1232 vel
2079 1183 2326 1233 sociorum
2361 1186 2469 1250 ejus
2507 1183 2667 1247 passio
2708 1193 2898 1236 narrat.
2946 1185 3040 1237 llic
3067 1202 3176 1238 cum

1650 1268 1841 1334 magnis
1871 1269 1921 1318 in
1950 1267 2134 1318 scrcqu
2173 1269 2381 1334 polleret
2416 1269 2695 1337 virtutibus,
2734 1281 2777 1321 et
2799 1272 2904 1338 iam
2938 1273 3089 1324 victor
3117 1273 3176 1324 dc

1652 1357 1902 1424 tormentis
1944 1358 2312 1424 martyrialibus
2354 1359 2640 1423 exstitisset,
2679 1370 2866 1429 tempus
2906 1364 3175 1416 vocationis

1650 1458 1772 1506 suae,
1803 1459 1900 1510 quo
1941 1454 2268 1496 accerseretur
2307 1447 2372 1495 ad
2410 1445 2644 1514 gloriam,
2689 1448 2900 1501 Domino
2939 1453 3177 1504 revelante

1650 1531 1875 1599 cognovit
1906 1546 1923 1581 :
1963 1530 2091 1580 illud
2134 1531 2378 1597 prcecipue
2417 1534 2551 1600 quod
2588 1535 2784 1600 populis
2818 1537 3174 1600 cccultabatur,

1653 1616 1966 1682 manifestum
1994 1631 2221 1682 noscens,
2245 1633 2296 1669 se
2321 1619 2529 1686 martyri
2556 1620 2840 1672 Amarando
2864 1623 3052 1674 socium
3072 1638 3176 1675 esse

106 1711 220 1764 Vill.
265 1711 452 1763 Videris
484 1719 646 1762 autem
681 1708 968 1762 Honoricus
994 1723 1083 1760 rex
1113 1709 1406 1759 assertiones
1435 1723 1554 1759 suas
1583 1705 1628 1764 B
1654 1710 1896 1772 futurum,
1941 1707 2006 1755 ad
2037 1710 2143 1775 ejus
2184 1706 2465 1770 sepulcrum
2510 1707 2761 1775 dirigitur,
2807 1719 3175 1778 prostratusque

54 1816 119 1861 per
141 1807 416 1850 sanctorum
436 1797 584 1863 ﬁdem
604 1797 872 1865 gloriosam
896 1795 922 1832 δ
950 1796 1167 1847 totaliter
1186 1795 1448 1861 denudari,
1465 1811 1550 1847 nec

51 1886 151 1951 erigi
181 1893 360 1937 sectam
403 1883 605 1945 erroris,
646 1882 734 1935 sed
773 1883 937 1950 potius
984 1882 1202 1945 destrui;
1232 1882 1552 1950 fraudemque

51 1973 272 2038 pontiﬁcis
313 1974 393 2023 sui
427 1971 480 2022 in
520 1971 613 2022 hoc
648 1971 830 2023 scelere
864 1971 1018 2038 fuisse
1056 1957 1291 2023 detectam
1317 1987 1334 2022 :
1357 1980 1551 2022 sanctos

53 2061 124 2112 Dei
145 2070 248 2129 post
269 2061 430 2112 multa
457 2069 718 2124 tormenta,
747 2068 856 2128 post
881 2069 902 2097 ε
932 2059 1143 2122 eculeos,
1168 2066 1277 2127 post
1301 2061 1548 2126 flammas,

55 2163 141 2216 post
167 2155 402 2223 ungulas,
433 2152 589 2221 jussit
627 2152 860 2219 interﬁci.
899 2150 1106 2203 Beatum
1135 2167 1245 2204 vero
1274 2149 1552 2220 Eugenium

53 2239 261 2290 decollari
291 2239 470 2306 jussit,
504 2239 594 2290 sub
638 2252 696 2290 ea
739 2238 915 2304 specie,
946 2238 1066 2290 utsi
1107 2237 1158 2288 in
1193 2252 1254 2289 ea
1293 2235 1418 2288 liora
1454 2252 1551 2302 qua

53 2328 158 2379 ensis
181 2343 325 2396 super
351 2326 588 2380 ceruicem
622 2326 732 2391 ejus
761 2325 1089 2388 incumbebat,
1115 2340 1210 2376 non
1235 2331 1553 2376 reverteretur

53 2419 102 2468 ad
135 2418 470 2470 luereticorum
509 2424 713 2478 sectam,
752 2429 849 2465 non
886 2414 1208 2479 occideretur,
1237 2428 1296 2464 ne
1321 2427 1430 2464 eum
1461 2427 1552 2478 pro

54 2515 234 2573 martyre
250 2504 529 2558 excolerent
554 2502 846 2565 Christiani,
874 2501 962 2554 sed
990 2500 1166 2554 exsilio
1194 2502 1510 2553 damnaretur
1531 2515 1550 2553 :

53 2594 159 2656 quod
186 2594 252 2644 ita
287 2593 474 2660 factum
509 2605 612 2642 esse
631 2589 945 2656 manifestum
969 2598 1061 2640 est.
1093 2588 1228 2640 Nam
1253 2595 1363 2640 cum
1390 2589 1550 2640 immi-

55 2682 159 2730 nenti
176 2691 326 2733 marte
353 2682 686 2747 interrogatus
712 2680 883 2746 fuisset
908 2679 951 2730 si
979 2680 1103 2730 mori
1135 2693 1225 2747 pro
1254 2678 1354 2744 ﬁde
1380 2679 1552 2729 cathm

53 2769 128 2817 lica
152 2767 174 2806 ά
198 2770 490 2831 destinaret,
522 2769 773 2834 respondit
799 2781 818 2818 :
844 2766 966 2819 Haec
994 2768 1122 2818 enim
1161 2775 1230 2818 est
1257 2768 1549 2835 sernpiterua

53 2856 146 2916 tito,
185 2872 270 2920 pro
297 2857 506 2924 justitia
541 2856 686 2906 mori.
731 2854 867 2906 Tunc
907 2869 1144 2920 suspenso
1179 2854 1377 2920 gladio,
1412 2855 1549 2918 apud

52 2953 67 2974 '
94 2945 385 3012 Atbigensem
423 2942 706 2996 Galliarum
745 2943 914 2993 urbem
947 2943 1119 2994 exsilio
1159 2941 1419 3008 deputatus
1453 2951 1544 3002 est,

1652 1797 1758 1846 solo
1785 1795 2058 1846 diutissime
2086 1796 2353 1847 orationem
2390 1798 2521 1861 fudit
2546 1798 2612 1848 ad
2655 1797 2920 1850 Dominum
2948 1816 2967 1852 :
2997 1799 3173 1852 dehinc

1650 1885 1880 1946 expansis
1906 1897 1993 1948 per
2019 1883 2342 1950 pavimentum
2361 1883 2829 1951 brachiis,spiritum
2843 1885 2963 1935 ca:lo
2974 1888 3170 1952 direxit,

1648 1972 1734 2037 qui
1760 1988 1790 2022 a
1811 1969 2102 2022 Christianis
2129 1973 2380 2036 collectus,
2421 1973 2470 2024 in
2493 1974 2604 2041 ipsa
2640 1991 2735 2040 qua
2760 1976 2972 2028 diximus
3000 1988 3173 2044 crypta

1649 2061 1916 2126 sepultura:
1947 2061 2212 2112 mandatus
2238 2071 2331 2114 est.
2363 2060 2522 2130 [Tunc
2549 2062 2568 2098 ι
2605 2080 2768 2116 omnes
2793 2066 2875 2132 qui
2907 2067 3036 2117 circa
3064 2083 3173 2117 eum

1648 2146 1859 2209 stabant,
1891 2163 1980 2199 sua
2002 2149 2263 2199 tundentes
2289 2159 2504 2214 pectora,
2537 2151 2710 2202 dantes
2737 2154 2950 2218 mugitus
2977 2154 3174 2218 procla-

1648 2236 1845 2284 mabant
1875 2249 1892 2286 :
1929 2233 1970 2285 0
1997 2249 2127 2285 mors
2163 2234 2294 2299 dira,
2331 2251 2418 2286 cur
2444 2243 2606 2288 tantos
2637 2239 2782 2289 hodie
2805 2240 3022 2304 perimis,
3054 2241 3172 2290 dum

1648 2337 1680 2374 a
1705 2325 1841 2374 nobis
1871 2327 2035 2391 aufers
2070 2323 2228 2374 sancti
2259 2325 2416 2376 nostri
2455 2327 2804 2392 prtesentiam?
2841 2327 3063 2393 Longum
3102 2340 3170 2380 est

1649 2426 1876 2463 enarrare
1899 2426 1984 2476 per
2007 2412 2222 2479 singula,
2254 2421 2436 2478 quanta
2472 2423 2516 2465 et
2541 2415 2707 2479 qualia
2736 2415 2854 2468 inibi
2889 2417 2992 2468 sine
3020 2418 3171 2468 inter-

1649 2501 1879 2551 missione
1902 2500 2020 2550 almi
2045 2501 2285 2552 antistitis
2316 2499 2528 2570 Eugenii
2559 2503 2788 2555 hactenus
2826 2504 3063 2556 cernimus
3090 2520 3171 2558 co-

1649 2602 1867 2638 ruscare.
1894 2587 1936 2637 0
1964 2596 2147 2654 quanta
2175 2589 2413 2640 miracula
2436 2597 2485 2641 et
2503 2599 2739 2655 quantam
2765 2591 3052 2658 dignitatem
3076 2593 3172 2643 Do-

1651 2675 1809 2725 minus
1847 2675 2058 2726 ostendit
2105 2674 2170 2725 ad
2213 2676 2494 2744 sepulcrum
2536 2678 2682 2745 ejus!
2719 2677 2871 2744 ngri
2898 2681 3095 2731 veniunt
3128 2690 3171 2732 et

1649 2771 1905 2822 sanantur,
1956 2761 2248 2812 daemoniaci
2303 2763 2498 2814 veniunt
2554 2771 2597 2814 et
2643 2764 2938 2827 liberantur,
2993 2768 3172 2834 leprosi

1645 2851 1845 2899 veniunt
1879 2859 1922 2899 et
1957 2849 2276 2915 mandantur,
2315 2851 2530 2916 elingues
2567 2854 2759 2903 veniunt
2799 2862 2843 2904 et
2882 2855 3169 2922 loquuntur,

1648 2937 1977 3002 febricitantes
2003 2936 2201 2987 veniunt
2229 2945 2271 2987 et
2299 2936 2582 3006 sanantur.]

52 3030 115 3080 ubi
137 3039 178 3081 et
199 3032 345 3095 ﬁnem
374 3031 488 3081 vita:
511 3030 761 3096 pra'sentis
782 3027 917 3092 fecit.
949 3027 1024 3077 Ad
1053 3030 1197 3095 cujus
1229 3043 1359 3078 nunc
1387 3027 1548 3095 sepul-
1574 3021 1618 3081 C
1717 3020 1802 3074 XI.
1846 3022 1923 3072 Ad
1961 3027 2103 3090 cujus
2129 3024 2436 3089 festivitatem
2466 3041 2577 3077 cum
2606 3035 2819 3096 tempore
2845 3029 3059 3097 quodam
3088 3031 3169 3084 in-

53 3134 163 3169 crum
189 3121 352 3172 multte
379 3119 582 3172 virtutes
617 3127 661 3168 et
699 3118 1002 3168 creberrimas
1044 3117 1380 3168 ostenduntur.
1415 3115 1547 3170 San-

53 3217 159 3258 clum
181 3223 290 3260 vero
329 3206 688 3259 Vindemialem
724 3204 890 3272 gladio
919 3206 1106 3272 percuti
1133 3207 1380 3274 pra’ccpit,
1415 3205 1547 3272 quod

53 3294 123 3342 et'
152 3295 402 3364 impletum
443 3303 515 3345 est
556 3295 606 3343 in
645 3292 737 3344 hoc
775 3294 1058 3344 certamine.
1099 3293 1396 3346 Octavianus
1434 3309 1546 3346 t'ero

52 3381 402 3433 archidiaconus
451 3389 494 3431 et
534 3380 687 3432 multa
728 3381 885 3432 millia
922 3381 1137 3432 virorum
1181 3397 1238 3432 ac
1285 3383 1547 3433 mulierum

54 3466 155 3517 hanc
178 3469 324 3532 ﬁdem
365 3469 704 3529 asscrentium,
734 3469 1022 3533 interempta
1051 3478 1195 3537 atque
1235 3478 1258 3514 Β
1296 3470 1546 3522 debilitata

53 3565 162 3606 sunt.
191 3555 291 3609 Sed
326 3572 418 3624 pro
441 3571 609 3608 amore
645 3557 816 3624 gloria:
840 3557 964 3607 nihil
991 3568 1130 3608 erant
1171 3559 1273 3610 htec
1298 3558 1546 3625 supplicia

52 3642 382 3707 confcssoribus
418 3643 622 3705 sanctis,
669 3643 753 3710 qui
794 3642 846 3692 in
886 3644 1020 3707 pacis
1059 3643 1238 3706 vexati,
1283 3644 1332 3693 in
1378 3643 1546 3694 multis

53 3727 147 3780 bene
187 3746 237 3782 se
281 3741 526 3782 noverant
577 3731 927 3797 disponendos,
968 3733 1118 3796 juxta
1159 3731 1285 3780 illud
1325 3731 1546 3797 Apostoli

54 3813 197 3879 (Rom.
242 3833 352 3882 νιιι,
396 3819 517 3882 i8):
553 3818 680 3880 Quia
708 3832 804 3867 non
847 3828 960 3867 sunt
999 3818 1254 3883 condigna:
1292 3818 1544 3884 passiones

51 3904 172 3969 hujus
199 3903 435 3970 temporis
475 3902 540 3952 ad
578 3903 794 3968 futuram
822 3903 1054 3969 gloriam,
1091 3918 1200 3968 quae
1227 3903 1465 3954 revelatur
1493 3905 1543 3955 in

51 3991 160 4041 nobis
185 3988 229 4041 δ.

100 4074 176 4126 IX.
202 4075 353 4126 Multi
387 4085 501 4126 tunc
525 4084 740 4128 errantes
781 4075 797 4112 ί
836 4094 865 4128 a
892 4076 990 4143 ﬁde
1014 4079 1308 4146 accipientes
1344 4079 1541 4133 divitias

49 4163 322 4216 inseruerunt
353 4180 404 4216 se
439 4164 688 4217 doloribus
718 4166 904 4218 multis.
939 4166 1126 4229 Infelix
1153 4179 1315 4219 autem
1338 4170 1542 4237 quidam

47 4252 271 4319 cpiscopus
309 4256 509 4306 nomine
538 4253 828 4314 Revocatus,
859 4273 916 4308 eo
945 4267 1159 4324 tempore
1190 4272 1256 4310 est
1287 4271 1539 4313 revocatus

1646 3111 1837 3160 numeri
1875 3111 2046 3176 populi
2082 3112 2455 3176 convenissent,
2507 3117 2701 3180 negotia
2749 3118 2904 3168 multa
2949 3118 2998 3169 in
3040 3122 3170 3171 atrio

1644 3198 1992 3264 protulerunt;
2020 3197 2186 3266 puella
2210 3213 2321 3250 vero
2351 3214 2446 3250 una
2473 3216 2534 3251 ex
2562 3200 2919 3254 habitatoribus
2945 3203 3041 3255 loci
3065 3214 3168 3256 sta-

1646 3287 1824 3338 tionem
1850 3287 1996 3349 attiit,
2018 3290 2158 3355 quasi
2196 3289 2388 3356 aliquid
2423 3299 2724 3355 coemptura,
2749 3294 3167 3380 speciemquepibi
3234 3352 3243 3361 ,

1643 3386 1810 3443 aptam
1835 3378 2076 3444 aspiciens
2104 3395 2133 3428 ιι
2169 3379 2468 3444 negotiatore
2502 3379 2734 3446 suscepit,
2775 3389 2822 3432 et
2850 3383 3012 3431 statim
3039 3378 3168 3435 dicto

1643 3467 1788 3518 citius
1817 3477 2089 3533 porrectam
2118 3467 2280 3528 alteri,
2315 3475 2455 3535 negat
2481 3483 2534 3519 se
2566 3469 2831 3533 accepisse.
2877 3469 2923 3520 Ν
2929 3472 3168 3536 egotiator

1643 3571 1754 3606 vero
1777 3557 1956 3606 intente
1978 3555 2178 3607 aiebat:
2209 3554 2324 3607 Mea
2351 3571 2454 3606 eam
2489 3555 2573 3606 tibi
2604 3571 2750 3607 manu
2780 3558 2980 3625 pratuli,
3020 3568 3167 3625 tuque

1642 3641 1920 3692 rimandum
1963 3641 2172 3692 sollicite
2203 3644 2457 3707 accepisti.
2497 3642 2696 3710 Illoque
2723 3652 2946 3709 negante,
2979 3646 3047 3695 ait
3077 3661 3164 3697 ne-

1642 3729 1852 3794 gotiator
1874 3742 1890 3780 :
1916 3725 1973 3778 Si
1993 3727 2079 3776 tibi
2101 3735 2237 3776 tanta
2251 3738 2320 3777 est
2340 3727 2628 3793 pertinacia,
2644 3726 2849 3779 avaritia
2862 3729 3164 3792 stimulante,

1641 3811 1870 3881 negandi,
1907 3813 2099 3880 judicet
2132 3812 2261 3862 illud
2303 3814 2468 3862 beatus
2511 3810 2526 3847 ¹
2567 3823 2753 3880 martyr
2794 3813 3065 3882 Eugenius,
3096 3818 3162 3866 ad

1641 3905 1780 3968 cujus
1800 3902 2079 3967 sepulcrum
2103 3903 2148 3950 si
2169 3916 2279 3951 cum
2309 3903 2604 3952 sacramenti
2628 3897 2997 3966 interpositione
3024 3907 3166 3955 dixe-

1638 3990 1708 4040 ris
1750 3995 1794 4040 te
1831 4003 1928 4038 non
1974 3987 2237 4054 accepisse,
2281 3987 2450 4037 damni
2486 3987 2607 4038 mihi
2648 3987 2771 4038 nihil
2808 3989 3161 4058 testimo'quod

1639 4077 1800 4128 amisi.
1823 4079 1883 4126 At
1910 4075 1996 4126 illa
2023 4075 2246 4142 pollicita
2267 4090 2317 4126 se
2342 4091 2480 4140 posse
2501 4090 2562 4125 ex
2583 4078 2675 4126 hoc
2699 4077 2811 4126 exui
2831 4088 3158 4138 sacramento,

1639 4166 1770 4215 vadit
1799 4165 1933 4214 ocius
1962 4163 2026 4212 ad
2050 4163 2348 4229 sepulcrum,
2379 4163 2672 4229 elecatisque
2699 4165 2919 4214 manibus
2950 4173 2998 4214 ut
3017 4169 3162 4231 jura-

1637 4262 1731 4314 ret,
1759 4253 2003 4316 extemplo
2042 4251 2265 4302 membris
2299 4258 2336 4285 ω
2365 4251 2614 4301 dissolutis
2643 4251 2855 4318 irriguit,
2888 4251 3159 4320 plantaque

46 4352 66 4385 α
87 4339 172 4402 ﬁde
196 4340 456 4393 catholica.
490 4340 627 4394 Tunc
653 4350 698 4393 et
727 4343 800 4394 sol
823 4353 942 4395 teter
975 4348 1201 4413 apparuit
1229 4347 1534 4412 abscuratus,

1650 4343 1745 4409 ejus
1776 4339 1942 4403 inﬁxa:
1968 4347 2079 4388 sunt
2108 4340 2406 4401 pavimento,
2436 4352 2529 4388 vox
2557 4337 2696 4387 htesit
2727 4338 2775 4388 in
2802 4346 3017 4405 gutture,
3051 4347 3163 4390 tan.

44 4423 98 4476 ita
123 4437 170 4479 ut
195 4430 273 4481 vix
302 4430 368 4481 ab
394 4444 454 4481 eo
490 4427 604 4498 pars
627 4432 699 4482 vel
725 4434 865 4483 tertia
901 4434 1128 4495 eluceret,
1159 4437 1304 4487 credo
1334 4452 1539 4500 namque

46 4528 115 4572 pro
146 4517 288 4581 tantis
315 4516 582 4568 sceleribus
605 4527 650 4570 et
688 4519 926 4582 e/fusione
961 4523 1212 4587 sanguinis
1251 4523 1534 4574 innocentis.

46 4597 298 4656 lIonoricus
340 4619 458 4656 vero
493 4613 600 4671 post
637 4615 826 4656 tantum
863 4608 1073 4669 facinus,
1105 4619 1326 4676 arreptus
1369 4626 1398 4659 a
1438 4612 1539 4661 da:-

45 4701 180 4752 mone,
205 4691 288 4754 qui
315 4691 408 4742 diu
445 4691 508 4741 de
547 4701 828 4744 sanctorum
863 4695 1100 4761 sanguine
1144 4703 1312 4761 pastus
1351 4697 1533 4762 fuerat,

99 4941 270 4994 'llsnc
297 4940 428 4994 caci
457 4941 722 4994 historiam
761 4953 1012 4994 memorat
1054 4945 1372 4996 Ilermanmts
1403 4945 1537 4997 Con-

44 5015 206 5087 tractus
247 5010 297 5060 in
345 5007 609 5087 Chronico
642 5010 710 5087 _ad
752 5014 938 5086 annum
979 5013 1098 5073 433,
1156 5014 1236 5064 ubi
1279 5012 1538 5078 Longinus

45 5076 284 5142 episcopus
309 5075 604 5142 appellatur
631 5075 950 5142 Longwinus.
1393 5075 1413 5078 ⁷

100 5142 121 5178 δ
143 5142 223 5194 Sic
243 5157 343 5195 ms.
370 5144 419 5195 ι.
452 5143 536 5192 At.
569 5143 730 5206 Edit.,
752 5143 936 5206 taliter,
959 5152 1010 5196 et
1035 5145 1204 5210 Colb.,
1237 5147 1533 5198 denudatas.

99 5220 117 5245 ε
145 5210 324 5262 Bsron.
336 5247 351 5271 ,
375 5211 592 5270 aculeos.

97 5276 117 5311 ἀ
143 5277 276 5329 Colb.
288 5317 304 5340 ,
339 5277 640 5342 disponeret.

99 5351 118 5412 f
143 5344 263 5412 Cod.
293 5359 430 5412 reg,
473 5343 820 5412 Albunensem.

101 5408 114 5444 ί
146 5411 261 5465 Mss.
301 5408 377 5476 8;
405 5409 663 5474 impletum
696 5421 786 5462 est.
835 5408 894 5462 In
937 5409 1026 5463 hoc
1068 5419 1230 5464 autem
1273 5414 1533 5465 certamine

51 5476 333 5547 (lctat'ianus,
363 5487 467 5532 etc.

1643 4438 1740 4480 tum
1767 4445 1818 4480 os
1851 4429 2074 4495 patulum
2099 4442 2128 4477 a
2154 4441 2375 4478 sermone
2408 4427 2594 4477 nudum
2631 4427 2813 4479 hiabat.
2847 4429 2990 4492 Quod
3021 4446 3164 4496 nego-

1641 4518 1790 4568 tiator
1811 4530 2006 4565 cernens
2035 4529 2145 4564 cum
2183 4513 2370 4578 reliquo
2395 4513 2595 4580 populo,
2620 4515 2727 4568 ait:
2757 4514 2927 4566 Prosit
2949 4517 3054 4579 tibi,
3087 4519 3163 4569 in-

1639 4607 1760 4671 qttit,
1791 4603 1944 4668 virgo,
1973 4600 2077 4652 htec
2111 4600 2294 4667 species
2323 4615 2468 4664 quam
2510 4601 2663 4652 tulisti
2690 4600 2828 4652 mihi.
2859 4601 3051 4668 Sufﬁcit
3078 4605 3162 4654 tibi

1642 4697 1762 4748 ultio
1809 4694 1926 4743 data
1978 4706 2062 4758 per
2106 4689 2238 4740 hunc
2280 4689 2564 4757 pontiﬁcem
2612 4689 2909 4760 Eugenium.
2962 4692 3022 4743 Et
3071 4693 3163 4742 hac

1709 4957 1734 4992 tt
1766 4947 1859 4998 Ms.
1888 4944 1935 5004 1,
1963 4953 2150 4994 necata.

1709 5013 1734 5049 ιι
1767 5014 1883 5073 Ed.,
1914 5010 2117 5062 sanctis.

1712 5079 2006 5132 iEamdcm
2062 5078 2318 5131 Africanae
2374 5080 2621 5132 Earlesim
2671 5082 2868 5133 cladem
2929 5081 3160 5147 deplorat

1635 5147 1787 5216 Felix,
1813 5153 2048 5216 papa,_t_rt_
2068 5147 2299 5216 dicemus
2331 5147 2462 5200 inira
2483 5163 2598 5216 cap.
2631 5149 2711 5202 10.

1705 5219 1718 5262 t
1756 5215 1924 5274 Colb.,
1959 5212 2264 5264 Hildericus.

1707 5280 1729 5360 ξι
1761 5280 1884 5343 Quae
1916 5280 2112 5331 ansulis
2141 5279 2336 5333 inclusa
2367 5292 2504 5346 sunt,
2544 5299 2606 5338 ex
2638 5283 2754 5338 cod.
2795 5282 2937 5336 Coll).
2967 5282 3160 5335 descri-

1642 5361 1858 5416 pstmus.

1717 5414 1729 5452 ι
1763 5415 1930 5474 Colb.,
1957 5415 2225 5479 confessor.

1710 5493 1748 5520 ω
1777 5482 1944 5544 Colb.,
1971 5482 2206 5534 disso'uta
2239 5484 2456 5547 diriguit.
