3818 6226
562 249 663 307 773

1707 246 1756 301 S.
1797 245 2099 302 FAUSTUS
2135 246 2540 304 “HEGIENSIS.

3692 248 3793 301 775

558 364 724 416 dicens
746 376 775 412 a
800 358 907 411 loco
931 358 1143 410 recessit.
1174 356 1275 407 llla
1303 371 1414 409 vero
1434 358 1487 429 in
1508 356 1598 408 hoc
1626 366 1867 420 tormento
1892 356 2077 409 diutis-
2108 364 2151 419 Α
2180 360 2524 411 detrimentum
2552 358 2804 426 patiatur?
2825 368 2908 412 aut
2928 376 3074 429 quam
3099 359 3239 413 dabit
3265 360 3437 412 homo
3474 370 3789 410 commata.

557 448 683 502 sime
714 447 922 508 detenta,
965 445 1161 496 tandem
1202 454 1418 513 martyre
1444 444 1648 512 jubente
1675 447 1875 508 locuta;
1917 447 2085 514 palam

559 536 779 603 confessa
805 542 872 586 est
892 531 1025 600 quod
1052 531 1180 583 clam
1206 532 1360 583 latere
1386 534 1632 585 voluerat.

623 624 730 677 XII.
763 621 894 685 Quid
934 619 1058 689 agis,
1102 635 1131 671 ο
1175 620 1351 687 infelix
1388 620 1637 672 avaritia!
1683 619 1820 684 Quid
1862 620 2081 687 petendis

554 710 696 763 rebus
728 708 900 761 alienis
936 704 1207 760 succumbis
1232 721 1369 758 mens
1394 707 1639 774 feminea,
1658 723 1756 760 non
1783 708 1985 761 virilis?
2015 708 2082 763 Ut

551 797 671 864 quid
699 796 895 864 ﬁrmam
921 793 1126 847 loricam
1162 794 1334 847 mentis
1365 796 1559 846 modica
1596 796 1963 848 transverberas
1994 813 2077 849 sa-

551 882 675 951 gitta
711 881 1040 948 cupiditatis?
1073 881 1205 943 Quid
1245 896 1533 949 congregas,
1562 896 1592 931 o
1621 882 1788 945 homo,
1813 883 1922 934 auri
1945 882 2080 936 rubi-

550 970 712 1036 ginosi
747 970 946 1033 talenta,
975 986 1085 1021 cum
1124 970 1188 1020 iis
1224 984 1427 1021 arsurus
1454 969 1505 1019 in
1532 970 1790 1036 gehenna?
1832 970 1964 1033 Quid
1992 971 2079 1022 tibi

553 1066 754 1123 prosunt
777 1058 996 1126 peritura
1018 1056 1180 1117 lucra,
1211 1070 1319 1122 quae
1340 1064 1533 1108 (eterna:
1562 1059 1673 1108 vita:
1695 1058 1894 1126 parium
1921 1058 2077 1111 detri-

552 1156 735 1211 menta,
767 1149 919 1214 juxta
948 1145 1073 1198 illud
1104 1142 1305 1212 Domini
1332 1144 1526 1197 verbum
1552 1160 1569 1195 :
1600 1145 1732 1207 Quid
1762 1146 1956 1213 prodest
1988 1132 2079 1197 lio-

553 1234 672 1285 mini
717 1234 760 1286 si
803 1241 958 1285 totum
999 1233 1239 1284 mundum
1279 1232 1513 1296 lucretur,
1563 1232 1743 1285 animae
1768 1243 1934 1285 autem
1978 1250 2081 1287 suo:

2184 448 2362 499 tionem
2385 463 2473 515 pro
2492 444 2660 499 anima
2684 449 2815 499 sua?

2253 533 2385 585 XIII.
2419 534 2499 603 [0
2527 537 2707 602 fratres
2737 536 3065 604 dilectissimi,
3099 552 3237 606 spem
3272 536 3327 589 in
3354 536 3497 588 solo
3556 533 3818 587 Rectam:

2182 630 2320 686 ptore
2347 621 2502 689 ﬁgite,
2534 631 2578 673 et
2613 622 2679 673 ad
2706 633 2941 675 wternum
2969 626 3181 692 patriam
3208 633 3383 678 mente
3423 624 3699 675 transite.
3732 624 3787 675 Si
3816 654 3818 657 -

2177 707 2306 758 enim
2334 706 2461 759 nihil
2481 710 2531 759 in
2556 708 2649 759 hoc
2676 711 2858 763 mundo
2882 713 3095 765 amando
3114 712 3425 780 possidetis,
3461 713 3645 764 etiam
3673 726 3818 778 ρος-ς

2177 797 2383 850 sidendo
2427 808 2600 852 cuncta
2641 800 2930 868 reliquistis,
2978 804 3083 871 ipse
3115 806 3258 856 nobis
3299 804 3538 873 gaudia
3588 812 3818 855 atteram

2175 890 2431 953 concedat,
2459 890 2541 957 qui
2564 890 2701 942 nobis
2720 900 2917 944 interna:
2935 894 3071 959 pacis
3095 893 3318 946 remedia
3343 893 3609 945 contulit
3630 889 3790 942 Iesus
3816 928 3818 941 .

2176 977 2398 1031 Christus
2442 977 2684 1032 Dominus
2725 988 2913 1044 noster,
2957 984 3043 1050 qui
3088 976 3207 1033 cum
3243 990 3463 1035 (eterna
3528 979 3701 1032 Patre
3742 995 3789 1030 et

2178 1064 2371 1133 Spiritu
2411 1076 2580 1123 sancto
2621 1067 2737 1120 vivit
2774 1077 2817 1120 et
2856 1078 3025 1137 regnat
3068 1071 3118 1121 in
3163 1052 3362 1123 stecula
3413 1069 3781 1122 sa'culorum.

2181 1153 2380 1221 Amem]

559 1372 3731 1420 Μ

1681 1496 1844 1539 ANNO
1886 1497 2106 1541 DOMINI
2148 1498 2511 1544 CCCCLXXX‘V
2523 1528 2536 1542 .

942 1624 2054 1797 -SANCTUS

2183 1634 3227 1837 FAUSTUS

1769 1869 2123 1922 RHEGIENSIS
2144 1871 2495 1923 EPISCOPUS.

1693 2114 2518 2187 PROLEGOMENA.
3072 2138 3099 2143 '

1840 2416 2362 2497 NOTITI/E.

762 2576 857 2645 (Es
896 2571 1188 2627 Belial-min.
1228 2569 1293 2624 de
1337 2568 1590 2637 Scriptor.
1625 2568 1838 2642 θερίας.)

617 2663 829 2717 Faustus
853 2678 912 2715 ea:
937 2660 1176 2712 monacho
1202 2658 1447 2710 Lirinensi
1467 2659 1628 2724 [actus
1650 2657 1905 2725 episcopus
1939 2656 2068 2709 Rhe‘

549 2752 725 2822 giensis
767 2751 817 2802 in
844 2747 1039 2811 Gallia,
1082 2747 1201 2799 vixit
1244 2745 1403 2797 medio
1426 2753 1639 2811 tempore
1682 2744 1809 2796 inter
1847 2755 2072 2795 sanctum

553 2839 846 2904 Prosperum
881 2846 927 2889 et
965 2844 1185 2888 sanctum
1221 2832 1538 2901 Fulgentium
1565 2849 1582 2884 :
1610 2832 1808 2899 scripsit
1852 2832 1913 2883 de
1950 2830 2073 2897 Spi-

550 2927 646 2977 ritu
669 2933 853 2987 sancto,
886 2932 930 2974 et
963 2932 1131 2972 contra
1170 2922 1411 2983 Arianos‘,
1436 2928 1480 2973 et
1512 2920 1928 2982 Macedonianos,
1962 2934 2073 2985 qua:

551 3028 645 3064 non
671 3019 888 3071 exstant;
914 3010 1109 3075 scripsit
1139 3018 1372 3072 prmterea
1402 3008 1549 3060 libros
1578 3010 1701 3061 duos
1731 3010 1790 3061 de
1807 3007 2002 3072 Gratia,
2028 3018 2073 3060 et

550 3097 727 3149 Libero
752 3095 991 3158 Arbitrio,
1030 3095 1113 3161 qui
1152 3103 1363 3155 exstant,
1390 3106 1433 3145 et
1458 3111 1576 3160 quos
1598 3093 1883 3147 Gennadius
1905 3094 1956 3148 in
1984 3095 2071 3151 lib.

550 3184 611 3236 de
638 3183 768 3237 Viris
783 3183 960 3235 illustr.
983 3182 1119 3232 miris
1146 3181 1373 3233 laudibus
1392 3180 1564 3245 effert;
1586 3187 1669 3232 sed
1696 3180 1920 3233 Gelasius
1943 3198 2074 3248 papa

480 3336 485 3341 ι
550 3273 599 3323 in
615 3272 804 3341 decreto
830 3272 889 3321 de
915 3269 1050 3320 libris
1080 3269 1376 3336 apocryphis
1396 3270 1591 3323 omnino
1619 3270 1776 3336 rejicit
1809 3283 1826 3320 :
1854 3271 2073 3320 utetiam

552 3334 811 3427 rejiiziunt,
842 3366 887 3409 et
917 3357 1143 3423 refellunt
1170 3334 1370 3408 sanctus
1396 3334 1707 3424 Fulgentius,
1744 3356 1921 3407 Petrus
1951 3356 2074 3408 Dia-

554 3459 704 3496 conus
730 3482 744 3505 ,
780 3443 1029 3494 Alchimus
1058 3443 1255 3503 Avitus,
1310 3452 1355 3493 et
1408 3444 1514 3493 alii.
1570 3443 1678 3492 Ado
1720 3441 2002 3494 Viennensis
2024 3444 2077 3494 in

554 3530 793 3583 Chronico
832 3529 897 3579 ad
918 3544 1097 3580 annum
1125 3527 1224 3579 422’.
1246 3528 1317 3578 sic
1343 3526 1559 3591 loquitur
1580 3542 1598 3577 :
1638 3526 1855 3577 Faustus
1880 3543 1940 3579 ea:
1986 3529 2075 3579 ab-

556 3618 666 3671 bate
691 3617 974 3668 monasterii
1006 3615 1279 3666 Lirinensis
1307 3615 1441 3682 apud
1484 3612 1706 3682 Regnum
1755 3611 1931 3665 Gallia!
1967 3616 2072 3681 epi-

550 3725 730 3773 scopus
756 3712 931 3775 factus,
959 3704 1345 3773 Pelagianorum
1368 3706 1547 3771 dogma
1568 3705 1813 3775 destruere
1837 3713 2070 3770 conatus,

551 3801 605 3850 in
636 3813 843 3849 errarent
867 3795 1048 3848 labitur
1079 3810 1094 3846 :
1144 3795 1273 3845 unde
1294 3795 1378 3859 qui
1404 3795 1509 3861 ejus
1544 3774 1715 3847 sensus
1742 3793 1791 3843 in
1820 3795 1911 3845 hac
1937 3804 2077 3863 parte

2106 2571 2147 2629 Β
2177 2580 2373 2638 propter
2398 2573 2619 2640 aliquos,
2648 2576 2731 2641 qui
2755 2584 2927 2629 nostra
2959 2564 3175 2644 tempore
3207 2576 3484 2632 Fans'um
3538 2582 3760 2633 catholi-

2171 2675 2283 2713 cum
2310 2662 2460 2728 fuisse
2490 2665 2803 2717 contendunt.

2377 2748 2473 2816 (Es
2507 2750 2677 2804 indice
2704 2754 3070 2833 expurgatnrio
3093 2754 3159 2806 Μ.
3182 2754 3239 2805 S.
3273 2755 3546 2825 Palatii.)

2240 2837 2523 2893 Gennadius
2546 2840 2709 2910 (quem
2735 2850 2925 2894 constat
2949 2844 3101 2911 fuisse
3127 2845 3413 2910 plurimum
3446 2846 3761 2915 Semipeln-

2172 2930 2354 2998 gianis,
2386 2946 2559 2995 eosque
2583 2932 2635 2983 in
2656 2948 2747 2983 suo
2775 2933 2860 2984 illo
2894 2932 3021 2985 libro
3049 2934 3109 2987 de
3142 2934 3276 2986 Viris
3304 2935 3643 2992 illustribus
3666 2944 3765 3007 ple-

2172 3034 2377 3086 rumque
2403 3018 2633 3073 laudibus
2659 3020 2916 3089 extulisse)
2946 3038 3069 3088 opus
3087 3024 3213 3076 istud
3242 3021 3443 3077 Fausti
3478 3027 3766 3085 deliratio

2173 3114 2219 3158 et
2244 3105 2418 3159 Libero
2446 3107 2665 3159 Arbitrio
2689 3108 2909 3177 appellat
2938 3113 3209 3179 egregium,
3239 3115 3386 3179 quod
3442 3117 3633 3168 etiam
3678 3118 3765 3165 lii.

2175 3209 2286 3245 rum
2316 3195 2367 3245 in
2393 3196 2591 3246 modum
2620 3196 2850 3249 laudasse
2871 3199 3111 3266 reperitur
3139 3199 3198 3252 S.
3226 3198 3507 3253 Sidonius
3571 3202 3765 3265 Apolli-

2174 3283 2309 3333 naris
2349 3282 2434 3335 lib.
2484 3298 2555 3345 Ix,
2596 3286 2739 3349 epist.
2764 3287 2828 3346 9;
2855 3286 2942 3337 sed
2979 3287 3082 3339 viro
3126 3296 3294 3339 sancto
3350 3297 3533 3356 atque
3570 3293 3764 3342 sincero

2176 3369 2393 3421 nondum
2412 3380 2671 3438 comperta:
2700 3375 2850 3439 fuisse
2877 3375 3163 3426 videbantur
3182 3375 3381 3427 techna:
3402 3387 3460 3428 et
3497 3379 3763 3446 imposta-

2177 3471 2245 3507 ra:
2291 3454 2488 3507 Fausti.
2515 3456 2853 3511 Certissimum
2880 3463 3009 3512 enim
3049 3472 3117 3514 est
3153 3460 3414 3514 Faustum
3448 3467 3647 3532 fuisse
3678 3467 3763 3521 Se.

2178 3542 2617 3611 mipelagianorum
2657 3549 3063 3614 antesignanum,
3106 3560 3151 3600 et
3192 3536 3561 3614 scriptione»:
3623 3558 3763 3608 ὶεωέπ

2178 3634 2285 3701 ejus
2310 3632 2389 3682 hic
2427 3633 2635 3698 positam
2662 3634 2831 3685 multis
2870 3634 3251 3704 Pelagianorum
3280 3641 3585 3691 erronbus
3617 3645 3763 3708 refer

2179 3730 2299 3774 tam.
2331 3720 2392 3773 Id
2420 3723 2550 3788 quod
2578 3724 2754 3775 diserte
2782 3725 3093 3793 adnoturunt‘
3114 3723 3173 3778 S.
3217 3723 3469 3777 Isidorus
3529 3732 3669 3783 libr.
3711 3736 3761 3780 dp

2185 3809 2316 3863 Viris
2340 3811 2633 3876 illustribus,
2657 3828 2765 3887 cap.
2798 3813 2890 3877 υς
2916 3813 2972 3867 S.
3002 3813 3109 3866 Ade
3136 3814 3442 3867 Viennensis
3463 3821 3765 3887 episcopus

551 3887 813 3938 catholicos
845 3885 1133 3951 praedicant,
1158 3883 1281 3935 sicut
1312 3881 1600 3935 Gennadius
1625 3884 1685 3934 de
1714 3883 1847 3934 Viris
1872 3884 2079 3935 illustri-
2104 3873 2147 3932 C
2180 3901 2228 3950 ίη
2256 3899 2497 3951 Chronico
2539 3873 2671 3952 αηῇδ
2710 3873 2908 3955 homini
2956 3903 3078 3956 492.
3111 3903 3440 3971 Scripserim!
3502 3873 3765 3961 adversus

550 3976 635 4026 bus
655 3974 861 4026 scribom
890 3973 1087 4024 omnino
1107 3981 1291 4023 errant.
1318 3970 1403 4023 Ita
1426 3973 1553 4023 enim
1587 3973 1792 4024 liberum
1812 3972 2069 4024 arbitrium

549 4072 649 4113 tam
679 4063 979 4129 Augustinus
1022 4076 1167 4127 quam
1194 4062 1355 4112 ceteri
1396 4062 1623 4113 catholici
1647 4063 1698 4113 in
1733 4061 1947 4114 Ecclesia
1978 4062 2070 4114 Dei

550 4150 742 4210 docent,
771 4159 823 4199 ut
851 4147 1169 4205 illuminatio,
1216 4149 1368 4197 virtus
1388 4189 1400 4210 ,
1432 4156 1477 4197 et
1505 4146 1640 4197 salus
1689 4148 1769 4199 illi
1806 4165 1835 4199 a
1875 4147 2069 4201 Christo

550 4250 633 4301 per
675 4234 940 4293 Christum,
991 4242 1035 4282 et
1063 4234 1113 4282 in
1152 4231 1347 4282 Christo
1376 4234 1457 4281 sit.
1494 4232 1709 4283 Faustus
1734 4250 1843 4284 vero
1887 4237 1976 4286 iste
2002 4236 2069 4285 ita

550 4320 757 4369 liberum
787 4317 1177 4374 Christianorum
1213 4317 1469 4367 arbitrium
1491 4318 1659 4369 docere
1680 4329 1905 4383 conatur,
1931 4331 1983 4371 ut
2008 4321 2074 4371 il-

550 4408 825 4471 luminatio,
855 4406 1029 4468 virtus,
1072 4405 1271 4456 et‘sulus
1296 4420 1392 4455 non
1424 4420 1454 4455 a
1475 4404 1689 4465 Christo,
1734 4406 1818 4456 sed
1844 4422 1873 4455 a
1894 4416 2071 4459 natura

549 4498 649 4548 sit:
680 4505 846 4547 contra
879 4494 1008 4546 hunc
1033 4495 1195 4546 scribit
1233 4494 1540 4545 beatissimus
1586 4495 1755 4545 Avitus
1791 4494 2071 4548 Viennensis

550 4584 806 4651 episcopus
836 4582 1136 4633 lucidissima
1162 4581 1260 4647 [ide
1286 4622 1298 4645 ,
1330 4584 1439 4650 ejus
1486 4581 1783 4649 redarguens
1822 4597 2069 4645 errorem;

2172 3988 2261 4038 hoc
2286 3987 2457 4040 Fausti
2486 4006 2606 4055 opus
2628 3991 2688 4041 de
2714 3989 2887 4043 Gratia
2918 3991 3007 4044 Dei
3028 4009 3090 4045 ex
3117 3994 3342 4061 professo
3371 3992 3435 4047 S.
3484 3995 3767 4052 Cesaris:

2173 4077 2464 4129 Arelatensis
2488 4080 2761 4145 episcOpus,
2799 4078 2856 4132 S.
2892 4077 3181 4146 Fulgentius
3221 4080 3533 4148 [impensis
3557 4076 3761 4155 episco-

2172 4180 2283 4221 pus,
2317 4164 2373 4214 S.
2408 4164 2623 4215 Alcimus
2664 4165 3145 4217 Avitus‘Vieunensis
3177 4168 3455 4234 episcopus
3479 4210 3501 4235 ,
3573 4172 3767 4231 Parus

2171 4250 2427 4300 diaconus.
2461 4250 2525 4301 Et
2568 4268 2626 4303 ea:
2656 4253 2896 4303 hazreticis
2924 4253 3143 4303 Joannes
3183 4253 3528 4311 Maxentius.
3594 4263 3759 4315 Porro

2172 4334 2229 4387 S.
2264 4334 2487 4387 Gelasius
2530 4340 2714 4401 primus
2736 4340 2783 4388 in
2814 4339 3001 4397 decreto
3023 4338 3083 4390 de
3127 4341 3264 4392 libris
3290 4344 3492 4409 sacris,
3568 4346 3759 4403 Fauni

2171 4436 2317 4485 opera
2350 4418 2515 4472 omnia
2569 4424 2694 4475 inter
2734 4428 3013 4493 apocrypha
3064 4428 3243 4497 reiicit.
3293 4427 3356 4480 S.
3411 4429 3759 4492 Uos-midst

2170 4509 2316 4557 etiam
2340 4508 2551 4561 Roman.
2574 4513 2795 4577 pontifex
2814 4513 2956 4579 epist.
2974 4515 3037 4566 ad
3061 4531 3393 4582 possessorem
3412 4518 3757 4587 Africanam

2170 4595 2448 4662 episcopum
2474 4597 2577 4648 Itazc
2616 4600 2682 4648 ait
2706 4616 2723 4651 :
2760 4598 2893 4651 Ilinc
2916 4617 3026 4654 vero
3052 4606 3180 4670 quod
3207 4620 3289 4657 vos
3310 4605 3381 4657 de
3416 4604 3649 4666 Fausti
3670 4633 3757 4667 cs-

548 4671 772 4723 similiter
792 4677 836 4721 et
860 4668 1078 4722 Joannes
1105 4670 1177 4720 vir
1202 4670 1561 4723 eruditissimus
1583 4671 1910 4722 Antiochcnus
1936 4687 2072 4737 pres-
2156 4685 2367 4751 jusdam
2397 4686 2527 4736 Galli
2547 4688 2779 4740 antistitis
2804 4668 3105 4747 consuluisse
3122 4695 3291 4748 litteris
3316 4692 3651 4771 indicas—sis,
3688 4708 3757 4759 his

549 4759 705 4826 bgter.

614 4846 837 4897 Isidorus
881 4847 941 4897 de
976 4846 1105 4898 Viris
1151 4846 1418 4898 illustribus
1449 4849 1499 4899 in
1543 4848 1830 4917 Fulgentio,
1880 4851 1997 4901 dicit
2039 4867 2069 4901 a

546 4935 812 5004 Fulgentio
840 4936 1046 5002 scriptos
1077 4934 1223 4985 libros
1253 4945 1435 4999 septem
1464 4948 1635 4989 contra
1666 4924 1908 4989 Faustum
1929 4978 1942 5003 ,
1986 4941 2070 5005 qui

2169 4771 2260 4821 sibi
2280 4788 2564 4840 responsum
2586 4776 2792 4829 habeant
2809 4796 2991 4848 :neque
3013 4782 3177 4847 illum,
3195 4801 3353 4852 neque
3372 4804 3751 4863 quamquam.

2167 4875 2287 4925 quos
2309 4862 2357 4911 in
2378 4866 2717 4917 auctoritatem
2744 4867 2953 4920 Patrum
2981 4887 3077 4922 non
3102 4876 3271 4936 recipit
3299 4892 3541 4934 examen

2169 4943 2277 4998 lica:
2303 4948 2447 5013 ﬁdei,
2490 4964 2571 5001 aut
2610 4952 2970 5009 Eccltsiastica:
2999 4960 3295 5025 disciplina,
3325 4966 3751 5038 ambiguitates

546 5026 670 5075 mira
692 5025 961 5076 calliditate
981 5024 1247 5074 catholicus
1268 5024 1423 5126 v'i’drri
1448 5026 1634 5077 volebat
1654 5068 1666 5090 ,
1692 5043 1803 5078 cum
1837 5026 2069 5097 Pelagia-
2167 5050 2308 5101 posse
2351 5038 2569 5103 gignere,
2598 5050 2683 5091 aut
2728 5044 2968 5111 religiosis
3009 5024 3362 5113 prwjudidum
3392 5024 3525 5109 eo;
3596 5024 3599 5025 ν
3644 5024 3701 5027 η-

544 5128 637 5163 nus
666 5120 807 5163 esset.
842 5112 1025 5162 Auctor
1052 5124 1259 5217 quoqcue'
1284 5110 1410 5208 Vita:
1452 5115 1606 5164 sancti
1654 5114 1906 5184 Fulgentii
1953 5131 2067 5177 cap.
2089 5176 2137 5217 ἦ
2168 5121 2377 5173 Tantum
2406 5124 2508 5175 ille.
2540 5125 2605 5176 Et
2634 5142 2694 5178 ex
2719 5129 2795 5179 Itis
2822 5110 2965 5195 plene
2985 5110 3295 5199 perspectum
3336 5110 3555 5197 haben;
3794 5116 3805 5123 ‘

545 5199 611 5303 ἒς
656 5207 924 5303 ιεεεαιιιῗά
960 5206 1139 5303 sancto.
1161 5195 1425 5303 Ij‘ulgentio
1470 5201 1702 5268 refutatos
1745 5203 1895 5255 libros
1940 5207 2062 5255 duos
2089 5197 2139 5254 D
2163 5220 2301 5260 caute
2322 5212 2507 5276 scripta
2545 5215 2636 5264 ista
2666 5212 2840 5267 Fausti
2865 5218 2961 5268 sint
2985 5195 3074 5270 tibi
3098 5195 3438 5292 perlegenda,
3466 5195 3749 5303 ἰιιν

554 5284 723 5337 Fausti
750 5288 804 5338 de
841 5284 1010 5337 Gratia
1038 5294 1083 5337 et
1115 5284 1289 5335 Libero
1328 5287 1556 5340 Arbitrio.
1592 5289 1654 5340 Et
1696 5290 1869 5343 Petrus
1898 5292 2064 5342 diaco—
2168 5295 2218 5346 in
2238 5312 2425 5349 errores
2456 5299 2631 5351 multos
2660 5300 2921 5369 Pelagiani
2958 5284 3211 5373 dogmatis
3230 5284 3749 5385 plerumm;fer

550 5386 640 5421 nus
662 5375 708 5423 in
734 5374 854 5423 libro
883 5373 941 5423 de
969 5371 1315 5424 Incarnatione
1341 5384 1384 5425 et
1409 5375 1582 5428 Gratia
1611 5378 1812 5441 Christi,
1840 5396 1949 5445 cqtp.
1981 5381 2057 5433 ul-
2162 5388 2265 5437 des.
2301 5388 2358 5440 Si
2387 5403 2467 5439 eos
2514 5405 2626 5442 aves
2662 5393 2888 5445 collectos
2935 5371 3191 5462 insprcere,
3227 5371 3745 5461 consulc'loaszﬁa

553 5455 664 5505 timo
688 5462 941 5511 anathema
965 5463 1079 5511 dicit
1112 5460 1248 5511 libris
1278 5460 1470 5513 Fausti.
1504 5464 1620 5517 lIa’c
1649 5470 1907 5520 arlntonerc
1930 5471 2057 5521 rolui
2163 5474 2463 5527 Maxentium
2486 5478 2533 5527 in
2572 5480 2886 5545 responsione
2907 5483 2971 5533 ad
2999 5455 3253 5548 epistolam
3287 5455 3617 5547 Morinis“
3640 5455 3744 5562 '2-
