3818 6226
68 206 148 260 777

1332 204 1848 260 PBULEGOMENA.

3075 209 3181 262 778

64 311 200 377 πιέεεό
218 324 560 378 possessorem.
607 299 874 362 Sciendum
914 318 1076 362 tamen
1123 311 1379 378 epistolam
1428 314 1557 366 hanc
1583 327 1633 380 Α
1658 314 2005 379 revocandum,
2038 314 2175 369 haud
2196 313 2538 369 existimamus
2567 294 2862 386 indignum;
2889 294 3196 386 cumtamen

65 397 211 450 Fausti
241 399 305 449 ad
330 396 574 450 Lucidum
599 397 955 465 presbyterum,
1001 398 1324 467 approbatam
1351 409 1422 451 tot
1457 404 1564 464 epi-

63 500 289 552 scoporum
316 484 672 553 subscriptione
711 485 764 538 in
801 485 1011 536 concilio
1049 482 1343 549 Arelatensi,
1379 496 1424 538 ct
1462 490 1563 556 epio

60 573 208 624 stolam
234 571 406 627 Liscidi
441 562 796 644 pre‘sb‘yteri'ad
840 573 1094 640 epischpos
1137 565 1460 644 congregatos
1508 577 1561 626 in

59 661 220 729 synodo
250 646 604 738 Lugdunensi,
631 653 742 728 qua:
774 642 936 714 ambis
960 663 1094 729 operi
1123 642 1302 714 Fausti
1323 642 1560 730 praemit-

61 762 228 816 [κείων.
257 738 405 804 sanas
446 753 548 804 esse
597 739 742 817 atque
768 751 1062 814 catholicas,
1112 753 1306 819 judicio
1353 754 1562 804 duarum

57 842 329 906 modorum
353 841 692 906 conﬁrmatas.
729 839 1037 907 Neutiquam
1062 848 1226 890 tamen
1257 841 1385 891 ullus
1422 839 1481 891 ob
1508 841 1561 892 id

57 930 267 981 existimet
283 932 347 981 ab
368 939 574 997 utroque
594 927 803 981 concilio
817 927 1115 995 approbatos
1141 936 1238 979 tres
1256 927 1408 980 libros
1430 926 1564 980 Fau-

56 1019 104 1067 sti
119 1015 172 1068 de
195 1014 396 1078 Gratia,
424 1026 476 1066 ut
515 1017 618 1082 ipse
644 1016 942 1068 mendaciter
967 1016 1170 1067 innuere
1206 1015 1397 1068 videtur
1419 1016 1472 1068 in
1504 1031 1564 1068 ea

55 1122 142 1170 qua
181 1105 258 1156 llic
305 1105 566 1173 subjicitur
617 1103 904 1172 pratfatoria
954 1097 1164 1173 epistola
1209 1097 1276 1155 ατ
1305 1103 1562 1157 Leontium

55 1194 308 1256 episcopum
338 1190 750 1260 Forojuliensem.
777 1191 997 1267 Consule
1017 1193 1204 1258 plenius
1225 1193 1285 1243 de
1302 1183 1380 1244 his
1402 1195 1562 1245 omni-

56 1283 124 1330 bus
158 1279 475 1334 disserentem
514 1279 784 1334 Baronium
805 1289 926 1334 tom.
955 1269 1034 1333 ’γι
1059 1273 1244 1333 Annal.
1274 1272 1394 1334 eccl.
1425 1298 1556 1334 anno

55 1367 108 1420 Ch
116 1368 211 1420 risli
237 1367 359 1422 ιθο.

598 1476 694 1544 (Ex
733 1476 989 1542 Canisio.)

1662 403 1725 454 de
1753 405 1861 470 ejus
1900 401 2098 470 scriptis
2142 403 2358 461 immotte
2389 412 2621 456 maneant
2654 407 2911 457 sententia:
2955 404 3192 463 Patruus.

1663 489 1810 550 Quod
1853 490 1984 541 enim
2035 505 2185 556 usque
2220 491 2284 542 ad
2329 489 2433 544 han:
2476 501 2696 558 tempora
2740 501 2911 544 nostra
2959 491 3195 548 eumdem

1662 575 1908 630 Faustum
1939 579 2182 630 continuit
2211 579 2337 630 inter
2359 588 2554 633 sanctos
2589 581 2997 650 martyrologium
3023 580 3190 635 Galli-

1661 683 1864 732 canum,
1886 683 1918 719 a
1944 683 2040 736 quo
2071 668 2232 734 ipsum
2257 667 2493 721 Halanus
2513 671 2728 736 primum
2749 672 2985 737 expunxit
3013 687 3032 723 :
3059 673 3191 735 quod

1660 756 1846 820 etiam,
1895 765 1948 807 ut
1989 758 2287 820 accepimus,
2339 755 2562 809 Ecclesia
2583 757 2874 826 Rhegiensis
2901 758 2951 810 in
2993 758 3190 823 Callia,

1662 845 1744 896 ubi
1765 844 1870 908 ipse
1886 844 2010 896 sedit
2032 846 2256 907 antistes,
2280 858 2469 914 semper
2493 859 2606 895 eum
2631 853 2685 894 ut
2711 856 2938 896 sanctum
2962 846 3194 908 coluerit,

1661 934 1914 985 celebrans
1959 931 2443 999 ejusdemnatalem
2505 933 2561 984 l'l
2605 918 2838 986 Januarii
2861 949 2879 993 ;
2918 933 3084 1001 ibique
3141 935 3196 998 in

1659 1023 1769 1089 ejus
1795 1021 2082 1072 memoriam
2111 1021 2383 1088 antiquitus
2411 1029 2573 1072 erecta
2607 1018 2832 1083 basilica,
2856 1021 2966 1087 ejus
2981 1021 3197 1072 nominis

1661 1107 1806 1158 titulo
1831 1107 2086 1172 insignita,
2117 1106 2354 1160 hactenus
2377 1092 2484 1173 ejus
2512 1106 2647 1159 cultu
2669 1122 2701 1158 a
2720 1106 2948 1175 fidelibus
2967 1106 3197 1174 frequen-

1662 1205 1813 1256 tetur;
1850 1195 2078 1263 quodque
2123 1204 2193 1246 tot
2234 1195 2430 1247 stcculis
2460 1195 2742 1249 Christiano
2771 1197 2884 1248 orbe
2911 1205 3159 1264 spectante
3178 1235 3195 1259 .

1662 1279 1890 1334 Ecclesia
1909 1281 2137 1334 Romana
2161 1289 2368 1342 tacente,
2387 1281 2579 1333 nemine
2599 1282 2794 1348 penitus
2814 1282 2968 1352 (quod
2987 1281 3195 1352 sciatur)

1662 1369 2063 1434 contradicente,
2113 1369 2206 1421 ista
2237 1369 2396 1420 eidem
2423 1366 2615 1436 Fausto
2651 1355 2870 1421 exhibita
2909 1369 3197 1440 intelligan—

1664 1464 1765 1519 tur,
1806 1455 2002 1525 opinari
2019 1470 2117 1506 non
2137 1452 2450 1522 prohibemur
2470 1453 2532 1505 de
2559 1453 2729 1528 eodem
2756 1451 2947 1506 Fausto
2974 1456 3198 1508 accidere

1662 1543 1880 1611 potuisse
1917 1541 2070 1612 (quod
2094 1543 2154 1594 de
2191 1541 2360 1594 multis
2397 1542 2514 1594 viris
2537 1542 2721 1594 sanctis
2765 1540 3026 1608 asseritur)
3061 1543 3196 1610 quod

116 1629 205 1692 Qui
231 1628 361 1679 scire
389 1628 544 1693 volet,
587 1628 696 1693 quis
734 1624 979 1692 Faustus,
1023 1627 1134 1691 quis
1164 1627 1398 1679 Ruricius
1422 1668 1437 1692 ,
1479 1630 1565 1696 qui
1593 1643 1639 1701 Β
1664 1629 1953 1697 delinquens
1968 1630 2203 1682 erraverit
2225 1644 2244 1694 ;
2272 1644 2384 1681 cum
2405 1629 2611 1698 quaestio
2633 1629 2723 1681 illa
2738 1629 2887 1699 fuerit
2902 1632 3198 1690 auctoritate

56 1719 148 1768 item
167 1717 282 1778 alii,
305 1716 375 1766 ad
399 1732 521 1783 quos
547 1719 745 1783 scripta:
777 1715 855 1768 ha:
875 1715 1116 1784 epistolas,
1149 1717 1223 1769 vel
1243 1717 1327 1784 qui
1355 1718 1420 1768 ad
1440 1718 1563 1768 alios

56 1807 352 1874 scripserunt,
384 1806 472 1857 ille
498 1805 659 1857 videat
694 1803 963 1858 Sidonium
986 1804 1355 1871 Apollinarem,
1390 1801 1436 1858 et
1473 1806 1567 1859 Ve-

57 1896 254 1946 nantium
277 1892 640 1956 Fortunatum,
663 1907 807 1960 quem
828 1893 1074 1961 integrum
1095 1893 1319 1960 notisque
1338 1903 1566 1946 accurate

59 1984 332 2036 illustratum
377 1984 519 2035 dedit
563 1982 947 2049 Christophorus
993 1981 1255 2034 Brouterus
1303 1982 1567 2057 Societatis

58 2071 174 2126 Iesu.
207 2072 390 2125 Videat
429 2074 546 2124 item
575 2073 976 2124 illustrissimum
1003 2070 1295 2124 Baroniurn.
1342 2071 1453 2124 Nos
1487 2072 1568 2126 hic

60 2159 103 2210 de
131 2159 328 2224 singulis
359 2169 578 2211 attexere
607 2175 706 2210 non
745 2158 993 2211 volumus.
1026 2158 1260 2230 Tantum.
1280 2161 1339 2212 de
1374 2159 1568 2213 Fausto

65 2242 322 2316 llhegiensi,
345 2248 430 2312 qui
455 2249 507 2297 iu
535 2264 628 2298 ms.
661 2247 944 2315 appellatur
968 2259 1186 2310 sanctus,
1217 2249 1322 2301 hwc
1351 2249 1572 2302 notanda

63 2335 255 2388 ridentur
278 2352 394 2404 qua
424 2335 671 2387 Baronius
699 2337 759 2385 de
783 2337 875 2387 ltoc
909 2337 1017 2403 ipso
1047 2337 1190 2388 habet
1228 2338 1279 2388 in
1303 2339 1573 2406 appendice

66 2427 155 2476 tomi
175 2425 214 2476 Χ
240 2427 306 2477 ad
337 2436 529 2478 tomum
556 2423 652 2490 Vl,
688 2441 818 2476 anno
843 2426 941 2478 490
969 2424 1098 2493 (Col.
1126 2425 1280 2495 H22)
1305 2444 1316 2476 :
1359 2444 1376 2476 ι
1413 2426 1572 2480 Porro

68 2512 260 2567 Faustus
299 2515 408 2582 ipse
433 2521 551 2566 cum
584 2513 656 2584 (α)
687 2543 754 2552 -——
775 2515 840 2566 ibi
867 2543 935 2553 —
970 2515 1209 2566 miramur
1236 2516 1295 2566 ab
1327 2516 1574 2583 aliquibus

70 2604 378 2666 imprudenter
406 2618 531 2654 sane
557 2604 758 2655 inscribi
788 2603 1026 2656 Sanctum
1045 2632 1112 2642 -—
1134 2603 1208 2655 his
1239 2605 1340 2655 hare
1368 2602 1576 2655 adde—

69 2690 151 2742 lsta
192 2694 388 2760 quidem
441 2694 602 2762 priori
642 2694 856 2746 editione
904 2709 966 2745 ea:
1001 2694 1231 2745 adductis
1277 2693 1578 2746 diversorum

66 2781 230 2845 scriptis
261 2777 540 2848 amrrnasse
564 2819 579 2842 ,
627 2795 727 2831 non
749 2780 976 2831 indecens
1005 2780 1206 2846 quidem
1233 2781 1346 2846 fuit.
1378 2781 1438 2830 At
1468 2795 1579 2832 vero

69 2883 112 2917 α
125 2879 282 2935 postea
301 2869 516 2938 cognitis
543 2879 588 2918 et
610 2869 858 2933 adductis,
879 2884 1052 2920 rursus
1066 2871 1133 2918 ad
1144 2867 1396 2937 judicium
1417 2868 1580 2933 ipsunt

118 3021 181 3089 (a)
207 3020 374 3075 Locus
421 3020 552 3089 ιοίωί
587 3020 718 3089 sexti
743 3034 894 3085 quem
924 3018 1007 3076 hic
1035 3028 1282 3073 retractat
1325 3021 1577 3089 Baronius

67 3085 198 3142 sic's'e
223 3090 378 3142 habet
408 3105 421 3140 :
462 3088 628 3138 Porro
673 3085 886 3138 Faustus
913 3089 1051 3153 ipse,
1082 3103 1196 3139 cum
1224 3089 1329 3152 ejus
1361 3087 1576 3152 fallacias

65 3161 254 3222 detecta,
283 3166 450 3210 essent
471 3155 653 3225 quibus
679 3166 882 3207 conatus
916 3166 985 3208 est
1015 3157 1245 3208 revellere
1275 3155 1576 3224 Pelagianos

1663 1716 1794 1768 sedis
1811 1718 2092 1783 apostolicte
2111 1716 2340 1784 deﬁnita,
2364 1727 2410 1768 et
2431 1717 2540 1784 ejus
2561 1717 2727 1785 Opinio
2753 1717 2966 1768 aliorum
2991 1715 3197 1786 Patrum

1661 1806 1899 1856 sententia
1918 1805 2266 1870 condemnata,
2293 1805 2399 1870 ipse
2415 1821 2562 1876 suum
2581 1820 2798 1857 errorem
2827 1806 2978 1874 fuerit
3005 1806 3200 1878 scriptis

1662 1893 1922 1943 contrariis
1933 1893 2218 1960 detestatus,
2232 1908 2340 1960 quin
2352 1893 2619 1961 potuerint,
2637 1903 2689 1945 ut
2701 1893 2803 1944 alia
2814 1894 3197 1961 quamplurima,

1664 1980 1898 2051 periisse;
1920 1979 1996 2032 vel
2025 1981 2189 2049 ipsum
2215 1989 2328 2032 ante
2357 1982 2655 2049 scriptorum
2675 1982 2858 2049 factam
2884 1982 2946 2033 ab
2977 1979 3202 2045 Ecclesia

1665 2056 2033 2121 damnationem
2052 2071 2182 2122 diem
2209 2072 2383 2124 abiisse
2404 2073 2644 2139 (incertus
2663 2083 2735 2124 est
2757 2077 2886 2124 enim
2908 2077 3021 2142 ejus
3041 2073 3202 2134 obitus

1666 2163 1848 2225 annus)
1873 2159 2128 2211 habentem
2149 2162 2198 2210 in
2219 2160 2383 2210 animo
2409 2159 2462 2210 in
2485 2159 2563 2212 his
2585 2161 2724 2228 sequi
2743 2161 2877 2229 quod
2901 2166 3201 2228 sequendum

1668 2238 1865 2302 doceret
1895 2248 2139 2302 Ecclesia.
2162 2247 2247 2302 Ita
2268 2250 2468 2317 quidem
2489 2265 2654 2317 ipsum
2679 2250 3011 2316 compositum
3035 2233 3202 2319 animo

1669 2340 1848 2408 fuisse,
1879 2339 2090 2408 aliisque
2115 2340 2412 2407 innotuisse,
2443 2339 2559 2391 inde
2589 2338 2737 2408 facile
2761 2345 2917 2406 potest
2961 2335 3203 2404 intelligi,

1669 2428 1802 2496 quod
1827 2443 2018 2495 semper
2050 2428 2123 2493 (ut
2153 2427 2376 2481 indicant
2403 2437 2516 2480 acta
2545 2427 2874 2480 conciliorum
2901 2421 3204 2496 Arelatensis

1673 2524 1718 2568 et
1733 2514 2104 2584 Lugdunensis)
2126 2516 2617 2569 communicationem
2640 2515 2809 2566 habuit
2824 2529 2934 2565 cum
2949 2515 3207 2574 sanctissie

1674 2605 1768 2656 mis
1816 2602 2106 2656 orthodozis
2153 2601 2433 2655 Galliarum
2463 2602 2724 2671 episcOpis.
2782 2598 3206 2675 Maneantqigitur

1678 2691 1872 2744 Fausto
1893 2692 2088 2762 integra
2106 2695 2231 2763 jura
2259 2708 2372 2761 sua,
2400 2707 2490 2757 nec
2518 2679 2578 2744 ex
2601 2690 2789 2744 nostris
2815 2690 3011 2756 scriptis
3034 2694 3208 2752 sentit"

1677 2781 2024 2851 prtejudicium
2046 2797 2064 2834 :
2084 2797 2240 2849 neque
2263 2783 2455 2846 privato
2477 2780 2663 2853 judicio
2687 2767 2894 2832 novitati
2919 2778 3060 2830 liceat
3087 2793 3210 2828 cou-

1679 2870 1854 2922 vellere
1875 2871 2236 2938 antiquitatem.
2274 2888 2291 2920 ι
2328 2870 2454 2924 Hac
2483 2867 2764 2934 Duronius,

1673 3022 1872 3074 scrobes
1891 3023 1943 3074 in
1970 3022 2170 3090 lapsum
2199 3022 2520 3090 simplicium,
2553 3020 2849 3090 abalienavit
2885 3035 2920 3068 a
2940 3034 2994 3069 se
3020 3019 3210 3090 animos

1675 3086 2210 3168 episcoporum,_atque
2237 3089 2456 3168 decessit
2493 3088 2768 3168 inglorius;
2793 3101 2935 3152 quem
2974 3086 3211 3168 mirgmur

1676 3151 1738 3209 ab
1766 3151 2016 3226 aliquibus
2046 3151 2386 3222 imprudenter
2409 3171 2526 3208 sane
2544 3151 2746 3208 inscribi
2776 3151 3030 3206 suerunt.
3060 3151 3209 3202 Εωτ.

79 3285 3188 3316 _________________________________________________

1153 3406 1550 3490 JACOBI
1591 3408 2114 3492 BASNAGII

727 3567 1916 3678 ANIMADVERSIONES
1990 3577 2520 3676 CRITICZE

906 3765 1036 3831 DE
1113 3761 1200 3834 s.
1271 3767 1670 3840 FAUSTO
1741 3753 2347 3848 RHEGIENSL

77 3932 130 3972 AN
159 3931 378 3974 γοιιιιτ
405 3924 938 3970 δειειηιιαιικυε
963 3928 1041 3968 ET
1063 3926 1288 3970 ANIMAS
1317 3931 1706 3976 MATERIALES
1735 3934 2079 3994 DOCUEBIT;
2101 3935 2178 3976 ΔΝ
2211 3933 2592 3975 νειιειρειιιε
2613 3958 2629 3983 ,
2655 3930 2973 3977 EPISTOLAS
2995 3931 3219 3978 ιῠαωυ

1001 4004 1076 4044 ετ
1105 4003 1266 4046 nmis
1302 4007 1600 4053 CONCILIIS
1636 4012 2051 4054 supposuumr
2074 4038 2088 4064 ,
2129 4011 2262 4051 urc.
2821 3999 2824 4002 ’

1183 4125 2087 4154 ἣ*-

130 4269 172 4332 I.
193 4273 398 4348 Diuersa
427 4268 617 4341 gaudet
645 4278 688 4320 et
716 4267 906 4320 laborat
936 4269 1066 4336 fama
1094 4265 1310 4319 Faustus
1340 4268 1583 4337 Rhegien-
1613 4273 1654 4331 C
1686 4274 1863 4327 saltem
1883 4279 2096 4344 plurima
2125 4296 2232 4346 qum
2259 4281 2659 4346 interpretatione
2686 4282 2896 4348 benigna
2922 4299 3125 4347 prorsus
3144 4283 3219 4333 in-

80 4370 150 4434 sis,
167 4368 341 4438 quippe
370 4364 461 4432 qui
491 4379 523 4413 α
552 4359 779 4427 plurimis
806 4360 930 4411 inter
957 4359 1093 4410 clivos
1122 4366 1451 4422 recenseatur,
1482 4363 1588 4425 suf-

80 4458 274 4527 fragante
321 4454 555 4508 Ecclesia
595 4454 735 4520 cujus
781 4452 874 4518 fuit
907 4451 1183 4516 episcopus.
1220 4449 1354 4501 Nam
1400 4450 1449 4499 in
1487 4449 1590 4516 ejus

79 4545 287 4596 honorem
311 4547 448 4596 diem
471 4546 653 4610 festum
675 4541 908 4592 hactenus
926 4541 1154 4592 celebrat.
1181 4539 1448 4591 Nutavirat
1471 4538 1591 4589 olim

81 4633 318 4698 Beronius,
331 4635 420 4702 qui
437 4633 586 4684 illum
599 4631 930 4698 versipellem
947 4633 1030 4682 vul
1041 4633 1269 4696 peculam
1287 4629 1590 4697 appellabat.

82 4725 162 4777 Sed
180 4724 411 4776 Ecclesia
433 4723 728 4790 Rhegiensis
749 4722 992 4789 precibus,
1007 4727 1148 4790 cujus
1170 4720 1451 4772 auctoritati
1467 4719 1594 4770 mul-

83 4822 162 4863 tum
177 4810 464 4865 detrahebat
486 4809 738 4860 annalista
755 4809 1118 4872 celeberrimus,
1135 4811 1395 4874 impulsus,
1427 4809 1596 4874 pristi-

84 4919 177 4953 nam
201 4899 400 4953 mutavit
436 4899 750 4959 sententiam,
771 4907 824 4948 ut
846 4900 1024 4966 legitur
1058 4901 1106 4949 in
1139 4899 1429 4966 prcefatione
1449 4896 1596 4947 Cani-

84 4990 220 5051 siana,
234 5003 380 5058 quam
397 4986 484 5035 hic
500 4983 848 5048 descripsimus
867 4987 1103 5052 integram
1120 4985 1271 5054 (Vide
1286 4985 1521 5049 superius
1545 4984 1592 5034 iu

87 5079 271 5148 hacipsa
285 5070 519 5146 pag.).1n
533 5071 668 5122 varia
678 5071 852 5122 abeunt
866 5083 966 5122 tum
981 5083 1158 5125 veteres
1171 5083 1270 5124 tum
1285 5072 1593 5122 recentiores.

92 5165 216 5218 Illum
227 5165 432 5220 laudare
446 5160 646 5212 videtur
660 5157 906 5210 Sidonius
927 5160 1259 5224 Apollinaris,
1275 5162 1322 5210 in
1342 5160 1518 5210 litteris
1535 5159 1597 5207 ad

90 5274 222 5321 Ipsum
246 5254 476 5322 scriptis;
502 5249 588 5300 sed
609 5265 672 5298 an
692 5248 860 5312 jocari
880 5249 1107 5308 voluerit,
1123 5258 1166 5298 et
1194 5250 1398 5299 nimium
1417 5245 1598 5296 Fausti

90 5347 276 5398 ιιιάεωη
292 5347 424 5396 circa
444 5333 815 5409 pltilosOphiam
837 5338 1226 5405 eteloquentiam,
1246 5355 1339 5404 qua
1350 5353 1393 5388 nt
1420 5337 1597 5388 sectari

94 5437 353 5491 τωωδίυυῖι
384 5429 574 5492 τίαενέ»
592 5434 674 5476 αυτ
701 5427 923 5492 (undare,
943 5429 1100 5479 dicere
1121 5427 1290 5478 nolint.
1325 5425 1597 5478 Occurrunt

338 5528 611 5585 PATBOL.
659 5514 862 5572 LVIII.

1689 4366 1875 4432 digerit.
1899 4367 2274 4434 Reformidabat
2298 4368 2534 4419 Sidonius
2557 4370 2847 4431 acerrimum
2874 4367 3049 4419 Fausti
3076 4369 3216 4434 inge-

1689 4445 1824 4504 nium
1845 4497 1856 4516 ,
1888 4439 1972 4522 qui
1998 4455 2058 4529 ab
2093 4471 2150 4506 eo
2189 4456 2376 4506 litteras
2413 4455 2743 4521 exspectabat,
2778 4464 2828 4529 iet
2855 4467 3074 4522 receptas
3102 4473 3218 4508 ceno

1687 4557 1818 4593 sura:
1859 4525 2146 4611 subjiciebat
2169 4557 2187 4593 :
2219 4561 2236 4591 ι
2270 4541 2424 4608 quue
2451 4546 2662 4594 votivum
2693 4525 2813 4593 mfhi
2842 4545 3101 4610 granditer
3129 4547 3222 4614 fuit
3287 4560 3292 4565 '

1691 4647 1747 4680 ac
1793 4640 2135 4697 peraptatum,
2169 4639 2219 4678 ut
2261 4631 2469 4696 epistola
2521 4633 2746 4699 injuncta
2785 4647 2872 4682 nec
2897 4635 3224 4704 denegaretur

1691 4718 1874 4784 scripta
1903 4715 2150 4772 amicitias,
2183 4731 2268 4765 nec
2291 4717 2578 4768 subderetur
2617 4719 2739 4768 lecta
2768 4734 3005 4772 censuras.
3038 4739 3056 4768 ›
3087 4721 3220 4782 Quid

1692 4812 1861 4858 sonent
1901 4804 1988 4854 illa
2019 4804 2190 4860 verba,
2240 4803 2449 4854 viderint
2487 4806 2794 4872 interpretes.
2839 4824 2854 4854 ‹
2891 4807 3021 4866 Quin
3059 4807 3221 4873 potius

1693 4895 1908 4943 animam
1932 4892 2056 4940 male
2079 4890 2171 4941 sibi
2193 4893 2441 4942 consciam
2461 4903 2502 4945 et
2526 4910 2612 4962 per
2631 4895 2777 4945 horas
2797 4896 2862 4944 ad
2884 4895 3095 4960 poenalis
3114 4894 3225 4945 vita

1696 4981 1858 5032 debita
1881 4980 2332 5031 contremiscentem
2363 4983 2770 5049 frequentissimis
2800 4983 2895 5032 tuis
2925 4983 3022 5032 illis
3060 4991 3104 5030 et
3135 4997 3223 5030 ra-

1699 5069 1980 5121 lmtissimis
2007 5070 2284 5120 orationum
2315 5087 2572 5122 numerare
2599 5072 2871 5138 su/fragiis,
2904 5086 3102 5134 precum
3133 5087 3223 5138 pe-

1695 5162 1816 5210 ritus
1858 5161 2231 5220 insulanarum,
2281 5176 2402 5224 quas
2450 5163 2510 5211 tle
2561 5163 2792 5227 palcestra
2830 5158 3222 5223 congregationis

1694 5245 1957 5298 crcmitidis
1978 5285 1990 5306 ,
2023 5256 2066 5296 et
2112 5246 2172 5297 tle
2196 5257 2369 5298 senatu
2400 5236 2731 5298 Lirinensium
2774 5245 3146 5296 cellulariorum
3175 5250 3227 5295 in

1696 5335 1858 5385 urbem
1885 5350 2093 5400 quoque,
2113 5337 2255 5402 cujus
2269 5336 2484 5387 ecclesia!
2503 5351 2648 5386 sacra
2672 5333 3038 5397 superinsp‘cis,
3064 5341 3226 5385 trans-

1697 5424 1870 5489 tulisti,
1901 5423 2023 5475 nihil
2048 5433 2262 5478 mutatus
2293 5425 2484 5476 abbate.
2513 5443 2529 5474 ›
2566 5423 2769 5474 Videtur
2802 5421 3042 5475 Sidonius
3072 5424 3256 5501 ridere_

2923 5511 2998 5566 ‘25
