3818 6226
484 241 585 290 779

1607 224 1667 282 S.
1700 215 2455 279 FAUSTUS’RHEGIENSIS.

3565 221 3682 273 τεο

452 380 462 415 ιι
486 359 589 400 ωτι
619 358 835 397 senatum
880 342 1272 401 cellulariorum,
1306 347 1410 389 tum
1437 324 2021 403 disciplinammanasti-
2048 328 2094 383 Δ
2122 332 2315 385 notata,
2344 334 2397 377 et
2422 332 2618 375 natura:
2649 332 2838 378 nostra:
2860 324 2925 379 ad
2955 324 3307 379 lideiinitinm
3330 335 3384 381 et
3406 326 3506 379 alia
3540 328 3682 395 plus

486 450 615 499 eam,
639 448 782 501 quam
811 418 1000 487 διωὲάο
1031 428 1174 481 nimis
1196 426 1365 479 animo
1388 422 1610 476 Faustus
1634 421 1699 472 ad
1730 419 2019 486 dignitatem

488 519 811 587 episcopalem
854 528 1110 587 promotus
1130 553 1145 579 ,
1174 524 1219 567 et
1245 515 1360 567 inde
1390 526 1539 565 sacra
1581 504 2025 575 superinspiciens

488 605 791 667 obseruabat,
823 614 877 656 ut
908 604 1040 674 plebi
1066 602 1349 665 creteris'lue
1374 598 1574 669 {acilius
1610 597 1903 663 imponeret,
1930 590 2025 643 ab-

487 694 917 748 stinentissimatn
960 693 1117 744 vitam
1168 689 1432 757 professus
1458 728 1472 752 ,
1515 692 1569 739 et
1612 697 1716 736 non
1767 689 2023 734 secretam

488 800 727 849 crucem,
758 784 847 836 sed
896 782 1152 851 publicam
1193 780 1476 843 vanitatem
1521 773 1770 842 jactantia
1821 769 2025 823 ventosi

494 872 714 927 tumoris
736 885 1058 939 exaggerans
1077 909 1091 932 ,
1120 876 1369 936 quantum
1396 865 1556 931 potuit
1586 870 1890 915 venenatam
1915 857 2025 912 dis-

493 962 841 1028 putationem,
891 958 1029 1011 velut
1064 952 1443 1032 indeclinabilis
1485 951 1731 1003 virtutum
1770 954 2027 1008 servator,

495 1048 715 1109 induxit,
741 1047 988 1115 inquiebat
1017 1044 1197 1096 Avitus
1216 1059 1297 1110 ep.
1325 1043 1378 1095 4-
1410 1040 1556 1093 Hanc
1582 1040 1747 1107 firmat
1775 1038 2026 1103 conjectu-

496 1152 604 1188 ram
630 1134 983 1197 controversia,
1013 1145 1302 1199 quanquam
1329 1128 1592 1189 levissima,
1607 1126 1736 1178 inter
1765 1123 2029 1178 Sidonium

500 1232 546 1275 et
575 1222 819 1275 Faustum
850 1230 987 1273 nata.
1021 1219 1225 1270 Miserat
1263 1215 1483 1267 Faustus
1520 1214 1817 1265 Riochatum
1853 1225 2030 1263 mana-

497 1312 646 1363 chum
664 1319 709 1362 et
738 1309 1006 1362 antistitem
1026 1308 1093 1358 ad
1126 1305 1408 1365 Britannos,
1434 1300 1903 1364 Contribules‘suos,
1920 1309 1966 1351 et
1986 1299 2033 1350 ei

500 1396 715 1449 Libellos
737 1397 889 1459 duos,
916 1398 967 1446 in
996 1392 1264 1461 Aquitania
1303 1388 1553 1452 celandae,
1585 1386 1839 1439 Britannis
1866 1384 2031 1437 solum

500 1485 751 1555 legendos,
792 1483 1121 1534 commiserat.
1154 1477 1407 1532 Reinansit
1447 1476 1581 1545 apud
1610 1472 2031 1529 Sidonium‘Ria-

499 1576 675 1624 citatus
716 1586 804 1639 per
842 1571 1093 1632 bimestre,
1140 1575 1337 1637 prapter
1378 1571 1539 1617 motus
1577 1574 1693 1615 tunc
1721 1561 1951 1630 temporis
1979 1560 2032 1611 in

2123 413 2385 481 aliquanto
2421 413 2648 467 tribuere
2672 412 2812 468 visus
2834 422 2913 467 est
2938 429 3091 483 quam
3122 430 3216 483 par
3236 425 3353 469 erat
3374 415 3685 485 (Simonidi

2126 500 2369 553 Historia:
2388 501 2619 567 prcedest.
2645 517 2753 570 cap.
2769 501 2849 569 8).
2880 500 2984 555 Sed
2996 503 3151 571 hujus
3170 504 3423 556 sententia
3441 504 3695 556 uindice!

2125 588 2344 658 appellat
2373 588 2551 643 Patres
2577 588 2798 653 (ἐνίει-οε,
2819 592 2918 643 imo
2944 591 3110 658 ipsum
3135 580 3491 660 Augustinum,
3509 603 3681 645 aute-

2124 693 2271 740 quam
2299 686 2509 728 mentem
2529 684 2781 741 mutasset,
2810 684 2864 729 ut
2892 686 3071 730 ctetera
3097 678 3343 730 omittam.

2196 764 2309 819 Stat
2337 764 2398 816 ab
2423 764 2578 816 altera
2605 774 2745 832 parte
2766 762 3073 835 Hauguinus
3098 782 3303 836 prteses,
3330 767 3404 820 air
3430 765 3681 820 doctissi-

2126 868 2255 917 mus,
2273 852 2731 905 Pratdcstinatiante
2754 851 2935 920 fabula
2959 853 3265 921 confutator,
3287 855 3373 920 qui
3392 871 3493 907 non
3515 872 3570 906 ν·
3622 856 3687 905 to

2128 940 2374 993 Faustum
2394 941 2643 1010 deprimit,
2660 943 2745 994 sed
2772 944 2823 995 in
2851 958 2963 995 eum
2991 943 3235 996 invehitur
3256 954 3308 996 ut
3325 945 3684 1012 versipellem

2130 1032 2451 1095 vulpeculam
2496 1038 2549 1082 et
2590 1030 2923 1097 impostorem
2948 1072 2963 1096 ,
3002 1034 3089 1097 qui
3134 1030 3314 1085 Lucidi
3354 1031 3685 1099 epistolam,

2127 1127 2182 1171 et
2206 1117 2617 1186 subscriptiones
2645 1118 2984 1171 conciliorum
3011 1119 3181 1182 tinxit,
3225 1127 3284 1173 ut
3309 1118 3429 1173 aliis
3455 1117 3687 1174 (acilius

2131 1206 2392 1260 illuderet.

2199 1295 2289 1347 Ill
2301 1334 2314 1349 .
2334 1295 2555 1349 Mediam
2570 1305 2784 1349 tenemus
2806 1296 3058 1349 beatorum
3076 1293 3414 1351 ciam.Peccat
3430 1297 3687 1352 Sir-nsun-

2130 1387 2255 1451 dus,
2296 1386 2606 1452 quantumvis
2641 1386 3030 1449 eruditissimus,
3057 1401 3170 1439 cunt
3193 1383 3375 1438 Fausti
3403 1398 3687 1453 patronos.

2132 1476 2417 1536 Hilarium,
2449 1473 2795 1539 Gennadium,
2820 1484 2937 1541 etc.,
2970 1473 3429 1542 Semipelagianas,
3468 1473 3687 1526 laudat.

2138 1565 2326 1619 Deinde
2347 1562 2601 1633 Fulgentii
2621 1573 2665 1617 et
2684 1563 2815 1616 Aviti
2836 1563 3133 1617 Viennensis
3162 1562 3463 1632 objectiones
3489 1560 3689 1629 frivola

499 1659 667 1713 Gallia
696 1637 1001 1721 concitatos;
1024 1666 1073 1709 et
1090 1656 1183 1722 'qui
1207 1657 1267 1706 de
1292 1652 1483 1705 Fausto
1504 1652 1688 1718 saepius
1714 1649 2021 1719 loquebatur,

2143 1656 2320 1707 ‘atione
2344 1662 2551 1706 canatur
2585 1652 2798 1705 eludere.
2836 1651 3016 1704 Pereat
3042 1650 3370 1719 Hauguinus,
3397 1652 3488 1719 qui
3516 1651 3693 1703 multa

502 1754 564 1801 de
590 1749 800 1817 Scriptis
829 1746 1222 1814 ipsicammissis
1248 1743 1398 1794 tacuit
1419 1743 1630 1810 penitus.
1656 1738 1756 1792 Sed
1782 1740 1832 1790 in
1861 1738 2033 1788 itinere

503 1838 817 1904 postmodum
861 1833 1168 1886 Riochatum
1192 1872 1206 1896 ,
1234 1830 1393 1899 inquit
1431 1828 1701 1890 Sidonius,
1728 1826 1832 1878 cito
1863 1823 2033 1893 prafe—

502 1935 665 1989 ctum,
697 1937 814 1975 cum
838 1921 1065 1990 quipiam
1090 1921 1155 1972 de
1196 1916 1478 1972 viatoribus
1517 1914 1884 1981 prodidissent,
1918 1927 2032 1981 my-

504 2012 823 2076 sticzegazec
858 2008 1048 2061 clausis
1087 2004 1367 2057 involucris
1398 2002 1529 2055 clam
1568 2005 1704 2054 terre
1742 2000 2031 2062 thesauros,

505 2097 800 2166 pernicibus
827 2095 971 2163 equis
999 2094 1263 2147 insecutus
1291 2091 1591 2156 abeuntem,
1622 2091 1710 2158 qui
1736 2088 1882 2142 facile
1911 2102 2033 2156 pos-

504 2198 620 2241 sent
646 2186 845 2238 itineris
872 2184 1096 2252 pridiani
1112 2183 1278 2250 spatia
1304 2189 1635 2247 praevertere,
1652 2178 1791 2246 capti
1818 2176 2035 2244 b05pitis

503 2292 667 2348 genua
689 2275 1027 2343 complector,
1049 2274 1283 2342 jumenta
1306 2272 1456 2335 sisto,
1490 2272 1636 2323 frena
1664 2268 1788 2336 ligo,
1807 2267 2036 2319 sarcinas

505 2368 671 2431 solvo,
712 2365 984 2432 quaesitum
1015 2362 1255 2415 volumen
1291 2360 1527 2419 invenio,
1560 2356 1808 2424 produco,
1839 2355 2033 2420 lectito,

509 2468 689 2519 magna
735 2468 797 2504 ex
844 2450 1044 2516 magnis
1088 2452 1257 2514 capita
1306 2446 1620 2499 deirustans.
1668 2441 1795 2495 Inde
1839 2441 2039 2496 Sidonii

472 2530 473 2533 “
505 2542 828 2593 artiorissimte
864 2541 1117 2606 ﬂuxerunt
1146 2536 1353 2604 querela:
1381 2534 1446 2585 ad
1473 2532 1520 2583 F
1522 2542 1719 2585 austum
1747 2532 1931 2600 ipsum,
1970 2546 2035 2583 an

510 2630 839 2697 supercilium
865 2638 1105 2695 tanquam
1129 2625 1277 2694 rigidi
1294 2625 1514 2693 plosoris
1537 2624 1914 2677 extimescebas
1929 2622 1951 2674 Ρ
1969 2636 2034 2674 an

511 2720 626 2771 ideo
653 2734 734 2769 me
775 2715 1141 2769 faStidiendum
1173 2713 1644 2783 negligendumque
1671 2712 1884 2773 curasti,
1916 2711 2036 2777 quia

511 2815 871 2859 contemneres
894 2805 1149 2871 juniorcm
1172 2804 1193 2854 ?
1221 2802 1357 2869 quod
1388 2816 1568 2870 parum
1596 2800 1753 2854 credo
1778 2816 1793 2863 ;
1825 2813 1888 2852 an
1918 2802 2035 2865 quia

514 2892 823 2955 indoctum?
850 2895 986 2957 quod
1017 2891 1178 2957 magis
1218 2887 1328 2941 fero
1349 2930 1363 2956 ,
1393 2897 1487 2959 etc.
1519 2886 1643 2939 ch
1678 2886 2033 2940 strictissimam

516 2996 613 3030 non
634 2980 829 3044 sapiunt
851 2978 1137 3029 amicitiam.
1174 2976 1307 3029 Intra
1332 2956 1505 3028 muros
1533 2984 1772 3042 peccatur
1797 2983 1850 3027 et
1868 2983 2035 3027 extra.
2060 2945 2108 3007 ο

518 3066 635 3119 Non
661 3066 823 3117 debuit
838 3066 1050 3117 amicum
1071 3064 1247 3128 celare,
1270 3064 1312 3114 si
1330 3061 1550 3114 Faustus
1572 3063 1665 3129 [uit
1688 3062 2033 3127 amicissimus,

511 3157 695 3223 scripta
711 3171 821 3223 quw
845 3156 1060 3207 mittebat
1090 3155 1142 3205 in
1155 3152 1382 3220 Angliam
1401 3167 1419 3214 ;
1437 3166 1521 3202 nec
1542 3150 1779 3203 Sidonius
1801 3151 2039 3217 festinan-

514 3247 575 3297 tis
605 3244 831 3296 monachi
855 3245 1055 3311 vestigia
1079 3242 1236 3309 sequi,
1261 3250 1310 3292 ut
1338 3257 1396 3293 ea
1423 3241 1607 3305 scripta
1632 3239 1723 3290 sibi
1749 3238 2036 3290 vindicaret.

519 3336 782 3382 Autumant
812 3332 1028 3399 plerique
1056 3331 1159 3381 haec
1185 3330 1365 3395 scripta
1396 3328 1546 3393 fuisse
1572 3327 1696 3377 duos
1719 3326 1778 3376 de
1798 3323 1969 3377 Gratia
1994 3335 2039 3376 et

516 3422 692 3473 Libero
710 3422 922 3470 Arbitrio
940 3421 1117 3481 libras;
1139 3418 1222 3469 sed
1249 3416 1549 3483 Mauguinus
1570 3430 1747 3482 pra’ses
1768 3430 1864 3465 non
1882 3415 2040 3482 potuit

516 3512 607 3563 sibi
622 3509 945 3563 Sirmundum
966 3519 1201 3575 tanquam
1220 3506 1571 3573 suffragantem
1596 3504 1843 3567 indicare;
1864 3505 2042 3572 quippe

517 3600 600 3665 qui
629 3600 679 3649 in
703 3600 830 3649 notis
864 3600 965 3650 [nec
994 3614 1142 3662 apcra
1160 3596 1336 3648 Fausti
1366 3595 1567 3663 periisse
1588 3604 1766 3661 tuetur,
1792 3610 1849 3645 ea
1889 3594 2039 3661 potis-

518 3688 691 3739 simum
722 3688 931 3751 ratione,
950 3686 1082 3753 quod
1110 3685 1370 3749 Sidonius,
1395 3685 1479 3752 qui
1500 3686 1591 3735 hoc
1617 3699 1737 3751 apus
1754 3683 2040 3751 Operosissi-

517 3791 647 3825 mum
670 3776 873 3841 legerat,
900 3775 1185 3841 bipartitum
1206 3774 1295 3824 sub
1317 3772 1504 3841 dialogi
1530 3771 1795 3835 schemate,
1817 3770 1906 3823 sub
1926 3786 2041 3822 cau-

516 3878 681 3915 sarum
698 3864 906 3914 themate
924 3861 1341 3928 quadripartitum
1362 3862 1511 3929 fuisse
1525 3861 1758 3927 afﬁrmet;
1774 3876 1883 3927 qua:
1902 3860 2039 3912 libris

518 3959 579 4001 dc
605 3951 780 4001 Gratia
811 3968 908 4002 non
937 3952 1248 4002 conveniunt.
2038 3934 2048 3942 ’

586 4044 722 4094 Inter
762 4054 847 4093 vet.
865 4058 939 4093 res
998 4039 1181 4092 Fausta
1220 4044 1527 4109 re’fragantes
1584 4040 1823 4091 rcccnseri
1869 4038 2041 4091 debent

526 4135 714 4190 Avitus,
752 4128 1040 4180 Viennensis
1078 4130 1286 4193 privs-ui,
1317 4139 1357 4178 et
1402 4128 1509 4177 Ado
1541 4126 1841 4191 (Chronicon
1868 4127 1931 4178 ad
1954 4143 2038 4178 an.

522 4216 668 4281 4192),
695 4216 913 4279 ejusdem
939 4214 1073 4263 urbis
1102 4214 1386 4279 episcapus,
1418 4212 1499 4275 qui
1526 4213 1717 4273 scribit,
1746 4214 1863 4263 dum
1892 4211 2043 4264 Pela-

524 4303 721 4367 gianam
751 4302 929 4366 dogma
955 4299 1203 4350 destruere
1229 4308 1511 4367 conaretur,
1542 4299 1591 4348 in
1618 4314 1827 4350 errorem
1847 4314 1949 4350 esse
1970 4298 2043 4349 la-

528 4406 689 4453 psum,
713 4399 753 4437 et
776 4389 881 4438 ideo
902 4382 1101 4439 liberum
1127 4388 1379 4439 arbitrium
1402 4388 1639 4449 docuisse,
1656 4395 1713 4439 ut
1741 4372 2045 4440 illuminalio

528 4477 637 4538 ejus
678 4484 728 4525 et
764 4476 901 4527 salus
946 4491 1043 4528 non
1092 4477 1157 4527 sit
1191 4492 1215 4527 a
1259 4476 1483 4539 Christo,
1516 4475 1607 4527 sed
1629 4490 1658 4528 a
1685 4486 1886 4528 natura.
1915 4474 2046 4527 Eunt

526 4565 730 4630 denique
757 4565 915 4614 virum
959 4566 1224 4631 profunda:
1248 4565 1537 4617 calliditatis
1578 4566 1795 4633 appellat
1822 4565 2045 4617 Isidorus

529 4651 866 4721 llispalensis.

592 4738 617 4789 l
628 4739 650 4789 l
663 4777 674 4788 .
696 4737 721 4788 1
731 4756 758 4788 n
780 4739 831 4787 di
836 4754 969 4790 tersa
984 4740 1128 4804 plane
1141 4739 1315 4789 abeunt
1336 4741 1642 4805 recentiores,
1663 4752 1809 4809 prout
1830 4741 2043 4809 partium

526 4829 690 4879 studia
736 4827 1067 4894 abripiuntur.
1097 4846 1113 4875 ι
1143 4828 1260 4891 Quis
1290 4843 1427 4896 a‘quo
1455 4832 1618 4881 animo
1647 4832 1773 4896 [erat
1802 4831 2044 4883 Faustum

522 4915 686 4967 vexari
709 4915 887 4979 passim
901 4930 929 4963 a
952 4914 1071 4965 mult
1080 4916 1137 4979 is,
1154 4914 1264 4963 trad
1271 4916 1440 4981 ncique
1456 4925 1685 4983 tanquam
1702 4919 2010 4970 hwreticum?
2022 4938 2038 4967 ι

524 5004 675 5065 inquit
707 5001 1027 5054 Sirmundus.
1072 5000 1279 5064 Culpam
1317 5004 1534 5053 criminis
1572 5006 1726 5071 rejicit
1755 5007 1803 5057 in
1836 5004 2045 5057 Maxen-

526 5095 665 5155 tium,
687 5092 924 5157 cht/tam
952 5091 1263 5152 monac/tum,
1286 5092 1365 5155 qui
1389 5092 1557 5157 longas
1588 5094 1751 5143 habuit
1777 5093 1885 5145 lites
1912 5095 2043 5145 circa

525 5184 751 5248 gratiam,
781 5182 838 5231 de
866 5180 1038 5245 quibus
1066 5180 1201 5229 alibi.
1234 5178 1417 5229 Deinde
1446 5181 1631 5231 inducit
1662 5182 1805 5245 viros,
1836 5199 1892 5233 eo
1922 5192 2040 5233 tent-

528 5286 641 5332 porc
666 5272 997 5320 celeberrimos
1015 5308 1028 5330 ,
1056 5268 1307 5319 Hilarium
1328 5268 1679 5335 .‘lrelatenssm,
1706 5270 2037 5331 Gennadinnt,

532 5356 823 5420 Maximum,
848 5369 893 5408 et
919 5356 1167 5407 lli/arium
1188 5356 1485 5423 pontiﬁcem.
1504 5357 1607 5409 Nec
1628 5360 1857 5425 diﬂitetur
1877 5369 2041 5410 tatnen

530 5448 583 5494 ab
601 5447 735 5493 Avito
760 5447 1019 5499 Viennensi
1039 5460 1080 5497 et
1107 5444 1373 5510 Fulgentio
1398 5446 1543 5519 plura
1572 5449 1619 5497 in
1650 5450 1839 5511 scriptis
1864 5449 2041 5499 Fausti

2066 4259 2118 4318 D

2128 1744 2257 1795 velut
2283 1741 2458 1809 ﬁctitia
2480 1739 2673 1794 Fausto
2712 1740 2916 1794 tribuat.
2940 1738 3189 1793 Miramur
3220 1749 3384 1792 tamen
3417 1736 3693 1792 Faustum

2130 1834 2255 1885 inter
2278 1830 2547 1884 catholicos
2579 1838 2625 1884 et
2648 1838 2845 1882 sanctos
2863 1829 3124 1882 recenseri.

2199 1921 2371 1975 Primo
2396 1922 2535 1975 binos
2558 1920 2619 1973 de
2638 1918 2818 1972 Libero
2844 1918 3063 1972 Arbitrio
3084 1928 3131 1971 et
3151 1917 3326 1972 Gratia
3352 1917 3513 1971 libros
3538 1911 3694 1979 Fau-

2130 2021 2233 2064 stus
2260 2012 2437 2077 edidit,
2470 2025 2592 2077 quos
2623 2008 2842 2059 laudavit
2869 2003 3188 2073 Fulgentius,
3213 2014 3261 2058 et
3292 2007 3562 2058 damnavit
3584 2004 3693 2059 Ge-

2132 2100 2285 2153 lasius
2326 2098 2564 2167 pontifex.
2586 2094 2799 2147 Initium
2827 2096 3033 2145 ducebat
3058 2110 3090 2145 a
3113 2091 3425 2161 Pelagianis,
3455 2109 3601 2162 quos
3624 2095 3697 2147 ό

2132 2186 2339 2239 exordia
2382 2184 2642 2251 confutare
2684 2181 2959 2243 ridebatur,
2996 2181 3084 2232 sed
3126 2181 3439 2247 postmodum
3462 2219 3481 2244 ,
3530 2182 3698 2235 tacito

2136 2272 2400 2343 Augustini
2425 2271 2649 2338 nomine,
2676 2270 2851 2338 gratia:
2883 2269 3227 2339 prterenientis
3263 2276 3312 2321 et
3344 2271 3696 2338 ρτωεειὶισ-

2136 2362 2281 2413 tionis
2314 2360 2541 2429 gratuitte
2564 2369 2826 2411 assertores
2855 2356 3184 2411 vehementius
3206 2358 3504 2427 exagitavit.
3526 2356 3695 2411 Late-

2134 2448 2217 2500 bat
2258 2449 2476 2513 hwresis,
2499 2447 2767 2499 secundum
2792 2444 3089 2509 Baronium,
3116 2452 3171 2496 ut
3215 2444 3333 2497 latet
3371 2447 3567 2514 anguis
3596 2448 3696 2500 sub

2134 2537 2519 2608 prominentibus
2541 2535 2767 2601 ﬂoribus.
2794 2533 2858 2586 Et
2894 2548 3059 2587 revera
3084 2532 3191 2586 htec
3217 2532 3361 2587 habet
3390 2534 3507 2601 ipse
3540 2532 3695 2586 Fu-

2114 2636 2275 2677 ,stus:
2311 2642 2328 2674 ι
2365 2623 2506 2678 Sicut
2542 2624 2677 2675 amni
2695 2622 2883 2675 homini
2909 2637 3115 2673 manum
3142 2623 3439 2690 acutumque
3474 2625 3698 2674 donarit

2136 2713 2301 2779 Deus,
2332 2714 2401 2765 ita
2433 2712 2658 2765 similiter
2685 2712 2819 2763 ontni
2864 2712 3051 2764 homini
3097 2711 3399 2763 voluntatem
3424 2749 3443 2775 ,
3489 2722 3555 2764 sit
3579 2727 3698 2764 eam

2137 2811 2363 2865 versaret,
2398 2802 2602 2853 indulsit
2637 2802 2861 2869 justitia.
2891 2799 3023 2869 Ergo
3064 2798 3118 2851 in
3145 2796 3346 2852 homine
3371 2813 3479 2851 non
3512 2815 3699 2869 perso-

2139 2896 2268 2956 nale,
2288 2896 2373 2947 sed
2392 2895 2613 2961 generale
2640 2901 2685 2945 et
2712 2892 2963 2960 publicum
2980 2906 3161 2942 manus
3186 2899 3277 2943 est.
3293 2890 3480 2942 Aditus
3504 2906 3698 2958 capes-

2136 2985 2300 3037 senda:
2337 2984 2541 3047 salutis,
2583 2982 2727 3050 quasi
2764 2982 2877 3049 fans
2911 2980 3116 3050 quidam
3158 2980 3211 3031 in
3256 2979 3485 3031 medium
3536 2980 3700 3045 huius

2138 3073 2311 3124 mundi
2331 3072 2600 3139 expositus,
2627 3080 2675 3123 et
2705 3072 2753 3122 in
2784 3084 3045 3121 commune
3065 3084 3323 3120 concessus
3343 3068 3413 3118 ad
3439 3069 3703 3121 haurien-

2138 3162 2255 3211 dum
2298 3161 2536 3211 universis
2581 3168 2741 3227 patet,
2774 3168 2830 3210 ut
2866 3157 3072 3225 largiari
3099 3156 3274 3207 merita
3313 3171 3429 3206 reus
3469 3156 3580 3218 sit,
3612 3157 3705 3221 qui

2138 3249 2339 3300 haurire
2368 3248 2650 3315 neglexerit.
2674 3266 2691 3297 ι
2723 3246 2949 3298 Attamen
2974 3262 3061 3297 nec
3084 3232 3197 3313 plus
3216 3258 3355 3309 aqua
3377 3245 3704 3297 ηαιιιτωσί·

2139 3336 2297 3388 buisse
2322 3346 2464 3402 negat
2490 3335 2808 3387 Sirmundus.

2207 3425 2373 3475 Altera
2414 3424 2473 3474 de
2511 3424 2853 3476 materialitate
2891 3422 3166 3474 animarum
3212 3422 3464 3474 sententia
3502 3422 3705 3491 legitur

2139 3512 2190 3563 in
2226 3513 2429 3578 epistola
2460 3512 2542 3574 16,
2571 3526 2719 3577 quam
2746 3511 2929 3579 publici
2954 3511 3085 3577 juris
3114 3510 3227 3577 fecit
3254 3510 3532 3565 Canisius.
3566 3510 3706 3565 Pro~

2141 3600 2221 3651 bat
2248 3600 2430 3651 scilicet
2467 3598 2686 3652 Faustus
2726 3600 2850 3650 nihil
2872 3606 3049 3665 printer
3077 3598 3233 3650 Deum
3270 3599 3572 3664 inﬁnitum,
3598 3617 3705 3654 esse

2139 3691 2415 3756 spirituale,
2446 3698 2491 3741 et
2521 3691 2737 3749 animum
2761 3705 2864 3741 esse
2893 3687 3224 3755 corporalem,
3249 3703 3367 3739 cum
3392 3689 3462 3740 sit
3492 3690 3703 3744 loculis.

2146 3794 2163 3825 t
2192 3776 2327 3829 Licet
2370 3777 2534 3840 enim,
2587 3776 2780 3843 inquit,
2827 3793 2927 3830 non
2978 3764 3353 3846 pronuntiemus
3409 3779 3705 3831 nonnullas

2139 3884 2242 3920 esse
2275 3868 2557 3934 spirituales
2585 3867 2902 3931 substantias,
2932 3876 2986 3917 ut
3016 3856 3201 3933 angeli,
3229 3864 3582 3934 archangeli,
3608 3882 3706 3919 ctr-

2141 3964 2347 4023 terccque
2380 3960 2599 4019 virtutes,
2635 3958 2745 4019 ipsa
2777 3971 2968 4021 quoque
3004 3955 3171 4005 anima
3211 3963 3407 4015 nostra,
3449 3954 3541 4007 vel
3575 3966 3707 4008 cate

2140 4062 2225 4098 aer
2270 4048 2359 4099 iste
2396 4047 2619 4107 subtilis,
2664 4055 2822 4095 tamen
2866 4044 3165 4111 incorporea:
3209 4041 3515 4094 nullatenus
3562 4046 3701 4096 arati.

2141 4133 2337 4183 manda:
2374 4142 2518 4195 sunt;
2556 4132 2736 4181 habent
2770 4132 2902 4181 enim
2930 4131 3196 4181 secundant
3223 4144 3275 4179 se
3310 4144 3553 4195 corpus,
3594 4132 3705 4184 licet

2144 4221 2296 4271 multo
2325 4219 2769 4284 incomparabiliter
2800 4219 2994 4268 tenuius
3026 4232 3172 4284 quant
3214 4226 3391 4266 nostra
3420 4229 3557 4270 sunt
3594 4234 3707 4271 cor-

2147 4324 2286 4375 pora.
2320 4327 2336 4357 ι
2372 4307 2493 4358 Ilazc
2530 4315 2796 4358 extenuare
2821 4313 3049 4370 poterunt
3089 4304 3315 4372 Origenis
3355 4302 3705 4362 cetera..-

2145 4412 2237 4461 que
2264 4394 2485 4457 Patrum,
2514 4394 2595 4459 qui
2624 4394 2743 4443 talia
2769 4394 3038 4443 docuerunt
3060 4392 3374 4453 auctoritate,
3401 4396 3709 4464 quicunque

2145 4483 2403 4535 coluerint.
2434 4480 2647 4546 Legatur
2676 4489 2834 4530 tamen
2869 4479 2949 4530 hic
2974 4477 3180 4544 epistola
3206 4477 3296 4543 i7,
3320 4478 3377 4537 in
3413 4494 3535 4544 qua
3562 4481 3705 4535 ιοω-

2146 4573 2214 4623 les
2242 4580 2285 4621 et
2326 4568 2605 4621 matcrialcs
2646 4577 2747 4618 tum
2776 4568 2966 4618 animos
3006 4576 3109 4618 tum
3149 4568 3354 4637 angelos
3390 4584 3519 4624 esse
3563 4572 3707 4627 κιε-

2146 4668 2329 4709 menter
2365 4655 2628 4706 contendit.
2670 4654 2776 4706 Nos
2813 4655 2965 4721 igitur
3001 4656 3087 4706 uni
3108 4655 3302 4707 litantes
3334 4658 3588 4726 veritati,
3621 4677 3707 4731 με·

2144 4750 2347 4800 nuinam
2391 4745 2658 4811 Scriptaris
2698 4754 2904 4794 mentem
2946 4745 3279 4805 elucidamus,
3324 4754 3376 4795 et
3424 4751 3705 4816 sequi.”

2146 4840 2441 4890 Mamertunt
2484 4836 2834 4895 Viennensem,
2873 4832 2991 4901 qui,
3038 4834 3184 4885 tacito
3223 4829 3411 4886 Fausti
3452 4838 3703 4901 tam,

2144 4930 2431 4977 ειιιιτσηιέιιυι
2464 4926 2571 4992 ejus
2606 4923 2666 4972 de
2707 4920 2985 4983 animabus,
3016 4922 3196 4985 scripta
3233 4935 3350 4973 mox
3377 4922 3543 4977 edito

2144 5015 2347 5079 fufavit,
2391 5014 2557 5063 eadm:
2602 5008 2829 5061 mcthodo
2874 5024 3018 5071 usus,
3064 5010 3206 5076 cujus
3246 5009 3491 5062 inventor
3538 5022 3704 5067 tm

2142 5104 2319 5154 dicitur
2347 5102 2609 5153 Cartesius.

2211 5191 2310 5241 Ην.
2345 5189 2462 5240 Fuit
2495 5189 2645 5255 igitur
2677 5186 2892 5240 Faustus
2922 5186 3417 5255 Semipelagianisnsi
3452 5189 3707 5258 defensor

2142 5280 2429 5340 acerrimus,
2475 5287 2517 5326 et
2558 5277 2747 5327 animus
2789 5273 3009 5327 material
3040 5290 3063 5324 s
3088 5273 3284 5336 docuit,
3315 5282 3366 5324 et
3395 5274 3526 5327 lites
3565 5276 3707 5341 ’ᾤσ-

2144 5366 2400 5417 nten‘iores
2461 5368 2627 5415 habuit
2683 5380 2793 5414 cum
2837 5360 3182 5429 Forojuliensi
3225 5360 3533 5429 episcopo;
3562 5362 3707 5431 cujus

2144 5455 2290 5503 abbas
2318 5455 2427 5513 iura
2458 5453 2547 5504 sibi
2587 5451 2886 5513 vindicabat,
2928 5459 2972 5499 et
3002 5465 3056 5502 ea
3091 5448 3291 5499 ratione
3314 5447 3615 5503 damnatus
3634 5458 3705 5504 est
