3818 6226
72 292 149 346 781

1345 286 1833 343 PROLEGOMENA
1844 326 1858 341 .

3125 293 3225 348 783

71 405 119 454 ab
152 403 413 454 Arelatensi
459 402 704 466 concilio,
745 412 798 455 ut
841 400 1025 471 patebit
1064 401 1297 471 inferius.
1341 399 1583 453 Eamdem
1609 401 1662 459 Α
1684 398 1884 467 scriptis
1911 397 2075 451 adhuc
2106 397 2398 464 vindicavit,
2426 406 2481 450 ut
2503 397 2764 467 probaturi
2797 415 2967 454 sumus
2992 402 3249 457 adversus.

73 491 212 542 habuit
236 491 485 559 patriam,
535 489 844 545 Britanniam
882 490 1103 556 scilicet,
1130 507 1283 559 quam
1319 489 1581 558 Pelagius,

69 588 107 630 ct
126 593 180 630 ex
198 593 253 631 ea
272 580 410 644 apud
441 577 620 637 Gallos
646 589 848 649 uterque
871 582 1233 649 transfretavit.
1261 579 1573 645 Philosophi-

72 669 127 719 cis
165 669 366 720 multum
408 670 700 722 incubuerat
743 669 955 736 studiis,
997 670 1182 738 quippe
1216 670 1582 739 pltilosOphiarn

69 760 156 827 ejus
198 757 562 826 pedissequam
610 767 661 812 et
706 758 858 812 lateri
894 761 1142 815 comitem
1182 758 1586 829 inseparabilem

67 846 322 915 appellabat
351 846 602 901 Sidonius
632 848 959 915 Apollinaris.
989 848 1183 904 Deinde
1221 850 1441 918 forenses
1478 853 1583 921 agi-

68 936 167 985 lavit
189 950 363 986 causas
377 951 564 1000 ;.nam,
594 938 702 1004 ipso
733 935 946 992 Sidonio
975 946 1115 1005 teste,
1148 939 1404 1007 palaestris
1437 955 1587 995 exer-

64 1026 252 1077 cebatur
297 1024 553 1092 urbanis;
595 1029 910 1095 postmodum
953 1031 1281 1085 monasticam
1336 1032 1590 1099 professus

64 1118 216 1182 niam,
261 1113 543 1171 Lirinensis
572 1120 885 1184 monasterii,
919 1128 1038 1174 tunc
1070 1124 1417 1191 famosissimi,
1455 1138 1592 1176 crea-

63 1213 127 1254 tus
152 1213 218 1255 est
246 1206 430 1275 abbas,
460 1222 594 1259 anno
621 1208 743 1262 453.
776 1208 896 1264 Non
924 1211 1059 1263 enim
1100 1210 1314 1266 Baronii
1341 1212 1593 1282 sequenda

63 1292 129 1341 hic
148 1301 258 1343 sunt
284 1294 523 1361 vestigia,
552 1296 639 1363 qui
666 1296 799 1349 circa
840 1296 1019 1351 Fausti
1056 1307 1279 1365 tempora
1320 1300 1593 1367 plurimum

62 1382 275 1445 peccavit.
316 1380 581 1438 Honorato
618 1385 814 1452 abbati,
844 1385 933 1456 qui
960 1387 1027 1439 ad
1063 1388 1230 1440 sedem
1258 1389 1594 1443 Arelatensem

63 1481 293 1529 promotus
323 1482 400 1525 est
437 1474 675 1527 successit
703 1474 979 1542 Maximus,
1011 1492 1142 1528 anno
1176 1475 1295 1530 ηδ.
1326 1477 1475 1531 Rexit
1503 1478 1594 1530 ab-

60 1558 220 1611 batiam
251 1560 515 1615 Maximus
556 1579 643 1631 per
679 1580 838 1616 annos
878 1574 1098 1633 septem,
1129 1566 1307 1631 quibus
1348 1568 1593 1633 peractis,

60 1652 111 1699 ad
140 1652 300 1703 sedem
332 1652 662 1720 Rhegiensem
694 1653 968 1708 translatus
986 1666 1066 1707 est
1096 1671 1230 1709 anno
1258 1657 1377 1710 453.
1405 1656 1595 1727 Super-

1688 483 2045 550 Gaulminum,
2074 500 2133 538 ea
2159 485 2371 539 concilia
2409 496 2647 553 tanquam
2682 501 2714 536 a
2742 482 2934 539 Fausto
2969 491 3232 558 supposita

1684 575 2009 642 rejicientem.

1774 661 1838 715 V.
1877 662 2132 732 Epistolas
2176 662 2356 718 Fausti
2392 675 2439 718 et
2484 664 2696 731 anidi,
2740 672 2972 736 tanquam
3016 666 3233 725 hominis

1689 755 1972 823 personati,
2020 764 2066 807 et
2112 755 2498 825 subscriptiones
2543 757 2813 811 duodecim
2851 759 3233 830 episcoporum,

1690 859 1815 911 quas
1834 844 2057 913 epistola:
2075 858 2178 897 sua
2199 844 2264 896 ad
2286 843 2536 897 Lucidum
2560 847 2791 915 apposuit
2822 844 3064 915 Faustus,
3091 854 3237 914 quin-

1690 933 1791 985 imo
1817 930 2106 985 Arelatense
2132 940 2179 985 et
2206 931 2537 1004 Lugdunense
2564 935 2861 1003 concilium,
2891 952 3103 1005 quorum
3126 951 3236 993 sen-

1691 1024 1892 1075 tentiam
1921 1023 2238 1093 interpretari
2265 1024 2439 1092 jussus
2466 1031 2574 1077 erat
2591 1066 2607 1093 ,
2638 1024 2848 1093 ﬁctitia,
2873 1040 2921 1080 et
2949 1028 3014 1082 ab
3036 1028 3237 1084 homine

1691 1112 1943 1177 hwrelico,
1974 1122 2059 1165 aut
2076 1154 2089 1177 ,
2119 1120 2175 1167 ut
2204 1112 2423 1183 loquitur
2450 1112 2719 1183 Baronius,
2744 1117 3025 1187 versipelle
3052 1121 3238 1189 vulpe-

1691 1203 1807 1256 cula
1834 1205 2127 1273 supposita,
2149 1205 2369 1275 ,mugnis
2405 1205 2662 1260 conatibus
2705 1210 2957 1262 contendit
2993 1210 3070 1263 vir
3109 1212 3236 1265 cele-

1690 1288 1954 1357 berrimus,
1984 1304 2031 1347 et
2074 1293 2384 1365 Hauguinus
2421 1312 2608 1364 pra'ses
2634 1304 2890 1364 autumat,
2916 1298 3009 1353 hac
3043 1302 3236 1355 ratione

1694 1397 1840 1449 posse
1866 1383 2115 1463 vindicari
2157 1383 2613 1449 facilius-causam
2649 1403 2798 1455 quam
2833 1397 3021 1455 tuetur,
3063 1393 3236 1463 Augu-

1692 1460 1989 1533 stinianam,
2030 1473 2074 1523 si
2116 1473 2404 1527 nullatenus
2449 1476 2646 1543 ejurata
2690 1476 2785 1544 fuit
2826 1492 2857 1529 a
2899 1476 3119 1547 Lucida,
3144 1460 3239 1534 inec

1696 1558 1933 1611 damnata
1976 1560 2234 1630 suffragiis
2271 1563 2620 1631 episcOporum
2664 1554 3063 1621 Gallicanorum.
3101 1566 3240 1621 Pen-

1696 1647 1845 1699 deant
1870 1659 2106 1715 quantum
2132 1649 2380 1703 voluerint
2405 1652 2524 1717 alii,
2548 1660 2595 1704 et
2625 1651 2776 1719 ﬁdem
2810 1657 3023 1722 pendere
3048 1656 3239 1723 faciant

59 1751 117 1791 ω
161 1742 307 1811 ίσεηυρ
353 1754 414 1795 αι
455 1742 698 1807 Faunus,
741 1745 825 1809 qm“
867 1745 1093 1798 Μηίηιο
1140 1749 1406 1811 mecm“,
1445 1750 1597 1802 abba,
1625 1738 1673 1797 Β
1697 1736 1757 1788 ab
1787 1736 2046 1790 hominum
2079 1742 2404 1804 auctoritate,
2437 1742 2588 1809 ﬁdem
2617 1742 2906 1796 historicum
2926 1745 3113 1800 violare
3138 1763 3239 1802 non

57 1844 228 1885 creatus
266 1832 426 1899 fuerit
460 1832 631 1885 eodem
666 1850 796 1885 anno
818 1833 938 1887 435.
976 1834 1168 1903 Viginti
1205 1836 1308 1889 duo
1335 1847 1421 1889 aut
1458 1839 1603 1892 circi-

63 1936 122 1974 ter
144 1938 390 1974 annorum
430 1924 615 1989 spatio,
646 1924 893 1975 cbbatiam
934 1923 1245 1979 Lirinensem
1270 1927 1441 1995 gessit,
1472 1936 1518 1979 et
1545 1942 1603 1979 eo

64 2028 259 2084 tempore
323 2019 379 2069 in
437 2017 601 2069 locum
644 2015 857 2070 Maximi
899 2020 1120 2085 defuncti
1159 2023 1419 2091 episcOpns
1467 2023 1602 2075 Rhe-

57 2106 213 2175 giensis
238 2107 486 2175 suffectus
511 2116 603 2161 est.
636 2108 715 2161 Ad
751 2125 941 2162 annum
977 2110 1082 2164 472
1113 2113 1219 2180 ejus
1254 2113 1597 2179 episcopatum

61 2204 197 2265 refert
234 2197 526 2263 Baronius;
557 2201 645 2253 sed
681 2209 841 2265 errat,
872 2217 931 2253 ea:
968 2200 1159 2253 calculo
1198 2210 1425 2267 superius
1468 2202 1600 2256 indic

58 2300 164 2343 rato.
193 2287 374 2341 Debuit
408 2292 541 2342 enim
566 2291 827 2358 episcOpus
854 2291 1080 2343 ordinari
1102 2307 1233 2342 anno
1264 2291 1385 2354 455,
1417 2294 1599 2360 quippe

58 2397 149 2430 cum
166 2380 282 2431 lites
314 2380 379 2431 de
413 2380 773 2448 jurisdictione
814 2381 1121 2447 agitarentur
1158 2380 1287 2432 inter
1333 2380 1597 2433 Leontium

60 2468 412 2529 Arelatensem,
460 2476 509 2517 et
566 2466 873 2519 Mamertum
948 2465 1268 2519 Viennenan
1320 2485 1405 2523 an.
1459 2468 1592 2532 465,

60 2557 264 2611 Hilarius
301 2560 573 2626 pontifex,
608 2556 853 2610 Faustum
894 2566 940 2611 et
984 2559 1301 2621 Auxanium,
1339 2561 1592 2627 coepisco-

60 2665 128 2711 ρας
154 2659 196 2699 et
222 2653 407 2718 fratres
444 2658 666 2712 nostros,
689 2648 889 2718 judices
914 2656 963 2701 et
991 2648 1191 2700 concilii
1222 2649 1457 2715 pra-sides
1500 2650 1591 2700 de-

60 2738 230 2804 legavit.
276 2737 513 2805 Lataque
549 2739 608 2789 ab
650 2739 709 2790 iis
749 2738 1019 2802 sententia,
1070 2738 1201 2789 idem
1246 2754 1377 2807 papa
1423 2738 1593 2789 eodem

58 2842 164 2880 t1th
190 2828 249 2880 ab
282 2828 540 2895 episcopis
570 2828 778 2893 deﬁnita
814 2827 1096 2889 roboravit;
1126 2828 1243 2880 inde
1276 2826 1593 2879 concluditur

59 2917 192 2970 multo
220 2920 359 2984 prius
390 2934 543 2985 quam
573 2915 822 2969 Baronius
850 2916 1088 2983 confecit,
1118 2917 1403 2983 episc0pum
1439 2916 1592 2983 fuisse

58 3002 95 3053 Ρ
98 3015 296 3059 austum.
329 3008 440 3059 Sed
483 3006 704 3057 calculus
734 3017 900 3060 noster
924 3022 987 3059 ex
1014 3023 1071 3059 eo
1098 3008 1387 3074 conﬁrmari
1415 3005 1583 3066 debet,

1701 1829 1938 1895 patimur,
1964 1839 2017 1881 ut
2042 1834 2213 1898 fucum
2242 1831 2483 1897 faciamus
2511 1833 2783 1900 posteritati
2808 1844 2854 1888 et
2892 1838 3236 1903 prasentibus.

1702 1915 1813 1971 Nec
1850 1918 1966 1971 inde
2008 1920 2193 1987 patitur
2234 1920 2444 1989 aliquod
2484 1922 2836 1980 detrimentum
2862 1925 2990 1991 ﬁdes
3027 1943 3142 1996 qua:
3176 1930 3238 1983 ab

1699 2012 1996 2064 auctoritate
2023 2012 2192 2063 divina
2218 2012 2415 2082 pendet.

1775 2098 1872 2155 Vl.
1920 2100 2041 2154 ch
2099 2112 2217 2155 sunt
2278 2106 2535 2172 prwcipua
2586 2106 2856 2178 Mauguini
2906 2118 3237 2179 argumenta:

1701 2188 1755 2240 1⁸
1783 2188 2069 2243 Gennadius
2099 2193 2224 2256 ipse,
2257 2193 2712 2263 Semipelagianus,
2745 2214 2832 2251 nec
2862 2198 3055 2263 Auitus,
3084 2202 3237 2254 errori

1698 2279 1941 2347 infensus,
1971 2297 2055 2332 nec
2080 2281 2233 2343 ullus,
2262 2292 2439 2349 pra'trr
2463 2283 2511 2333 F
2512 2294 2739 2348 austum,
2771 2288 2831 2339 de
2857 2292 3109 2353 personati
3137 2288 3237 2342 Lu-

1697 2368 1799 2419 cidi
1841 2370 2120 2439 ejuratione
2179 2371 2401 2438 binisque
2462 2374 2683 2426 conciliis
2738 2376 3032 2429 mentionem
3096 2378 3235 2446 fecit.

1695 2456 1751 2508 2"
1784 2456 2067 2510 Verisimile
2106 2475 2205 2511 non
2229 2470 2299 2512 est
2326 2468 2397 2512 tot
2426 2459 2663 2515 Ecclesia
2692 2462 2965 2518 Gallicana:
2999 2465 3237 2532 prasulcs

1696 2545 2035 2599 celeberrimos
2063 2548 2328 2616 Augustini
2358 2550 2593 2620 dogmata
2624 2552 2909 2617 damnasse,
2946 2553 3231 2621 Semipela-

1694 2634 2089 2702 gianismumque
2122 2636 2315 2689 calculo
2342 2654 2431 2691 suo
2460 2640 2715 2708 probasse.
2738 2640 2798 2694 3°
2827 2640 2906 2694 Ex
2934 2642 3104 2696 codice
3140 2660 3237 2698 nis.

1693 2740 1836 2791 quem
1879 2724 2207 2790 descripserat
2252 2724 2481 2779 Canisius
2521 2737 2656 2797 patet
2696 2728 2814 2782 illas
2854 2730 3236 2798 subscriptiones

1691 2812 1892 2866 additas
1920 2815 2139 2882 epistola
2162 2813 2341 2867 Fausti
2363 2817 2430 2867 ad
2440 2816 2703 2885 Lucidum
2721 2860 2736 2883 ,
2761 2827 2809 2873 et
2831 2822 3028 2874 variant
3052 2823 3236 2890 swpius

1692 2902 1893 2952 nomina
1933 2903 2205 2968 pra'sulum
2234 2905 2663 2959 subscribentium.
2689 2908 2747 2962 4⁸
2779 2907 3014 2973 Quinimo
3040 2912 3234 2967 Leontii

1691 3004 1887 3051 nomen,
1934 2992 2016 3055 qui
2056 3008 2267 3059 praeesse
2308 2994 2477 3047 debuit
2506 2996 2786 3051 Arelatensi
2828 3002 3058 3063 concilio.
3101 3004 3236 3059 abest

58 3094 167 3158 quod
212 3094 474 3147 “an-mus
518 3094 739 3161 adq-“8m
778 3093 1059 3147 Arelatem;
1101 3095 1341 3157 cana-lio.
1386 3094 1437 3145 εη
1488 3109 1585 3160 quo
1610 3077 1657 3139 ε
1688 3076 1739 3128 in
1766 3080 1936 3130 codice
1972 3079 2267 3146 llincmari,
2294 3084 2429 3151 apud
2454 3101 2599 3153 quem
2634 3086 2921 3141 Leucadius
2952 3090 3232 3161 subjicitur.

59 3184 249 3235 maxima
287 3183 631 3235 controversia
672 3181 804 3233 inter
848 3179 896 3231 F
899 3191 1130 3247 austum,
1175 3183 1401 3235 abbatem
1447 3180 1586 3233 Liri-

58 3286 259 3334 nensem,
302 3284 351 3324 et
409 3270 761 3336 Theodorum,
813 3270 1096 3339 episcopum
1153 3270 1585 3339 Forojnliensem,

60 3362 135 3424 fuit
174 3363 482 3431 dijudicata.
532 3360 808 3412 Oraverunt
863 3358 1045 3411 Patres
1108 3361 1371 3425 prtrsulem
1422 3369 1474 3411 ut
1520 3360 1585 3411 ad

59 3451 312 3518 rt'cipienda
345 3451 760 3520 satisfactionum
804 3449 1022 3501 remedia
1046 3449 1329 3517 festinaret,
1358 3462 1403 3501 et
1444 3449 1583 3502 Fau-

59 3550 161 3588 stum
194 3540 420 3591 abbatem
441 3579 459 3604 ,
500 3539 697 3591 indulta
721 3541 881 3607 culpa:
904 3539 1047 3591 venia
1066 3577 1082 3603 ,
1117 3537 1168 3590 in
1197 3539 1409 3607 pristina
1438 3554 1581 3607 pace,

58 3637 140 3679 toto
168 3632 392 3682 caritatis
421 3629 609 3696 affectu
638 3631 910 3699 reciperet,
943 3638 991 3684 et
1029 3630 1095 3681 ad
1137 3631 1355 3682 insulam
1382 3646 1441 3681 ac
1469 3647 1585 3682 con-

60 3720 367 3783 gregationem
409 3720 547 3787 ipsi,
582 3718 684 3770 Deo
714 3720 1059 3785 dispensante,
1098 3720 1442 3782 commissam,
1472 3733 1585 3769 cum

60 3821 133 3857 sua
153 3809 306 3875 gratia
330 3818 378 3861 et
403 3810 619 3859 caritate
645 3810 930 3860 remitteret.
971 3809 1250 3875 Adfuerunt
1287 3808 1439 3873 igitur
1464 3822 1585 3857 con-

59 3896 152 3947 cilia
180 3895 459 3948 Arelatensi
490 3911 573 3956 tu,
620 3905 723 3945 tum
767 3894 1040 3959 Maximus,
1073 3905 1176 3946 tum
1213 3892 1453 3955 Faustus,
1498 3892 1586 3958 qui

60 3987 152 4048 jura
178 3982 547 4052 Forojuliensis
574 3984 792 4051 episc0pi
823 3999 1065 4050 usurpare
1088 3982 1379 4047 conabatur,
1404 3992 1450 4034 et
1473 3983 1583 4033 ideo

60 4089 81 4121 tl
102 4051 314 4125 societate
348 4051 746 4137 ipsi'rommissa
782 4081 1088 4138 segregatus.
1122 4070 1361 4122 Dubitant
1401 4071 1583 4123 eruditi

60 4175 135 4221 quo
172 4172 385 4227 tempore
413 4168 767 4227 congregatum
812 4160 962 4224 fuerit
1007 4160 1134 4212 illud
1162 4161 1458 4226 concilium;
1494 4162 1582 4213 sed

61 4246 179 4297 l‘ienn
200 4265 228 4300 o
272 4257 475 4301 tantum
520 4248 706 4300 distant
754 4246 953 4314 Binius,
984 4250 1069 4317 qui
1100 4267 1186 4303 an.
1211 4251 1333 4315 455,
1357 4262 1400 4304 et
1429 4252 1579 4321 Pagi,

60 4337 127 4399 qui
161 4354 288 4391 anno
326 4338 437 4391 435
476 4330 894 4407 habitumvfuisse
937 4342 1231 4409 conjiciunt.
1276 4343 1377 4395 Sed
1420 4345 1579 4410 potuit

1687 3167 1913 3233 Denique
1940 3186 2107 3221 verum
2134 3187 2231 3223 non
2256 3181 2327 3225 est
2374 3173 2618 3226 Lucidum
2653 3177 2934 3241 epistolam,
2971 3195 3083 3245 qute
3113 3196 3234 3248 pro-

1672 3256 1928 3319 truditur,
1950 3273 2200 3311 exarasse.
2226 3261 2529 3327 Argumenta
2551 3262 2764 3329 plurima
2788 3268 2951 3316 minus
2971 3267 3233 3331 probantia

1684 3347 1878 3398 silentio
1930 3350 2227 3413 premimus,
2278 3364 2341 3401 ne
2390 3350 2571 3401 librum
2620 3351 3067 3407 animadversionis
3122 3355 3232 3409 loco

1686 3436 2026 3500 conﬁciemus.
2774 3486 2775 3489 η

1762 3524 1891 3579 VII.
1924 3526 2031 3581 Nos
2064 3528 2107 3580 F
2108 3537 2304 3583 austum
2328 3516 2381 3583 ut
2418 3540 2565 3585 tanta:
2598 3534 2793 3601 fraudis
2829 3550 2969 3588 reum
2992 3528 3232 3592 damnare

1686 3633 1784 3669 non
1815 3634 2095 3681 possumus.
2140 3620 2223 3671 Vir
2248 3623 2513 3689 profunda:
2550 3623 2875 3687 calliditatis,
2903 3626 2962 3678 ab
3006 3623 3229 3690 Isidoro,

1684 3716 1731 3759 et
1767 3710 2027 3771 vulpecula
2053 3726 2084 3760 α
2112 3708 2331 3764 Baronio
2369 3714 2617 3781 appe'lari
2650 3715 2843 3782 potuit,
2872 3725 2919 3768 et
2953 3716 3231 3786 Semipela-

1683 3797 1981 3861 gianismum
2020 3814 2215 3849 summa
2264 3816 2374 3849 cum
2421 3799 2697 3855 calliditate
2741 3819 3080 3874 propugnare.
3126 3808 3231 3862 Sed

1683 3884 1802 3950 quid
1829 3899 1956 3947 opus
1995 3896 2099 3937 erat
2140 3887 2213 3938 illi
2252 3886 2532 3948 Lucidum.
2562 3892 2812 3952 privatum
2857 3893 3135 3957 hominem.
3166 3898 3229 3949 ab

1684 3990 1850 4025 errore
1871 3986 2172 4040 revocatum,
2192 3977 2243 4029 in
2260 3992 2458 4031 scenam
2478 3979 2731 4047 inducere,
2756 3992 2843 4034 aut
2864 3999 2988 4036 nova
3016 3987 3229 4038 concilia

1684 4065 1907 4133 ﬁngere?
1938 4067 1989 4117 1°
2014 4067 2242 4119 [labetur
2269 4072 2478 4137 cpistola
2514 4069 2719 4136 Fausti,
2750 4085 2796 4124 et
2826 4077 3087 4144 abnegatio
3118 4076 3226 4129 Lu-

1684 4154 1784 4204 cidi
1802 4194 1816 4216 ,
1849 4170 1936 4204 nec
1963 4154 2069 4205 ullo
2096 4167 2303 4224 possunt
2329 4167 2619 4226 argumento
2654 4162 2815 4228 rejici.
2863 4160 3228 4218 Probabiturne

1684 4243 1799 4295 talis
1840 4246 2126 4313 conjectura
2166 4245 2379 4313 simplici
2426 4246 2707 4313 suspicione
2745 4248 3077 4303 calliditatis?
3100 4252 3226 4317 Quis

1684 4339 1813 4388 enim
1839 4338 2006 4389 credat
2044 4338 2327 4405 episcopum
2367 4338 2763 4405 celeberrimum,
2784 4342 2895 4409 jmu
2935 4343 3073 4393 senio
3106 4359 3225 4410 pro-

59 4442 169 4478 anno
207 4430 429 4497 sequenti
475 4428 604 4479 diem
650 4444 793 4479 suum
840 4420 1039 4495 abiisse,
1072 4441 1117 4482 et
1159 4433 1355 4495 deinde,
1400 4434 1580 4495 elapsis
1610 4414 1659 4472 Ῑ)
1685 4436 1907 4488 vectum,
1951 4431 2076 4478 hanc
2116 4430 2343 4493 fraudem
2380 4429 2633 4479 incussum
2670 4430 2909 4495 ﬁnxisse?
2936 4431 2993 4483 2‘
3020 4432 3227 4498 Episco-

60 4516 217 4582 aliquot
254 4518 531 4579 mensibus,
564 4513 783 4569 Faustus
807 4521 913 4586 ejus
956 4519 1089 4571 obire
1130 4521 1277 4573 vices.
1324 4520 1580 4588 Quidquid

61 4606 134 4667 sit,
162 4617 377 4675 pugnant
429 4600 600 4660 omnes
632 4610 871 4661 adversus
902 4608 1206 4672 Baronium,
1228 4613 1323 4677 qui
1362 4630 1449 4665 nec
1492 4630 1584 4664 au-

61 4696 243 4749 diendus
266 4700 353 4751 ubi
382 4699 692 4765 Prosperum
718 4700 1019 4767 Aquitanum
1040 4741 1053 4763 ,
1084 4703 1169 4769 qui
1207 4698 1461 4770 nunquam
1487 4704 1581 4770 fuit

60 4786 311 4853 episcopus,
346 4788 599 4851 Maximi,
635 4786 883 4841 Faustum
912 4805 1023 4841 vero
1054 4789 1295 4858 Prosperi
1332 4808 1582 4844 successo-

62 4884 146 4922 rem
174 4873 307 4939 facit.
341 4873 449 4927 Per
489 4876 693 4943 triginta
725 4878 938 4943 quinque
966 4892 1125 4929 annos
1162 4888 1208 4931 et
1253 4882 1383 4931 ultra
1416 4881 1581 4933 sedem

62 4961 359 5027 episcopalem
391 4964 611 5016 tenuisse
642 4966 824 5034 conjici
861 4976 1055 5037 potest,
1080 4959 1187 5020 non
1221 4970 1367 5021 modo
1399 4986 1458 5021 ea
1498 4986 1581 5019 ra-

65 5047 172 5101 tione
197 5052 326 5117 quod
357 5052 665 5102 mirarentur
692 5068 858 5106 omnes
896 5054 1029 5121 quod
1059 5053 1279 5108 Faustus
1320 5070 1407 5106 nec
1445 5072 1581 5107 sene-

63 5148 188 5190 sceret
211 5157 297 5191 nec
322 5142 509 5201 obiret,
541 5140 624 5190 sed
649 5142 767 5207 quia
794 5141 1098 5207 Gennadius,
1122 5146 1207 5210 qui
1222 5146 1423 5211 scripsit
1448 5162 1578 5197 anno

66 5229 147 5281 δθο
176 5231 403 5283 virentem
448 5230 611 5281 adhuc
641 5228 891 5283 Faustum
931 5236 1201 5302 referebat,
1238 5255 1254 5287 ‹
1292 5236 1411 5287 νίιεα
1440 5252 1574 5299 voce,

67 5318 197 5383 inquit
220 5322 321 5382 ille,
352 5322 528 5372 doctor
564 5322 787 5387 egregius
818 5320 1039 5374 Faustus
1068 5326 1284 5376 creditur
1310 5336 1357 5377 et
1392 5329 1573 5394 proba-

69 5413 148 5457 lar.
173 5425 190 5458 ι
218 5405 279 5461 Et
304 5423 479 5462 revera
505 5407 571 5456 ad
596 5406 725 5457 hunc
753 5423 902 5475 usque
930 5412 1059 5461 diem
1092 5414 1241 5463 vitam
1272 5417 1577 5479 protrarisse

71 5504 199 5560 potet,
230 5502 344 5566 quia
374 5493 602 5549 conciliis
630 5496 901 5549 Arelatensi
930 5508 972 5550 et
1013 5498 1335 5568 Lugdunensi
1375 5505 1572 5570 adfuit,

71 5593 138 5633 sat
172 5590 335 5641 saltent
379 5600 554 5641 eorum
595 5585 766 5653 jussu,
818 5602 988 5640 eorum
1028 5602 1236 5641 canones
1283 5602 1327 5642 et
1379 5592 1522 5646 dcere
1548 5612 1575 5643 α

1686 4532 1862 4582 porum
1889 4515 2057 4582 sigilla
2084 4532 2180 4566 non
2212 4518 2409 4581 fuerunt
2436 4518 2649 4582 primum
2686 4520 2905 4584 epistola?
2931 4518 3109 4572 Fausti
3135 4540 3228 4588 up-

1685 4606 1873 4669 posita,
1924 4604 2059 4654 solus
2107 4604 2233 4653 enim
2274 4604 2594 4670 subscripsit;
2635 4606 2720 4655 sed
2763 4615 3031 4673 potuerunt
3070 4611 3132 4661 ab
3170 4631 3227 4665 eo

1684 4706 1901 4758 tempore
1936 4695 2169 4759 pra'sules
2210 4694 2371 4761 νοθαιί
2404 4708 2509 4743 eam
2542 4692 2849 4761 subsignare,
2878 4707 2931 4748 ut
2958 4706 3075 4750 tunc
3104 4710 3225 4752 tem-

1686 4786 1817 4848 poris
1842 4786 2021 4851 smptus
2050 4787 2235 4848 factum
2259 4791 2349 4833 est.
2382 4782 2494 4833 Hoc
2522 4800 2692 4836 verum
2718 4796 2789 4837 est
2807 4826 2820 4849 ,
2849 4802 3018 4841 omnes
3041 4792 3226 4857 cpisct»

1685 4891 1772 4939 pos
1808 4875 1891 4939 qui
1919 4873 1999 4923 hic
2028 4886 2365 4926 memorantur
2390 4892 2444 4927 ea
2484 4886 2627 4929 wtate
2650 4878 2844 4940 vixisse,
2881 4889 2925 4931 et
2949 4881 3105 4948 fuisse
3138 4900 3225 4936 no-

1682 4970 1919 5021 tissimos.
1954 4966 2164 5019 i’ariore
2198 4981 2404 5035 possunt
2442 4971 2643 5022 nemina
2675 4972 2723 5021 in
2750 4973 2901 5023 variis
2939 4975 3223 5038 codicibus;

1680 5062 1765 5110 sed
1804 5071 1847 5109 et
1896 5060 1986 5108 hoc
2029 5059 2147 5108 alibi
2187 5066 2370 5128 smptus
2411 5063 2566 5113 evenit
2612 5061 2805 5113 incuria
2844 5064 2921 5117 vel
2964 5060 3223 5117 oscitantia

1678 5148 2100 5216 npograpltorum.
2134 5148 2188 5199 5°
2217 5148 2385 5217 Major
2412 5150 2620 5201 occurrit
2650 5150 2913 5215 difﬁcultas
2945 5151 3077 5201 circa
3107 5150 3224 5205 bina

1679 5240 1886 5291 concilia
1920 5252 2032 5304 quae
2072 5239 2387 5301 indican‘ur;
2422 5238 2480 5289 ob
2519 5238 2767 5290 silentium
2806 5248 2907 5289 tum
2946 5236 3217 5297 (Iennadii.

1680 5341 1783 5378 tum
1824 5326 1974 5375 Aviti.
2024 5323 2125 5377 Sed
2169 5341 2254 5377 nec
2297 5326 2462 5377 onu.ia
2503 5334 2737 5375 notantur
2767 5326 2829 5374 ab
2870 5325 3137 5387 historicis,
3176 5338 3222 5379 et

1678 5428 1967 5486 argumenta
2009 5416 2321 5467 adversantia
2366 5429 2528 5466 causa!
2574 5429 2721 5475 quam
2760 5422 2810 5462 tu
2844 5411 2987 5463 batur
3024 5412 3218 5479 Avitus,

1679 5508 1833 5573 potuit
1880 5505 2024 5555 silere
2076 5506 2261 5572 pra’sul
2315 5502 2625 5567 Viennensis,
2656 5501 2791 5551 binos
2836 5500 3021 5551 scilicet
3063 5512 3218 5557 castus

1676 5613 1947 5666 paucorum
1981 5596 2361 5664 episcOporum.
2390 5612 2419 5646 a
2449 5593 2626 5662 quibus
2668 5590 2923 5645 vulnerata
2955 5593 3056 5647 luit
3094 5610 3218 5649 vert-
