3818 6226
557 197 660 251 735

1747 197 1802 249 S.
1839 195 2075 250 FAUSTI
2116 196 2501 252 llllEGlENSlS
3601 202 3680 256 78b

554 317 650 358 tas.
683 306 939 372 Quidquid
978 309 1068 371 sit,
1110 305 1314 359 habetur
1352 305 1557 373 epistola
1603 304 1784 358 Fausti
1818 308 1882 359 ad
1922 305 2086 360 Leon-
2115 313 2163 367 Α
2189 308 2384 372 bantur,
2416 309 2468 360 in
2497 275 3050 374 Setttipelagianistnum
3080 309 3404 377 propendere.
3449 308 3578 364 Unde
3601 330 3678 364 non

556 398 699 460 tium,
725 396 1022 449 Arelatensis
1045 395 1241 449 concilii
1266 395 1547 462 prasidem.
1576 394 1695 458 Quis
1720 395 1889 447 credat
1909 411 2085 447 ausum

556 484 709 551 fuisse
744 484 862 536 talia
891 484 1125 546 scribere,
1167 485 1352 536 vivente
1392 482 1630 535 Leontio?
1665 483 1932 553 viventibus
1975 484 2089 536 aliis

556 575 816 643 episcopis,
840 591 871 626 a
892 573 1066 643 quibus
1093 573 1263 638 fraudi
1293 583 1338 624 et
1366 572 1610 623 mendacii
1648 580 1767 623 nata
1806 580 1906 625 tam
1945 571 2092 638 facile

556 665 652 730 ipsi
689 666 926 734 patuisset
964 663 1132 716 inuri?
1162 662 1282 716 Hac
1313 673 1486 735 autem
1529 663 1759 731 leguntur
1785 663 1837 715 in
1880 665 2091 733 epistola

558 754 736 808 Fausti
755 756 819 807 ad
847 753 1105 807 Leontium
1128 753 1460 825 Arelatensem
1485 769 1505 806 :

632 862 651 895 ι
666 844 810 906 Quod
833 858 922 911 pro
937 841 1267 907 sollicitudine
1281 841 1544 910 pastorali,
1569 839 1704 892 beate
1721 840 1874 892 Pater
1888 839 2087 902 Leonti,

559 939 609 989 in
653 934 1029 1008 condemnanda
1079 921 1529 1005 pradestinationis
1574 945 1781 993 errore,
1829 931 2091 982 concilium

560 1005 866 1096 summarum
885 1005 1161 1075 antistitum
1179 1021 1533 1090 congregastis,
1554 1021 1794 1072 universis
1815 1018 2093 1072 Galliarum

561 1111 801 1181 episcopis
844 1111 1192 1172 consuluistis;
1238 1109 1372 1174 quod
1407 1124 1518 1160 vero
1558 1109 1625 1160 ad
1672 1109 1952 1160 ordinanda
1984 1124 2092 1175 qua

562 1205 828 1256 collatione
855 1203 1054 1271 publica
1072 1200 1363 1256 doctissime
1396 1199 1689 1268 protulistis,
1721 1215 1918 1268 aperam
1947 1199 2092 1266 inﬁr-

561 1297 654 1345 mis
675 1294 890 1345 humeris
911 1307 1179 1360 curamque
1199 1289 1484 1353 mandastis,
1510 1305 1688 1358 parum
1710 1300 1895 1342 sancta
1919 1290 2092 1342 existi-

564 1383 768 1436 mationi
795 1381 1138 1445 consuluistis,
1180 1389 1223 1432 et
1258 1376 1459 1446 judicio
1505 1378 1725 1431 caritatis
1749 1394 1834 1430 vos
1873 1377 2094 1446 periculo

563 1473 813 1526 electionis
839 1461 1151 1524 onerastis.)
1191 1468 1253 1521 Et
1283 1469 1359 1521 his
1386 1468 1543 1521 verbis
1570 1467 1783 1534 epistola
1809 1468 2058 1520 clauditur
2077 1481 2096 1520 .°

572 1579 589 1609 ι
623 1561 687 1614 In
719 1577 819 1629 qua
855 1561 1052 1629 quidem
1096 1555 1337 1623 opuscula
1358 1597 1374 1621 ,
1417 1565 1525 1626 post
1551 1557 1853 1609 Arelatensis
1896 1555 2096 1609 concilii

562 1649 995 1718 subscriptionem,
1045 1648 1181 1699 nouis
1228 1646 1476 1709 erroribus
1527 1643 1869 1712 deprehensis,
1925 1646 2094 1713 aliqua
2127 1643 2167 1702 Β
2194 1655 2300 1696 ctus
2315 1653 2406 1697 est.
2427 1642 2503 1695 De
2522 1643 2745 1694 libertate
2762 1640 3109 1694 vel-coactione
3126 1638 3219 1693 sibi
3238 1639 3470 1706 imposita
3479 1638 3687 1710 judicium
3778 1663 3779 1720 ί

2195 1734 2333 1786 nobis
2359 1736 2487 1800 ferre
2516 1748 2613 1784 non
2641 1733 2775 1783 licet.
2808 1729 2918 1782 Hoc
2944 1746 3099 1782 unum
3123 1729 3442 1797 conjicinsus,
3462 1728 3686 1798 dejeratio-
3778 1721 3779 1728 “

564 1739 739 1808 subjici
783 1736 1000 1804 synodus
1049 1735 1393 1803 Lugdunensis
1436 1733 1617 1801 exegit.
1667 1751 1684 1782 ι
1746 1731 1833 1785 Sic
1875 1731 2096 1784 Faustus

566 1826 795 1888 Leontio,
829 1827 938 1878 testi
966 1825 1181 1886 oculata,
1214 1822 1514 1874 Arelatensis
1553 1821 1752 1873 concilii
1780 1820 2012 1888 prasidi,
2052 1829 2098 1874 et

565 1913 911 1983 Lugdunensis
935 1912 1151 1962 conscio.
1198 1909 1399 1962 Nollem
1424 1926 1513 1978 ego
1539 1911 1630 1961 tali
1654 1909 1838 1977 scripta
1858 1909 2101 1977 denegare

567 2000 738 2066 fidem,
767 2013 854 2050 nec
890 1997 1150 2049 verisimile
1187 1997 1244 2062 [tt
1282 1996 1419 2048 hunc
1459 1998 1764 2066 episcOpum,
1796 2012 1854 2048 eo
1882 2005 2101 2065 tempore

566 2071 922 2155 philosophicis
967 2085 1172 2147 studiis,
1215 2092 1360 2138 atate
1401 2094 1448 2137 et
1485 2085 1742 2149 doctrina,
1791 2086 2101 2153 quantumvis

567 2190 791 2236 erronea,
821 2173 1209 2239 celeberrimum,
1239 2173 1494 2239 scripsisse
1519 2183 1657 2226 tanta
1681 2184 1794 2226 cum
1817 2173 2027 2242 ﬁducia,
2055 2181 2101 2226 et

567 2273 821 2316 coataneo
848 2263 941 2315 sibi
967 2261 1172 2315 Leontio
1199 2263 1413 2327 dixisse,
1449 2279 1468 2312 t
1498 2262 1644 2314 illum
1672 2262 1934 2314 concilium
1967 2277 2104 2313 sum-

569 2367 764 2403 morum
810 2351 1088 2402 antistitum
1131 2365 1451 2418 congregasse
1501 2357 1554 2401 ut
1604 2351 1926 2402 damnaretur
1968 2365 2105 2401 error

569 2436 1037 2505 pradestinationis.
1068 2453 1086 2484 ι
1132 2435 1259 2488 Hac
1293 2439 1421 2488 enim
1456 2437 1551 2503 {uit
1580 2438 1719 2505 origo
1745 2439 2101 2489 controversia-

571 2541 702 2591 rum,
733 2526 911 2593 quippe
945 2525 1030 2592 qui
1065 2524 1573 2592 pradestinationem,
1603 2529 1885 2590 quanquam
1913 2526 2101 2593 gratui-

573 2621 696 2676 tam,
722 2612 1055 2664 necessitatem
1090 2610 1371 2663 actionibus
1398 2622 1446 2664 et
1473 2613 1709 2664 humana
1738 2614 1978 2665 voluntati
2004 2615 2102 2664 im-

571 2717 754 2771 ponere
798 2701 1145 2754 contenderent
1190 2701 1603 2771 Semipelagiani.
1653 2701 1763 2756 Nec
1806 2705 1989 2756 mirum
2032 2712 2104 2756 est

572 2793 824 2860 episcopos
841 2789 1077 2846 Ecclesia
1091 2788 1368 2844 Gallicana
1386 2805 1495 2844 eam
1515 2791 1769 2859 amplexos
1787 2792 2101 2862 sententiam,

572 2896 721 2947 quam
749 2881 963 2949 plerique
988 2890 1189 2934 tuentur
1211 2882 1452 2934 hodierno
1475 2881 1574 2936 die.

2190 401 2370 449 mirum
2409 396 2602 449 videtur
2630 397 2843 449 concilia
2877 414 2979 450 non
3017 397 3242 465 equidem
3267 399 3578 466 acumenica,
3613 404 3680 454 sed
3778 396 3779 466 ξ

2193 485 2516 552 provincialia
2532 485 2768 537 Ecclesia
2783 485 3057 537 Gallicana
3076 485 3190 537 huic
3204 487 3362 539 errari
3379 490 3681 542 auctoritatem
3778 493 3779 552 γ

2192 576 2499 640 conciliasse,
2528 573 2881 642 Faustumgue,
2912 576 2998 642 qui
3034 585 3105 627 tot
3142 591 3302 629 annos
3339 577 3484 642 vixit,
3519 595 3573 632 ea
3604 597 3684 646 qua
3778 575 3779 640 Ῑ

2193 663 2407 731 pollebat
2432 663 2718 729 subtilitate,
2743 663 3070 716 conciliorum
3095 664 3294 717 decreta
3321 681 3423 719 non
3447 668 3583 720 modo
3599 669 3685 735 su{-
3778 669 3779 672 “

2192 754 2371 820 fragia,
2411 753 2497 806 sed
2531 760 2578 803 et
2613 753 2927 820 argumentis
2963 754 3066 806 suis
3094 757 3358 821 probasse,
3400 763 3452 810 ut
3489 765 3606 825 potet
3637 774 3684 810 es
3778 751 3779 754 “

2191 842 2396 910 epistola
2418 839 2484 894 ad
2505 839 2786 905 Leontium,
2812 856 2926 909 qua
2950 842 3122 910 negari
3150 858 3251 895 non
3279 852 3458 909 potest.
3488 845 3683 912 Quisqn's

2189 931 2492 998 synodorum
2518 933 2665 999 genio
2699 929 2990 994 indulserit,
3033 933 3165 983 hanc
3202 933 3460 987 veritatem
3484 933 3685 999 exemplis
3778 927 3779 940 ξ

2191 1021 2422 1088 plurimis
2467 1020 2762 1087 probaturus
2809 1028 2904 1072 est.
2953 1018 3011 1071 2⁸
3051 1019 3273 1072 Lucidus
3320 1023 3582 1089 presbyter.
3619 1025 3683 1088 qui

2192 1119 2356 1178 partes
2391 1109 2656 1178 Augustini
2681 1108 2932 1170 tuebatur,
2968 1109 3190 1160 maxima
3217 1111 3497 1178 suspicione
3514 1109 3682 1164 .labors-
3778 1105 3779 1108 “

2193 1201 2294 1263 bat,
2323 1211 2425 1251 tum
2449 1197 2584 1266 apud
2612 1194 2856 1248 Faustum
2885 1197 3344 1264 rersipellem,.tum
3367 1197 3502 1264 apud
3522 1207 3686 1251 caeteras

2193 1287 2269 1338 his
2296 1286 2520 1354 partibus
2546 1284 2791 1346 addictos,
2822 1291 2875 1335 ut
2900 1282 3013 1348 ﬁeri
3039 1284 3185 1335 solet.
3230 1281 3359 1337 Ideo
3397 1284 3564 1340 timore
3593 1298 3682 1352 per-

2193 1375 2379 1436 culsus,
2408 1382 2455 1426 et
2491 1372 2699 1440 cpistola
2725 1369 2906 1424 Fausti
2948 1373 3217 1438 impulsus,
3245 1372 3368 1425 dum
3394 1387 3526 1426 metu
3547 1373 3686 1425 territa

2193 1473 2463 1516 remaneret
2493 1461 2666 1524 dubia,
2707 1475 2860 1529 quam
2889 1469 3079 1528 partem
3105 1460 3505 1529 amplectc..:ur,
3531 1457 3687 1511 Fausto

2196 1554 2394 1621 obsequi
2423 1560 2467 1604 et
2495 1551 2918 1604 anathematismis
2955 1550 3051 1618 ipsi
3078 1550 3258 1602 ablatis
3281 1549 3576 1604 subscribere
3598 1564 3686 1600 coa-

2196 1839 2306 1876 nem
2346 1823 2425 1875 cui
2469 1821 2760 1888 subscripsit
2803 1819 3045 1883 Lucidus,
3091 1818 3274 1871 Fausti
3313 1835 3462 1872 manu
3496 1818 3690 1885 scriptam

2198 1913 2371 1981 fuisse,
2398 1921 2453 1964 ut
2479 1912 2587 1978 ﬁeri
2625 1912 2748 1962 solet
2788 1910 2850 1962 ab
2887 1909 2949 1961 iis
2975 1908 3060 1974 qui
3089 1907 3366 1972 triumphos
3390 1922 3530 1974 agere
3553 1905 3688 1958 solum
3778 1909 3779 1920 ‘

2197 2001 2433 2067 adversus
2467 2000 2582 2064 ﬁdei
2623 1999 2846 2065 pristina
2878 1996 3179 2064 defensores.
3228 1996 3284 2048 '5"
3316 1994 3602 2046 Hincmarus
3626 2008 3687 2043 er-

2198 2092 2342 2154 ravit,
2373 2090 2458 2158 qui
2482 2089 2586 2141 hac
2615 2087 2825 2161 concilia
2852 2101 2986 2136 anno
3009 2086 3105 2138 451
3137 2085 3402 2150 ascripsit;
3443 2083 3524 2134 sed
3552 2080 3688 2133 debent

2199 2179 2253 2230 in
2281 2176 2580 2244 posteriores
2606 2191 2762 2226 annos
2785 2174 2949 2243 rejici.
2980 2172 3110 2226 Sunt
3133 2173 3220 2240 qui
3242 2171 3310 2222 ad
3335 2187 3423 2223 an.
3445 2169 3564 2233 475;
3589 2167 3689 2236 Pagi
3778 2241 3779 2246 η

2194 2282 2314 2319 vero
2332 2266 2398 2317 ad
2421 2264 2524 2320 490
2544 2279 2733 2316 annum
2757 2262 3046 2332 assignavit.

2271 2354 2396 2406 Hac
2421 2363 2537 2405 sunt
2572 2353 2768 2416 nomina
2803 2356 3076 2420 prasulam
3110 2349 3197 2419 qui
3224 2348 3524 2412 subscribere
3545 2345 3691 2402 debue-
3778 2363 3779 2420 ᾖ

2201 2455 2350 2496 runt:
2378 2444 2609 2495 Leontius
2639 2442 2964 2504 Arelatensis,
3002 2443 3088 2492 sed
3123 2439 3214 2490 alii
3247 2439 3416 2506 legunt
3447 2434 3689 2492 Aurelius;

2203 2532 2445 2593 Faustus,
2493 2530 2717 2593 Paulus,
2763 2529 3069 2598 Eutropius,
3116 2526 3464 2596 Pragmatius,
3503 2522 3691 2577 Patiens.
3778 2543 3779 2550 η

2205 2622 2465 2690 blegetius.
2493 2620 2759 2685 Claudius,
2787 2618 3088 2680 Leucadius,
3108 2617 3369 2680 Julianus,
3391 2617 3635 2682 quiantues
3654 2625 3692 2660 se

2204 2711 2450 2779 relegisse
2479 2710 2674 2777 dicunt,
2702 2717 2904 2775 excepto
2933 2705 3203 2774 Eufranio,
3230 2707 3315 2773 qui
3338 2703 3513 2756 addit:
3543 2701 3602 2754 Et
3619 2698 3690 2751 κι-

2203 2799 2422 2852 miratus
2464 2810 2578 2849 sum
2628 2794 2999 2863 plenitudinem
3046 2804 3300 2848 sanctam.
3359 2791 3565 2843 Lucidus
3605 2800 3693 2841 sero

2203 2896 2439 2956 tanquam
2460 2885 2727 2954 abuegator
2744 2883 3064 2952 subsignavit.
3094 2881 3376 2950 Subjicitur
3394 2894 3505 2932 mos:
3519 2876 3691 2948 epistola

649 2969 812 3023 VIII.
853 2971 1109 3025 Hactenus
1134 2975 1193 3025 de
1215 2974 1438 3026 conciliis
1460 2973 1643 3026 habitis
1669 2973 1786 3026 dum
1814 2989 2102 3043 nanagena-
2126 2967 2170 3029 C
2205 2975 2386 3028 Fausti
2430 2975 2498 3026 ad
2539 2973 2786 3025 Lucidum
2805 3010 2822 3036 ,
2865 2988 3014 3040 quam
3051 2971 3286 3035 omiserat
3326 2967 3546 3021 Canisius
3579 2973 3620 3018 st
3649 2978 3694 3014 es

575 3061 703 3113 rIum
715 3069 874 3128 ageret
888 3077 1074 3114 annum
1088 3061 1325 3116 Faustus.
1340 3063 1389 3116 Ν
1394 3079 1488 3114 unc
1500 3065 1560 3115 de
1574 3063 1785 3129 Lucida,
1799 3080 1941 3132 quem
1953 3065 2105 3131 ﬁdem

575 3148 841 3213 pristinam
865 3149 1128 3214 obnegasse
1150 3151 1448 3202 contendunt
1473 3149 1693 3218 plurimi,
1719 3160 1894 3218 negant
1923 3152 2030 3204 alii.

647 3233 770 3284 Hac
799 3234 937 3287 nobis
963 3237 1249 3288 verisimilia
1283 3241 1455 3289 saltem
1481 3239 1710 3289 videntur
1735 3254 1752 3289 :
1791 3237 1842 3288 1⁸³
1871 3240 2013 3292 Tunc
2053 3242 2103 3292 in

575 3321 843 3387 Aquitania
867 3325 1101 3388 prasules
1134 3326 1216 3390 qui
1245 3340 1272 3376 e
1307 3326 1603 3378 monasterio
1644 3327 1892 3379 Lirinensi
1929 3330 2093 3381 elicie-

2210 3064 2482 3117 Sirmundo
2518 3063 2773 3130 reponitur
2811 3059 2951 3129 (Vid.
2975 3112 2980 3117 _
3003 3060 3133 3112 inira
3158 3058 3262 3112 Cui.
3309 3057 3452 3124 8'57),
3479 3064 3531 3106 ut
3571 3059 3694 3106 ιοιω

2207 3155 2277 3206 rei
2323 3154 2494 3205 seriem
2529 3151 2801 3220 percipiant
2842 3152 3065 3211 legeres.
3115 3147 3217 3201 Sed
3262 3143 3525 3198 admonitio
3547 3136 3693 3192 Fausti

2210 3244 2288 3292 hic
2310 3241 2655 3309 pramittenda
2688 3239 2854 3308 (Illam
2885 3253 2980 3292 nos
3009 3240 3147 3291 inter
3175 3247 3443 3290 sermones
3479 3229 3696 3285 edidimus

2199 3330 2330 3384 infra
2359 3330 2460 3380 Cui.
2485 3326 2631 3394 887).

644 3435 858 3504 (Confer
881 3439 925 3490 si
949 3439 1315 3507 placet,caput
1341 3440 1374 3493 8
1403 3439 1642 3492 Historia
1669 3441 2136 3509 pradestinatiana,
2171 3441 2472 3508 l’atrologizn
2499 3450 2688 3494 nostra
2716 3449 2840 3493 tum.
2864 3438 2990 3500 Llll,
3017 3437 3118 3489 col.
3142 3436 3294 3501 685.)

572 3566 2137 3598 ὴ*

2142 3567 3680 3599 ῃ

577 3595 675 3598 -7,
946 3595 1436 3598 γῖῖψκγκην
1768 3595 2719 3599 7,v‘_____-
2832 3595 2863 3596 η

1470 3715 2113 3827 SANGTI
2185 3716 2840 3827 FAUSTI

585 3917 819 4039 DE
881 3914 1529 4040 GRATIA
1577 3921 1870 4038 DEI
1937 3921 2151 4041 ET
2210 3919 2863 4043 LIBERO
2912 3906 3689 4044 ARBITBIO

1982 4115 2153 4167 LIBRI
2197 4116 2349 4168 DUO.

1818 4254 2504 4282 *Ἥ

1566 4368 2030 4471 LIBER
2108 4370 2742 4476 PRIMUS.

1080 4539 1297 4594 CAPUT
1335 4540 1612 4595 PRIMUM.

588 4634 729 4695 Quod
758 4629 947 4695 Peli/gii
977 4645 1145 4679 sensus
1166 4629 1248 4690 qui
1271 4630 1479 4698 gratiam
1509 4631 1698 4698 negarit
1721 4632 1877 4698 prima
1903 4633 2010 4685 loco
2030 4649 2109 4684 ne-

1121 4711 1247 4745 cesse
1268 4697 1329 4745 sit
1361 4698 1559 4746 destrui.

657 4810 727 4862 De
757 4807 918 4875 gratia
972 4805 1060 4856 Dei
1100 4811 1152 4855 ct
1194 4803 1439 4854 leuitate
1468 4804 1613 4856 liberi
1653 4808 1872 4873 arbitrii,
1922 4810 2110 4864 illumi-

583 4909 741 4953 nante
770 4907 949 4948 sancto
979 4895 1194 4960 Spiritu,
1246 4892 1388 4957 juxta
1432 4895 1757 4958 evangelicas
1786 4899 2103 4965 disciplinas,

584 4998 635 5040 ut
660 4987 970 5053 apostolicos
998 4980 1203 5048 regulas
1227 4981 1511 5042 tractaturi,
1564 4982 1728 5045 primo
1775 4984 1888 5035 loco
1917 4986 2108 5052 Pelagii

589 5076 954 5142 liluSphemias,
998 5071 1193 5122 scilicet
1228 5067 1529 5133 jamdudum
1562 5067 1806 5120 Ecclesia
1844 5071 2110 5124 catholica:

587 5166 687 5217 lida
717 5164 965 5232 proditas,
1000 5156 1291 5212 eruditione
1320 5157 1579 5217 confusas,
1614 5158 1918 5209 auctoritate
1945 5159 2110 5212 calca~

591 5266 684 5312 tas,
717 5253 853 5304 brevi
877 5259 927 5301 et
953 5249 1245 5300 necessario
1268 5259 1507 5294 sermone
1538 5245 1972 5311 pt'arstringendas
1995 5261 2109 5299 esse

590 5344 921 5394 credidimus.
952 5343 1052 5394 Pro
1082 5354 1144 5391 eo
1172 5336 1307 5404 quod
1336 5338 1468 5388 inter
1499 5337 1722 5400 reliquas
1753 5337 2004 5402 dogmatis
2032 5338 2108 5388 sui

592 5429 1015 5492 abominationes,
1057 5427 1212 5480 etiam
1251 5426 1474 5477 laborem
1504 5423 1727 5476 luminis
1757 5426 1926 5478 valere
1961 5440 2107 5493 posse

2137 4549 2187 4606 D
2211 4547 2323 4600 sine
2349 4549 2534 4616 gratia,
2556 4550 2781 4603 elatione
2799 4549 3082 4605 damnabili
3109 4553 3369 4611 allirmare
3393 4561 3600 4608 Consus
3617 4559 3695 4604 αι.

2217 4635 2280 4687 Et
2308 4635 2422 4689 ideo
2445 4635 2668 4690 nefarios
2711 4651 2898 4691 sensus
2922 4652 3047 4692 suos
3073 4639 3171 4692 evel
3213 4655 3278 4693 ex
3325 4651 3470 4707 parte
3492 4641 3640 4709 aliqua
3657 4635 3698 4692 in

2213 4724 2437 4776 medium
2486 4725 2718 4791 proferre
2764 4727 3082 4793 curabimus,
3129 4738 3184 4780 ut
3227 4729 3479 4787 sollicitus
3521 4727 3698 4795 quisque

2212 4823 2512 4881 cognoscat,
2541 4815 2701 4865 multo
2730 4813 2866 4865 aliud
2895 4829 3012 4866 esse
3052 4815 3268 4878 salutari
3302 4816 3483 4885 gratia:
3510 4813 3696 4872 omium

2213 4901 2404 4953 laboris
2448 4901 2747 4967 adiungere,
2795 4901 2930 4965 aliud
2961 4916 3084 4954 vero
3115 4903 3308 4956 nudum
3336 4905 3529 4972 absque
3557 4897 3698 4972 pim-

2213 4990 2349 5060 cinio
2365 4991 2539 5056 gratia:
2553 4989 2780 5054 laborent
2808 4992 3099 5054 temeritate
3111 5005 3210 5043 una
3231 5006 3486 5046 asserere.
3500 4991 3585 5046 llic
3600 4999 3697 5053 orso

2212 5078 2330 5129 dum
2358 5080 2512 5130 altius
2539 5078 2814 5132 humanam
2863 5079 3213 5146 fragilitatem,
3263 5080 3532 5144 immemor
3567 5071 3696 5136 divili

2216 5165 2433 5229 timoris,
2481 5167 2701 5232 extollit,
2745 5165 2923 5233 iudicii
2972 5169 3048 5222 sui
3093 5167 3323 5236 perdidit
3342 5161 3696 5229 sanitatem!“

2213 5268 2277 5304 ex
2305 5265 2450 5318 parte
2483 5254 2579 5307 alia
2607 5257 2815 5322 cecidit,
2864 5259 2985 5310 dum
3025 5259 3229 5312 arbitrii
3275 5259 3562 5318 libertatem
3595 5253 3698 5306 im‘

2211 5355 2356 5405 grain
2386 5341 2628 5405 praedicat
2655 5351 2706 5394 et
2735 5344 2971 5406 illmsatn,
3021 5346 3154 5398 sicut
3181 5346 3254 5398 illi
3283 5348 3373 5414 qui
3399 5359 3512 5400 eam
3532 5355 3588 5394 ex
3611 5342 3696 5387 ιυιο

2215 5435 2452 5478 asserunt
2486 5429 2641 5481 fuisse
2668 5441 2989 5486 cvacuatatn.
3035 5433 3142 5486 Huc
3187 5435 3362 5500 itaque
3398 5431 3513 5485 loco
