3818 6226
101 394 178 448 785
1147 389 1229 442 DE
1264 389 1515 444 GRA'I'lA
1554 389 1693 454 DEI,
1736 389 1904 454 ETC.,
1944 389 2067 442 LIB.
2111 391 2147 441 Ι.

3129 395 3230 446 τεο

101 503 206 549 inter
239 505 291 548 se
316 494 660 548 colluctantur
702 507 933 558 errores,
982 507 1201 560 quorum
1246 508 1379 547 unus
1418 494 1580 548 solam
1612 496 1667 555 Α
1695 496 1823 559 Quia
1849 498 1954 550 sine
1979 513 2056 551 me
2081 495 2204 550 nihil
2228 499 2430 565 potestis
2451 497 2615 566 facere
2642 500 2814 569 (Joan.
2836 498 2959 568 xv)?
2985 498 3064 551 Ad
3081 499 3231 567 cujus

98 585 298 653 επιιὶιιιι,
342 583 475 636 alter
503 585 669 636 solum
700 583 954 648 laborem,
983 584 1166 637 relicto
1192 584 1401 637 tramite
1439 593 1594 652 atque

101 682 303 727 tneusura
331 675 594 736 veritatis,
620 674 873 726 insinuat.
902 672 1173 727 Sectarum
1205 687 1394 739 genere
1422 673 1596 740 diSpa-

96 778 180 830 res,
223 764 309 817 sed
338 763 606 828 impietate
633 763 956 816 consimiles.
998 761 1221 816 Diverso
1243 763 1449 830 quidem
1479 771 1593 816 stu-

96 853 180 919 dio,
217 850 301 904 sed
335 850 518 916 spiritu
548 849 700 902 unius
727 850 986 918 serpentis
1030 851 1320 904 insibilnnt.
1365 851 1594 916 Quorum

95 953 224 1002 unus,
247 938 307 992 id
325 949 424 1005 est,
456 937 614 993 solius
642 939 1178 1008 gratia'praadieator,
1201 940 1595 1008 prima‘quidem

92 1033 236 1086 fronte
257 1039 511 1086 venenum
550 1045 699 1084 suum
731 1031 832 1086 sub
872 1033 1047 1101 specie
1092 1034 1298 1101 pietatis
1340 1032 1594 1095 occultat;

93 1122 223 1186 alter,
265 1120 317 1174 id
359 1129 445 1174 est
490 1121 682 1174 laboris
719 1129 972 1187 assertor,
1021 1121 1258 1189 protinus
1300 1131 1596 1175 exstantem

94 1216 323 1262 tumorem
350 1210 586 1277 improba
614 1210 841 1264 elatione
867 1207 1185 1265 manifedtat.
1234 1211 1354 1264 Haec
1399 1211 1600 1281 profes-

92 1297 174 1359 sio,
204 1297 508 1351 insinuando
533 1299 703 1352 selum
733 1300 965 1353 laborem
1003 1301 1116 1369 ipso
1158 1301 1236 1354 sui
1276 1301 1425 1354 titulo
1453 1301 1598 1355 dele-

91 1384 251 1438 standa'
272 1403 286 1438 :
308 1385 393 1438 illa
423 1385 586 1454 magis
611 1389 707 1440 sub
734 1387 978 1454 religioso
995 1388 1173 1441 colore
1201 1389 1475 1440 metuenda
1497 1399 1594 1440 est.

91 1473 193 1527 llaec
211 1474 538 1543 sacrilegium
567 1491 718 1528 suum
747 1477 872 1544 ipsis
901 1476 1010 1530 suis
1035 1477 1248 1529 auribus
1277 1475 1470 1542 prodit,
1513 1475 1596 1528 illa

93 1561 211 1614 virus
243 1561 392 1614 suum
423 1563 542 1614 imis
569 1561 878 1627 visceribus,
925 1577 1058 1629 pene
1093 1569 1369 1630 antequam
1400 1563 1595 1616 sentia-

90 1658 174 1710 tur,
202 1649 436 1702 infundit.
465 1649 604 1702 Duos
626 1657 902 1716 angustum
923 1651 1168 1703 obsidere
1195 1651 1381 1702 fretum
1411 1664 1598 1716 scopu-

97 1735 159 1787 los
182 1745 342 1804 potes,
365 1751 588 1803 quorum
607 1751 739 1790 unus
754 1738 1160 1807 subdeprimitur
1182 1739 1234 1792 in
1264 1739 1594 1807 profundum,

91 1828 201 1879 alter
225 1830 451 1880 minatur
475 1829 527 1881 in
553 1829 766 1883 caelum.
819 1830 958 1883 Unus
993 1829 1212 1884 infestus
1242 1831 1598 1897 navigantibus

87 1917 321 1980 cernitur,
349 1918 483 1970 alter
511 1930 649 1970 czeca
680 1917 941 1986 naufragia
983 1918 1292 1986 improvisus
1332 1930 1596 1985 operatur.

88 2003 162 2057 Ille
184 2005 395 2072 gratiam
424 2007 668 2074 loquitur.
698 2005 785 2060 hic
808 2007 1064 2061 laborem.
1085 2005 1371 2072 Utrumque
1393 2007 1597 2074 eloquia

90 2094 238 2146 divina
261 2095 596 2149 conﬁrmant.
627 2095 682 2150 Si
713 2095 1025 2150 dissidentes
1052 2109 1344 2162 removeas,
1374 2104 1427 2148 et
1462 2095 1597 2148 dicta

89 2184 348 2253 coniungas
378 2185 528 2254 plena
574 2185 693 2239 fidei
723 2185 995 2239 sinceritas
1021 2184 1314 2252 apparebit.
1353 2182 1455 2238 Sed
1477 2187 1598 2251 quia

88 2273 209 2328 velut
247 2275 510 2331 temerarii
555 2277 793 2343 remiges”
822 2274 933 2329 sine
988 2274 1238 2342 magistro
1275 2273 1598 2342 inexplorato

90 2365 196 2414 mari
241 2363 357 2418 vela
399 2365 761 2436 committunt,
806 2379 867 2418 ac
906 2373 1201 2432 temperare
1245 2364 1598 2418 moderamina

89 2453 323 2520 nescium,
367 2462 426 2508 et
461 2454 815 2522 gubernacula
855 2463 1080 2508 tractare
1125 2467 1226 2506 non
1258 2462 1467 2515 norunt,
1516 2454 1599 2507 hic

91 2547 310 2608 tanquam
349 2540 404 2594 in
429 2543 618 2610 Scyllae
645 2543 781 2596 male
823 2543 1064 2595 dextrum
1096 2541 1261 2596 fertur
1286 2542 1595 2609 periculum,

89 2630 161 2681 ille
183 2630 230 2684 in
257 2629 445 2685 laevum
479 2631 772 2702 Charybdis
816 2631 984 2685 tendit
1024 2631 1321 2699 abruptum.
1367 2632 1432 2684 Et
1475 2631 1598 2698 quid

89 2719 318 2776 eosinter
343 2720 456 2775 haec
483 2719 658 2775 facere
705 2729 961 2788 oporteat,
1007 2721 1051 2774 si
1091 2721 1355 2788 requiras;
1387 2721 1600 2788 proviso

88 2809 410 2872 gubernatore
434 2811 605 2864 navim
622 2810 868 2865 fluctibus
881 2809 1117 2873 credant,
1135 2809 1363 2864 medium
1388 2817 1599 2864 teneant

88 2907 294 2965 cursum,
315 2906 369 2952 et
391 2899 550 2952 ambo
567 2899 690 2952 ﬂatu
705 2897 892 2954 dextro
914 2899 1264 2967 perducentur
1283 2898 1348 2952 ad
1370 2909 1595 2966 portum.

93 2984 344 3042 Videamus
367 2988 453 3042 cui
474 2988 724 3056 impietati
743 2989 1014 3056 geminum
1041 2989 1178 3040 hunc
1204 3001 1436 3041 errorem
1462 2987 1597 3040 assi-

90 3073 247 3128 milare
270 3076 350 3130 vel
375 3076 616 3144 conferre
639 3076 917 3142 possimus.
963 3077 1080 3129 Pari
1122 3076 1278 3128 modo
1321 3075 1372 3128 in
1400 3084 1595 3142 petram

91 3155 610 3228 tmttdliioﬂelldunl,
654 3162 736 3214 vel
779 3163 854 3214 illi
902 3162 988 3228 qui
1031 3160 1292 3214 Christum
1323 3161 1596 3213 Dominum

90 3247 445 3315 solum'Deum,
496 3251 577 3303 vel
627 3252 698 3304 illi
739 3252 826 3320 qui
875 3251 1045 3303 solum
1082 3250 1363 3312 hominem,
1409 3249 1596 3303 amissa

90 3339 393 3394 discretionis
413 3341 548 3405 luce,
568 3354 804 3394 asserere
826 3347 1284 3407 praesumpserunt.
1305 3337 1441 3392 Peoe
1464 3347 1600 3391 utra-

90 3442 172 3490 que
211 3430 481 3494 nimietas,
532 3429 656 3482 dum
703 3428 1070 3482 discretionem
1121 3437 1274 3494 atque
1318 3425 1596 3478 discrimen

92 3523 246 3570 tenere
270 3519 460 3582 nescit,
509 3516 706 3586 aequale
741 3518 937 3570 crimen
984 3517 1216 3568 incurrit.
1263 3513 1483 3568 Proinde
1510 3514 1597 3583 qui

91 3600 323 3659 Christum
348 3607 526 3660 solum
552 3605 824 3659 hemlnem'
865 3605 1075 3670 dixerit,
1121 3603 1329 3671 negavit
1373 3602 1599 3656 auctoris

93 3693 376 3755 potentiam;
408 3693 498 3761 qui
529 3695 695 3746 solum
727 3694 910 3758 Deum,
940 3692 1162 3760 perdidit
1191 3687 1610 3761 misericordiam.

92 3771 551 3848 lledcm‘ptur'is.’Ae
582 3783 674 3839 sic.
709 3783 796 3848 qui
828 3791 979 3833 unam
1007 3781 1058 3832 in
1095 3781 1312 3830 Domino
1336 3777 1596 3830 salvatore

91 3867 773 3928 substantiamconfitentur;
805 3869 856 3919 in
894 3867 1027 3918 hanc
1052 3866 1471 3930 constringentur
1501 3879 1592 3915 ne-

92 3958 377 4020 cessitatem,
410 3959 582 4008 ut'aut
605 3959 771 4007 solum
801 3954 1066 4019 hominem
1095 3954 1226 4004 coelo
1254 3952 1471 4016 lapsum,
1507 3958 1594 4001 aut

91 4043 433 4097 solum‘Deum
463 4049 713 4109 cogantur
754 4041 932 4096 dicere
977 4039 1300 4091 crucifixum.
1350 4038 1450 4090 Sed
1489 4052 1591 4090 nun

91 4132 143 4183 ita
163 4143 248 4186 est.
297 4127 520 4186 mortem
567 4129 706 4184 enim
743 4143 841 4182 nec
886 4129 1029 4181 solus
1066 4128 1201 4181 Deus
1238 4128 1452 4190 sentire,
1499 4141 1595 4180 nec

89 4223 206 4273 so'us
232 4221 386 4274 homo
412 4234 664 4287 superare
695 4218 965 4285 potuisset.
997 4217 1063 4270 Et
1087 4217 1202 4270 ideo
1232 4230 1345 4270 eam
1383 4231 1475 4283 pro
1499 4231 1592 4284 ge-

90 4312 202 4363 mina
221 4311 424 4364 ratiOue
451 4307 776 4368 substantiae,
798 4307 952 4359 homo
973 4308 1199 4372 suscepit
1224 4314 1275 4358 et
1294 4306 1426 4359 Deus
1449 4307 1591 4358 vicit.

89 4395 130 4448 Si
151 4413 262 4467 ergo
300 4399 538 4477 partibus
573 4398 916 4465 proprietates
956 4411 1076 4451 suas
1109 4396 1323 4477 reddas,
1369 4405 1421 4449 et
1446 4395 1594 4448 Chri-

88 4496 200 4541 stum
217 4489 382 4544 Deum
412 4470 566 4540 simul
592 4495 747 4553 atque
787 4486 1050 4540 hominem
1077 4462 1262 4538 creda's
1288 4496 1341 4538 et
1367 4500 1590 4547 asseras,
1617 4462 1668 4520 Ῐ)

90 4576 271 4636 perinde
295 4583 379 4632 est
402 4590 466 4629 ac
501 4575 544 4628 si
573 4576 787 4643 gratiam
826 4591 944 4629 cum
981 4575 1156 4627 labore
1193 4576 1496 4641 conjungas,
1541 4585 1590 4626 et

89 4665 140 4714 ab
159 4665 410 4735 adiutorio
436 4666 527 4719 Dei
556 4678 797 4718 conatum
839 4657 1068 4718 hominis
1101 4679 1202 4716 non
1238 4663 1479 4730 repellas.
1518 4663 1590 4716 Ita

91 4757 253 4819 limen,
278 4753 648 4809 ut'adnitentis
678 4754 964 4818 devotioni,
1000 4751 1468 4819 elationis‘eulpam
1498 4758 1588 4819 pe-

92 4839 201 4893 nil
219 4841 324 4895 non
366 4842 679 4895 admisceas.
729 4842 858 4907 Quia
886 4853 1133 4908 quantum
1176 4839 1471 4892 detrimenti
1514 4849 1592 4892 est

92 4938 172 4978 non
193 4927 449 4993 laborare,
483 4937 682 4997 tantum
715 4929 925 4996 periculi
954 4929 1018 4983 de
1049 4917 1224 4981 Iabere
1255 4945 1588 4996 praesumere.

94 5011 201 5068 Dicit
233 5030 357 5085 ergo
386 5016 647 5084 Pelagius,
693 5003 831 5084 quod
877 5019 940 5070 ad
989 5018 1322 5070 obtinendam
1370 5020 1590 5073 salutem

93 5106 502 5160 natura'bominis
545 5107 642 5159 sibi
687 5109 799 5160 sola
846 5108 1085 5161 sufficiat.
1133 5108 1204 5160 lta
1253 5109 1334 5161 hie
1383 5111 1593 5176 peStifer

93 5185 244 5246 doctor
263 5193 514 5256 afﬁrmat,
544 5193 693 5261 quasi
728 5195 896 5247 adhuc
932 5197 1126 5250 factura
1151 5199 1462 5251 conditionis
1492 5215 1584 5251 no-

95 5282 190 5334 suo
226 5282 275 5336 in
307 5291 452 5336 statu
487 5295 585 5334 suo
628 5281 818 5333 illibata
863 5294 1182 5348 permaneat.
1234 5285 1342 5352 Ego
1370 5287 1593 5339 arbitror

95 5370 202 5434 quod
228 5371 442 5427 libertas
463 5370 663 5423 arbitrii
691 5371 786 5423 sibi
817 5373 925 5424 sola
949 5373 1188 5428 sufﬁcere
1209 5377 1320 5427 sine
1346 5376 1592 5442 prmsidio

95 5461 242 5521 gratia:
264 5475 368 5515 non
398 5447 642 5528 potuerit,
687 5459 842 5510 etiam
870 5468 1145 5527 antequam
1184 5463 1506 5530 privilegium
1531 5465 1592 5516 il-

97 5549 172 5604 lius
195 5550 532 5624 transgressio
562 5553 800 5606 violaret.
820 5555 1090 5616 Quomodo
1118 5572 1240 5610 vero
1267 5573 1401 5611 nunc
1422 5565 1592 5625 potest

96 5638 170 5695 sibi
207 5646 306 5701 sola
356 5643 630 5709 sufﬁcere,
678 5642 740 5696 ad
783 5643 931 5710 cujus
960 5648 1316 5711 arrogantiam
1356 5649 1581 5702 dicitur:

1695 585 2152 650 prtesumptionent
2177 586 2380 638 divinus
2409 599 2581 640 sermo
2606 587 2845 653 dirigitur
2873 604 2885 638 :
2914 586 3028 639 Nisi
3053 587 3225 640 Domi~

1694 689 1784 726 nus
1821 673 2136 739 ardiﬁcaverit
2177 675 2397 738 domum,
2443 677 2497 727 in
2535 692 2712 727 vanum
2759 677 3105 728 laboraverunt
3142 676 3229 741 qui

1693 763 1937 830 mitiﬁcant
1967 780 2074 816 eam
2097 763 2266 834 (Ρωι.
2293 764 2501 832 cxxvt)?
2527 765 2672 831 Quod
2693 766 2866 833 utique
2880 766 3092 818 elationi
3114 765 3229 819 sine

1692 853 1858 919 gratia
1886 855 2138 920 perficere
2159 853 2463 922 denegatur,
2489 855 2764 907 humilitati
2790 869 2914 908 vero
2928 870 3044 908 cum
3063 856 3228 922 gratia

1696 940 1913 1007 implere
1970 940 2292 996 conceditur.
2365 941 2702 1010 Prosequitur
2766 943 2938 997 adhuc
2989 944 3226 1012 Pelagius

1696 1027 1856 1080 Adam
1881 1029 2150 1084 mortalem
2178 1029 2391 1095 faelum,
2420 1032 2506 1098 qui
2528 1031 2638 1084 sive
2666 1041 2948 1099 peccasset.
2983 1034 3092 1086 sive
3122 1048 3224 1086 uott

1699 1125 1983 1180 peccasset,
2014 1126 2155 1170 esset
2183 1119 2486 1172 moriturus.
2515 1118 2618 1172 Sed
2639 1133 2759 1172 cum
2781 1119 3222 1186 dicitApastolus,

1700 1204 1990 1274 Propterea,
2023 1207 2206 1275 inquit,
2255 1210 2379 1261 sicut
2419 1223 2506 1276 per
2539 1225 2693 1262 unum
2735 1210 2977 1262 hominem
3005 1212 3056 1262 in
3093 1209 3228 1260 hunc

1696 1296 1936 1348 mundum
1957 1306 2210 1362 peccatum
2231 1299 2454 1363 intrauit,
2468 1307 2513 1351 et
2536 1316 2620 1368 per
2640 1309 2892 1368 peccatum
2912 1299 3226 1368 mors(Rom.

1697 1384 1769 1451 ν),
1789 1384 2034 1451 intelligis
2059 1386 2175 1452 quia
2203 1387 2246 1438 si
2265 1398 2531 1452 peccatum
2558 1403 2659 1440 non
2689 1390 3060 1456 praecessisset,
3082 1403 3226 1442 mors

1698 1481 1874 1524 secuta
1902 1487 2004 1524 non
2025 1480 2184 1533 esset.
2203 1483 2255 1526 et
2278 1473 2464 1526 donata
2491 1476 2857 1529 immortalitas
2878 1477 3225 1544 perdurasset,

1696 1575 1850 1627 quam
1883 1560 2061 1628 utique
2087 1561 2419 1616 manifestum
2440 1572 2521 1616 est
2548 1564 2643 1616 sub
2671 1566 2934 1632 proposita
2963 1567 3073 1632 lege
3099 1580 3227 1632 prm-

1696 1648 1895 1713 stitam,
1927 1657 1978 1701 et
2005 1664 2121 1704 cum
2151 1650 2449 1704 conditione
2485 1651 2746 1717 collatam,
2771 1661 2827 1704 ut
2851 1653 2893 1704 si
2921 1669 3023 1706 non
3057 1667 3227 1706 reces-

1698 1736 1855 1790 sisset
1877 1736 2133 1804 superbus
2173 1739 2238 1791 ab
2265 1736 2576 1803 obedientia,
2627 1748 2958 1808 permaneret
2999 1750 3229 1794 aeternus

1626 1812 1673 1870 Β
1702 1826 1751 1878 in
1785 1825 1971 1893 gloria.
2016 1826 2143 1879 Nam
2175 1841 2294 1880 cum
2337 1825 2668 1882 interdictum
2717 1829 2927 1882 sceleste
2971 1828 3229 1882 sanxisset

1700 1916 1879 1970 dicens
1902 1933 1914 1966 :
1943 1914 2006 1968 In
2032 1932 2322 1985 quacunque
2348 1919 2428 1970 die
2441 1919 2745 1970 comederitis
2771 1921 2830 1969 de
2858 1920 2991 1987 ligno
3011 1920 3228 1992 scientia:

1699 2006 1815 2057 boni
1837 2015 1882 2057 et
1909 2006 2050 2070 mali,
2073 2016 2226 2059 morte
2253 2007 2531 2060 moriemini
2557 2005 2702 2077 (Gen.
2727 2007 2811 2076 ιι),
2840 2007 3018 2075 inclyti
3047 2016 3228 2072 gustus

1701 2095 1834 2147 male
1862 2108 2012 2146 suasa
2043 2096 2378 2163 praesumptio
2405 2096 2538 2150 facta
2567 2107 2648 2151 est
2674 2112 2736 2151 ex
2765 2098 3016 2151 accidenti
3047 2099 3228 2151 mortis

1699 2184 1923 2238 occasio.
1959 2184 2142 2249 Morte,
2173 2188 2356 2252 inquit,
2402 2189 2645 2240 morieris.
2690 2190 2743 2243 Si
2790 2188 2916 2240 nihil
2966 2189 3228 2255 largietttis

1698 2271 1916 2325 contulit
1940 2275 2124 2344 gratia,
2156 2274 2276 2338 quid
2319 2282 2398 2327 est
2421 2276 2556 2343 quod
2584 2277 2798 2346 abstulit
2825 2277 3119 2328 damnantis
3147 2276 3226 2328 of-

1699 2360 1883 2414 fensa?
1925 2360 2062 2414 Mors
2091 2362 2283 2430 itaque,
2332 2363 2379 2414 id
2411 2373 2511 2422 est,
2553 2359 2879 2430 peregrinum
2912 2374 2965 2417 et
2992 2365 3226 2417 adventi-

1700 2451 1828 2504 tium
1857 2451 2070 2514 malum,
2115 2466 2217 2504 non
2247 2461 2325 2504 est
2363 2451 2492 2505 ordo
2520 2454 2735 2517 naturae,
2785 2453 2876 2505 sed
2923 2467 3074 2520 poena
3101 2467 3225 2505 sen-

1703 2539 1894 2594 tentiae.
1930 2539 2200 2604 Quoniam,
2237 2539 2421 2608 inquit,
2460 2538 2704 2592 Dominus
2732 2554 2936 2593 mortem
2973 2557 3074 2593 non
3112 2541 3225 2608 {erit

1700 2628 1851 2697 (Sap.
1884 2625 1945 2696 t).
1975 2627 2340 2681 Eternitatem
2368 2627 2618 2681 creditam
2646 2627 2805 2680 fuisse
2836 2628 3052 2691 homini,
3098 2628 3227 2680 livor

1701 2721 1812 2788 ipse
1839 2729 2058 2774 testatur
2082 2719 2297 2788 inimici.
2343 2719 2407 2772 Et
2430 2719 2547 2786 quia
2577 2720 2624 2771 ei
2668 2719 3106 2770 immortalitatem
3136 2719 3228 2771 de-

1698 2811 1862 2879 iectus
1891 2810 2095 2871 invidit,
2127 2809 2245 2864 ideo
2269 2822 2478 2862 causam
2501 2809 2683 2861 mortis
2707 2807 2942 2876 ingessit,
2973 2808 3224 2860 dicendo:

1701 2901 1764 2954 In
1792 2915 2082 2969 quacunque
2111 2899 2192 2952 die
2214 2898 2525 2952 comederitia
2559 2900 2621 2951 de
2647 2899 2782 2968 ligno
2810 2897 2923 2958 hoc,
2944 2898 3226 2966 aperientur

1699 2991 1831 3044 oculi
1857 2991 2022 3057 vestri,
2048 3001 2095 3046 et
2119 2989 2256 3044 eritis
2282 2991 2405 3041 sicut
2435 2976 2506 3041 dii
2527 2985 2672 3056 (Gen.
2696 2986 2794 3054 ιιι).
2834 2985 2886 3040 Si
2909 2985 3005 3038 hoc
3031 2993 3224 3037 tantum

1700 3081 1916 3136 dixisset
1957 3099 1970 3134 :
2008 3083 2139 3138 Cum
2183 3078 2638 3139 manducaveritis,
2680 3076 2970 3131 satietatem
3013 3074 3080 3128 de
3125 3075 3226 3128 cibi

1700 3173 1954 3226 suavitate
1980 3173 2215 3240 capietis,
2259 3185 2422 3239 usque
2450 3169 2516 3223 ad
2545 3167 2977 3235 concupiscentiae
3003 3165 3226 3217 carnalis

1699 3260 1997 3312 illecebram
2028 3259 2370 3326 transgressio
2395 3257 2737 3324 pervenisset.
2780 3255 2906 3308 Cum
2937 3268 3064 3306 vero
3094 3253 3225 3303 hanc

1699 3347 2136 3414 prevaricationis
2159 3344 2483 3413 proposuerit
2509 3343 2663 3395 finem
2687 3341 2925 3404 dicendo,
2943 3341 3076 3391 m‘tis
3100 3340 3224 3390 sicut

1698 3437 1792 3500 dii,
1814 3435 2085 3490 edacitatis
2118 3434 2268 3503 culpa
2297 3447 2460 3499 usque
2481 3431 2544 3484 ad
2576 3430 2856 3484 divinitatis
2878 3428 3148 3488 ambitum,
3172 3437 3222 3480 et

1698 3539 1860 3594 usque
1887 3526 1951 3578 ad
1975 3525 2172 3578 crimen
2197 3522 2483 3590 majestatis
2507 3520 2746 3574 accessit.
2789 3516 2929 3570 Facti
2957 3523 3080 3568 sunt
3101 3530 3225 3582 etgo

1699 3615 1834 3668 sicut
1861 3612 1954 3676 dii,
1987 3614 2122 3666 dono
2146 3613 2324 3680 gratiae
2350 3609 2578 3664 caelestis
2605 3607 2744 3662 exuti
2773 3615 2824 3660 et
2847 3605 2913 3659 de
2939 3604 3101 3657 beatae
3121 3611 3224 3655 sta-

1701 3703 1854 3754 tionis
1883 3704 2108 3754 cuimine
2151 3699 2458 3767 proturbati.
2507 3698 2582 3750 Ac
2619 3696 2696 3750 sic
2742 3693 2959 3748 callidus
3010 3705 3224 3756 serpens

1699 3803 1792 3855 pro
1820 3789 2076 3854 superbiae
2104 3789 2240 3839 malo
2263 3787 2458 3850 rjectus
2481 3800 2510 3836 e
2541 3784 2696 3846 cmlo,
2725 3780 2992 3834 machinas
3019 3779 3117 3838 sibi
3157 3779 3222 3830 ad

1699 3876 1963 3928 hominem
2013 3875 2362 3927 subruendum
2413 3873 2476 3924 de
2521 3885 2642 3924 casu
2694 3871 2923 3937 preprio,
2973 3869 3224 3934 lapsuque

1695 3965 1966 4030 disposuit,
1996 3971 2048 4015 et
2073 3962 2334 4029 quomodo
2363 3960 2569 4021 cecidit,
2593 3960 2667 4011 sic
2694 3957 2913 4022 decepit.
2937 3956 3066 4021 Quid
3098 3972 3222 4008 vero

1695 4050 1834 4104 aliud
1865 4048 2255 4116 intelligendum
2284 4057 2383 4110 est,
2409 4048 2561 4099 etiam
2585 4048 2634 4098 in
2658 4047 2766 4112 ipsa
2795 4059 2893 4110 qua
2919 4044 3073 4094 homo
3094 4057 3221 4094 con-

1694 4139 1831 4193 ditus
1881 4145 1995 4202 est,
2059 4137 2148 4188 Dei
2199 4134 2419 4202 imagine
2468 4135 2565 4186 nisi
2613 4130 2949 4200 perennitatis
2987 4129 3222 4208 insigne?

1695 4243 1844 4297 quam
1893 4226 2268 4296 perennitatem
2317 4239 2418 4277 non
2464 4224 2628 4276 solum
2668 4226 2855 4272 animae
2897 4233 2997 4271 non
3045 4219 3222 4270 adem-

1697 4329 1855 4386 ptam,
1886 4317 1976 4369 sed
2007 4317 2161 4368 etiam
2198 4317 2400 4380 c0rpori
2432 4311 2664 4380 agnoscis
2697 4307 3091 4363 resurrectionis
3118 4307 3222 4359 vir-

1697 4415 1805 4459 tute
1835 4413 2150 4473 reparatam.
2197 4405 2518 4469 Quapropter
2555 4399 2994 4452 immortalitatem
3024 4395 3221 4448 homini

1695 4495 2026 4548 commissam
2060 4507 2160 4546 non
2189 4491 2394 4545 dubites
2439 4499 2558 4542 ante
2602 4489 2828 4554 culpam,
2875 4503 3026 4552 quam
3075 4487 3218 4536 reddi

1696 4582 1944 4649 perspicis
1982 4582 2137 4633 etiam
2180 4589 2293 4645 post
2322 4580 2548 4631 ruinam.
2595 4577 2794 4628 Asserit
2829 4589 2952 4640 ergo
2990 4573 3219 4637 Pelagius

1694 4673 1804 4724 sive
1835 4678 2115 4736 peccasset,
2148 4668 2256 4720 sive
2291 4681 2390 4718 non
2435 4673 2719 4731 peccasset,
2767 4663 3005 4714 omnibus
3054 4661 3220 4710 modis

1694 4760 1852 4813 fuisse
1883 4758 2208 4810 moriturum.
2243 4755 2306 4807 Et
2346 4754 2444 4808 hoc
2471 4769 2536 4806 ex
2571 4753 2678 4820 ipsa
2723 4751 2976 4818 pravitate
3004 4751 3219 4802 descen-

1695 4851 1791 4914 dit,
1841 4850 1959 4916 quia
1989 4855 2142 4914 negat
2189 4846 2440 4916 originale
2467 4844 2733 4898 delicmm.
2763 4843 2893 4895 Dum
2916 4843 3053 4896 enim
3082 4844 3217 4895 affir-

1698 4956 1840 4993 mare
1885 4937 2153 4991 contendit
2193 4936 2463 4988 mortalem
2499 4936 2856 4988 necessitatem
2904 4933 3218 4984 conditionis

1697 5032 1877 5094 fuisse,
1898 5042 2000 5081 non
2025 5029 2467 5094 transgressionis,
2484 5026 2594 5078 vult
2613 5024 2774 5077 videri
2795 5024 3044 5090 originem
3069 5023 3222 5086 hujus

1696 5119 1882 5178 debiti;
1910 5133 2012 5169 non
2041 5131 2068 5168 a
2093 5123 2265 5180 Servo,
2314 5115 2404 5168 sed
2445 5129 2474 5166 a
2501 5113 2751 5177 Domino;
2792 5129 2892 5165 non
2931 5127 2960 5164 a
2987 5123 3220 5164 contem-

1699 5217 1868 5275 ptore,
1896 5204 1986 5258 sed
2017 5204 2082 5256 ab
2109 5215 2320 5258 auctore
2340 5204 2580 5268 coepisse,
2609 5209 2664 5254 ut
2691 5200 2870 5254 mortis
2899 5199 2978 5251 lex
3006 5197 3214 5249 ordina-

1701 5296 1853 5346 tionis
1873 5292 2112 5345 credatur
2133 5307 2268 5352 esse,
2295 5306 2395 5344 non
2422 5289 2671 5344 criminis.
2704 5288 2768 5340 Et
2792 5287 2926 5338 hanc
2948 5283 3220 5352 lugendam

1697 5381 2056 5436 contritionetn
2095 5393 2251 5446 super
2282 5380 2560 5431 humanum
2606 5392 2790 5444 genus,
2841 5390 2940 5426 non
2979 5376 3220 5438 przcvari-

1695 5482 1838 5522 cator
1868 5477 2075 5535 ptttetur
2106 5469 2475 5529 transmisisse,
2523 5459 2612 5518 sed
2635 5463 2888 5516 conditor.
2941 5465 3000 5512 l.t
3032 5461 3116 5512 ubi
3143 5472 3221 5512 est

1698 5559 1819 5612 illud
1858 5573 1872 5610 :
1903 5556 2099 5608 Invidia
2139 5548 2303 5608 autem
2331 5556 2515 5607 diaboli
2545 5569 2676 5604 mora
2719 5550 2935 5602 introii-it
2978 5549 3026 5599 in
3059 5551 3222 5599 orbem

1696 5658 1936 5702 terrarum
1979 5645 2128 5714 (ευρ.
2175 5645 2252 5708 ιι).
2317 5646 2444 5699 Dum
2484 5654 2656 5698 autem
2702 5647 2969 5710 peccatum
3007 5637 3223 5705 originis
