3818 6226
568 211 669 265 787

1795 209 1846 262 S.
1889 205 2127 262 FAUSil
2172 208 2569 261 RiiEGlEKSlS
3672 208 3755 259 7158

567 321 808 387 ᾱοιηιιετη,
843 319 974 371 tollit
1000 319 1213 372 omnino
1241 330 1449 371 causam
1475 328 1577 385 qua
1608 313 1925 382 Redemptor
1953 314 2112 367 adre-
2141 315 2188 372 Α
2219 330 2360 376 num,
2394 315 2591 382 inquit,
2635 314 2831 367 tollitur
2860 314 3115 382 originale
3141 323 3438 384 peccatum,
3481 314 3548 368 de
3572 315 3752 369 duobus

566 411 722 462 tuerit.
756 407 1033 463 Videamus
1064 418 1235 461 utrum
1280 423 1374 476 per
1412 408 1728 462 voluntatem
1781 407 1871 459 Dei
1905 420 1971 458 an
2020 421 2111 473 per

568 501 790 554 hominis
831 499 1140 566 pravitatem
1173 497 1351 554 infelix
1379 507 1432 550 et
1461 497 1706 550 deﬂenda
1750 495 1985 550 conditio
2017 497 2094 547 ini-

566 590 692 643 tium
722 589 1023 658 sumpserit.
1051 588 1185 642 Audi
1224 588 1347 656 quid
1394 587 1516 640 tuba
1557 595 1808 655 personet
1848 587 2106 640 veritatis.

568 680 858 745 Propterea,
902 679 1089 747 inquit,
1138 680 1265 731 sicut
1307 693 1395 746 per
1419 695 1576 731 unum
1620 680 1869 731 hominem
1901 681 1952 730 in
1977 677 2112 730 hunc

564 770 804 822 mundum
842 778 1097 838 peccatum
1132 769 1354 835 intravit,
1383 777 1428 820 et
1457 784 1546 837 per
1576 773 1831 835 peccatum
1860 784 2010 831 mors,
2045 770 2114 818 ita

564 862 614 913 in
641 877 811 913 omnes
834 861 1057 914 homines
1077 877 1208 914 mors
1233 861 1540 930 pertransiit,
1578 861 1628 912 in
1656 877 1753 927 quo
1783 877 1952 912 omnes
1994 874 2111 927 pec-

565 959 798 1002 caverunt
822 950 997 1019 (Rom.
1019 949 1098 1019 v).
1122 948 1352 1002 Diceudo
1380 949 1616 1016 Pelagius
1639 948 1802 1002 Adam
1840 948 2112 1001 mortalem

567 1039 782 1107 factum,
816 1042 866 1094 in
896 1041 1065 1108 primo
1090 1039 1304 1092 facturae
1333 1037 1514 1091 ordine
1552 1038 1822 1090 constituit
1866 1048 2112 1099 mortem,

566 1143 722 1196 quam
751 1143 845 1198 pro
868 1143 1000 1182 noxa
1031 1127 1478 1196 prmvarieationis
1519 1128 1671 1180 tertio
1713 1128 1876 1194 gradu
1905 1133 2115 1179 constat

568 1219 887 1288 impositam.
929 1219 1098 1273 llomo
1140 1220 1278 1273 cnim
1325 1232 1454 1286 opus
1505 1218 1615 1280 Dei,
1670 1225 1937 1284 peccatum
1984 1232 2113 1282 opus

567 1309 988 1372 diaboli:mors,
1036 1324 1187 1376 poena
1232 1310 1448 1376 peccati.
1500 1309 1626 1361 Nam
1685 1307 1964 1374 Apostolus
2007 1322 2110 1359 non

567 1397 700 1452 dixit
722 1417 733 1450 ε
759 1399 997 1451 voluntas
1017 1397 1108 1451 Dei
1134 1411 1295 1457 mors,
1325 1396 1414 1449 sed
1435 1398 1735 1464 stipendium
1765 1395 1953 1462 peccati
1978 1410 2112 1445 mors

570 1487 744 1557 (Rom.
768 1487 862 1554 vr).
888 1487 1046 1540 Dolos
1066 1501 1190 1555 ergo
1231 1488 1343 1553 ejus
1372 1488 1422 1538 in
1448 1486 1702 1553 profundo
1732 1489 1976 1545 latentes,
2009 1484 2109 1534 sol-

567 1577 762 1632 licitius
789 1577 1146 1642 inspiciamus.
1184 1576 1304 1629 Iden
1330 1584 1550 1628 mortem
1583 1575 1805 1642 applicat
1829 1575 1960 1626 cond
1989 1572 2106 1635 tori,

2220 405 2494 471 baptizatis
2523 405 2649 469 nati,
2673 405 2866 457 debent
2895 403 2993 457 hoc
3013 418 3198 459 carere
3221 414 3458 472 peccato.
3479 405 3752 470 Quomodo.

2220 494 2406 562 inquit,
2439 496 2649 548 mittunt
2679 496 2742 548 ad
2775 504 3012 562 posteros
3034 535 3047 558 ,
3079 497 3218 564 quod
3259 499 3357 564 ipsi
3391 498 3440 548 in
3471 511 3530 551 se
3563 498 3755 554 minime.

2217 583 2549 638 habuerunt?
2586 584 2787 650 Quibus
2814 584 2966 638 facile
2998 586 3350 653 respondetur
3377 586 3508 641 duas
3533 601 3645 640 esse
3674 604 3749 641 na.

2219 675 2469 738 tivitates,
2489 677 2555 730 de
2583 691 2802 744 quarum
2833 691 2933 728 una
2965 685 3238 745 peccatum
3265 693 3332 730 ex
3361 679 3650 744 generantis
3676 696 3754 732 vo-

2218 765 2415 830 luptate
2443 765 2838 828 transmittitur;
2879 779 2942 818 ex
2981 764 3080 818 alia
3112 773 3309 831 autem,
3332 766 3667 820 sanctificatio
3692 767 3746 819 de

2220 856 2580 922 regenerantis
2629 855 2908 922 adoptione
2954 855 3198 908 donatur.
3231 855 3527 919 Quomodo,
3577 856 3746 924 inquil,

2220 948 2433 1000 mittunt
2462 945 2527 998 ad
2566 955 2828 1012 posteros,
2858 947 2995 1015 quod
3039 945 3138 1012 ipsi
3165 946 3220 1000 in
3249 960 3310 1000 se
3339 945 3552 1000 minime
3575 946 3747 998 habue-

2217 1034 2379 1088 runt?
2416 1034 2581 1099 Quam
2624 1033 2997 1090 irrationabilis
3037 1042 3090 1088 et
3133 1035 3285 1103 plena
3312 1035 3596 1102 iniquitatis
3623 1035 3750 1101 obje-

2217 1125 2364 1178 ctio!
2423 1123 2536 1176 Non
2584 1123 2664 1176 vis
2712 1131 2768 1175 ut
2810 1124 3176 1177 transfundant
3221 1125 3273 1176 in
3339 1135 3580 1192 posteros
3630 1126 3749 1192 quod

2217 1223 2418 1265 natura:
2464 1222 2579 1275 est,
2609 1221 2661 1265 et
2686 1213 2765 1264 vis
2808 1222 2865 1264 ut
2915 1214 2992 1265 eis
3022 1213 3227 1281 possint
3252 1213 3395 1266 velut
3432 1212 3497 1266 de
3526 1228 3618 1266 suo
3646 1229 3751 1265 ρους

2216 1301 2354 1354 ferre
2393 1301 2532 1369 quod
2580 1301 2762 1370 gratia:
2790 1301 2902 1354 est?
2940 1300 3014 1352 De
3040 1315 3139 1367 qua
3169 1313 3354 1354 natura
3391 1302 3660 1368 Apostolus
3688 1301 3751 1352 di-

2215 1393 2286 1445 cit
2321 1409 2334 1445 :
2368 1391 2559 1456 Eratis,
2600 1393 2788 1459 inquit,
2829 1401 3012 1442 natura
3045 1392 3140 1459 ﬁlii
3169 1392 3258 1443 ira:
3290 1388 3449 1458 (Eph.
3477 1390 3557 1459 ll).
3588 1390 3751 1444 Merito

2215 1484 2359 1552 quasi
2391 1483 2458 1536 de
2489 1485 2700 1549 pr0prio
2740 1483 2867 1536 dare
2898 1491 3181 1549 nequeunt,
3212 1481 3352 1548 quod
3383 1481 3448 1534 de
3476 1494 3671 1534 sursum
3709 1492 3749 1530 ct

2214 1574 2534 1628 extrinsecus
2561 1582 2898 1642 acceperunt.
2942 1571 3431 1641 lmprttdentissime
3463 1587 3552 1640 per
3581 1586 3746 1638 paren-

568 1679 646 1732 ut,
674 1669 741 1722 de
765 1684 865 1736 quo
890 1668 1218 1736 potissimum
1247 1667 1384 1720 malo
1413 1666 1615 1718 initium
1642 1667 1819 1727 ducat,
1857 1679 1958 1716 non
1987 1679 2109 1731 pos-
2143 1656 2186 1713 Β
2217 1672 2294 1717 tes
2343 1663 2432 1715 lilii
2480 1662 2794 1716 innocentia:
2841 1662 3121 1730 puritatem
3152 1661 3396 1730 Pelagius
3439 1661 3549 1714 dari
3575 1662 3744 1714 credit.

567 1760 634 1811 sit
660 1758 898 1827 agnosci;
942 1772 1003 1811 ac
1047 1760 1124 1810 sic
1170 1757 1382 1810 liberius
1429 1754 1655 1807 aflirmat
1705 1753 1931 1806 infantes
1973 1769 2108 1805 nexu

568 1848 786 1914 originis
826 1863 928 1900 non
964 1848 1148 1900 teneri.
1181 1844 1327 1911 Quod
1358 1858 1475 1896 cum
1511 1845 1659 1907 dicit,
1704 1843 1896 1908 dup'ici
1924 1842 2110 1907 imp'e-

571 1948 679 1990 tate
706 1936 1051 2004 blaSphemat,
1089 1935 1210 1988 dum
1241 1944 1295 1987 et
1334 1944 1554 1986 mortem
1603 1934 1664 1984 ad
1709 1933 1937 1985 auctoris
1977 1931 2114 1984 invi-

568 2026 707 2078 diam
730 2034 959 2091 revocat,
981 2033 1033 2076 et
1059 2024 1297 2090 negando
1316 2023 1566 2090 originale
1587 2023 1871 2084 vinculum,
1891 2023 2110 2090 gratiam

569 2114 887 2179 reparatoris
911 2122 1144 2165 evacuat.
1176 2112 1352 2179 Itaque
1379 2120 1433 2164 ut
1463 2112 1626 2179 possit
1661 2125 1899 2164 asserere
1924 2125 2107 2178 parvu-

569 2202 647 2255 los
670 2200 928 2270 baptismo
955 2215 1058 2254 non
1086 2184 1260 2268 egere,
1303 2199 1548 2268 generale
1581 2209 1850 2267 peccatum
1881 2199 2108 2267 negavit.

567 2290 682 2356 Quo
711 2299 918 2358 negato,
951 2290 1035 2345 hic
1058 2289 1187 2344 ordo
1216 2289 1411 2342 erroris
1439 2289 1519 2342 sui
1565 2291 1675 2352 fuit,
1713 2296 1771 2341 ut
1805 2287 1944 2340 unde
1971 2300 2112 2340 mors

568 2391 711 2437 esset
753 2391 1000 2450 generata
1042 2383 1288 2435 nesciret.
1330 2381 1462 2444 Quid
1491 2382 1681 2434 mirum
1711 2381 1753 2432 si
1784 2379 2021 2433 arborem
2051 2378 2114 2431 il-

570 2472 675 2524 lam
703 2471 757 2524 in
779 2471 1034 2524 fructibus
1060 2485 1160 2523 non
1191 2477 1460 2537 agnoscat,
1478 2484 1632 2530 quam
1660 2470 1826 2525 noluit
1856 2470 1905 2522 in
1936 2469 2112 2524 radice

570 2549 925 2629 cognoscere?
951 2562 1379 2630 Quandoquidem
1417 2576 1624 2615 causam
1650 2560 1884 2614 vulneris
1910 2560 2113 2628 suppri-

571 2651 688 2716 mit,
717 2663 770 2706 et
796 2651 1064 2705 abscondit
1107 2651 1333 2720 gladium
1373 2666 1477 2717 quo
1503 2650 1692 2703 vulnus
1733 2649 1982 2702 inﬂictum
2011 2657 2107 2703 est.

571 2742 913 2809 Stipendium,
965 2741 1153 2810 inquit,
1195 2743 1382 2808 peccati
1429 2758 1581 2796 mors.
1619 2741 1770 2805 “Quia
1818 2741 2111 2809 intelligere

573 2831 861 2898 neglexerit
885 2831 1014 2884 tanti
1039 2830 1327 2899 principem
1347 2830 1490 2895 mali,
1521 2831 1639 2885 ideo
1669 2831 1926 2900 ignoravit
1945 2831 2111 2897 impo-

572 2921 723 2972 sitam
760 2919 944 2974 mortis
966 2921 1338 2985 conditionem,
1358 2922 1725 2992 pedissequam
1747 2936 1864 2976 esse
1886 2922 2105 2988 peccati.

2215 1751 2294 1804 Ad
2321 1759 2591 1818 parentum
2623 1751 2970 1806 ministerium
2998 1752 3244 1805 nativitas
3265 1753 3494 1806 secunda
3520 1767 3618 1805 non
3645 1768 3744 1818 per-

2217 1840 2370 1893 tinet.
2402 1837 2642 1891 Oflieium
2685 1839 2793 1892 vult
2841 1854 2960 1894 esse
2997 1839 3224 1893 hominis
3271 1841 3413 1909 quod
3457 1840 3546 1894 Dei
3578 1855 3744 1893 ωυηως

2212 1939 2380 1998 est,ut
2398 1931 2537 1984 velut
2564 1930 2788 1998 quodam
2813 1929 3143 1986 hereditario
3162 1932 3346 1985 ordine
3374 1947 3468 2000 per
3497 1932 3741 1986 hominum

2211 2035 2388 2078 currat
2431 2022 2787 2090 posteritatem
2845 2022 2981 2089 quod
3030 2033 3174 2076 extra
3225 2023 3507 2074 humanam
3558 2035 3742 2075 constat

2212 2129 2330 2168 esse
2378 2114 2745 2168 substantiam.
2794 2112 3061 2180 Originale
3107 2121 3283 2167 autem
3343 2124 3648 2182 peccatum,
3691 2129 3743 2168 er

2211 2203 2516 2270 parentibus
2564 2200 2722 2255 etiam
2772 2200 3047 2268 baptizatis
3084 2215 3177 2269 per
3202 2199 3662 2270 carnisvoriginem
3690 2204 3742 2252 ad

2218 2290 2353 2342 tilias
2385 2289 2611 2343 transire
2640 2303 2742 2343 non
2770 2288 2985 2342 dubium
3016 2297 3117 2351 est,
3140 2288 3436 2344 dicentibus
3463 2291 3610 2344 nobis
3634 2306 3742 2357 quo-

2214 2379 2338 2432 tidie
2360 2393 2478 2433 eum
2508 2380 2768 2447 PrOpheta
2791 2392 2808 2434 :
2834 2378 2961 2432 Ecce
3001 2379 3132 2431 enim
3175 2379 3228 2432 in
3269 2379 3612 2447 iniquitatibus
3640 2395 3741 2430 con-

2211 2478 2379 2536 ceptus
2399 2483 2527 2535 sum,
2551 2477 2595 2520 et
2621 2468 2670 2520 in
2692 2467 2883 2520 delictis
2904 2469 3090 2537 peperit
3119 2485 3195 2521 me
3231 2478 3392 2522 mater
3410 2485 3520 2521 mea
3546 2467 3656 2538 (Ps.
3679 2471 3739 2535 L).

2212 2555 2359 2609 Sicut
2398 2566 2451 2610 et
2479 2556 2759 2623 Apostolus
2788 2556 2925 2609 istud
2956 2556 3247 2612 insanabile
3277 2557 3537 2626 piaculum
3562 2573 3626 2611 ex
3651 2573 3741 2610 uno

2211 2646 2264 2698 in
2306 2659 2491 2699 omnes
2521 2645 2761 2698 homines
2806 2648 3156 2714 pertransisse
3181 2648 3475 2702 conﬁrmat.
3507 2648 3610 2703 Sed
3635 2649 3741 2702 dicit

2213 2736 2454 2805 Pelagius
2511 2734 2629 2790 ideo
2672 2750 2778 2789 non
2823 2749 2940 2789 esse
2984 2737 3241 2804 originale
3286 2746 3594 2804 peccatum,
3637 2736 3740 2804 quia

2209 2827 2320 2894 ipsa
2363 2825 2787 2893 concupiscentia
2834 2825 3187 2893 generationis
3233 2841 3300 2878 ex
3339 2825 3448 2878 Deo
3492 2826 3581 2879 sit.
3611 2823 3740 2880 Unde

2209 2924 2379 2968 autem
2413 2915 2588 2969 veniat
2628 2929 2794 2969 nexus
2833 2915 2951 2978 iste,
2983 2915 3072 2983 qui
3105 2928 3200 2983 per
3227 2921 3467 2982 posteros
3516 2912 3737 2976 trahitur,

575 3008 646 3058 De
673 3023 771 3074 qua
803 3008 1002 3073 praefati
1030 3023 1213 3064 sumus
1258 3012 1562 3079 stipendium
1605 3013 1792 3078 peccati
1839 3027 1991 3065 mors.
2024 3010 2111 3063 Di.
2137 2995 2180 3054 C
2212 3008 2254 3058 si
2301 3004 2573 3073 requiras?
2628 3004 2742 3058 sine
2783 3003 2941 3057 dubio
2981 3018 3076 3072 per
3121 3003 3442 3057 incentivum
3470 3001 3738 3056 maledicta

572 3111 725 3160 gnam
755 3096 1041 3150 secundum
1066 3099 1190 3151 'tale
1229 3112 1361 3167 Opus
1399 3100 1694 3152 mercedem
1739 3100 1954 3165 recepit,
2008 3098 2110 3151 tale

572 3183 890 3251 stipendium
934 3187 1123 3240 meruit
1164 3187 1250 3254 qui
1291 3187 1498 3240 diabolo
1541 3183 1801 3239 militavit.
1845 3186 1992 3240 Unde
2019 3201 2111 3238 vas

571 3271 1244 3328 eleCtionisevidentissime
1266 3275 1517 3328 rationem
1542 3275 1916 3340 redemptionis
1937 3283 2113 3327 osten-

571 3359 650 3412 dit
677 3369 726 3411 et
750 3361 998 3426 prcdicat
1024 3363 1200 3414 dicens
1226 3380 1239 3416 :
1262 3363 1395 3426 Quid
1425 3365 1554 3414 enim
1589 3377 1702 3413 cum
1734 3361 1900 3412 adhuc
1923 3364 2113 3429 inﬁrmi

573 3464 805 3512 essemus,
833 3448 1054 3501 Christus
1075 3466 1164 3516 pro
1189 3451 1357 3514 impiis
1375 3458 1596 3502 mortuus
1617 3450 1724 3500 est?
1754 3449 1851 3500 Via:
1872 3450 2003 3500 enim
2023 3466 2113 3513 pro

573 3535 705 3597 iusto
751 3536 863 3602 quis
912 3534 1134 3586 ‘moritur
1181 3536 1351 3601 (Rom.
1396 3537 1468 3602 v).
1518 3536 1626 3590 Hoc
1671 3543 1752 3590 est
1791 3535 1968 3589 dicere
2005 3552 2020 3589 :
2057 3535 2113 3590 Si

573 3621 892 3676 abundasset
920 3624 973 3676 in
998 3625 1377 3692 terrisjustitia,
1395 3640 1496 3678 non
1519 3624 1703 3678 fuisset
1725 3639 1755 3679 e
1772 3627 1919 3679 coetis
1944 3634 2111 3678 trans-

575 3712 731 3764 missa
762 3712 1040 3780 medicina.
1074 3713 1176 3768 Sed
1206 3722 1259 3766 ut
1288 3713 1555 3768 adveniret
1593 3716 1742 3768 unica
1783 3717 1998 3781 sanitas,
2022 3730 2110 3782 ge-

574 3801 764 3853 neralis
811 3801 982 3869 exegit
1030 3802 1326 3857 infirmitas.
1374 3803 1510 3858 lnter
1554 3805 1664 3858 haec
1710 3820 1825 3860 cum
1871 3805 2108 3874 Pelagius

574 3892 731 3942 tantis
756 3892 1149 3959 sacrilegiorum
1179 3893 1401 3947 vinculis
1432 3894 1678 3962 illigetnr,
1719 3910 1821 3946 non
1855 3896 2042 3946 mirum
2065 3897 2108 3947 si

573 3992 664 4044 per
693 3983 974 4047 reprobum
1005 3996 1215 4036 sensum
1244 3983 1518 4050 multiplici
1549 3984 1780 4036 tradatur
1807 3985 1994 4044 errori,
2022 3985 2108 4052 qui

575 4083 668 4132 rer
692 4069 859 4122 solum
884 4070 1114 4124 laborem
1141 4079 1285 4138 putat
1305 4085 1461 4138 posse
1483 4073 1692 4124 salvari.
1717 4073 1900 4125 Merito
1924 4081 2108 4125 contra

572 4155 727 4221 hujus
779 4157 1088 4224 arrogantiae
1122 4159 1603 4234 ‘prazsumptionem
1673 4175 1846 4211 sermo
1902 4161 2109 4211 divinus

572 4247 676 4298 vim
700 4261 807 4297 sita:
829 4247 1153 4297 auctoritatis
1173 4247 1643 4312 velvincrepationis
1673 4250 1895 4300 exeruit.
1926 4248 2101 4307 Nemo,

574 4333 761 4398 inquit,
792 4331 920 4383 venit
947 4333 1012 4383 ad
1043 4348 1138 4395 me,
1174 4333 1268 4383 nisi
1301 4332 1454 4384 Pater
1477 4335 1736 4385 attraxerit
1776 4350 1886 4386 eum
1928 4335 2103 4402 (Joan.
2136 4315 2187 4371 D

576 4419 674 4486 vt).
727 4420 792 4472 Et
828 4422 1014 4474 iterum
1047 4438 1058 4472 :
1090 4421 1208 4473 Non
1251 4421 1477 4488 volentis,
1527 4439 1678 4489 neque
1717 4425 1980 4485 currentis,
2025 4427 2109 4475 sed

575 4511 847 4563 mser-cutis
865 4521 934 4562 est
952 4511 1042 4562 Dei
1061 4512 1232 4579 (llam.
1259 4512 1354 4577 rx).
1370 4511 1516 4576 Quod
1546 4512 1735 4564 merito
1752 4512 1815 4564 ad
1836 4527 1892 4564 se
1913 4512 2108 4564 dictum

577 4613 692 4652 esse
721 4600 994 4665 reputavit,
1035 4601 1124 4667 qui
1173 4601 1390 4653 salutem
1418 4615 1563 4652 suam
1590 4615 1710 4653 cum
1734 4600 1942 4668 Pelagio
1983 4615 2105 4668 pro-

577 4686 690 4752 prio
718 4685 768 4739 in
799 4686 1064 4741 voluntate
1089 4701 1149 4740 ac
1176 4689 1369 4739 virtute
1397 4689 1684 4740 constituit.
1733 4688 1878 4753 Quod
1928 4691 2105 4756 utique

578 4776 650 4828 illi
696 4775 847 4840 objici
897 4790 999 4828 non
1046 4789 1260 4828 necesse
1300 4785 1398 4839 Cal,
1442 4778 1526 4843 qui
1571 4791 1671 4828 non
1701 4778 1765 4830 de
1791 4780 1903 4829 solo
1932 4779 2107 4831 labore

579 4865 864 4932 praesumit,
895 4864 985 4917 sed
1015 4866 1286 4919 conatibus
1317 4866 1422 4918 suis
1449 4867 1803 4932 quotidianam
1831 4868 1920 4923 Dei
1952 4869 2109 4920 mise-

577 4954 854 5008 ricordiam
892 4964 943 5007 et
966 4955 1139 5021 jngem
1186 4956 1403 5022 gratiam
1439 4954 1813 5020 implorandum
1847 4971 1962 5010 esse
1985 4971 2106 5024 cog-

578 5046 776 5106 noscit,
821 5054 871 5096 et
913 5047 1162 5096 auxilium
1215 5043 1413 5094 Domini
1466 5045 1698 5112 pervigili
1736 5046 2107 5101 obsecratione

583 5134 830 5198 deposcit.

1184 5221 1401 5274 CAPUT
1440 5222 1498 5274 ll.

583 5308 764 5365 Contra
800 5314 1179 5367 observationem
1210 5312 1431 5380 Pelagii,
1466 5332 1562 5380 qua
1593 5318 1732 5381 dicit,
1762 5319 1993 5383 parvulos
2024 5323 2107 5368 Da-

1101 5391 1277 5450 ptlsmo
1306 5399 1401 5434 non
1435 5399 1591 5452 egere.

650 5488 896 5546 Attendat
924 5493 1080 5547 etiam
1110 5493 1208 5546 hoc
1237 5491 1472 5560 Pelagius
1497 5508 1508 5543 :
1531 5493 1586 5546 Si
1628 5508 1717 5563 per
1745 5494 1984 5563 baptismi
2015 5495 2108 5549 do-

2213 3095 2566 3163 generationis
2591 3095 2858 3159 ardorem,
2903 3103 2955 3148 et
2980 3107 3072 3160 per
3101 3092 3466 3146 illecebrosum
3495 3093 3738 3157 utriusque

2214 3184 2442 3252 parentis
2469 3183 2787 3252 amplexum:
2818 3183 2947 3234 Nam
2977 3195 3096 3234 eum
3125 3182 3267 3234 illum
3296 3181 3462 3233 solum
3494 3180 3663 3233 videas
3685 3179 3738 3231 ab
3800 3201 3801 3218 ξ

2211 3272 2452 3340 originali
2500 3273 2784 3325 immunem
2828 3284 2944 3324 esse
2972 3270 3307 3337 contagiOne,
3353 3268 3439 3336 qui
3469 3283 3575 3321 non
3601 3282 3737 3322 carne

2213 3359 2304 3412 sed
2349 3359 2554 3425 Spiritu,
2583 3346 2681 3412 nec
2705 3358 3061 3412 erubescenda
3093 3357 3356 3425 passione,
3383 3356 3474 3410 sed
3504 3356 3735 3424 stupenda
3800 3419 3801 3424 η

2213 3446 2576 3500 benedictione
2617 3453 2902 3513 conceptus
2948 3453 3069 3511 est,
3117 3448 3344 3513 agnosce
3387 3459 3598 3498 causam
3632 3444 3735 3498 mali

2213 3533 2479 3600 originalis
2502 3533 2566 3586 de
2593 3533 2979 3586 oblectamento
3002 3541 3180 3585 natum
3210 3532 3589 3599 conceptionis,
3615 3532 3734 3587 etde
3800 3561 3801 3566 η

2213 3623 2340 3674 vitio
2369 3621 2672 3688 voluptatis.
2707 3623 2988 3688 PrOpterea
3034 3624 3192 3676 etiam
3224 3621 3387 3674 Adam
3427 3629 3483 3674 et
3515 3621 3670 3676 Evam
3691 3622 3734 3671 in

2210 3709 2413 3778 origine
2440 3725 2532 3763 sua
2558 3711 2809 3764 obnoxios
2842 3711 3075 3764 conditio
3099 3711 3198 3763 ista
3227 3725 3331 3764 non
3362 3711 3552 3774 tenuit,
3579 3711 3687 3778 quia
3709 3723 3732 3759 a
3800 3709 3801 3778 ξ

2210 3802 2430 3855 duorum
2460 3800 2752 3854 ministerio
2776 3815 2957 3855 eorum
2983 3815 3191 3869 quoque
3221 3809 3367 3854 ortus
3393 3801 3615 3863 alienus,
3641 3798 3733 3852 ille-
3800 3798 3801 3874 j

2210 3893 2421 3945 cebram
2453 3891 2503 3944 in
2542 3891 2620 3943 sui
2666 3891 2936 3944 uatiritate
2963 3902 3014 3944 et
3056 3892 3323 3945 creatione
3366 3889 3605 3944 nescitit.
3644 3886 3732 3942 Sed
3800 3939 3801 3952 χ

2209 3980 2426 4034 forsitan
2476 3981 2751 4048 requiras,
2797 3994 2957 4048 quare
3005 3982 3057 4033 in
3104 3989 3360 4048 conceptu
3407 3981 3482 4032 sit
3525 3978 3730 4047 positum
3800 4003 3801 4046 χ

2208 4071 2460 4132 originale
2503 4069 2772 4122 delictum.
2807 4070 3009 4122 Initium
3054 4070 3213 4122 tetius
3241 4068 3424 4130 ruium,
3455 4064 3729 4121 obedieu'ia

2213 4156 2325 4207 fuit.
2360 4157 2588 4207 Primum
2621 4156 2760 4207 enim
2809 4156 3071 4226 exaltatus
3102 4158 3280 4219 homo,
3309 4163 3492 4224 postea
3526 4153 3730 4208 humilia-

2212 4260 2292 4299 tus
2323 4256 2404 4300 est
2438 4257 2490 4299 et
2528 4246 2796 4299 confusus.
2829 4247 2893 4298 Et
2920 4246 3036 4314 quia
3065 4261 3174 4297 cum
3195 4248 3245 4298 in
3277 4248 3466 4298 honore
3485 4256 3627 4305 esset,
3649 4259 3730 4295 non

2213 4336 2472 4399 intellexit,
2503 4334 2618 4389 ideb
2644 4344 2961 4403 comparatus
2999 4343 3072 4388 est
3107 4335 3351 4404 jumentis
3381 4335 3728 4401 insipientibus.

2211 4434 2256 4475 et
2284 4423 2460 4475 similis
2501 4425 2660 4491 factus
2691 4432 2760 4475 est
2789 4424 2890 4475 illis
2916 4422 3092 4490 (Psal.
3120 4421 3329 4490 vant).
3361 4421 3602 4489 Quandiu
3624 4434 3727 4488 ergo

2211 4511 2348 4563 circa
2389 4512 2614 4564 auctoris
2643 4510 2949 4579 obsequium
2979 4511 3242 4566 humilitas
3281 4511 3626 4564 reverentiam
3667 4518 3726 4561 ιεε

2212 4599 2343 4664 nuit,
2370 4599 2657 4655 nuditatem
2697 4599 3018 4653 conscientia
3050 4598 3383 4651 immaculata
3412 4613 3520 4653 non
3558 4597 3724 4658 sensit;

2209 4705 2325 4742 cum
2368 4703 2492 4741 vero
2520 4688 2610 4741 illo
2638 4688 2813 4742 animo
2856 4696 2912 4740 ut
2938 4688 3074 4742 Deus
3115 4698 3274 4750 esset,
3305 4697 3520 4756 gustum
3542 4687 3638 4742 cibi
3659 4685 3724 4740 le-

2213 4783 2365 4835 tltalis
2395 4782 2638 4849 appetiit,
2677 4790 2732 4835 et
2756 4780 3102 4834 damnandam
3131 4782 3471 4849 cupiditatem
3498 4783 3551 4838 in
3575 4779 3723 4835 subi-

2211 4881 2318 4923 tum
2349 4869 2637 4936 majestatis
2664 4868 2936 4932 extendit,
2982 4869 3258 4922 immemor
3289 4870 3417 4937 legis
3455 4880 3510 4925 et
3538 4869 3729 4923 mnda-

2213 4969 2380 5011 torum
2426 4959 2551 5025 legis
2585 4997 2602 5021 ,
2663 4958 2873 5012 rebellis
2935 4958 3215 5011 muletatur
3259 4959 3311 5012 in
3361 4956 3724 5028 impugnatione

2210 5049 2584 5100 membrorum.
2634 5045 2697 5098 Et
2735 5045 2856 5097 dum
2886 5045 3237 5110 aequalitatem
3269 5035 3476 5102 Domini
3505 5044 3585 5099 sui
3611 5056 3722 5114 prl-

2209 5137 2386 5199 sumit,
2417 5135 2652 5202 corporis
2679 5136 2755 5186 sui
2787 5135 3010 5200 perdidit
3037 5143 3367 5202 potestatem.
3407 5135 3482 5188 De
3507 5129 3723 5202 sepultis

2208 5241 2430 5294 namque
2456 5236 2571 5277 nata
2603 5234 2682 5278 est
2712 5226 3103 5278 tneontinentia.
3133 5223 3258 5276 Nam
3290 5223 3411 5292 quid
3455 5222 3510 5276 in
3542 5235 3606 5277 eo
3629 5230 3728 5288 ρετ·

2210 5330 2418 5368 cussum
2464 5323 2607 5366 esset
2650 5314 2897 5375 ostendit,
2929 5315 3134 5380 quando
3171 5311 3472 5366 verecunda
3499 5305 3721 5365 cctttexit.

2210 5403 2485 5457 Prrecessit
2512 5403 2688 5465 elatio,
2722 5410 2897 5453 secuta
2924 5401 3159 5453 confusio
3189 5411 3286 5454 est.
3316 5397 3612 5454 Diviu‘tatis
3633 5408 3718 5446 ιω·

2212 5495 2431 5549 bitiosus
2457 5535 2470 5559 ,
2516 5491 2745 5548 libidinis
2774 5489 2934 5558 capit
2977 5505 3092 5545 esse
3122 5491 3377 5559 captivus.
3402 5489 3511 5545 Sed
3535 5483 3722 5542 fartim
