3818 6226
142 237 226 290 789
1130 239 1214 293 DE
1252 238 1493 294 GBATIA
1536 237 1670 302 DEI,
1713 239 1881 307 ETC.,
1921 240 2042 294 LIB.
2085 241 2121 294 l.

3147 242 3245 295 ἳἽο

138 349 258 400 dicis
277 362 288 398 :
309 345 419 398 dum
448 345 560 401 hac
586 348 775 402 asseris
802 348 1008 414 nuptias
1035 346 1281 402 damnare
1323 346 1614 414 deprehen-
1639 346 1686 404 Α
1716 358 1914 412 partem
1937 347 2164 402 subsidia
2193 344 2442 401 orationis
2469 348 2770 400 excludunt.
2796 348 2925 414 Quid
2955 348 3090 402 enim
3113 348 3248 400 ultra

136 436 267 488 deris.
285 434 389 488 Non
413 437 478 488 ita
496 447 596 490 est.
621 437 888 490 Ordinatio
909 437 1150 503 nuptialis
1171 451 1236 490 ex
1259 436 1621 490 benedictione

133 525 304 590 erepit;
356 525 618 592 generatio
677 525 1027 592 corruptionis
1080 541 1144 577 ex
1210 524 1622 592 transgressione

133 615 282 678 carpit.
311 611 512 665 Interim
558 615 851 678 nuptiarum
882 627 1068 666 munus
1105 614 1274 667 adhuc
1302 613 1353 665 in
1383 613 1620 680 paradiso

132 712 154 748 ι
174 698 395 752 Creatore
434 714 760 762 concessum,
791 709 844 753 ct
878 717 1058 754 earum
1091 717 1212 755 usus
1242 711 1385 754 extra
1416 702 1621 768 paradi-

132 801 223 838 sum
242 789 343 856 jam
377 789 599 854 sumpsit
623 790 912 844 exordium.
944 791 1217 844 Peccatum
1247 792 1297 844 in
1327 792 1496 844 medio
1527 790 1623 841 fuit

131 879 243 930 inter
277 879 655 944 generationem
708 888 761 932 et
819 881 1309 947 concupiscentiam.
1364 880 1620 946 Quidquid

131 967 378 1032 praceptio
406 967 578 1019 divina
610 969 895 1033 constituit,
927 970 1023 1022 hoc
1050 971 1222 1032 laudo,
1249 970 1496 1037 quidquid
1529 971 1622 1021 hit--

132 1067 258 1104 mana
285 1056 634 1118 pra‘varicatio
660 1056 851 1123 adjecit
877 1058 974 1110 boc
1017 1059 1258 1124 reprobo.
1282 1058 1551 1121 Quomodo
1578 1058 1620 1109 si

132 1139 286 1207 aliquis
325 1153 438 1193 atro
483 1142 876 1209 inquinamento
921 1145 1203 1198 candorem
1257 1146 1418 1197 nivere
1465 1146 1623 1196 vestis

130 1241 369 1297 aspergat,
417 1246 521 1285 non
549 1231 788 1298 displicet
821 1231 1036 1293 factura,
1079 1234 1168 1286 sed
1203 1233 1418 1285 macula.
1448 1233 1620 1286 Vesti-

129 1319 267 1372 menti
298 1334 393 1371 non
421 1321 598 1372 amisit
645 1335 793 1374 usum
822 1359 837 1386 ,
885 1321 981 1373 etsi
1031 1321 1260 1388 perdidit
1302 1321 1617 1388 dignitatem.

130 1405 290 1460 Futura
314 1416 424 1461 erat
453 1409 808 1463 indubitanter
832 1417 974 1461 casta
1011 1417 1062 1460 et
1089 1409 1290 1459 sincera
1333 1408 1616 1472 generatio,

127 1494 164 1543 si
201 1509 289 1546 non
336 1495 716 1549 intercessisset
765 1495 968 1547 inimica
999 1494 1356 1560 transgressio.
1387 1493 1488 1546 Sed
1529 1496 1622 1544 im-

128 1584 379 1636 maculatos
405 1584 586 1645 thoros
611 1597 728 1636 caro
763 1582 1118 1636 maledictioni
1156 1581 1358 1634 addicta
1391 1583 1618 1634 macula-

1718 444 1914 500 speret,
1956 450 2107 504 quem
2134 434 2239 503 jam
2268 435 2426 504 gratia
2449 443 2607 488 suum
2649 435 2804 486 fecit?
2843 436 2895 487 In
2938 450 3038 501 quo
3066 451 3095 488 θ
3116 451 3246 488 con-

1719 523 1880 574 trario
1922 537 2024 576 non
2072 521 2347 590 desperet,
2397 537 2552 589 quem
2582 521 2856 590 prcelinitio
2887 522 3113 574 violenta
3153 524 3248 575 da-

1719 610 1938 682 mnavit.
1964 612 2018 664 In
2049 610 2149 666 hoc
2172 612 2344 678 culpa,
2368 611 2417 663 in
2443 612 2533 663 illo
2559 612 2721 677 gratia
2745 609 2914 662 locum
2941 623 3041 660 non
3069 609 3243 662 habet.

1719 683 2098 752 Periclitabitur
2123 702 2172 752 in
2206 709 2422 765 utroque
2440 700 2659 766 iustitia.
2682 699 3114 751 Rcmunerabitur
3133 700 3246 752 sine

1719 787 1833 838 ﬁdei
1883 789 2106 851 merito,
2155 796 2451 854 assumptus
2496 789 2826 840 damnabitur
2871 789 2985 842 sine
3038 789 3248 854 preprio

1716 876 1934 929 crimine
1957 876 2258 931 derelictus.
2285 876 2435 928 Salus
2463 875 2533 927 illi
2566 875 2843 942 ingerenda
2876 886 2953 928 est
2979 891 3079 929 non
3110 862 3255 943 quae;

1719 965 1874 1028 renti,
1903 963 2022 1017 huic
2040 963 2311 1018 auferenda
2340 964 2610 1016 laboranti.
2638 963 2738 1016 Sed
2766 963 2891 1016 dicis
2918 982 2928 1015 :
2956 966 3072 1019 Ideo
3099 982 3249 1019 orare

1719 1051 1909 1115 debet,
1950 1054 2066 1118 quia
2101 1068 2163 1107 ex
2198 1067 2296 1119 qua
2329 1061 2473 1120 parte
2503 1053 2570 1105 sit
2601 1051 2785 1105 nescit.
2817 1051 2939 1114 Quis
2974 1068 3074 1104 non
3109 1063 3249 1118 putet

1718 1142 2094 1196 rationabiliter
2140 1158 2201 1197 ac
2250 1145 2515 1210 sapienter
2557 1141 2718 1194 fuisse
2765 1140 3104 1206 responsum?
3145 1141 3246 1194 Sed

1718 1232 1838 1299 quid
1867 1247 2020 1286 orare
2060 1233 2255 1285 homini
2305 1233 2533 1299 proderit
2585 1232 2636 1285 in
2682 1245 2782 1284 una
2822 1219 3246 1283 liarum'duarum

1717 1318 2011 1371 conditione
2037 1319 2350 1371 omnimodis
2375 1320 2690 1371 constituto?
2731 1321 2856 1372 Nam
2883 1320 2978 1372 etsi
3003 1320 3064 1370 ad
3093 1335 3247 1386 quam

1721 1412 1916 1469 partem
1962 1404 2113 1457 fuerit
2160 1405 2435 1471 deputatus
2482 1405 2713 1472 ignorat,
2759 1415 3031 1473 utramque
3076 1417 3246 1460 tamen

1723 1499 1917 1554 partem
1964 1493 2188 1544 deﬁxam
2232 1507 2347 1545 esse
2390 1501 2443 1546 et
2473 1493 2849 1546 immutabilem
2890 1510 2992 1546 non
3024 1495 3244 1563 ignorat.

1722 1577 1852 1642 Quid
1897 1579 2056 1632 refert
2082 1581 2124 1632 si
2154 1582 2379 1633 nondum
2409 1583 2611 1634 noverit
2640 1581 2809 1633 locum
2837 1597 3009 1643 suum,
3044 1585 3127 1649 qui
3158 1584 3248 1634 de-

124 1669 203 1726 vit.
226 1678 276 1721 et
309 1669 562 1736 superbiae
606 1670 840 1736 Spiritus,
890 1671 1176 1738 simplicem
1223 1672 1449 1734 corrupit
1496 1669 1617 1721 alfe-
1651 1654 1694 1709 Β
1727 1668 2032 1721 [ῑηίῑὶεεὶπιεη
2055 1669 2200 1722 novit
2220 1671 2336 1736 quia
2361 1672 2554 1724 nullum
2576 1673 2680 1737 jam
2704 1671 3016 1738 recipiatvel
3039 1673 3247 1725 dextera

124 1765 258 1806 ctum.
279 1757 338 1808 Et
361 1758 494 1809 sicut
524 1757 926 1812 immortalitatis
954 1758 1300 1827 privilegium,
1326 1757 1396 1809 ita
1427 1757 1619 1810 donum

124 1846 317 1908 perdidit
338 1848 594 1913 puritatis.
627 1847 741 1900 Non
769 1849 818 1901 in
849 1849 1111 1917 querelam
1137 1858 1350 1901 vocatur
1379 1847 1620 1912 nuptialis

123 1935 280 1999 grtia,
306 1936 392 1990 sed
431 1939 672 1991 obscenae
700 1940 950 2006 passionis
987 1940 1194 2007 injuria.
1222 1939 1331 1990 Non
1360 1953 1536 1990 aurum
1569 1938 1617 1988 in

121 2023 295 2090 culpam
323 2024 482 2088 venit,
511 2027 601 2081 sed
630 2028 875 2096 quidquid
905 2044 1033 2102 auro
1056 2010 1247 2095 obrvzo
1275 2026 1617 2078 adulterinum

122 2111 243 2165 fraus
264 2113 546 2186 iniquitatis
569 2116 866 2180 admiscuit,
897 2118 1030 2169 sicut
1073 2116 1260 2181 Pelagii
1289 2114 1524 2178 spiritum
1556 2113 1616 2164 ad

122 2198 307 2251 meliora
335 2202 507 2253 studia
534 2217 561 2253 a
606 2202 712 2255 Deo
753 2205 1046 2268 conditum,
1102 2204 1433 2269 corruptione
1464 2203 1618 2270 pesti-

121 2285 216 2338 fera
239 2289 470 2356 nequitia:
494 2299 675 2344 auctor
700 2291 896 2344 infecit.

686 2377 905 2432 CAPUT
941 2377 1025 2430 lli.

119 2462 281 2516 Contra
298 2469 388 2518 hoc
407 2466 541 2532 quod
571 2466 759 2535 dicunt,
785 2467 902 2535 quia
930 2481 1015 2528 per
1038 2465 1194 2518 solam
1223 2468 1433 2535 gratiam
1458 2469 1619 2520 omnis

429 2538 578 2585 homo
605 2534 708 2586 sine
732 2534 836 2585 ullo
865 2534 1031 2586 labore
1054 2534 1286 2587 salvetur.

178 2640 307 2693 Nunc
349 2641 664 2696 veniendum
709 2650 791 2697 est
835 2645 897 2695 ad
946 2645 1060 2696 illos
1103 2645 1222 2712 qui,
1251 2646 1370 2698 dum
1403 2647 1616 2713 gratiam

122 2728 222 2781 aliis
253 2728 396 2793 dari,
443 2729 561 2782 aliis
590 2732 763 2798 negari
793 2739 1052 2795 asserunt,
1084 2747 1272 2785 munus
1295 2735 1472 2800 gratia:
1503 2749 1617 2785 cum

122 2817 306 2887 Pelagio
363 2821 722 2885 perdiderunt.
769 2823 953 2876 Dicunt
1000 2839 1124 2893 ergo
1176 2827 1240 2878 ad
1288 2827 1480 2879 cultum
1532 2828 1620 2879 Dei

121 2914 255 2972 atque
277 2905 600 2970 famulatum,
631 2909 784 2962 etiam
828 2918 946 2977 post
986 2912 1226 2977 baptismi
1275 2915 1500 2968 salutare
1530 2916 1620 2968 do-

1723 1756 2006 1822 pcrieulum
2050 1757 2131 1811 vel
2175 1759 2386 1811 sinistra
2436 1757 2757 1824 profectum?
2803 1759 2948 1822 Quod
2987 1759 3030 1810 si
3079 1759 3248 1811 adhuc

1722 1852 1824 1895 tam
1851 1844 2062 1896 confusa
2093 1847 2358 1911 persuasio
2387 1849 2674 1899 orationem
2707 1845 3052 1898 necessariam
3082 1853 3246 1911 putat.
3277 1915 3281 1918 ι

1721 1931 2071 1984 indubitanter
2096 1943 2341 2000 agnoscat
2364 1935 2478 2001 quia
2503 1943 2683 1988 contra
2715 1935 3066 1986 deﬁnitionem
3089 1947 3236 1986 suam

1722 2028 1771 2071 et
1797 2020 1861 2072 de
1888 2021 2052 2087 salute
2080 2021 2142 2073 ad
2173 2024 2536 2088 perditionem,
2584 2031 2634 2077 et
2661 2023 2726 2076 de
2765 2022 3055 2090 perditione
3083 2030 3248 2074 trans-

1720 2107 1795 2159 ire
1838 2109 2028 2174 poterit
2056 2108 2121 2161 ad
2159 2109 2400 2163 salutem.
2453 2111 2506 2164 Si
2539 2125 2662 2177 ergo
2704 2110 2886 2164 orandi
2926 2124 3072 2162 usum
3120 2124 3249 2174 pra:-

1721 2195 2106 2247 tcrmittendum
2140 2211 2255 2249 esse
2287 2212 2385 2248 non
2416 2199 2914 2271 mstimatnstudium
2946 2213 3046 2248 non
3077 2198 3248 2248 exclu-

1727 2285 1813 2336 dat
1843 2284 2110 2351 operandi.
2142 2283 2272 2348 Quid
2305 2293 2383 2338 est
2426 2285 2562 2337 hoc?
2605 2284 2815 2350 pulsare
2841 2285 3031 2336 debere
3058 2297 3140 2333 me
3165 2282 3246 2346 ju-

1719 2372 1879 2434 dicas,
1902 2382 1953 2424 et
1981 2372 2317 2438 aperiendum
2348 2373 2470 2425 milii
2499 2387 2613 2426 esse
2635 2366 2902 2439 desperas.
2931 2373 3247 2423 Alterutrum

1719 2473 1843 2523 ergo
1874 2459 2029 2511 faciat
2054 2500 2067 2522 ,
2113 2468 2202 2512 aut
2231 2459 2450 2516 fructum
2479 2463 2730 2515 orationis
2758 2470 2931 2528 neget,
2965 2468 3054 2513 aut
3078 2461 3245 2528 legem

1719 2555 1921 2599 statuite
1967 2548 2271 2614 perditionis
2318 2551 2577 2604 excludat.
2623 2551 2867 2603 Videmus
2914 2551 3086 2617 itaque
3129 2552 3246 2618 quia

1722 2636 1832 2686 haec
1860 2635 2008 2701 plena
2035 2638 2229 2689 erroris
2270 2640 2515 2704 assertio,
2549 2640 2669 2691 dum
2698 2653 2906 2690 causam
2953 2639 3248 2691 intercludit

1719 2723 1898 2775 orandi
1928 2725 1994 2776 de
2036 2723 2149 2778 luce
2191 2726 2370 2790 gratiae
2406 2727 2603 2792 incipit,
2636 2736 2687 2778 et
2731 2727 2849 2778 linis
2876 2727 2988 2791 ejus
3019 2727 3068 2777 in
3102 2736 3248 2777 tene-

1722 2814 1840 2866 bras
1873 2813 2128 2880 sacrilegii
2169 2815 2382 2867 incurrit
2417 2828 2475 2867 ac
2503 2815 2693 2889 deﬁcit.
2724 2816 2811 2868 Sie.
2835 2816 3070 2868 diabolus
3099 2817 3245 2868 calli-

1722 2901 1894 2966 ditate
1913 2903 2104 2956 veteris
2146 2901 2349 2957 artiﬁcii
2380 2917 2438 2956 ac
2468 2903 2795 2955 multiformis
2828 2897 3040 2970 ingenii,
3070 2903 3245 2955 condit

121 3007 226 3043 nunt
249 2996 440 3048 devota:
469 2998 732 3051 servitutis
763 2999 1110 3052 obedientiam
1156 3017 1257 3054 non
1286 3003 1497 3069 requiri,
1528 3005 1617 3056 sed
1648 2962 1691 3023 C
1724 2992 2069 3046 l'landimt‘ma
2100 2995 2367 3060 Ρεεοθηδίο
2408 2994 2494 3047 δίο
2521 2993 2677 3046 “iam
2711 2994 2930 3046 ιυθιθίίυί
2970 2992 3137 3046 facere
3165 3009 3245 3046 50'

121 3081 262 3132 solam
289 3096 377 3146 per
401 3096 458 3134 se
483 3083 701 3151 gratiam
731 3085 965 3136 eﬂ'ectum
996 3085 1232 3158 humanm
1274 3090 1451 3141 salmis
1496 3106 1618 3153 ope-

123 3169 228 3218 rari.
253 3168 453 3229 Totum,
482 3171 737 3236 inquiunt,
760 3173 918 3224 solius
948 3184 1024 3225 est
1051 3176 1242 3240 gratim.
1269 3177 1406 3228 lstud
1437 3180 1618 3231 melius

121 3267 144 3301 a
170 3254 303 3308 nobis
330 3259 517 3323 p0terit
542 3257 663 3322 dici,
697 3257 792 3311 hoc
821 3261 984 3324 magis
1013 3262 1200 3312 nostris
1229 3264 1460 3328 partibus
1488 3279 1616 3316 con-

124 3343 244 3394 venit
279 3344 523 3410 applicari
566 3363 578 3395 ι
617 3346 704 3412 qui
731 3362 834 3399 non
882 3347 930 3398 in
980 3357 1208 3414 partem,
1242 3351 1330 3403 sed
1375 3351 1422 3402 in
1455 3361 1615 3405 totum

119 3442 258 3492 genus
300 3434 579 3485 humanum
623 3435 802 3503 gratia:
833 3435 1080 3488 beneﬁcia
1109 3439 1327 3490 fatemur
1370 3442 1612 3492 extendi:

121 3518 181 3570 sic
225 3529 388 3576 tamen
443 3533 498 3574 ut
543 3525 588 3575 ei
648 3525 923 3591 vigilantiae
969 3525 1209 3578 bttmaute
1251 3529 1476 3579 studium
1529 3545 1618 3595 per

119 3609 268 3662 omnia
302 3610 594 3677 iudicemus
619 3612 849 3680 adjungi.
877 3614 1001 3666 Nam
1034 3618 1116 3681 qui
1146 3625 1297 3683 negat
1326 3618 1502 3683 gratia:
1536 3632 1618 3671 as-

121 3698 390 3752 sociandum
441 3700 671 3752 tamulati
727 3703 916 3754 laboris
945 3713 1206 3768 conatum,
1239 3706 1494 3755 subtrahit
1528 3707 1616 3756 bo-

121 3784 222 3836 mini
263 3787 523 3839 servitutis
565 3788 810 3838 ofﬁcium.
843 3788 1026 3840 Nescio
1069 3790 1152 3840 tibi
1198 3799 1286 3839 aut
1315 3791 1521 3855 quando
1550 3792 1615 3843 ab

119 3884 252 3935 opere
297 3874 503 3936 leriari,
548 3875 754 3936 quando
797 3876 902 3927 otio
949 3878 1131 3931 debeat
1179 3880 1495 3945 derelinqui,
1528 3883 1612 3946 qui

119 3959 249 4011 etiam
294 3962 343 4013 in
393 3962 632 4028 paradiso
671 3964 877 4027 jnbetur
923 3969 1144 4029 Operari.
1199 3968 1248 4018 ln
1298 3983 1398 4034 quo
1447 3970 1614 4032 (sicut

122 4043 328 4112 legimus)
361 4049 424 4099 ita
451 4057 533 4101 est.
555 4050 893 4115 constitutus,
940 4061 990 4102 ut
1019 4066 1302 4121 operaretur
1327 4065 1370 4106 et
1398 4059 1613 4109 custodi-

120 4141 176 4182 rtt
209 4133 340 4185 illum
362 4133 511 4203 (Gen.
542 4135 623 4204 tt).

676 4225 896 4281 CAPUT
936 4228 1018 4280 IV.

121 4305 276 4363 Contra
312 4329 423 4366 eum
463 4330 681 4376 seruum,
709 4317 794 4379 qui
825 4317 1030 4370 dicendo
1069 4336 1084 4368 ι
1122 4319 1258 4372 Unus
1289 4323 1355 4372 ad
1402 4334 1607 4378 mortem

173 4382 532 4455 prmordinatus,
565 4384 690 4455 alter
711 4386 774 4455 ad
799 4386 945 4455 tritam
971 4390 1344 4455 prwdestinutus
1366 4403 1454 4455 est,
1481 4411 1497 4441 ο
1528 4410 1607 4444 re-

174 4446 250 4498 bus
270 4450 389 4515 ipsis
408 4467 541 4518 spem
567 4452 850 4504 intercludit
878 4446 1084 4506 orando.

175 4580 286 4632 Cum
314 4583 540 4636 dixerint
564 4602 577 4636 :
601 4593 762 4637 totum
792 4587 970 4653 gratiae
1002 4589 1088 4638 Dei
1132 4597 1209 4640 est
1233 4603 1246 4638 :
1270 4592 1383 4655 quis
1412 4605 1510 4641 non
1543 4593 1605 4643 ad

124 4667 205 4712 tam
231 4671 558 4722 reverendum
589 4686 775 4724 nomen
819 4657 1156 4726 omni'cordis
1187 4657 1459 4728 inclinetur
1486 4677 1607 4730 alie-

123 4751 222 4800 ctu?
251 4753 343 4807 Sed
382 4772 500 4809 cum
544 4761 961 4826 responderimus
993 4778 1005 4811 :
1037 4771 1195 4815 totum
1237 4765 1386 4827 plane
1431 4768 1606 4829 gratim

125 4845 211 4898 est,
244 4843 326 4892 sed
355 4845 594 4898 omnibus
640 4861 698 4898 ea
738 4848 888 4900 offert
912 4858 1062 4916 atque
1088 4851 1269 4916 ingerit
1295 4852 1357 4900 ad
1388 4853 1604 4904 salutem

124 4927 321 4980 omnium
365 4931 605 4983 conditor
648 4947 710 4985 ac
735 4935 1050 5000 redemptor.
1084 4936 1160 4987 Ad
1190 4937 1299 4987 haec
1341 4937 1414 4988 illi
1459 4938 1606 5006 longe

127 5021 150 5059 a
183 5012 368 5076 pietatis
413 5019 617 5070 tramite
671 5021 1009 5084 recedentes,
1055 5025 1367 5091 respondere
1414 5040 1607 5091 pra'su-

127 5101 396 5158 nmntzl‘lon
420 5117 534 5156 eam
568 5105 804 5160 Salvator
846 5111 1080 5162 omnibus
1127 5112 1300 5175 dedit,
1353 5114 1467 5179 quia
1513 5131 1606 5168 nec

126 5196 202 5248 pro
222 5192 446 5244 omnibus
473 5200 703 5245 murtuus
741 5204 836 5245 est.
888 5197 1018 5249 Ecce
1054 5200 1225 5249 statim
1275 5202 1322 5250 in
1367 5203 1605 5253 secundis

127 5281 505 5347 apparetgratite
532 5280 871 5347 impugnator,
911 5288 993 5350 qui
1036 5287 1285 5352 imprimis
1333 5292 1606 5354 putabatur

125 5369 332 5419 assertor.
357 5366 621 5434 Objiciunt
652 5383 836 5422 nomen
865 5374 1065 5436 gratim,
1109 5385 1162 5424 ttt
1204 5375 1601 5428 abominandum

129 5460 296 5505 sensum
333 5456 567 5523 operiant
618 5457 1052 5524 bl.is;:licmite..ln
1086 5463 1384 5514 alterutram
1433 5464 1600 5532 itaque

1723 3082 1829 3132 lent
1869 3081 1954 3146 qui
2000 3080 2298 3134 mortiferus
2337 3082 2611 3134 herbarum
2657 3092 2948 3148 temperant
2977 3096 3160 3134 succos
3195 3083 3245 3133 iu

1718 3169 1956 3229 condito,
1987 3179 2074 3220 aut
2119 3169 2289 3235 aliquo
2329 3170 2465 3222 dulci
2507 3171 2690 3235 poculo
2730 3170 3080 3221 nescientibus
3124 3185 3245 3234 pro-

1720 3255 1942 3321 pinaturi
1973 3266 2176 3321 gustum
2210 3258 2419 3307 mentita
2453 3256 2706 3307 suavitate
2735 3264 3071 3321 componunt,
3106 3258 3246 3308 virus

1718 3345 2078 3396 amaritudinis
2107 3344 2386 3396 obscurant
2428 3343 2611 3395 fraude
2639 3344 2948 3396 dulcedinis.
2994 3344 3245 3397 Provocat

1719 3435 1916 3496 primus
1955 3433 2083 3485 odor
2108 3433 2294 3499 poculi,
2328 3434 2417 3487 sed
2452 3435 2696 3500 praeioeat
2725 3435 2952 3488 inclusus
2980 3450 3132 3502 sapor
3161 3451 3246 3489 ve-

1718 3522 1856 3572 neni.
1887 3521 1986 3573 Mel
2015 3530 2096 3573 est
2123 3522 2260 3588 quod
2291 3523 2527 3575 ascendit
2566 3525 2615 3576 in
2649 3524 2780 3575 labia
2808 3564 2822 3586 ,
2869 3524 2934 3575 fel
2984 3532 3063 3576 est
3108 3527 3244 3591 quod

1716 3610 1983 3663 descendit
2007 3612 2058 3662 in
2089 3612 2310 3664 viscera.
2340 3613 2526 3665 Dicunt
2553 3615 2687 3679 quod
2719 3615 2768 3665 in
2797 3615 3044 3666 alterutro
3073 3629 3245 3667 rerum

1714 3707 1847 3746 Statu
1890 3697 2020 3750 illos.
2049 3697 2146 3748 sibi
2190 3712 2330 3749 mors
2378 3699 2645 3759 vindicet,
2694 3701 2821 3752 istos
2850 3703 2950 3750 vita
2981 3681 3242 3762 defendat,

1714 3798 1827 3849 qua:
1850 3797 1964 3835 cum
1995 3784 2190 3846 dicunt,
2222 3786 2309 3851 qui
2353 3801 2510 3838 unum
2539 3788 2589 3838 in
2621 3787 2821 3853 origine
2861 3789 3138 3853 perditum,
3169 3790 3244 3840 al-

1715 3882 1876 3926 terum
1906 3875 1956 3925 in
1990 3875 2442 3940 prmdestinationc
2470 3877 2697 3929 afﬁrmat
2723 3878 2964 3938 electum,
2998 3878 3110 3929 vide
3140 3894 3243 3944 quo

1713 3963 1943 4029 improba
1976 3968 2312 4030 persuasione
2339 3968 2580 4020 declinet.
2607 3969 2734 4031 Quid
2767 3970 2904 4020 enim
2935 3968 3070 4019 aliud
3099 3968 3241 4030 dicit,

1712 4052 1807 4100 nisi
1849 4052 1982 4128 quod
2029 4053 2283 4117 adjutorio
2318 4055 2565 4106 orationis
2593 4065 2774 4106 neuter
2819 4057 3086 4121 indigeat?
3113 4056 3239 4107 Nam

1707 4139 1812 4204 jam
1845 4140 2201 4205 prmordinatis
2248 4141 2312 4194 ad
2344 4143 2499 4194 vitam
2531 4145 2820 4195 necessaria
2855 4160 2954 4194 non
3000 4145 3119 4206 erit,
3155 4147 3242 4194 de-

1716 4229 1903 4294 putatis
1931 4229 1993 4280 ad
2026 4240 2242 4281 mortem
2284 4230 2530 4297 prodesse
2569 4245 2668 4280 non
2703 4230 2910 4296 poterit.
2940 4231 2993 4283 lit
3025 4231 3125 4282 isto
3155 4246 3240 4283 su-

1715 4331 1987 4383 pervacua,
2037 4319 2086 4370 in
2133 4318 2221 4370 illo
2252 4321 2450 4371 inﬁrma
2475 4320 2808 4386 jttdicubitur.
2844 4320 3095 4372 Beneﬁcia
3123 4336 3242 4387 sup-

1716 4405 2002 4470 plicationis
2040 4406 2126 4472 qui
2172 4407 2220 4458 in
2264 4408 2601 4473 :thu‘sitione
2650 4407 3112 4470 praedestinationis
3160 4416 3242 4459 est

1714 4510 1816 4545 non
1848 4495 2097 4559 requirit;
2137 4495 2222 4558 qui
2253 4508 2374 4545 vero
2418 4495 2467 4544 in
2499 4493 2804 4557 perditionis
2833 4506 2996 4558 parte,
3030 4511 3127 4547 non
3156 4509 3239 4546 rc-

1712 4582 1854 4646 cipit.
1884 4581 2027 4645 Quod
2072 4582 2112 4631 si
2146 4596 2319 4631 curant
2351 4569 2746 4646 iinpcudendam
2779 4585 2999 4633 restituat
3029 4585 3236 4647 rationi,

1714 4671 2060 4723 indubitanter
2091 4671 2339 4737 intelligat
2375 4685 2435 4724 ea
2479 4686 2592 4736 qua:
2641 4672 2912 4723 imminent
2947 4685 3098 4736 posse
3129 4687 3239 4724 mu.

1713 4760 1830 4822 tari,
1863 4756 2146 4809 secundum
2174 4757 2296 4810 illud
2329 4759 2689 4825 Evangelieum
2722 4777 2731 4808 :
2763 4758 2978 4827 Vigilnte
3003 4770 3044 4810 et
3083 4771 3237 4824 orate,

1710 4863 1772 4899 ne
1811 4847 2002 4897 intretis
2031 4846 2078 4895 in
2119 4847 2431 4897 tentationem
2464 4846 2648 4915 (Marc.
2683 4848 2789 4911 xv).
2832 4847 2993 4897 Item:
3033 4847 3238 4912 l’igilate

1707 4937 1870 5001 itaque
1891 4935 2022 4983 omni
2056 4944 2289 4999 tempore,
2315 4949 2507 4987 orantes
2538 4946 2588 4985 ut
2611 4937 2746 5002 digni
2771 4935 3047 4985 habeamini
3069 4936 3237 5001 fugere

1710 5027 1802 5076 ista
1826 5022 1988 5076 omnia
2010 5038 2120 5087 qua:
2145 5025 2314 5088 futura
2338 5034 2448 5075 sunt
2467 5063 2479 5084 ,
2505 5035 2550 5075 et
2576 5035 2702 5075 stare
2727 5033 2837 5071 ante
2864 5020 3053 5069 Filium
3079 5021 3239 5069 Itami-

1710 5117 1783 5166 nis
1810 5113 1954 5182 (Luc.
1986 5113 2100 5179 xu).
2123 5115 2184 5164 Et
2206 5115 2389 5166 iterum
2414 5130 2428 5164 :
2452 5112 2560 5163 Hoc
2591 5128 2740 5176 genus
2769 5109 2998 5160 dwmom’i
3021 5124 3116 5159 non
3146 5111 3237 5169 eii-

1705 5208 1830 5255 citur
1849 5203 1942 5254 nisi
1964 5218 2048 5268 per
2068 5204 2337 5253 orationem
2359 5212 2402 5252 et
2415 5204 2664 5270 jejunium
2691 5198 2893 5268 (Matth.
2917 5197 3064 5261 xvii).
3091 5193 3237 5259 Quod

1704 5296 1746 5346 si
1777 5293 1943 5345 oratio
1973 5293 2264 5344 necessaria
2292 5308 2392 5343 non
2425 5302 2523 5357 est,
2559 5307 2649 5342 cur
2694 5290 2802 5353 ipse
2830 5288 2912 5350 qui
2946 5287 3237 5337 exorandus

1705 5392 1782 5435 est
1805 5421 1817 5444 ,
1848 5381 2062 5433 formam
2096 5380 2346 5432 orationis
2376 5369 2594 5431 instituit
2622 5387 2674 5428 et
2701 5373 2906 5428 oravit?
2946 5373 2997 5424 ln
3025 5387 3086 5423 ei
3114 5389 3237 5439 ergo

1707 5471 1791 5536 qui
1824 5467 2040 5522 indoctis
2076 5466 2286 5520 auribus
2317 5467 2476 5520 solius
2503 5463 2680 5531 gratia:
2711 5461 2995 5515 assertione
3036 5460 3236 5512 blandi-
