3818 6226
585 249 682 304 791

1781 247 1839 297 s.
1882 242 2127 319 Fausti
2160 242 2553 320 BHEGIENSIS
2596 224 2598 226 ’

3658 249 3757 301 7J9.

586 364 670 407 tur
714 352 1074 421 propheticum
1104 350 1231 404 illud
1253 328 1590 418 implebitur:
1617 349 1892 423 Maligu’us,
1926 348 2113 417 inquit,
2142 350 2191 406 Δ
2218 348 2338 401 Iesu
2367 350 2639 413 credimus,
2676 358 2729 401 ut
2744 350 3082 417 justiﬁcemur
3106 367 3168 403 ex
3194 351 3296 418 [ide
3324 352 3512 405 Christi
3530 392 3547 412 .
3578 363 3628 406 et
3659 372 3754 407 non

588 450 750 505 nocet,
772 456 881 492 cum
917 456 968 492 se
994 438 1348 491 commiscuerit
1367 439 1530 504 justo.
1565 438 1695 490 Auri
1718 436 1918 503 species
1946 436 2116 503 primo

588 530 764 581 colore
794 526 1082 593 prmlertur,
1133 524 1223 577 sed
1254 524 1450 591 plumbi
1478 524 1655 576 vilitas
1698 512 2009 576 intrinsecus
2034 523 2112 576 la-

589 626 700 668 tere
726 614 1149 683 deprehenditur.
1175 612 1445 677 Quomodo
1474 615 1515 665 si
1544 613 1641 667 sub
1670 613 1884 680 prrelato
1912 612 2113 666 mentiti

586 703 715 755 civis
745 701 923 754 habitu
952 701 1122 754 subito
1146 700 1312 753 hostis
1338 709 1602 768 appareat,
1633 710 1721 752 aut
1761 701 1804 753 si
1834 714 1891 753 se
1921 700 2117 752 inimici

586 790 765 843 dolosa
802 789 1061 843 subtilitas
1104 790 1436 855 transfigurat
1468 782 1531 841 in
1574 790 1813 857 angelum
1858 788 2006 852 lucis,
2046 789 2116 839 ita

584 878 683 931 sub
706 880 911 945 pictatis
940 874 1109 931 fronte
1136 877 1438 944 gentilitatis
1460 877 1677 937 malum,
1700 886 1753 929 et
1780 877 1911 928 intra
1938 874 2118 941 gratia:

587 968 929 1029 vocabulum,
978 960 1339 1020 absconditum
1383 966 1481 1017 erit
1524 964 1676 1016 fatale
1725 964 2012 1016 decretum.
2063 962 2118 1016 Si

588 1072 713 1124 ergo
739 1071 878 1109 unus
902 1056 966 1108 ad
1007 1058 1188 1116 vitam,
1219 1055 1351 1107 alter
1393 1054 1457 1106 ad
1492 1054 1831 1120 perditionem
1859 1053 1949 1121 (ιιι
1976 1066 2120 1106 asse-

588 1144 728 1210 runt)
759 1145 1037 1210 deputatus
1080 1153 1161 1195 est
1199 1143 1355 1209 (sicut
1385 1142 1594 1208 quidam
1619 1150 1917 1193 sanctorum
1943 1139 2116 1207 dixit),

590 1220 691 1285 non
727 1232 993 1298 judicandi
1040 1230 1325 1294 nascimur,
1375 1229 1467 1282 sed
1505 1228 1741 1296 judicati.
1795 1229 1971 1296 Neque
2014 1228 2117 1280 ulla

589 1320 689 1373 sibi
716 1321 861 1387 juxta
893 1320 1003 1370 haec
1029 1318 1220 1383 poterit
1247 1318 1462 1386 aequitas
1489 1326 1732 1371 constare
1755 1317 1959 1384 judicii.
1989 1316 2117 1369 Nam

572 1409 632 1481 si
681 1406 805 1459 nihil
832 1407 967 1459 Deus
994 1404 1185 1458 famulo
1213 1394 1375 1472 dedit,
1404 1418 1433 1456 a
1463 1403 1659 1457 famulo
1707 1404 1829 1472 quid
1857 1404 2118 1472 reposcit?

1194 1510 1412 1565 CAPUT
1450 1511 1514 1564 V.

588 1601 730 1667 Lrgis
758 1615 907 1663 opera
937 1599 1277 1660 destruantur,
1308 1607 1353 1649 et
1374 1599 1550 1666 gratia:
1575 1600 1996 1663 commendantur,
2046 1598 2120 1651 uel

2215 452 2278 490 ea:
2305 438 2540 504 operibus
2567 436 2709 505 legis.
2756 426 2968 505 Propter
2995 438 3126 505 quod
3165 454 3228 490 ea:
3251 440 3477 506 aperibus
3504 442 3633 511 legis
3659 459 3755 494 ποι
3816 440 3818 497 i

2206 511 2569 593 justiﬁcabitur
2606 516 2765 577 omnis
2802 539 2921 575 caro
2962 538 3129 575 coram
3168 524 3259 577 illo
3285 522 3429 593 (Gal.
3468 526 3554 593 ιι).
3579 529 3658 581 Ac
3680 530 3755 583 sic

2214 612 2453 665 evacuari
2496 624 2652 678 opera
2683 624 2834 663 error
2862 610 3051 678 impius
3076 609 3241 677 dixit,
3284 613 3379 666 sed
3408 627 3528 681 qua
3556 614 3648 667 illa
3676 630 3754 669 εε-
3816 609 3818 663 ζ

2215 707 2332 753 sent
2356 698 2535 751 dolosa
2560 696 2839 751 calliditate
2865 699 3174 766 suppressit.
3200 696 3350 752 Nunc
3374 713 3504 766 ergo
3527 700 3745 767 patieris
3816 692 3818 701 ’

2217 784 2534 851 intelligendi
2563 783 2938 850 difﬁcultatem,
2967 785 3011 837 si
3040 797 3379 851 personarum
3409 786 3491 839 vel
3526 800 3742 853 operam

2218 872 2541 926 intellexeris
2568 872 2967 927 distinctionem.
2998 872 3078 926 Ad
3114 873 3325 928 Iudaeos
3349 877 3491 929 enim
3522 876 3746 930 dicitnr:

2219 958 2338 1011 Non
2369 959 2728 1027 justiﬁcabitur
2775 976 2836 1013 ea:
2876 960 3105 1030 aperibtts
3132 962 3255 1032 legis
3292 963 3452 1016 omnis
3496 980 3637 1017 caro.
3676 968 3748 1018 Ad

2218 1046 2539 1100 Christianos
2566 1062 2697 1100 vero
2717 1047 2825 1113 jam
2856 1047 2907 1100 in
2951 1049 3160 1103 Christo
3186 1061 3421 1112 renatos,
3453 1052 3528 1105 ita
3560 1055 3758 1106 instru-

2217 1136 2404 1188 ctionis
2429 1150 2603 1189 sermo
2630 1136 2869 1205 dirigitur
2901 1154 2914 1188 :
2940 1137 3231 1204 Operamini
3257 1140 3436 1193 bonum
3463 1142 3533 1191 ad
3562 1157 3748 1199 omnes.

2218 1222 2432 1274 maxime
2450 1231 2615 1275 autem
2633 1223 2698 1275 ad
2720 1224 3010 1278 domesticos
3034 1224 3153 1291 ﬁdei
3167 1224 3307 1295 (Gal.
3322 1224 3423 1296 vt).
3449 1226 3517 1280 Et
3542 1228 3753 1282 iterum.

2219 1311 2411 1379 Itaque,
2438 1312 2616 1377 fratres
2639 1312 2736 1364 mei
2757 1312 2945 1378 dilecti,
2967 1313 3166 1368 stabiles
3183 1324 3335 1369 estote
3366 1325 3417 1368 et
3449 1317 3745 1379 immobiles.

2218 1392 2523 1450 abundantes
2557 1398 2610 1449 in
2639 1413 2783 1466 opere
2810 1395 3013 1452 Domini
3042 1415 3253 1470 semper,
3278 1402 3489 1456 scientes
3510 1404 3653 1471 quod
3680 1404 3745 1455 la.

2221 1488 2309 1538 bor
2343 1494 2497 1538 vester
2518 1500 2616 1538 non
2633 1495 2707 1539 est
2731 1470 2899 1540 inanis
2914 1488 2978 1541 ‘in
3004 1487 3222 1541 Domino
3250 1487 3337 1558 (11
3358 1489 3479 1542 Cor.
3522 1470 3650 1559 xv);
3686 1495 3746 1543 ad
3816 1498 3818 1527 ῖ

2220 1575 2569 1644 Christianos,
2618 1576 2861 1645 inquam,
2904 1578 3125 1633 dicitur:
3149 1580 3237 1635 Sic
3269 1582 3432 1634 luceat
3458 1584 3551 1635 tu
3591 1592 3749 1635 uestra

631 1658 827 1747 'contr'a
858 1669 949 1718 hoc
979 1668 1109 1743 quod
1149 1658 1484 1717 indm-tissime
1520 1666 1801 1747 testimonia
1835 1680 1925 1736 pro
1959 1658 2116 1720 solius
2147 1662 2194 1720 B
2217 1680 2383 1743 coram
2410 1663 2709 1730 hominibus,
2732 1658 2785 1718 ut
2806 1661 3003 1720 videant
3029 1684 3180 1735 opera
3203 1672 3363 1722 uestra
3393 1670 3545 1735 bona,
3570 1680 3620 1722 et
3646 1672 3744 1739 gloo
3816 1704 3818 1715 ι

654 1743 829 1802 gratim
850 1745 1120 1787 assertione
1142 1743 1445 1802 praponttnt.
1792 1743 1799 1747 '

2211 1755 2404 1821 riﬁcent
2448 1753 2651 1808 Patrem
2694 1765 2929 1826 uestrum,
2968 1759 3056 1825 qui
3082 1750 3155 1810 est
3192 1759 3246 1811 in
3269 1754 3405 1811 caelis
3434 1759 3649 1827 (Matth.
3678 1764 3748 1824 v),
3816 1758 3818 1823 ξ

654 1840 912 1908 Legimus,
944 1839 1201 1909 inquiunt,
1228 1839 1292 1891 ad
1321 1839 1611 1893 Romanos:
1632 1838 1691 1893 Si
1717 1841 1846 1892 enim
1864 1840 2113 1894 Abraham
2209 1837 2262 1898 id
2287 1851 2390 1910 est,
2419 1851 2477 1898 ut
2504 1860 2605 1899 non
2633 1852 2738 1899 tam
2766 1846 2875 1901 otio
2905 1847 3247 1912 resolvamur,
3277 1862 3433 1915 quam
3458 1848 3528 1901 de
3555 1852 3737 1917 operi-
3816 1866 3818 1921 ε

584 1944 647 1981 εκ
670 1921 894 1995 operibus
902 1928 1209 1995 justiﬁcaltts
1228 1934 1319 1988 est,
1339 1926 1481 1978 habet
1498 1926 1726 1995 gloriam,
1745 1928 1832 1980 sed
1855 1942 1953 1980 non
1976 1929 2114 1995 apud
2210 1933 2306 1987 bus
2331 1932 2501 1999 bonis,
2533 1948 2636 1987 non
2663 1936 2712 1987 in
2743 1934 2925 1998 nobis,
2958 1935 3049 1989 sed
3079 1936 3130 1989 in
3163 1936 3383 1989 Domino
3420 1936 3744 2003 gloriemur.

771 2013 941 2084 (Rcui.
972 2014 1064 2081 tv).
1087 2013 1213 2067 Item
1237 2029 1252 2065 :
1278 2012 1341 2065 Ei
1366 2022 1528 2065 autem
1554 2014 1636 2081 qui
1654 2021 1902 2081 operatur,
1930 2031 2113 2069 merces

584 2094 685 2153 nos
710 2096 981 2169 impst'atur
1004 2096 1271 2154 secundum
1298 2102 1504 2169 gratiam
1524 2141 1539 2166 ,
1566 2100 1652 2153 sed
1674 2102 1941 2155 secundum
1976 2102 2111 2157 debi-

584 2195 687 2243 tu‘m
712 2190 919 2258 (lbid.).
944 2191 1001 2244 Ei
1030 2200 1200 2243 autem
1234 2190 1320 2257 qui
1339 2205 1441 2243 non
1465 2199 1731 2257 operatur,
1756 2190 1985 2246 credenti
2014 2206 2111 2246 au-

584 2281 690 2333 tem
731 2278 792 2331 in”
817 2293 933 2333 eum
976 2279 1062 2347 qui
1100 2278 1348 2346 justiﬁcat
1390 2279 1643 2346 impium,
1690 2288 1956 2347 reputatur
1982 2278 2110 2334 ﬁdes

582 2357 696 2434 ejus
723 2366 786 2419 ad
814 2366 1081 2434 justitiam.
1106 2366 1320 2419 Addunt
1347 2368 1500 2419 etiam
1525 2382 1539 2417 :
1563 2366 1623 2420 St
1640 2376 1803 2418 autem
1828 2367 1987 2433 gratia
2008 2383 2110 2418 non
2327 2375 2403 2429 υο
2427 2393 2484 2430 eo
2511 2378 2643 2446 quod
2669 2378 2759 2444 αῑι,
2786 2375 2961 2431 σηπία
2988 2376 3083 2432 ne;
3106 2394 3217 2431 mm
3240 2380 3294 2431 εά
3318 2381 3453 2447 quod
3476 2397 3616 2435 ειη,

583 2452 645 2507 ab
668 2455 892 2525 operibus
914 2493 929 2517 ,
969 2453 1155 2521 alioqui
1193 2454 1354 2522 gratia
1368 2457 1478 2521 jam
1516 2468 1613 2504 non
1653 2460 1724 2504 est
1749 2454 1912 2518 gratia
1936 2452 2108 2519 (Rom.

2276 2465 2409 2517 Audi
2449 2467 2753 2533 Apostolum
2784 2468 3011 2522 laborem
3049 2482 3166 2521 cum
3196 2471 3362 2536 gratia
3394 2470 3583 2523 humili
3616 2485 3746 2525 εω-

582 2542 694 2609 xl).
732 2541 930 2604 Quibus
978 2539 1401 2605 respondendum
1450 2544 1561 2602 est,
1606 2536 1710 2590 duo
1754 2552 1871 2592 esse
1914 2552 2107 2606 genera

2209 2552 2432 2607 fessione
2457 2530 2761 2609 miscentem
2801 2573 2816 2610 :
2856 2555 3034 2610 Gratia
3059 2530 3225 2611 autem
3254 2559 3346 2611 Dei
3373 2576 3485 2612 sunt
3528 2561 3586 2612 id
3614 2566 3747 2628 quod

583 2642 799 2694 operum
824 2666 841 2691 ,
887 2641 1108 2694 quorum
1136 2640 1295 2677 unum
1341 2632 1459 2692 post
1493 2625 1767 2679 adventum
1798 2626 1998 2679 Domini
2028 2640 2109 2680 re-

2209 2655 2335 2703 rum,
2359 2649 2407 2692 et
2436 2643 2595 2709 gratia
2614 2641 2751 2695 illius
2775 2644 2919 2695 inme
2934 2634 3089 2696 vacua
3115 2660 3212 2696 non
3232 2645 3349 2713 fuit,
3370 2648 3460 2697 sed
3475 2625 3745 2701 abund.»
3816 2626 3818 2641 Ι

588 2727 845 2778 movetur,
887 2714 1024 2766 aliud
1071 2714 1409 2781 improbatur.
1445 2714 1574 2768 Nam
1612 2715 1869 2769 dicendo:
1893 2716 1940 2770 ei
1980 2731 2107 2771 vero
2205 2728 2301 2779 tim
2334 2730 2436 2781 sui;
2464 2729 2929 2783 οηιηεδηειαδοταυί
2956 2747 2975 2784 ε
3010 2714 3109 2783 "of;
3149 2747 3241 2799 εςο
3265 2735 3565 2795 antemna
3584 2736 3748 2801 Win
3816 2718 3818 2777 ἱ

585 2808 671 2870 qui
703 2820 805 2857 non
833 2813 1095 2870 operatur,
1137 2804 1371 2857 credenti
1398 2814 1571 2859 autem
1609 2806 1661 2859 in
1691 2821 1809 2860 eum
1838 2808 1923 2875 qui
1949 2808 2102 2876 justi-
2202 2814 2298 2867 Dei
2318 2832 2507 2868 mecum
2544 2814 2596 2885 (Ι
2624 2815 2738 2869 Cor.
2765 2817 2875 2884 xv).
2908 2817 3034 2871 Vide
3063 2819 3324 2885 quomodo
3341 2821 3407 2871 ad
3432 2823 3622 2886 gratia:
3647 2821 3741 2871 do-

586 2896 705 2944 liCat
725 2892 955 2958 impium,
979 2901 1247 2957 reputatur
1271 2891 1398 2943 ﬁdes
1425 2892 1536 2958 ejus
1556 2892 1619 2945 ad
1639 2894 2104 2962 justitiam,apcrte
2205 2919 2327 2957 num
2357 2917 2564 2971 semper
2595 2904 2856 2973 subjungit
2901 2905 3094 2959 laboris
3120 2905 3427 2973 obsequium
3453 2923 3466 2956 :
3495 2905 3622 2959 Non
3655 2925 3743 2976 ego

586 2976 740 3033 tidem
772 2982 900 3047 legis
926 2982 1171 3048 operibus
1198 2984 1484 3048 anteponit.
1523 2982 1700 3049 Neque
1728 2982 1866 3036 enim
1895 2993 2105 3052 aposto-
2130 2976 2176 3038 C
2204 2998 2388 3044 autem.
2420 2991 2548 3057 Quia
2581 2994 2897 3045 mentionem
2926 2992 3089 3046 solius
3120 2992 3315 3045 laboris
3346 2992 3741 3058 intulerat,eitn
3816 2980 3818 2987 ’

2209 2022 2288 2076 Ad
2314 2022 2639 2077 Christianos
2664 2022 2855 2087 dicitur
2889 2040 2904 2077 :
2949 2024 3011 2077 lu
3036 2026 3236 2078 veritate
3265 2027 3481 2091 comperi
3509 2026 3747 2091 quoniam
3816 2020 3818 2027 ’

2209 2127 2310 2164 non
2337 2120 2763 2213 personarum
2785 2122 3012 2213 acceptor
3039 2103 3183 2165 Deus
3200 2151 3217 2173 .
3254 2112 3307 2165 iss

2209 2201 2343 2252 timet
2363 2198 2504 2251 illum
2522 2206 2567 2251 et
2584 2209 2817 2267 operatur
2821 2199 3076 2269 justitiam
3090 2207 3318 2338 τωρωι
3331 2206 3404 2253 est
3426 2198 3504 2251 illi
3518 2200 3662 2267 (Act.
3674 2198 3749 2268 ι).

2800 2284 3022 2339 CAPUT
3058 2285 3099 2339 Ὗ
3130 2323 3145 2339 .
3816 2292 3818 2375 l

584 3070 753 3122 lo‘rum
821 3070 1114 3121 testimonia
1160 3072 1555 3137 compugnantia
1601 3081 1655 3125 et
1698 3072 1957 3126 contraria
2004 3072 2103 3127 sibi

583 3173 699 3211 csse
725 3158 955 3211 dicemus
974 3199 985 3220 ,
1018 3174 1132 3211 cum
1163 3159 1291 3211 alius
1321 3161 1589 3226 apostolus
1616 3162 1755 3215 dicat
1783 3180 1795 3214 :
1826 3160 1977 3216 Fides
2002 3164 2105 3217 sine

582 3246 809 3315 operibus
829 3256 1021 3298 mortua
1045 3258 1115 3299 est
1142 3245 1274 3317 (Jac.
1308 3246 1384 3314 tt).
1414 3248 1477 3301 Et
1503 3248 1688 3302 iterum
1714 3266 1725 3301 :
1753 3248 1965 3302 Ostende
1986 3249 2105 3301 mihi

581 3337 730 3400 ﬁdem
756 3344 891 3386 tuam
917 3337 1022 3387 sine
1049 3334 1295 3399 operibus,
1323 3344 1367 3387 et
1388 3351 1477 3405 ego
1504 3339 1757 3389 ostendam
1777 3338 1862 3390 tibi
1882 3340 2105 3406 operibus

582 3424 728 3487 ﬁdem
764 3438 943 3473 meam.
973 3421 1046 3472 Tu
1076 3422 1232 3473 credis
1276 3423 1513 3487 quoniam
1539 3439 1665 3474 unus
1698 3424 1829 3476 Deus
1853 3432 1952 3490 est,
1989 3423 2107 3476 bene

584 3511 738 3576 facis;
773 3517 819 3559 et
856 3509 1101 3559 daemones
1145 3510 1348 3559 credunt
1405 3518 1453 3559 et
1494 3510 1891 3561 contremiscunt.
1940 3510 2100 3563 ltcm:

582 3599 728 3665 Sicut
754 3596 885 3648 enim
913 3611 1088 3660 corpus
1108 3596 1213 3646 sine
1233 3596 1409 3661 spiritu
1432 3604 1677 3646 mortuum
1701 3604 1793 3659 est,
1818 3597 1886 3647 ita
1915 3606 1960 3649 et
1985 3598 2107 3661 ﬁdes

584 3686 688 3736 sine
719 3683 948 3749 aperibus
976 3692 1170 3734 mortua
1198 3692 1287 3736 est.
1333 3682 1435 3737 Sed
1478 3698 1575 3736 nec
1619 3685 1729 3750 ipse
1773 3686 1956 3739 doctor
1980 3700 2105 3752 gen-

584 3775 711 3826 tium
736 3772 926 3825 Paulus
958 3772 1195 3825 diversus
1222 3772 1318 3825 sibi
1348 3782 1401 3825 et
1423 3774 1714 3827 contrarius
1738 3774 2007 3841 apparebit
2034 3776 2103 3827 ita

583 3869 790 3917 dicens:
814 3862 877 3915 In
899 3862 1120 3914 omnibus
1148 3858 1459 3915 exhibeamus
1489 3864 1829 3931 nosmetipsos,
1857 3865 1981 3915 sicut
2011 3864 2105 3916 Dei

582 3957 849 4019 ministros,
876 3956 929 4006 in
956 3954 1111 4007 multa
1139 3953 1400 4021 patientia,
1418 3951 1468 4004 in
1498 3951 1909 4017 tribulationibus,
1944 3955 1997 4005 in
2020 3970 2106 4006 ne-

581 4045 912 4107 cessitatibus,
943 4045 994 4094 in
1023 4042 1291 4110 angustiis,
1335 4042 1388 4093 in
1415 4041 1597 4110 plagis,
1636 4043 1687 4095 in
1725 4042 2027 4105 carceribus,
2051 4043 2121 4093 in.

582 4132 922 4195 seditionibus,
961 4132 1015 4183 in
1057 4131 1306 4183 laboribus
1339 4127 1427 4197 (II
1464 4128 1580 4181 Cor.
1624 4128 1738 4196 γι).
1782 4128 1847 4182 Ει
1884 4130 2100 4183 iterum:

2203 3080 2348 3148 quasi
2396 3081 2459 3132 ad
2489 3080 2786 3145 amplexum
2826 3082 3008 3134 matris
3044 3084 3228 3149 gratia:
3264 3083 3490 3135 recurrit
3515 3082 3738 3137 dicens:

2200 3170 2288 3220 sed
2311 3169 2474 3237 gratia
2490 3168 2583 3221 Dei
2602 3185 2811 3220 mecum.
2829 3167 3029 3232 Gratia,
3052 3169 3241 3237 inquit,
3268 3170 3359 3222 Dei
3378 3186 3512 3224 sunt.
3539 3170 3739 3224 Prima

2204 3264 2380 3322 partes
2416 3257 2519 3308 soli
2568 3257 2744 3321 gratiae
2770 3256 2877 3330 pie
2921 3256 3186 3321 subjectus
3226 3257 3513 3323 ascripsit.
3566 3255 3739 3309 media

2202 3359 2419 3412 quazque
2443 3344 2607 3396 labori
2636 3345 2880 3409 magister
2899 3344 3206 3397 obedientias
3221 3343 3505 3408 deputavit.
3531 3343 3741 3397 Ctrum-
3816 3400 3818 3407 ,

2203 3447 2303 3498 que
2332 3433 2383 3484 in
2410 3433 2859 3485 consummatione
2890 3433 3207 3493 moderatus,
3235 3432 3449 3499 gratiam
3473 3432 3742 3486 laboret!»

2202 3532 2304 3584 que
2333 3519 2618 3584 conjunxit.
2649 3519 2761 3572 Non
2790 3520 2921 3572 dixit
2961 3534 3057 3586 cgo
3098 3521 3211 3573 sine
3236 3522 3404 3588 gratia
3432 3521 3520 3575 vel
3571 3522 3737 3590 gratia

2203 3606 2315 3658 sine
2344 3622 2444 3669 me,
2472 3612 2558 3659 sed
2580 3610 2740 3673 gratia
2765 3607 2857 3660 Dei
2880 3624 3090 3661 mecum.

2272 3695 2395 3761 Qua:
2423 3698 2563 3762 prius
2601 3698 2894 3764 singillatim
2924 3697 3164 3750 distincta
3208 3698 3527 3764 protulerat,
3558 3714 3719 3766 quam

2203 3787 2331 3839 bene
2359 3786 2409 3838 in
2436 3788 2690 3840 sermonis
2735 3786 2834 3841 ﬁne
2874 3787 3172 3840 connexuit.
3204 3787 3281 3852 Ac
3311 3787 3390 3841 sic
3413 3788 3556 3855 apud
3588 3803 3738 3856 rege-

2201 3887 2431 3941 neratos,
2474 3877 2680 3943 quando
2721 3878 2882 3944 gratia
2925 3877 3036 3930 sine
3078 3877 3279 3941 labore,
3309 3876 3397 3931 vel
3436 3877 3597 3933 labor
3619 3878 3735 3933 sine

2204 3964 2370 4030 gratia
2396 3964 2447 4017 in
2465 3965 2742 4031 Scripturis
2768 3965 2992 4032 ponitur,
3021 3964 3361 4033 supprimitur
3387 3979 3492 4019 non
3518 3980 3737 4034 separa-

2203 4058 2305 4102 tttr.
2344 4051 2473 4106 Cum
2510 4067 2666 4104 unum
2704 4053 2815 4106 sine
2850 4052 2953 4104 alio
2990 4052 3200 4117 dicitur,
3238 4061 3442 4106 tacetur
3464 4053 3733 4117 alter“.

2203 4151 2307 4189 non
2336 4146 2580 4205 negatur;
2608 4138 2889 4191 secundum
2918 4139 3057 4191 illam
3085 4141 3346 4207 regulam.
3369 4141 3598 4195 antistes
3624 4142 3734 4195 AI-

586 4218 927 4283 Unusquisque
966 4216 1217 4284 propriam
1259 4215 1534 4267 mercedem
1580 4216 1784 4278 σεσίρὶει
1832 4217 2103 4268 εεοηηάυηῑ
2137 4281 2180 4295 λ
2204 4226 2435 4293 gustinus
2468 4226 2737 4279 insinuat:
2767 4225 2876 4276 Non
2911 4226 3084 4278 omnia
3123 4240 3239 4292 quae
3268 4234 3509 4279 tacentur
3538 4240 3735 4295 nqu-

581 4281 1039 4367 sunmitaboremiu
1059 4281 1188 4355 ζον.
1222 4301 1321 4368 ιιι).
1355 4300 1479 4363 Qum
1505 4300 1760 4365 imperitis
1790 4311 1841 4353 et
1863 4301 2102 4369 indoctis,
2131 4281 2183 4338 D
2204 4281 2308 4362 ἴαν,
2340 4309 2444 4365 sed
2470 4320 2523 4363 et
2546 4310 2649 4363 alio
2678 4311 2792 4362 loco
2818 4310 2945 4363 dicit
2972 4281 3249 4377 Apostolus
3278 4328 3291 4360 :
3321 4311 3527 4380 Castigo
3554 4281 3733 4379 αἶγα

582 4400 637 4444 et
673 4392 754 4441 his
770 4390 867 4456 qui
896 4388 1098 4440 veritati
1131 4388 1388 4448 obstinato
1414 4386 1595 4452 spiritu
1623 4386 1959 4453 reluctantur,
1990 4388 2101 4439 dis-

584 4477 850 4530 cordantia
892 4476 1219 4527 videbuntur.
1255 4472 1441 4525 Verum
1481 4475 1626 4541 juxta
1673 4471 1981 4527 catholicam
2017 4489 2104 4527 re-

584 4566 779 4630 gulam,
807 4577 963 4629 opera
985 4562 1115 4629 legis
1143 4571 1476 4625 evacuantur,
1506 4577 1617 4629 qua:
1642 4562 1927 4615 secundum
1972 4562 2107 4615 litto-

589 4669 696 4704 ratu
737 4664 887 4716 sunt,
930 4665 981 4705 et
1008 4667 1068 4705 ea
1097 4667 1211 4719 qua:
1245 4660 1361 4719 post
1387 4652 1605 4718 gratiam
1631 4653 1915 4706 comitante
1938 4650 2105 4719 gratia

588 4742 810 4808 gerenda
837 4751 957 4793 sunt
980 4780 994 4805 ,
1035 4754 1357 4793 asseruntur.
1392 4740 1667 4815 Videamus
1692 4739 1736 4792 si
1763 4740 1861 4795 hoc
1888 4741 1958 4792 ita
1987 4754 2106 4795 esse

590 4837 744 4885 rebus
785 4833 905 4897 ipsis
932 4826 1220 4898 approbare
1250 4833 1525 4884 valeamus.
1552 4832 1719 4898 Opera
1752 4833 1881 4900 legis
1907 4834 2104 4887 destrui

589 4920 844 4988 legimus,
892 4934 1009 4971 cum
1050 4920 1345 4971 Judzeorum
1392 4920 1684 4984 comprimit
1722 4922 1999 4974 elationem
2028 4922 2102 4973 di-

587 5027 711 5063 cctts
736 5027 747 5061 :
772 5008 866 5061 Ubi
894 5018 983 5065 est,
1020 5002 1205 5075 inquit,
1240 5008 1468 5073 gloriatio
1502 5007 1622 5058 tua?
1666 5010 1862 5059 erclusa
1890 5016 1979 5059 est.
2009 5006 2107 5058 Per

586 5117 732 5166 quam
754 5100 944 5166 legem?
981 5096 1262 5166 factorum?
1296 5112 1411 5159 non,
1448 5099 1533 5148 sed
1559 5092 1645 5165 per
1674 5100 1829 5168 legem
1854 5100 1987 5165 ﬁdei.
2016 5100 2107 5148 Ar-

588 5190 823 5239 biframur
851 5190 978 5241 enim
1014 5186 1279 5255 justi/icari
1302 5185 1543 5236 hominem
1572 5202 1657 5250 per
1685 5188 1831 5252 ﬁdem
1858 5188 1961 5239 sine
1987 5202 2105 5252 ope-

586 5279 719 5329 ribus
751 5280 869 5345 legis
902 5279 1069 5344 (Rom.
1114 5273 1208 5339 ttt).
1253 5274 1501 5327 Similiter
1530 5283 1581 5326 et
1609 5274 1670 5325 ad
1702 5275 1909 5326 Galatas
1939 5274 2100 5326 dicit:

592 5363 834 5424 Scientes,
860 5366 1051 5428 inquit,
1084 5362 1215 5429 quod
1246 5376 1341 5412 non
1361 5362 1667 5427 justiﬁcatur
1687 5362 1831 5413 homo
1860 5378 1918 5413 c1:
1943 5364 2104 5427 operi-

592 5450 680 5502 bus
709 5454 825 5519 legis
848 5493 863 5519 ,
906 5452 1003 5503 nisi
1039 5467 1123 5520 per
1152 5450 1297 5517 ﬁdem
1322 5448 1504 5501 Christi
1526 5448 1674 5514 Iesu,
1718 5466 1806 5502 nos
1836 5452 1883 5502 in
1912 5450 2103 5501 Christo

2204 4412 2366 4449 meum
2388 4404 2435 4447 et
2458 4397 2512 4447 in
2536 4395 2813 4447 servitutem
2838 4395 3039 4461 redigo,
3068 4411 3130 4448 ne
3155 4397 3283 4464 [om
3311 4411 3422 4447 eum
3450 4397 3577 4450 aliis
3607 4411 3732 4464 prc-

2205 4486 2497 4546 dicaverim,
2521 4484 2625 4551 ipse
2651 4482 2887 4549 reprobus
2909 4483 3090 4551 ἠιὼν
3111 4481 3164 4549 (1
3189 4480 3306 4536 Cor.
3337 4481 3472 4550 ιιι).
3500 4483 3646 4538 an
3673 4482 3731 4535 Β.

2204 4570 2482 4636 Apostolus
2511 4570 2616 4636 jam
2639 4569 2848 4622 Christo
2872 4569 3183 4636 acquisitus;
3207 4569 3316 4637 jam‘
3341 4582 3433 4621 vas
3452 4568 3732 4625 electionis

2204 4655 2443 4719 etiam,
2472 4671 2790 4724 nequaquam
2824 4655 2922 4709 sub
2948 4656 3157 4708 nomine
3181 4654 3667 4722 prcdestluatb-h
3683 4664 3735 4710 et

2200 4748 2377 4817 gratia:
2406 4762 2421 4797 :
2450 4735 2557 4799 otio
2590 4760 2774 4797 manus
2808 4741 3037 4807 relaxat,
3071 4744 3160 4799 sed
3192 4758 3312 4798 cum
3340 4744 3431 4799 Dei
3457 4744 3735 4801 δαιύῶ

2202 4845 2416 4889 conatus
2440 4848 2564 4888 suos
2586 4834 2776 4901 jungit,
2797 4833 2998 4887 et’dicit
3024 4849 3039 4884 :
3069 4833 3267 4902 Casttgo
3285 4848 3467 4903 corpus
3490 4848 3669 4890 una.
3688 4841 3733 4886 et

2202 4926 2255 4976 in
2281 4925 2556 4975 servitutem
2580 4923 2769 4989 redigo.
2813 4922 2945 4974 Ecce
2979 4921 3087 4987 jam
3128 4920 3290 4989 partis
3331 4920 3541 4976 dextro
3581 4921 3730 5005 miles

2204 5020 2302 5071 eet,
2328 5019 2381 5062 et
2404 5010 2520 5063 vide
2544 5009 2805 5075 quomodo
2826 5006 3105 5073 periclitari
3126 5008 3312 5060 meruit
3327 5008 3434 5076 jam
3453 5008 3727 5077 proh-us.

2207 5101 2464 5164 quomodo
2500 5100 2770 5188 reprobari
2812 5100 3127 5166 pertimescit
3164 5101 3389 5188 electus:
3416 5098 3541 5188 {Iam
3569 5096 3728 5188 vieto-

2208 5191 2334 5239 riam
2361 5189 2410 5241 in
2436 5187 2669 5240 manibus
2695 5187 2866 5251 habet,
2889 5197 2938 5240 et
2959 5188 3177 5241 necdum
3196 5202 3342 5241 artua
3360 5186 3727 5254 deponit.“

2208 5278 2479 5345 perductus
2506 5285 2586 5330 εει
2612 5278 2673 5328 ad
2706 5277 3045 5344 triumphum,
3074 5286 3127 5332 et
3152 5276 3319 5331 adhuc
3341 5277 3549 5334 militia
3570 5272 3729 5345 με·

2207 5366 2388 5415 mescit
2410 5374 2669 5417 eventum.
2709 5365 2832 5428 Quae
2858 5380 2976 5419 cum
3008 5366 3075 5417 ita
3117 5367 3252 5430 sint,
3281 5363 3524 5433 μωρίη
3549 5370 3609 5417 ω
3628 5372 3727 5413 non

2205 5458 2381 5502 contra
2409 5450 2661 5503 inﬁrmam
2692 5464 3047 5517 quamcunque
3074 5462 3355 5516 personam
3376 5488 3393 5510 .
3429 5446 3726 5504 actm
