  <div class='ocr_page' id='page_1' title='image "/cluster/home/n/w/nwhite01/storage/ocr_20150623/58/uva.x000827100/404.png"; bbox 0 0 3818 6226; ppageno 0'>
   <div class='ocr_carea' id='block_1_1' title="bbox 10 80 318 458">
    <p class='ocr_par' dir='ltr' id='par_1_1' title="bbox 14 84 314 458">
     <span class='ocr_line' id='line_1_1' title="bbox 14 84 314 458; baseline 0 0"><span class='ocrx_word' id='word_1_1' title='bbox 14 84 314 458; x_wconf 82' lang='grc' dir='ltr'><strong>ι</strong></span> 
     </span>
    </p>
   </div>
   <div class='ocr_carea' id='block_1_2' title="bbox 14 458 254 722">
    <p class='ocr_par' dir='ltr' id='par_1_2' title="bbox 93 669 134 720">
     <span class='ocr_line' id='line_1_2' title="bbox 93 669 134 720; baseline 0 0"><span class='ocrx_word' id='word_1_2' title='bbox 93 669 134 720; x_wconf 59' lang='lat'><strong><em>5</em></strong></span> 
     </span>
    </p>
   </div>
   <div class='ocr_carea' id='block_1_3' title="bbox 10 722 284 898">
    <p class='ocr_par' dir='ltr' id='par_1_3' title="bbox 93 755 265 806">
     <span class='ocr_line' id='line_1_3' title="bbox 93 755 265 779; baseline 0.006 -1"><span class='ocrx_word' id='word_1_3' title='bbox 93 755 134 778; x_wconf 60' lang='grc' dir='ltr'><strong>δέ</strong></span> <span class='ocrx_word' id='word_1_4' title='bbox 256 776 265 779; x_wconf 42' lang='grc' dir='ltr'><em>Α</em></span> 
     </span>
     <span class='ocr_line' id='line_1_4' title="bbox 93 787 246 806; baseline 0.013 -2"><span class='ocrx_word' id='word_1_5' title='bbox 93 787 134 806; x_wconf 64' lang='grc' dir='ltr'><strong>λετ</strong></span> <span class='ocrx_word' id='word_1_6' title='bbox 235 787 246 794; x_wconf 79' lang='grc'><strong><em>⁵</em></strong></span> 
     </span>
    </p>
   </div>
   <div class='ocr_carea' id='block_1_4' title="bbox 10 1152 60 1577">
    <p class='ocr_par' dir='ltr' id='par_1_4' title="bbox 14 1152 60 1577">
     <span class='ocr_line' id='line_1_5' title="bbox 14 1152 60 1577; baseline 0 -12"><span class='ocrx_word' id='word_1_7' title='bbox 14 1152 60 1577; x_wconf 80' lang='lat' dir='ltr'><strong>i</strong></span> 
     </span>
    </p>
   </div>
   <div class='ocr_carea' id='block_1_5' title="bbox 10 1778 88 2034">
    <p class='ocr_par' dir='ltr' id='par_1_5' title="bbox 14 1778 88 2034">
     <span class='ocr_line' id='line_1_6' title="bbox 14 1778 88 2034; baseline 0 0"><span class='ocrx_word' id='word_1_8' title='bbox 14 1778 88 2034; x_wconf 74' lang='grc' dir='ltr'><strong><em>Ε</em></strong></span> 
     </span>
    </p>
   </div>
   <div class='ocr_carea' id='block_1_6' title="bbox 10 2209 94 2479">
    <p class='ocr_par' dir='ltr' id='par_1_6' title="bbox 14 2209 94 2479">
     <span class='ocr_line' id='line_1_7' title="bbox 14 2209 94 2479; baseline 0 -18"><span class='ocrx_word' id='word_1_9' title='bbox 14 2209 94 2479; x_wconf 74' lang='grc' dir='ltr'><em>ἓ</em></span> 
     </span>
    </p>
   </div>
   <div class='ocr_carea' id='block_1_7' title="bbox 255 509 1494 597">
    <p class='ocr_par' dir='ltr' id='par_1_7' title="bbox 255 509 1494 597">
     <span class='ocr_line' id='line_1_8' title="bbox 255 509 1494 597; baseline -0.011 -18"><span class='ocrx_word' id='word_1_10' title='bbox 255 509 457 597; x_wconf 54' lang='lat' dir='ltr'><strong>Ergere</strong></span> <span class='ocrx_word' id='word_1_11' title='bbox 478 565 494 585; x_wconf 96' lang='lat'><strong>,</strong></span> <span class='ocrx_word' id='word_1_12' title='bbox 536 533 585 577; x_wconf 91' lang='lat' dir='ltr'><strong>et</strong></span> <span class='ocrx_word' id='word_1_13' title='bbox 604 522 815 579; x_wconf 78' lang='lat' dir='ltr'><strong>Christo</strong></span> <span class='ocrx_word' id='word_1_14' title='bbox 844 518 927 585; x_wconf 86' lang='lat' dir='ltr'><strong>qui</strong></span> <span class='ocrx_word' id='word_1_15' title='bbox 959 519 1089 568; x_wconf 90' lang='lat' dir='ltr'><strong>intra</strong></span> <span class='ocrx_word' id='word_1_16' title='bbox 1120 529 1236 567; x_wconf 90' lang='lat' dir='ltr'><strong>eum</strong></span> <span class='ocrx_word' id='word_1_17' title='bbox 1269 512 1494 580; x_wconf 88' lang='lat' dir='ltr'><strong>loquitur</strong></span> 
     </span>
    </p>
   </div>
   <div class='ocr_carea' id='block_1_8' title="bbox 253 598 1493 681">
    <p class='ocr_par' dir='ltr' id='par_1_8' title="bbox 253 598 1493 681">
     <span class='ocr_line' id='line_1_9' title="bbox 253 598 1493 681; baseline -0.015 -14"><span class='ocrx_word' id='word_1_18' title='bbox 398 612 627 677; x_wconf 80' lang='lat' dir='ltr'><strong>Dumque</strong></span> <span class='ocrx_word' id='word_1_19' title='bbox 671 607 859 661; x_wconf 85' lang='lat' dir='ltr'><strong>laboris</strong></span> <span class='ocrx_word' id='word_1_20' title='bbox 908 604 1176 679; x_wconf 86' lang='lat' dir='ltr'><strong>servitium</strong></span> <span class='ocrx_word' id='word_1_21' title='bbox 1224 609 1275 653; x_wconf 89' lang='lat' dir='ltr'><strong>et</strong></span> <span class='ocrx_word' id='word_1_22' title='bbox 1312 598 1493 651; x_wconf 91' lang='lat' dir='ltr'><strong>orandi</strong></span> 
     </span>
    </p>
   </div>
   <div class='ocr_carea' id='block_1_9' title="bbox 264 680 1495 765">
    <p class='ocr_par' dir='ltr' id='par_1_9' title="bbox 264 680 1495 765">
     <span class='ocr_line' id='line_1_10' title="bbox 264 680 1495 765; baseline -0.015 -12"><span class='ocrx_word' id='word_1_23' title='bbox 264 680 412 763; x_wconf 48' lang='lat' dir='ltr'><strong>Eis,</strong></span> <span class='ocrx_word' id='word_1_24' title='bbox 456 701 663 765; x_wconf 88' lang='lat' dir='ltr'><strong>januam</strong></span> <span class='ocrx_word' id='word_1_25' title='bbox 705 694 882 747; x_wconf 71' lang='lat' dir='ltr'><strong>salutis</strong></span> <span class='ocrx_word' id='word_1_26' title='bbox 930 692 1153 742; x_wconf 87' lang='lat' dir='ltr'><strong>humano</strong></span> <span class='ocrx_word' id='word_1_27' title='bbox 1191 685 1369 755; x_wconf 90' lang='lat' dir='ltr'><strong>generi</strong></span> <span class='ocrx_word' id='word_1_28' title='bbox 1418 685 1495 736; x_wconf 76' lang='lat' dir='ltr'><strong>in~</strong></span> 
     </span>
    </p>
   </div>
   <div class='ocr_carea' id='block_1_10' title="bbox 235 775 1524 853">
    <p class='ocr_par' dir='ltr' id='par_1_10' title="bbox 235 775 1524 853">
     <span class='ocr_line' id='line_1_11' title="bbox 235 775 1524 853; baseline -0.015 -13"><span class='ocrx_word' id='word_1_29' title='bbox 235 775 267 853; x_wconf 63' lang='grc' dir='ltr'><strong>ἱ</strong></span> <span class='ocrx_word' id='word_1_30' title='bbox 311 798 362 841; x_wconf 88' lang='lat' dir='ltr'><strong>te</strong></span> <span class='ocrx_word' id='word_1_31' title='bbox 402 799 639 853; x_wconf 77' lang='lat' dir='ltr'><strong>agnosce.</strong></span> <span class='ocrx_word' id='word_1_32' title='bbox 690 782 754 832; x_wconf 86' lang='lat' dir='ltr'><strong>Et</strong></span> <span class='ocrx_word' id='word_1_33' title='bbox 793 781 913 831; x_wconf 91' lang='lat' dir='ltr'><strong>dum</strong></span> <span class='ocrx_word' id='word_1_34' title='bbox 952 777 1139 845; x_wconf 79' lang='lat' dir='ltr'><strong>Pelagii</strong></span> <span class='ocrx_word' id='word_1_35' title='bbox 1183 775 1524 842; x_wconf 87' lang='lat' dir='ltr'><strong>impietatem_</strong></span> 
     </span>
    </p>
   </div>
   <div class='ocr_carea' id='block_1_11' title="bbox 215 859 1515 944">
    <p class='ocr_par' dir='ltr' id='par_1_11' title="bbox 215 859 1515 944">
     <span class='ocr_line' id='line_1_12' title="bbox 215 859 1515 944; baseline -0.015 -15"><span class='ocrx_word' id='word_1_36' title='bbox 215 859 429 944; x_wconf 59' lang='lat' dir='ltr'><strong>iugere.</strong></span> <span class='ocrx_word' id='word_1_37' title='bbox 451 875 513 925; x_wconf 84' lang='lat' dir='ltr'><strong>ad</strong></span> <span class='ocrx_word' id='word_1_38' title='bbox 538 873 929 924; x_wconf 61' lang='lat' dir='ltr'><strong>Manichzeoruvu</strong></span> <span class='ocrx_word' id='word_1_39' title='bbox 961 866 1142 931; x_wconf 81' lang='lat' dir='ltr'><strong>dogma</strong></span> <span class='ocrx_word' id='word_1_40' title='bbox 1158 861 1515 933; x_wconf 25' lang='lat' dir='ltr'><strong>.pestiferum,’</strong></span> 
     </span>
    </p>
   </div>
   <div class='ocr_carea' id='block_1_12' title="bbox 226 946 1501 1027">
    <p class='ocr_par' dir='ltr' id='par_1_12' title="bbox 226 946 1501 1027">
     <span class='ocr_line' id='line_1_13' title="bbox 226 946 1501 1027; baseline -0.018 -9"><span class='ocrx_word' id='word_1_41' title='bbox 226 946 313 1019; x_wconf 76' lang='lat' dir='ltr'><strong>inm</strong></span> <span class='ocrx_word' id='word_1_42' title='bbox 354 964 621 1016; x_wconf 71' lang='lat' dir='ltr'><strong>arbitrium</strong></span> <span class='ocrx_word' id='word_1_43' title='bbox 663 966 826 1011; x_wconf 89' lang='lat' dir='ltr'><strong>totum</strong></span> <span class='ocrx_word' id='word_1_44' title='bbox 867 956 1151 1027; x_wconf 82' lang='lat' dir='ltr'><strong>denegant,</strong></span> <span class='ocrx_word' id='word_1_45' title='bbox 1194 960 1243 1002; x_wconf 88' lang='lat' dir='ltr'><strong>te</strong></span> <span class='ocrx_word' id='word_1_46' title='bbox 1273 946 1501 1019; x_wconf 86' lang='lat' dir='ltr'><strong>intellige</strong></span> 
     </span>
    </p>
   </div>
   <div class='ocr_carea' id='block_1_13' title="bbox 68 419 139 1139">
    <p class='ocr_par' dir='ltr' id='par_1_13' title="bbox 68 839 139 1121">
     <span class='ocr_line' id='line_1_14' title="bbox 93 839 134 876; baseline 0 -2"><span class='ocrx_word' id='word_1_47' title='bbox 93 839 134 876; x_wconf 47' lang='lat' dir='ltr'><strong>es</strong></span> 
     </span>
     <span class='ocr_line' id='line_1_15' title="bbox 93 879 120 918; baseline 0 0"><span class='ocrx_word' id='word_1_48' title='bbox 93 879 120 918; x_wconf 59' lang='lat'><strong>&quot;1</strong></span> 
     </span>
     <span class='ocr_line' id='line_1_16' title="bbox 68 1054 139 1121; baseline 0 -12"><span class='ocrx_word' id='word_1_49' title='bbox 68 1054 139 1121; x_wconf 63' lang='lat' dir='ltr'><strong>~it</strong></span> 
     </span>
    </p>
   </div>
   <div class='ocr_carea' id='block_1_14' title="bbox 556 1110 915 1167">
    <p class='ocr_par' dir='ltr' id='par_1_14' title="bbox 556 1110 915 1167">
     <span class='ocr_line' id='line_1_17' title="bbox 556 1110 915 1167; baseline -0.014 -1"><span class='ocrx_word' id='word_1_50' title='bbox 556 1113 772 1167; x_wconf 74' lang='lat' dir='ltr'><strong>CAPUT</strong></span> <span class='ocrx_word' id='word_1_51' title='bbox 807 1110 915 1163; x_wconf 67' lang='grc' dir='ltr'><strong>γη.</strong></span> 
     </span>
    </p>
   </div>
   <div class='ocr_carea' id='block_1_15' title="bbox 33 1191 1504 1269">
    <p class='ocr_par' dir='ltr' id='par_1_15' title="bbox 33 1191 1504 1269">
     <span class='ocr_line' id='line_1_18' title="bbox 33 1191 1504 1269; baseline -0.013 -9"><span class='ocrx_word' id='word_1_52' title='bbox 33 1191 244 1269; x_wconf 62' lang='lat' dir='ltr'><strong>Modo</strong></span> <span class='ocrx_word' id='word_1_53' title='bbox 269 1202 643 1269; x_wconf 81' lang='lat' dir='ltr'><strong>intelligendum</strong></span> <span class='ocrx_word' id='word_1_54' title='bbox 665 1202 762 1251; x_wconf 88' lang='lat' dir='ltr'><strong>sit:</strong></span> <span class='ocrx_word' id='word_1_55' title='bbox 782 1217 797 1246; x_wconf 84' lang='grc' dir='ltr'><strong>ι</strong></span> <span class='ocrx_word' id='word_1_56' title='bbox 827 1191 1358 1269; x_wconf 63' lang='lat' dir='ltr'><strong>Gratia,inqu_it,salui</strong></span> <span class='ocrx_word' id='word_1_57' title='bbox 1385 1191 1504 1269; x_wconf 44' lang='lat' dir='ltr'><strong>fa‘rti</strong></span> 
     </span>
    </p>
   </div>
   <div class='ocr_carea' id='block_1_16' title="bbox 70 1260 1503 1341">
    <p class='ocr_par' dir='ltr' id='par_1_16' title="bbox 70 1260 1503 1341">
     <span class='ocr_line' id='line_1_19' title="bbox 70 1260 1503 1341; baseline -0.015 -12"><span class='ocrx_word' id='word_1_58' title='bbox 70 1260 169 1329; x_wconf 72' lang='lat' dir='ltr'><strong>estis</strong></span> <span class='ocrx_word' id='word_1_59' title='bbox 191 1290 275 1341; x_wconf 65' lang='lat' dir='ltr'><strong>per</strong></span> <span class='ocrx_word' id='word_1_60' title='bbox 301 1260 482 1337; x_wconf 57' lang='lat' dir='ltr'><strong>ﬁdem,</strong></span> <span class='ocrx_word' id='word_1_61' title='bbox 514 1279 555 1321; x_wconf 92' lang='lat' dir='ltr'><strong>et</strong></span> <span class='ocrx_word' id='word_1_62' title='bbox 592 1269 681 1341; x_wconf 78' lang='lat' dir='ltr'><strong>hoc</strong></span> <span class='ocrx_word' id='word_1_63' title='bbox 716 1282 815 1317; x_wconf 86' lang='lat' dir='ltr'><strong>non</strong></span> <span class='ocrx_word' id='word_1_64' title='bbox 846 1281 907 1316; x_wconf 75' lang='lat' dir='ltr'><strong>ex</strong></span> <span class='ocrx_word' id='word_1_65' title='bbox 934 1266 1094 1341; x_wconf 59' lang='lat' dir='ltr'><strong>nobis,</strong></span> <span class='ocrx_word' id='word_1_66' title='bbox 1114 1263 1225 1341; x_wconf 43' lang='lat' dir='ltr'><strong>.Dei</strong></span> <span class='ocrx_word' id='word_1_67' title='bbox 1256 1260 1503 1341; x_wconf 38' lang='lat' dir='ltr'><strong>enimldof</strong></span> 
     </span>
    </p>
   </div>
   <div class='ocr_carea' id='block_1_17' title="bbox 72 1331 1505 1449">
    <p class='ocr_par' dir='ltr' id='par_1_17' title="bbox 72 1331 1505 1449">
     <span class='ocr_line' id='line_1_20' title="bbox 72 1331 1505 1449; baseline -0.013 -56"><span class='ocrx_word' id='word_1_68' title='bbox 72 1331 405 1400; x_wconf 65' lang='lat' dir='ltr'><strong>aum&#39;est,non</strong></span> <span class='ocrx_word' id='word_1_69' title='bbox 431 1331 492 1388; x_wconf 73' lang='lat' dir='ltr'><strong>ei:</strong></span> <span class='ocrx_word' id='word_1_70' title='bbox 518 1336 763 1403; x_wconf 82' lang='lat' dir='ltr'><strong>cperibus,</strong></span> <span class='ocrx_word' id='word_1_71' title='bbox 784 1349 842 1383; x_wconf 88' lang='lat' dir='ltr'><strong>ne</strong></span> <span class='ocrx_word' id='word_1_72' title='bbox 866 1334 971 1398; x_wconf 86' lang='lat' dir='ltr'><strong>quis</strong></span> <span class='ocrx_word' id='word_1_73' title='bbox 999 1332 1264 1449; x_wconf 49' lang='lat' dir='ltr'><strong>giarietur;</strong></span> <span class='ocrx_word' id='word_1_74' title='bbox 1294 1345 1311 1376; x_wconf 83' lang='grc' dir='ltr'><strong>ι</strong></span> <span class='ocrx_word' id='word_1_75' title='bbox 1350 1331 1431 1376; x_wconf 84' lang='lat' dir='ltr'><strong>ubi</strong></span> <span class='ocrx_word' id='word_1_76' title='bbox 1460 1334 1505 1376; x_wconf 89' lang='lat' dir='ltr'><strong>et</strong></span> 
     </span>
     <span class='ocr_line' id='line_1_21' title="bbox 78 1394 1503 1449; baseline 0 0"><span class='ocrx_word' id='word_1_77' title='bbox 78 1411 180 1449; x_wconf 73' lang='lat' dir='ltr'><strong>‘dn</strong></span> <span class='ocrx_word' id='word_1_78' title='bbox 216 1408 345 1449; x_wconf 74' lang='lat' dir='ltr'><strong>intra</strong></span> <span class='ocrx_word' id='word_1_79' title='bbox 386 1421 535 1449; x_wconf 75' lang='lat' dir='ltr'><strong>ouem</strong></span> <span class='ocrx_word' id='word_1_80' title='bbox 572 1412 875 1449; x_wconf 74' lang='lat' dir='ltr'><strong>numeratur.</strong></span> <span class='ocrx_word' id='word_1_81' title='bbox 910 1411 954 1449; x_wconf 89' lang='lat' dir='ltr'><strong>et</strong></span> <span class='ocrx_word' id='word_1_82' title='bbox 983 1401 1026 1449; x_wconf 83' lang='lat' dir='ltr'><strong>ci</strong></span> <span class='ocrx_word' id='word_1_83' title='bbox 1062 1414 1116 1449; x_wconf 86' lang='lat' dir='ltr'><strong>us</strong></span> <span class='ocrx_word' id='word_1_84' title='bbox 1154 1394 1277 1449; x_wconf 80' lang='lat' dir='ltr'><strong>leais</strong></span> <span class='ocrx_word' id='word_1_85' title='bbox 1312 1396 1503 1449; x_wconf 75' lang='lat' dir='ltr'><strong>perire.</strong></span> 
     </span>
    </p>
   </div>
   <div class='ocr_carea' id='block_1_18' title="bbox 74 1394 1503 1474">
    <p class='ocr_par' dir='ltr' id='par_1_18' title="bbox 74 1394 1503 1474">
     <span class='ocr_line' id='line_1_22' title="bbox 74 1394 1503 1474; baseline -0.01 -15"><span class='ocrx_word' id='word_1_86' title='bbox 74 1394 180 1474; x_wconf 62' lang='lat' dir='ltr'><strong>ﬁdes</strong></span> <span class='ocrx_word' id='word_1_87' title='bbox 216 1394 345 1457; x_wconf 78' lang='lat' dir='ltr'><strong>intra</strong></span> <span class='ocrx_word' id='word_1_88' title='bbox 386 1394 885 1474; x_wconf 48' lang='lat' dir='ltr'><strong>opera&#39;nunteratur,</strong></span> <span class='ocrx_word' id='word_1_89' title='bbox 910 1411 954 1450; x_wconf 90' lang='lat' dir='ltr'><strong>et</strong></span> <span class='ocrx_word' id='word_1_90' title='bbox 983 1394 1277 1469; x_wconf 53' lang='lat' dir='ltr'><strong>cibuslegis</strong></span> <span class='ocrx_word' id='word_1_91' title='bbox 1312 1396 1503 1459; x_wconf 82' lang='lat' dir='ltr'><strong>perire,</strong></span> 
     </span>
    </p>
   </div>
   <div class='ocr_carea' id='block_1_19' title="bbox 34 1469 938 1541">
    <p class='ocr_par' dir='ltr' id='par_1_19' title="bbox 34 1469 938 1541">
     <span class='ocr_line' id='line_1_23' title="bbox 34 1469 938 1541; baseline -0.013 -14"><span class='ocrx_word' id='word_1_92' title='bbox 34 1472 45 1541; x_wconf 70' lang='grc' dir='ltr'><strong><em>ἓ</em></strong></span> <span class='ocrx_word' id='word_1_93' title='bbox 73 1469 189 1527; x_wconf 68' lang='lat' dir='ltr'><strong>cibus</strong></span> <span class='ocrx_word' id='word_1_94' title='bbox 208 1475 380 1541; x_wconf 69' lang='lat' dir='ltr'><strong>gratim</strong></span> <span class='ocrx_word' id='word_1_95' title='bbox 407 1469 602 1523; x_wconf 76' lang='lat' dir='ltr'><strong>manere</strong></span> <span class='ocrx_word' id='word_1_96' title='bbox 627 1469 938 1521; x_wconf 70' lang='lat' dir='ltr'><strong>describitur.</strong></span> 
     </span>
    </p>
   </div>
   <div class='ocr_carea' id='block_1_20' title="bbox 40 1562 1532 1646">
    <p class='ocr_par' dir='ltr' id='par_1_20' title="bbox 40 1562 1532 1646">
     <span class='ocr_line' id='line_1_24' title="bbox 40 1562 1532 1646; baseline -0.013 -3"><span class='ocrx_word' id='word_1_97' title='bbox 40 1562 205 1643; x_wconf 21' lang='lat' dir='ltr'><strong>[Sicut</strong></span> <span class='ocrx_word' id='word_1_98' title='bbox 228 1584 361 1635; x_wconf 86' lang='lat' dir='ltr'><strong>inter</strong></span> <span class='ocrx_word' id='word_1_99' title='bbox 379 1594 534 1646; x_wconf 79' lang='lat' dir='ltr'><strong>opera</strong></span> <span class='ocrx_word' id='word_1_100' title='bbox 563 1580 687 1645; x_wconf 78' lang='lat' dir='ltr'><strong>legis</strong></span> <span class='ocrx_word' id='word_1_101' title='bbox 708 1617 721 1637; x_wconf 93' lang='lat'><strong>,</strong></span> <span class='ocrx_word' id='word_1_102' title='bbox 758 1584 811 1627; x_wconf 88' lang='lat' dir='ltr'><strong>et</strong></span> <span class='ocrx_word' id='word_1_103' title='bbox 839 1573 953 1627; x_wconf 89' lang='lat' dir='ltr'><strong>ﬁdei</strong></span> <span class='ocrx_word' id='word_1_104' title='bbox 973 1571 1182 1625; x_wconf 81' lang='lat' dir='ltr'><strong>desidiae</strong></span> <span class='ocrx_word' id='word_1_105' title='bbox 1204 1570 1426 1630; x_wconf 85' lang='lat' dir='ltr'><strong>amicus,</strong></span> <span class='ocrx_word' id='word_1_106' title='bbox 1456 1577 1532 1639; x_wconf 20' lang='lat' dir='ltr'><strong>et,</strong></span> 
     </span>
    </p>
   </div>
   <div class='ocr_carea' id='block_1_21' title="bbox 34 1657 1507 1745">
    <p class='ocr_par' dir='ltr' id='par_1_21' title="bbox 34 1657 1507 1745">
     <span class='ocr_line' id='line_1_25' title="bbox 34 1657 1507 1745; baseline -0.014 -20"><span class='ocrx_word' id='word_1_107' title='bbox 34 1657 315 1745; x_wconf 59' lang='lat' dir='ltr'><strong>ligrretionis</strong></span> <span class='ocrx_word' id='word_1_108' title='bbox 330 1657 566 1738; x_wconf 86' lang='lat' dir='ltr'><strong>ignarus,</strong></span> <span class='ocrx_word' id='word_1_109' title='bbox 588 1667 653 1719; x_wconf 87' lang='lat' dir='ltr'><strong>ab</strong></span> <span class='ocrx_word' id='word_1_110' title='bbox 675 1664 1023 1731; x_wconf 67' lang='lat' dir='ltr'><strong>intelligentia:</strong></span> <span class='ocrx_word' id='word_1_111' title='bbox 1044 1661 1250 1713; x_wconf 81' lang='lat' dir='ltr'><strong>tramite</strong></span> <span class='ocrx_word' id='word_1_112' title='bbox 1270 1657 1507 1721; x_wconf 75' lang='lat' dir='ltr'><strong>deviasti,</strong></span> 
     </span>
    </p>
   </div>
   <div class='ocr_carea' id='block_1_22' title="bbox 76 1833 1511 1904">
    <p class='ocr_par' dir='ltr' id='par_1_22' title="bbox 76 1833 1511 1904">
     <span class='ocr_line' id='line_1_26' title="bbox 76 1833 1511 1904; baseline -0.01 -7"><span class='ocrx_word' id='word_1_113' title='bbox 76 1862 182 1897; x_wconf 80' lang='lat' dir='ltr'><strong>num</strong></span> <span class='ocrx_word' id='word_1_114' title='bbox 210 1847 393 1897; x_wconf 84' lang='lat' dir='ltr'><strong>ducem</strong></span> <span class='ocrx_word' id='word_1_115' title='bbox 422 1851 661 1904; x_wconf 87' lang='lat' dir='ltr'><strong>secutus,</strong></span> <span class='ocrx_word' id='word_1_116' title='bbox 693 1840 947 1892; x_wconf 90' lang='lat' dir='ltr'><strong>lucentem</strong></span> <span class='ocrx_word' id='word_1_117' title='bbox 983 1836 1250 1889; x_wconf 69' lang='lat' dir='ltr'><strong>catholica:</strong></span> <span class='ocrx_word' id='word_1_118' title='bbox 1283 1833 1397 1885; x_wconf 87' lang='lat' dir='ltr'><strong>ﬁdei</strong></span> <span class='ocrx_word' id='word_1_119' title='bbox 1427 1847 1511 1884; x_wconf 89' lang='lat' dir='ltr'><strong>re-</strong></span> 
     </span>
    </p>
   </div>
   <div class='ocr_carea' id='block_1_23' title="bbox 65 1920 1513 1996">
    <p class='ocr_par' dir='ltr' id='par_1_23' title="bbox 65 1920 1513 1996">
     <span class='ocr_line' id='line_1_27' title="bbox 65 1920 1513 1996; baseline -0.01 -14"><span class='ocrx_word' id='word_1_120' title='bbox 65 1932 165 1984; x_wconf 73' lang='lat' dir='ltr'><strong>rlam</strong></span> <span class='ocrx_word' id='word_1_121' title='bbox 200 1928 487 1996; x_wconf 78' lang='lat' dir='ltr'><strong>perdidisti.</strong></span> <span class='ocrx_word' id='word_1_122' title='bbox 520 1928 745 1993; x_wconf 85' lang='lat' dir='ltr'><strong>Tempus</strong></span> <span class='ocrx_word' id='word_1_123' title='bbox 775 1925 983 1991; x_wconf 70' lang='lat' dir='ltr'><strong>gratim,</strong></span> <span class='ocrx_word' id='word_1_124' title='bbox 1014 1937 1116 1988; x_wconf 89' lang='lat' dir='ltr'><strong>quo</strong></span> <span class='ocrx_word' id='word_1_125' title='bbox 1144 1920 1394 1983; x_wconf 82' lang='lat' dir='ltr'><strong>redempti</strong></span> <span class='ocrx_word' id='word_1_126' title='bbox 1421 1933 1513 1969; x_wconf 91' lang='lat' dir='ltr'><strong>su-</strong></span> 
     </span>
    </p>
   </div>
   <div class='ocr_carea' id='block_1_24' title="bbox 52 2004 1515 2077">
    <p class='ocr_par' dir='ltr' id='par_1_24' title="bbox 52 2004 1515 2077">
     <span class='ocr_line' id='line_1_28' title="bbox 52 2004 1515 2077; baseline -0.01 -9"><span class='ocrx_word' id='word_1_127' title='bbox 52 2030 135 2077; x_wconf 72' lang='lat' dir='ltr'><strong>ras,</strong></span> <span class='ocrx_word' id='word_1_128' title='bbox 161 2016 339 2067; x_wconf 86' lang='lat' dir='ltr'><strong>merita</strong></span> <span class='ocrx_word' id='word_1_129' title='bbox 364 2014 627 2066; x_wconf 84' lang='lat' dir='ltr'><strong>hominum</strong></span> <span class='ocrx_word' id='word_1_130' title='bbox 655 2026 755 2063; x_wconf 91' lang='lat' dir='ltr'><strong>non</strong></span> <span class='ocrx_word' id='word_1_131' title='bbox 773 2008 1109 2075; x_wconf 76' lang='lat' dir='ltr'><strong>exspectavit,</strong></span> <span class='ocrx_word' id='word_1_132' title='bbox 1132 2020 1285 2073; x_wconf 83' lang='lat' dir='ltr'><strong>opera</strong></span> <span class='ocrx_word' id='word_1_133' title='bbox 1314 2004 1515 2070; x_wconf 84' lang='lat' dir='ltr'><strong>penitus</strong></span> 
     </span>
    </p>
   </div>
   <div class='ocr_carea' id='block_1_25' title="bbox 70 2094 1514 2171">
    <p class='ocr_par' dir='ltr' id='par_1_25' title="bbox 70 2094 1514 2171">
     <span class='ocr_line' id='line_1_29' title="bbox 70 2094 1514 2171; baseline -0.009 -16"><span class='ocrx_word' id='word_1_134' title='bbox 70 2119 111 2156; x_wconf 89' lang='grc' dir='ltr'><strong>ιιι</strong></span> <span class='ocrx_word' id='word_1_135' title='bbox 134 2103 394 2171; x_wconf 62' lang='lat' dir='ltr'><strong>qusivit,</strong></span> <span class='ocrx_word' id='word_1_136' title='bbox 424 2101 531 2155; x_wconf 83' lang='lat' dir='ltr'><strong>sola</strong></span> <span class='ocrx_word' id='word_1_137' title='bbox 564 2100 698 2153; x_wconf 82' lang='lat' dir='ltr'><strong>Deus</strong></span> <span class='ocrx_word' id='word_1_138' title='bbox 728 2098 844 2150; x_wconf 84' lang='lat' dir='ltr'><strong>ﬁdei</strong></span> <span class='ocrx_word' id='word_1_139' title='bbox 874 2106 1064 2165; x_wconf 59' lang='lat' dir='ltr'><strong>nostra:</strong></span> <span class='ocrx_word' id='word_1_140' title='bbox 1090 2094 1361 2146; x_wconf 75' lang='lat' dir='ltr'><strong>devotione</strong></span> <span class='ocrx_word' id='word_1_141' title='bbox 1388 2106 1514 2145; x_wconf 87' lang='lat' dir='ltr'><strong>con-</strong></span> 
     </span>
    </p>
   </div>
   <div class='ocr_carea' id='block_1_26' title="bbox 59 2181 1517 2251">
    <p class='ocr_par' dir='ltr' id='par_1_26' title="bbox 59 2181 1517 2251">
     <span class='ocr_line' id='line_1_30' title="bbox 59 2181 1517 2251; baseline -0.011 -6"><span class='ocrx_word' id='word_1_142' title='bbox 59 2206 169 2245; x_wconf 80' lang='lat' dir='ltr'><strong>Itus</strong></span> <span class='ocrx_word' id='word_1_143' title='bbox 193 2192 312 2251; x_wconf 81' lang='lat' dir='ltr'><strong>init.</strong></span> <span class='ocrx_word' id='word_1_144' title='bbox 340 2188 624 2243; x_wconf 66' lang='lat' dir='ltr'><strong>st&#39;cltndum</strong></span> <span class='ocrx_word' id='word_1_145' title='bbox 654 2187 777 2240; x_wconf 85' lang='lat' dir='ltr'><strong>illud</strong></span> <span class='ocrx_word' id='word_1_146' title='bbox 808 2185 1043 2251; x_wconf 75' lang='lat' dir='ltr'><strong>Apostoli</strong></span> <span class='ocrx_word' id='word_1_147' title='bbox 1072 2202 1085 2235; x_wconf 94' lang='lat'>:</span> <span class='ocrx_word' id='word_1_148' title='bbox 1116 2182 1335 2235; x_wconf 80' lang='lat' dir='ltr'><strong>Credidit</strong></span> <span class='ocrx_word' id='word_1_149' title='bbox 1361 2181 1517 2231; x_wconf 79' lang='lat' dir='ltr'><strong>Abra-</strong></span> 
     </span>
    </p>
   </div>
   <div class='ocr_carea' id='block_1_27' title="bbox 74 2254 1513 2344">
    <p class='ocr_par' dir='ltr' id='par_1_27' title="bbox 74 2254 1513 2344">
     <span class='ocr_line' id='line_1_31' title="bbox 74 2254 1513 2344; baseline -0.011 -14"><span class='ocrx_word' id='word_1_150' title='bbox 74 2254 120 2330; x_wconf 67' lang='grc' dir='ltr'><strong>ίυι</strong></span> <span class='ocrx_word' id='word_1_151' title='bbox 146 2276 270 2343; x_wconf 72' lang='lat' dir='ltr'><strong>Deo,</strong></span> <span class='ocrx_word' id='word_1_152' title='bbox 300 2286 350 2328; x_wconf 79' lang='lat' dir='ltr'><strong>et</strong></span> <span class='ocrx_word' id='word_1_153' title='bbox 385 2282 662 2344; x_wconf 72' lang='lat' dir='ltr'><strong>rep-totum</strong></span> <span class='ocrx_word' id='word_1_154' title='bbox 689 2280 759 2324; x_wconf 88' lang='lat' dir='ltr'><strong>est</strong></span> <span class='ocrx_word' id='word_1_155' title='bbox 786 2272 864 2323; x_wconf 80' lang='lat' dir='ltr'><strong>illi</strong></span> <span class='ocrx_word' id='word_1_156' title='bbox 889 2270 956 2322; x_wconf 86' lang='lat' dir='ltr'><strong>ad</strong></span> <span class='ocrx_word' id='word_1_157' title='bbox 966 2268 1216 2339; x_wconf 85' lang='lat' dir='ltr'><strong>justitiam</strong></span> <span class='ocrx_word' id='word_1_158' title='bbox 1239 2265 1375 2334; x_wconf 81' lang='lat' dir='ltr'><strong>(Gal.</strong></span> <span class='ocrx_word' id='word_1_159' title='bbox 1406 2264 1513 2331; x_wconf 86' lang='lat' dir='ltr'><strong>ut),</strong></span> 
     </span>
    </p>
   </div>
   <div class='ocr_carea' id='block_1_28' title="bbox 47 2352 1516 2429">
    <p class='ocr_par' dir='ltr' id='par_1_28' title="bbox 47 2352 1516 2429">
     <span class='ocr_line' id='line_1_32' title="bbox 47 2352 1516 2429; baseline -0.01 -13"><span class='ocrx_word' id='word_1_160' title='bbox 47 2352 136 2429; x_wconf 62' lang='lat' dir='ltr'><strong>ient</strong></span> <span class='ocrx_word' id='word_1_161' title='bbox 160 2373 210 2417; x_wconf 85' lang='lat' dir='ltr'><strong>et</strong></span> <span class='ocrx_word' id='word_1_162' title='bbox 234 2363 338 2417; x_wconf 88' lang='lat' dir='ltr'><strong>alio</strong></span> <span class='ocrx_word' id='word_1_163' title='bbox 365 2364 483 2415; x_wconf 84' lang='lat' dir='ltr'><strong>loco</strong></span> <span class='ocrx_word' id='word_1_164' title='bbox 508 2360 633 2413; x_wconf 85' lang='lat' dir='ltr'><strong>dicit</strong></span> <span class='ocrx_word' id='word_1_165' title='bbox 658 2376 671 2410; x_wconf 90' lang='lat'>:</span> <span class='ocrx_word' id='word_1_166' title='bbox 701 2357 874 2429; x_wconf 71' lang='lat' dir='ltr'><strong>Justus</strong></span> <span class='ocrx_word' id='word_1_167' title='bbox 906 2366 1068 2409; x_wconf 79' lang='lat' dir='ltr'><strong>autem</strong></span> <span class='ocrx_word' id='word_1_168' title='bbox 1100 2371 1162 2407; x_wconf 76' lang='lat' dir='ltr'><strong>ex</strong></span> <span class='ocrx_word' id='word_1_169' title='bbox 1186 2355 1282 2421; x_wconf 77' lang='lat' dir='ltr'><strong>ﬁde</strong></span> <span class='ocrx_word' id='word_1_170' title='bbox 1310 2368 1416 2405; x_wconf 86' lang='lat' dir='ltr'><strong>mea</strong></span> <span class='ocrx_word' id='word_1_171' title='bbox 1440 2352 1516 2403; x_wconf 80' lang='lat' dir='ltr'><strong>ui-</strong></span> 
     </span>
    </p>
   </div>
   <div class='ocr_carea' id='block_1_29' title="bbox 52 2432 1518 2525">
    <p class='ocr_par' dir='ltr' id='par_1_29' title="bbox 52 2432 1518 2525">
     <span class='ocr_line' id='line_1_33' title="bbox 52 2432 1518 2525; baseline -0.01 -15"><span class='ocrx_word' id='word_1_172' title='bbox 52 2456 116 2516; x_wconf 56' lang='grc' dir='ltr'><strong>ΰ,</strong></span> <span class='ocrx_word' id='word_1_173' title='bbox 297 2457 343 2509; x_wconf 82' lang='lat' dir='ltr'><strong>si</strong></span> <span class='ocrx_word' id='word_1_174' title='bbox 383 2453 679 2508; x_wconf 69' lang='lat' dir='ltr'><strong>subtraxerit</strong></span> <span class='ocrx_word' id='word_1_175' title='bbox 704 2467 789 2513; x_wconf 86' lang='lat' dir='ltr'><strong>se,</strong></span> <span class='ocrx_word' id='word_1_176' title='bbox 826 2467 922 2503; x_wconf 89' lang='lat' dir='ltr'><strong>non</strong></span> <span class='ocrx_word' id='word_1_177' title='bbox 956 2449 1163 2525; x_wconf 73' lang='lat' dir='ltr'><strong>placebit</strong></span> <span class='ocrx_word' id='word_1_178' title='bbox 1192 2448 1369 2501; x_wconf 66' lang='lat' dir='ltr'><strong>anima</strong></span> <span class='ocrx_word' id='word_1_179' title='bbox 1400 2460 1518 2497; x_wconf 68' lang='lat' dir='ltr'><strong>mea:</strong></span> 
     </span>
    </p>
   </div>
   <div class='ocr_carea' id='block_1_30' title="bbox 33 2519 1518 2615">
    <p class='ocr_par' dir='ltr' id='par_1_30' title="bbox 33 2519 1518 2615">
     <span class='ocr_line' id='line_1_34' title="bbox 33 2519 1518 2615; baseline -0.007 -19"><span class='ocrx_word' id='word_1_180' title='bbox 33 2519 193 2615; x_wconf 53' lang='lat' dir='ltr'><strong>ille».</strong></span> <span class='ocrx_word' id='word_1_181' title='bbox 208 2524 294 2611; x_wconf 76' lang='lat' dir='ltr'><strong>x);</strong></span> <span class='ocrx_word' id='word_1_182' title='bbox 315 2544 511 2608; x_wconf 87' lang='lat' dir='ltr'><strong>justum</strong></span> <span class='ocrx_word' id='word_1_183' title='bbox 526 2554 649 2615; x_wconf 76' lang='lat' dir='ltr'><strong>eum</strong></span> <span class='ocrx_word' id='word_1_184' title='bbox 671 2547 723 2591; x_wconf 91' lang='lat' dir='ltr'><strong>et</strong></span> <span class='ocrx_word' id='word_1_185' title='bbox 747 2553 809 2590; x_wconf 89' lang='lat' dir='ltr'><strong>ex</strong></span> <span class='ocrx_word' id='word_1_186' title='bbox 840 2538 940 2589; x_wconf 90' lang='lat' dir='ltr'><strong>ﬁde</strong></span> <span class='ocrx_word' id='word_1_187' title='bbox 952 2519 1125 2589; x_wconf 69' lang='lat' dir='ltr'><strong>vivere</strong></span> <span class='ocrx_word' id='word_1_188' title='bbox 1140 2536 1377 2596; x_wconf 83' lang='lat' dir='ltr'><strong>asseruit,</strong></span> <span class='ocrx_word' id='word_1_189' title='bbox 1400 2534 1518 2599; x_wconf 82' lang='lat' dir='ltr'><strong>quia</strong></span> 
     </span>
    </p>
   </div>
   <div class='ocr_carea' id='block_1_31' title="bbox 34 2620 1516 2699">
    <p class='ocr_par' dir='ltr' id='par_1_31' title="bbox 34 2620 1516 2699">
     <span class='ocr_line' id='line_1_35' title="bbox 34 2620 1516 2699; baseline -0.004 -18"><span class='ocrx_word' id='word_1_190' title='bbox 34 2620 229 2699; x_wconf 54' lang='lat' dir='ltr'><strong>Itidem</strong></span> <span class='ocrx_word' id='word_1_191' title='bbox 253 2632 305 2685; x_wconf 77' lang='lat' dir='ltr'><strong>et</strong></span> <span class='ocrx_word' id='word_1_192' title='bbox 324 2630 578 2699; x_wconf 86' lang='lat' dir='ltr'><strong>justitiam</strong></span> <span class='ocrx_word' id='word_1_193' title='bbox 604 2626 855 2695; x_wconf 69' lang='lat' dir='ltr'><strong>quaerenti</strong></span> <span class='ocrx_word' id='word_1_194' title='bbox 881 2626 1163 2678; x_wconf 87' lang='lat' dir='ltr'><strong>contulisse</strong></span> <span class='ocrx_word' id='word_1_195' title='bbox 1188 2638 1245 2676; x_wconf 90' lang='lat' dir='ltr'><strong>se</strong></span> <span class='ocrx_word' id='word_1_196' title='bbox 1266 2620 1516 2688; x_wconf 85' lang='lat' dir='ltr'><strong>meminit.</strong></span> 
     </span>
    </p>
   </div>
   <div class='ocr_carea' id='block_1_32' title="bbox 34 2708 1519 2787">
    <p class='ocr_par' dir='ltr' id='par_1_32' title="bbox 34 2708 1519 2787">
     <span class='ocr_line' id='line_1_36' title="bbox 34 2708 1519 2787; baseline -0.008 -15"><span class='ocrx_word' id='word_1_197' title='bbox 34 2708 116 2787; x_wconf 68' lang='lat' dir='ltr'><strong>lvd</strong></span> <span class='ocrx_word' id='word_1_198' title='bbox 138 2718 349 2771; x_wconf 84' lang='lat' dir='ltr'><strong>dicendo</strong></span> <span class='ocrx_word' id='word_1_199' title='bbox 379 2736 390 2769; x_wconf 92' lang='lat'>:</span> <span class='ocrx_word' id='word_1_200' title='bbox 425 2716 572 2782; x_wconf 82' lang='lat' dir='ltr'><strong>Quod</strong></span> <span class='ocrx_word' id='word_1_201' title='bbox 608 2717 652 2769; x_wconf 88' lang='lat' dir='ltr'><strong>si</strong></span> <span class='ocrx_word' id='word_1_202' title='bbox 678 2714 975 2767; x_wconf 68' lang='lat' dir='ltr'><strong>subtraxerit</strong></span> <span class='ocrx_word' id='word_1_203' title='bbox 1003 2728 1085 2787; x_wconf 83' lang='lat' dir='ltr'><strong>se.</strong></span> <span class='ocrx_word' id='word_1_204' title='bbox 1122 2726 1236 2763; x_wconf 90' lang='lat' dir='ltr'><strong>cum</strong></span> <span class='ocrx_word' id='word_1_205' title='bbox 1265 2709 1328 2762; x_wconf 90' lang='lat' dir='ltr'><strong>ad</strong></span> <span class='ocrx_word' id='word_1_206' title='bbox 1370 2708 1519 2761; x_wconf 87' lang='lat' dir='ltr'><strong>devia</strong></span> 
     </span>
    </p>
   </div>
   <div class='ocr_carea' id='block_1_33' title="bbox 76 2796 1514 2867">
    <p class='ocr_par' dir='ltr' id='par_1_33' title="bbox 76 2796 1514 2867">
     <span class='ocr_line' id='line_1_37' title="bbox 76 2796 1514 2867; baseline -0.006 -12"><span class='ocrx_word' id='word_1_207' title='bbox 76 2806 320 2859; x_wconf 73' lang='lat' dir='ltr'><strong>iluutarius</strong></span> <span class='ocrx_word' id='word_1_208' title='bbox 356 2804 664 2862; x_wconf 85' lang='lat' dir='ltr'><strong>declinavit,</strong></span> <span class='ocrx_word' id='word_1_209' title='bbox 705 2816 805 2853; x_wconf 91' lang='lat' dir='ltr'><strong>non</strong></span> <span class='ocrx_word' id='word_1_210' title='bbox 847 2799 997 2867; x_wconf 90' lang='lat' dir='ltr'><strong>periit</strong></span> <span class='ocrx_word' id='word_1_211' title='bbox 1025 2798 1169 2866; x_wconf 88' lang='lat' dir='ltr'><strong>quasi</strong></span> <span class='ocrx_word' id='word_1_212' title='bbox 1210 2796 1514 2859; x_wconf 88' lang='lat' dir='ltr'><strong>derelictus,</strong></span> 
     </span>
    </p>
   </div>
   <div class='ocr_carea' id='block_1_34' title="bbox 33 2886 1517 2964">
    <p class='ocr_par' dir='ltr' id='par_1_34' title="bbox 33 2886 1517 2964">
     <span class='ocr_line' id='line_1_38' title="bbox 33 2886 1517 2964; baseline -0.009 -15"><span class='ocrx_word' id='word_1_213' title='bbox 33 2891 103 2964; x_wconf 64' lang='grc' dir='ltr'><strong>ῇιί</strong></span> <span class='ocrx_word' id='word_1_214' title='bbox 148 2909 199 2948; x_wconf 84' lang='lat' dir='ltr'><strong>se</strong></span> <span class='ocrx_word' id='word_1_215' title='bbox 242 2893 499 2962; x_wconf 87' lang='lat' dir='ltr'><strong>ingerenti</strong></span> <span class='ocrx_word' id='word_1_216' title='bbox 546 2890 913 2945; x_wconf 71' lang='lat' dir='ltr'><strong>misericordia:</strong></span> <span class='ocrx_word' id='word_1_217' title='bbox 968 2888 1221 2940; x_wconf 79' lang='lat' dir='ltr'><strong>subtraxit</strong></span> <span class='ocrx_word' id='word_1_218' title='bbox 1270 2886 1517 2951; x_wconf 86' lang='lat' dir='ltr'><strong>ingratus.</strong></span> 
     </span>
    </p>
   </div>
   <div class='ocr_carea' id='block_1_35' title="bbox 33 2975 1517 3057">
    <p class='ocr_par' dir='ltr' id='par_1_35' title="bbox 33 2975 1517 3057">
     <span class='ocr_line' id='line_1_39' title="bbox 33 2975 1517 3057; baseline -0.012 -20"><span class='ocrx_word' id='word_1_219' title='bbox 33 2975 137 3057; x_wconf 56' lang='grc' dir='ltr'>ᾎιιω</span> <span class='ocrx_word' id='word_1_220' title='bbox 162 2984 227 3053; x_wconf 79' lang='lat' dir='ltr'><strong>ad</strong></span> <span class='ocrx_word' id='word_1_221' title='bbox 248 2983 497 3036; x_wconf 61' lang='lat' dir='ltr'><strong>Hebraeos</strong></span> <span class='ocrx_word' id='word_1_222' title='bbox 522 2998 535 3033; x_wconf 89' lang='lat'><strong>:</strong></span> <span class='ocrx_word' id='word_1_223' title='bbox 568 2979 775 3033; x_wconf 88' lang='lat' dir='ltr'><strong>Credere</strong></span> <span class='ocrx_word' id='word_1_224' title='bbox 799 2988 959 3029; x_wconf 86' lang='lat' dir='ltr'><strong>autem</strong></span> <span class='ocrx_word' id='word_1_225' title='bbox 990 2984 1177 3042; x_wconf 79' lang='lat' dir='ltr'><strong>Oportet</strong></span> <span class='ocrx_word' id='word_1_226' title='bbox 1210 2975 1517 3025; x_wconf 84' lang='lat' dir='ltr'><strong>accedentem</strong></span> 
     </span>
    </p>
   </div>
   <div class='ocr_carea' id='block_1_36' title="bbox 33 3044 1588 3136">
    <p class='ocr_par' dir='ltr' id='par_1_36' title="bbox 33 3044 1588 3136">
     <span class='ocr_line' id='line_1_40' title="bbox 33 3044 1588 3136; baseline -0.006 -14"><span class='ocrx_word' id='word_1_227' title='bbox 110 3050 247 3123; x_wconf 65' lang='lat' dir='ltr'><strong>Deum</strong></span> <span class='ocrx_word' id='word_1_228' title='bbox 267 3072 388 3136; x_wconf 87' lang='lat' dir='ltr'><strong>quia</strong></span> <span class='ocrx_word' id='word_1_229' title='bbox 414 3081 517 3132; x_wconf 86' lang='lat' dir='ltr'><strong>est,</strong></span> <span class='ocrx_word' id='word_1_230' title='bbox 547 3077 592 3120; x_wconf 91' lang='lat' dir='ltr'><strong>et</strong></span> <span class='ocrx_word' id='word_1_231' title='bbox 615 3068 968 3135; x_wconf 78' lang='lat' dir='ltr'><strong>inquirentibus</strong></span> <span class='ocrx_word' id='word_1_232' title='bbox 1000 3082 1051 3117; x_wconf 85' lang='lat' dir='ltr'><strong>se</strong></span> <span class='ocrx_word' id='word_1_233' title='bbox 1083 3072 1414 3116; x_wconf 87' lang='lat' dir='ltr'><strong>remunerator</strong></span> <span class='ocrx_word' id='word_1_234' title='bbox 1438 3062 1514 3127; x_wconf 79' lang='lat' dir='ltr'><strong>ﬁt.</strong></span> <span class='ocrx_word' id='word_1_235' title='bbox 1544 3044 1588 3104; x_wconf 68' lang='grc' dir='ltr'>ο</span> 
     </span>
    </p>
   </div>
   <div class='ocr_carea' id='block_1_37' title="bbox 34 3148 1514 3216">
    <p class='ocr_par' dir='ltr' id='par_1_37' title="bbox 34 3148 1514 3216">
     <span class='ocr_line' id='line_1_41' title="bbox 34 3148 1514 3216; baseline -0.009 -5"><span class='ocrx_word' id='word_1_236' title='bbox 34 3148 171 3216; x_wconf 69' lang='lat' dir='ltr'><strong>ilum</strong></span> <span class='ocrx_word' id='word_1_237' title='bbox 196 3156 324 3210; x_wconf 85' lang='lat' dir='ltr'><strong>bene</strong></span> <span class='ocrx_word' id='word_1_238' title='bbox 357 3166 412 3209; x_wconf 89' lang='lat' dir='ltr'><strong>et</strong></span> <span class='ocrx_word' id='word_1_239' title='bbox 442 3154 645 3207; x_wconf 89' lang='lat' dir='ltr'><strong>Domini</strong></span> <span class='ocrx_word' id='word_1_240' title='bbox 681 3154 905 3204; x_wconf 77' lang='lat' dir='ltr'><strong>ofﬁcium</strong></span> <span class='ocrx_word' id='word_1_241' title='bbox 937 3153 1203 3216; x_wconf 78' lang='lat' dir='ltr'><strong>conjunxit</strong></span> <span class='ocrx_word' id='word_1_242' title='bbox 1234 3158 1286 3201; x_wconf 91' lang='lat' dir='ltr'><strong>et</strong></span> <span class='ocrx_word' id='word_1_243' title='bbox 1312 3148 1514 3209; x_wconf 82' lang='lat' dir='ltr'><strong>famuli,</strong></span> 
     </span>
    </p>
   </div>
   <div class='ocr_carea' id='block_1_38' title="bbox 33 3236 1521 3307">
    <p class='ocr_par' dir='ltr' id='par_1_38' title="bbox 33 3236 1521 3307">
     <span class='ocr_line' id='line_1_42' title="bbox 33 3236 1521 3307; baseline -0.003 -17"><span class='ocrx_word' id='word_1_244' title='bbox 33 3236 252 3307; x_wconf 42' lang='lat' dir='ltr'><strong>ﬂendo,</strong></span> <span class='ocrx_word' id='word_1_245' title='bbox 293 3250 341 3293; x_wconf 88' lang='lat' dir='ltr'><strong>et</strong></span> <span class='ocrx_word' id='word_1_246' title='bbox 389 3239 744 3307; x_wconf 75' lang='lat' dir='ltr'><strong>inquirentibus</strong></span> <span class='ocrx_word' id='word_1_247' title='bbox 785 3254 837 3289; x_wconf 86' lang='lat' dir='ltr'><strong>se</strong></span> <span class='ocrx_word' id='word_1_248' title='bbox 879 3246 1212 3288; x_wconf 76' lang='lat' dir='ltr'><strong>remuneratur</strong></span> <span class='ocrx_word' id='word_1_249' title='bbox 1248 3237 1321 3299; x_wconf 80' lang='lat' dir='ltr'><strong>ﬁt.</strong></span> <span class='ocrx_word' id='word_1_250' title='bbox 1376 3236 1521 3285; x_wconf 83' lang='lat' dir='ltr'><strong>Sicut</strong></span> 
     </span>
    </p>
   </div>
   <div class='ocr_carea' id='block_1_39' title="bbox 48 3320 1519 3403">
    <p class='ocr_par' dir='ltr' id='par_1_39' title="bbox 48 3320 1519 3403">
     <span class='ocr_line' id='line_1_43' title="bbox 48 3320 1519 3403; baseline -0.005 -24"><span class='ocrx_word' id='word_1_251' title='bbox 48 3328 152 3403; x_wconf 58' lang='lat' dir='ltr'><strong>pitu</strong></span> <span class='ocrx_word' id='word_1_252' title='bbox 174 3330 231 3381; x_wconf 77' lang='lat' dir='ltr'><strong>ad</strong></span> <span class='ocrx_word' id='word_1_253' title='bbox 259 3329 421 3381; x_wconf 88' lang='lat' dir='ltr'><strong>Deum</strong></span> <span class='ocrx_word' id='word_1_254' title='bbox 443 3326 645 3393; x_wconf 78' lang='lat' dir='ltr'><strong>largitio</strong></span> <span class='ocrx_word' id='word_1_255' title='bbox 668 3324 1051 3385; x_wconf 89' lang='lat' dir='ltr'><strong>remunerandi,</strong></span> <span class='ocrx_word' id='word_1_256' title='bbox 1081 3323 1149 3375; x_wconf 90' lang='lat' dir='ltr'><strong>ita</strong></span> <span class='ocrx_word' id='word_1_257' title='bbox 1172 3320 1236 3373; x_wconf 93' lang='lat' dir='ltr'><strong>ad</strong></span> <span class='ocrx_word' id='word_1_258' title='bbox 1263 3322 1519 3375; x_wconf 85' lang='lat' dir='ltr'><strong>hominem</strong></span> 
     </span>
    </p>
   </div>
   <div class='ocr_carea' id='block_1_40' title="bbox 37 3413 1521 3484">
    <p class='ocr_par' dir='ltr' id='par_1_40' title="bbox 37 3413 1521 3484">
     <span class='ocr_line' id='line_1_44' title="bbox 37 3413 1521 3484; baseline -0.003 -16"><span class='ocrx_word' id='word_1_259' title='bbox 37 3413 214 3484; x_wconf 67' lang='lat' dir='ltr'><strong>ilovotio</strong></span> <span class='ocrx_word' id='word_1_260' title='bbox 250 3418 463 3484; x_wconf 86' lang='lat' dir='ltr'><strong>respicit</strong></span> <span class='ocrx_word' id='word_1_261' title='bbox 506 3414 814 3481; x_wconf 77' lang='lat' dir='ltr'><strong>inquirendi.</strong></span> <span class='ocrx_word' id='word_1_262' title='bbox 860 3414 960 3467; x_wconf 88' lang='lat' dir='ltr'><strong>Sed</strong></span> <span class='ocrx_word' id='word_1_263' title='bbox 998 3414 1125 3464; x_wconf 89' lang='lat' dir='ltr'><strong>dicis</strong></span> <span class='ocrx_word' id='word_1_264' title='bbox 1167 3413 1317 3465; x_wconf 88' lang='lat' dir='ltr'><strong>ﬁdem</strong></span> <span class='ocrx_word' id='word_1_265' title='bbox 1362 3413 1521 3477; x_wconf 86' lang='lat' dir='ltr'><strong>ipsam</strong></span> 
     </span>
    </p>
   </div>
   <div class='ocr_carea' id='block_1_41' title="bbox 79 3499 1523 3571">
    <p class='ocr_par' dir='ltr' id='par_1_41' title="bbox 79 3499 1523 3571">
     <span class='ocr_line' id='line_1_45' title="bbox 79 3499 1523 3571; baseline -0.003 -14"><span class='ocrx_word' id='word_1_266' title='bbox 79 3506 244 3557; x_wconf 78' lang='lat' dir='ltr'><strong>mnibus</strong></span> <span class='ocrx_word' id='word_1_267' title='bbox 271 3518 427 3571; x_wconf 87' lang='lat' dir='ltr'><strong>posse</strong></span> <span class='ocrx_word' id='word_1_268' title='bbox 458 3510 775 3569; x_wconf 84' lang='lat' dir='ltr'><strong>competere.</strong></span> <span class='ocrx_word' id='word_1_269' title='bbox 804 3501 914 3553; x_wconf 82' lang='lat' dir='ltr'><strong>Non</strong></span> <span class='ocrx_word' id='word_1_270' title='bbox 938 3501 1121 3552; x_wconf 88' lang='lat' dir='ltr'><strong>mirum</strong></span> <span class='ocrx_word' id='word_1_271' title='bbox 1149 3500 1191 3552; x_wconf 89' lang='lat' dir='ltr'><strong>si</strong></span> <span class='ocrx_word' id='word_1_272' title='bbox 1222 3501 1435 3563; x_wconf 87' lang='lat' dir='ltr'><strong>homini,</strong></span> <span class='ocrx_word' id='word_1_273' title='bbox 1459 3499 1523 3553; x_wconf 84' lang='lat' dir='ltr'><strong>ad</strong></span> 
     </span>
    </p>
   </div>
   <div class='ocr_carea' id='block_1_42' title="bbox 45 3591 1526 3661">
    <p class='ocr_par' dir='ltr' id='par_1_42' title="bbox 45 3591 1526 3661">
     <span class='ocr_line' id='line_1_46' title="bbox 45 3591 1526 3661; baseline -0.001 -16"><span class='ocrx_word' id='word_1_274' title='bbox 45 3591 171 3661; x_wconf 46' lang='lat' dir='ltr'><strong>rem</strong></span> <span class='ocrx_word' id='word_1_275' title='bbox 200 3595 424 3661; x_wconf 84' lang='lat' dir='ltr'><strong>denegas</strong></span> <span class='ocrx_word' id='word_1_276' title='bbox 452 3608 609 3658; x_wconf 80' lang='lat' dir='ltr'><strong>Opera</strong></span> <span class='ocrx_word' id='word_1_277' title='bbox 640 3594 899 3659; x_wconf 88' lang='lat' dir='ltr'><strong>pertinere</strong></span> <span class='ocrx_word' id='word_1_278' title='bbox 918 3631 930 3653; x_wconf 88' lang='lat'><strong>,</strong></span> <span class='ocrx_word' id='word_1_279' title='bbox 959 3594 1109 3644; x_wconf 91' lang='lat' dir='ltr'><strong>etiam</strong></span> <span class='ocrx_word' id='word_1_280' title='bbox 1142 3591 1290 3644; x_wconf 90' lang='lat' dir='ltr'><strong>ﬁdem</strong></span> <span class='ocrx_word' id='word_1_281' title='bbox 1321 3592 1526 3645; x_wconf 84' lang='lat' dir='ltr'><strong>studeas</strong></span> 
     </span>
    </p>
   </div>
   <div class='ocr_carea' id='block_1_43' title="bbox 71 3683 1525 3752">
    <p class='ocr_par' dir='ltr' id='par_1_43' title="bbox 71 3683 1525 3752">
     <span class='ocr_line' id='line_1_47' title="bbox 71 3683 1525 3752; baseline -0.001 -15"><span class='ocrx_word' id='word_1_282' title='bbox 71 3698 277 3751; x_wconf 74' lang='lat' dir='ltr'><strong>rrogare.</strong></span> <span class='ocrx_word' id='word_1_283' title='bbox 302 3700 460 3752; x_wconf 91' lang='lat' dir='ltr'><strong>quam</strong></span> <span class='ocrx_word' id='word_1_284' title='bbox 493 3683 814 3735; x_wconf 80' lang='lat' dir='ltr'><strong>manifestum</strong></span> <span class='ocrx_word' id='word_1_285' title='bbox 840 3692 920 3736; x_wconf 88' lang='lat' dir='ltr'><strong>est</strong></span> <span class='ocrx_word' id='word_1_286' title='bbox 942 3685 1073 3736; x_wconf 84' lang='lat' dir='ltr'><strong>inter</strong></span> <span class='ocrx_word' id='word_1_287' title='bbox 1096 3698 1249 3744; x_wconf 74' lang='lat' dir='ltr'><strong>Opera</strong></span> <span class='ocrx_word' id='word_1_288' title='bbox 1271 3683 1525 3750; x_wconf 89' lang='lat' dir='ltr'><strong>deputari,</strong></span> 
     </span>
    </p>
   </div>
   <div class='ocr_carea' id='block_1_44' title="bbox 43 3766 1528 3837">
    <p class='ocr_par' dir='ltr' id='par_1_44' title="bbox 43 3766 1528 3837">
     <span class='ocr_line' id='line_1_48' title="bbox 43 3766 1528 3837; baseline 0 -16"><span class='ocrx_word' id='word_1_289' title='bbox 43 3766 151 3837; x_wconf 49' lang='lat' dir='ltr'><strong>iisut</strong></span> <span class='ocrx_word' id='word_1_290' title='bbox 186 3771 431 3825; x_wconf 86' lang='lat' dir='ltr'><strong>habemus</strong></span> <span class='ocrx_word' id='word_1_291' title='bbox 474 3772 524 3823; x_wconf 90' lang='lat' dir='ltr'><strong>in</strong></span> <span class='ocrx_word' id='word_1_292' title='bbox 565 3770 843 3837; x_wconf 82' lang='lat' dir='ltr'><strong>Evangelio</strong></span> <span class='ocrx_word' id='word_1_293' title='bbox 874 3788 888 3821; x_wconf 91' lang='lat'><strong>:</strong></span> <span class='ocrx_word' id='word_1_294' title='bbox 919 3771 1203 3834; x_wconf 87' lang='lat' dir='ltr'><strong>Operamini</strong></span> <span class='ocrx_word' id='word_1_295' title='bbox 1235 3786 1329 3833; x_wconf 77' lang='lat' dir='ltr'><strong>non</strong></span> <span class='ocrx_word' id='word_1_296' title='bbox 1368 3771 1528 3821; x_wconf 84' lang='lat' dir='ltr'><strong>cibum</strong></span> 
     </span>
    </p>
   </div>
   <div class='ocr_carea' id='block_1_45' title="bbox 98 3840 1521 3926">
    <p class='ocr_par' dir='ltr' id='par_1_45' title="bbox 98 3840 1521 3926">
     <span class='ocr_line' id='line_1_49' title="bbox 98 3840 1521 3926; baseline 0.001 -21"><span class='ocrx_word' id='word_1_297' title='bbox 98 3859 108 3905; x_wconf 89' lang='lat' dir='ltr'><strong>i</strong></span> <span class='ocrx_word' id='word_1_298' title='bbox 136 3859 276 3926; x_wconf 80' lang='lat' dir='ltr'><strong>perit,</strong></span> <span class='ocrx_word' id='word_1_299' title='bbox 307 3846 397 3910; x_wconf 80' lang='lat' dir='ltr'><strong>sed</strong></span> <span class='ocrx_word' id='word_1_300' title='bbox 424 3858 513 3922; x_wconf 86' lang='lat' dir='ltr'><strong>qui</strong></span> <span class='ocrx_word' id='word_1_301' title='bbox 550 3850 798 3921; x_wconf 81' lang='lat' dir='ltr'><strong>permanet</strong></span> <span class='ocrx_word' id='word_1_302' title='bbox 836 3840 884 3905; x_wconf 84' lang='lat' dir='ltr'><strong>in</strong></span> <span class='ocrx_word' id='word_1_303' title='bbox 911 3858 1057 3906; x_wconf 83' lang='lat' dir='ltr'><strong>vitam</strong></span> <span class='ocrx_word' id='word_1_304' title='bbox 1084 3866 1313 3906; x_wconf 73' lang='lat' dir='ltr'><strong>wternam</strong></span> <span class='ocrx_word' id='word_1_305' title='bbox 1340 3856 1521 3923; x_wconf 86' lang='lat' dir='ltr'><strong>(Joan.</strong></span> 
     </span>
    </p>
   </div>
   <div class='ocr_carea' id='block_1_46' title="bbox 86 3942 1529 4007">
    <p class='ocr_par' dir='ltr' id='par_1_46' title="bbox 86 3942 1529 4007">
     <span class='ocr_line' id='line_1_50' title="bbox 86 3942 1529 4007; baseline -0.004 -6"><span class='ocrx_word' id='word_1_306' title='bbox 86 3942 130 4007; x_wconf 83' lang='grc'><strong>);</strong></span> <span class='ocrx_word' id='word_1_307' title='bbox 155 3943 234 3996; x_wconf 85' lang='lat' dir='ltr'><strong>ubi</strong></span> <span class='ocrx_word' id='word_1_308' title='bbox 260 3944 426 4007; x_wconf 89' lang='lat' dir='ltr'><strong>cibus,</strong></span> <span class='ocrx_word' id='word_1_309' title='bbox 453 3943 505 3994; x_wconf 89' lang='lat' dir='ltr'><strong>id</strong></span> <span class='ocrx_word' id='word_1_310' title='bbox 532 3950 629 4001; x_wconf 89' lang='lat' dir='ltr'><strong>est,</strong></span> <span class='ocrx_word' id='word_1_311' title='bbox 655 3942 943 3993; x_wconf 89' lang='lat' dir='ltr'><strong>intellectus</strong></span> <span class='ocrx_word' id='word_1_312' title='bbox 963 3943 1145 3993; x_wconf 68' lang='lat' dir='ltr'><strong>littera:</strong></span> <span class='ocrx_word' id='word_1_313' title='bbox 1173 3943 1359 4006; x_wconf 88' lang='lat' dir='ltr'><strong>perire,</strong></span> <span class='ocrx_word' id='word_1_314' title='bbox 1385 3942 1529 3995; x_wconf 81' lang='lat' dir='ltr'><strong>cibus</strong></span> 
     </span>
    </p>
   </div>
   <div class='ocr_carea' id='block_1_47' title="bbox 45 4026 1529 4095">
    <p class='ocr_par' dir='ltr' id='par_1_47' title="bbox 45 4026 1529 4095">
     <span class='ocr_line' id='line_1_51' title="bbox 45 4026 1529 4095; baseline 0.001 -17"><span class='ocrx_word' id='word_1_315' title='bbox 45 4026 146 4095; x_wconf 69' lang='grc' dir='ltr'><strong>μω</strong></span> <span class='ocrx_word' id='word_1_316' title='bbox 168 4030 371 4095; x_wconf 60' lang='lat' dir='ltr'><strong>gratia,</strong></span> <span class='ocrx_word' id='word_1_317' title='bbox 402 4028 455 4079; x_wconf 88' lang='lat' dir='ltr'><strong>id</strong></span> <span class='ocrx_word' id='word_1_318' title='bbox 486 4034 566 4079; x_wconf 79' lang='lat' dir='ltr'><strong>e‘st</strong></span> <span class='ocrx_word' id='word_1_319' title='bbox 595 4026 720 4079; x_wconf 85' lang='lat' dir='ltr'><strong>ﬁdes</strong></span> <span class='ocrx_word' id='word_1_320' title='bbox 755 4040 1091 4091; x_wconf 86' lang='lat' dir='ltr'><strong>permanere,</strong></span> <span class='ocrx_word' id='word_1_321' title='bbox 1122 4027 1447 4094; x_wconf 85' lang='lat' dir='ltr'><strong>describitur,</strong></span> <span class='ocrx_word' id='word_1_322' title='bbox 1478 4037 1529 4080; x_wconf 78' lang='lat' dir='ltr'><strong>ct</strong></span> 
     </span>
    </p>
   </div>
   <div class='ocr_carea' id='block_1_48' title="bbox 66 4104 1531 4189">
    <p class='ocr_par' dir='ltr' id='par_1_48' title="bbox 66 4104 1531 4189">
     <span class='ocr_line' id='line_1_52' title="bbox 66 4104 1531 4189; baseline -0.002 -20"><span class='ocrx_word' id='word_1_323' title='bbox 66 4120 101 4177; x_wconf 81' lang='grc' dir='ltr'><strong>ιι</strong></span> <span class='ocrx_word' id='word_1_324' title='bbox 119 4104 436 4189; x_wconf 77' lang='lat' dir='ltr'><strong>continuatus</strong></span> <span class='ocrx_word' id='word_1_325' title='bbox 467 4129 640 4167; x_wconf 84' lang='lat' dir='ltr'><strong>sermo</strong></span> <span class='ocrx_word' id='word_1_326' title='bbox 670 4115 999 4180; x_wconf 79' lang='lat' dir='ltr'><strong>consequitur</strong></span> <span class='ocrx_word' id='word_1_327' title='bbox 1022 4132 1036 4171; x_wconf 86' lang='lat'><strong>:</strong></span> <span class='ocrx_word' id='word_1_328' title='bbox 1060 4115 1299 4167; x_wconf 42' lang='lat' dir='ltr'><strong>Dixerunt</strong></span> <span class='ocrx_word' id='word_1_329' title='bbox 1327 4117 1391 4167; x_wconf 86' lang='lat' dir='ltr'><strong>ad</strong></span> <span class='ocrx_word' id='word_1_330' title='bbox 1420 4132 1531 4166; x_wconf 77' lang='lat' dir='ltr'><strong>eum</strong></span> 
     </span>
    </p>
   </div>
   <div class='ocr_carea' id='block_1_49' title="bbox 111 4192 1533 4269">
    <p class='ocr_par' dir='ltr' id='par_1_49' title="bbox 111 4192 1533 4269">
     <span class='ocr_line' id='line_1_53' title="bbox 111 4192 1533 4269; baseline 0.002 -19"><span class='ocrx_word' id='word_1_331' title='bbox 111 4201 183 4252; x_wconf 69' lang='lat' dir='ltr'><strong>tiri</strong></span> <span class='ocrx_word' id='word_1_332' title='bbox 211 4216 230 4255; x_wconf 88' lang='lat'><strong><em>:</em></strong></span> <span class='ocrx_word' id='word_1_333' title='bbox 267 4202 403 4265; x_wconf 74' lang='lat' dir='ltr'><strong>Quid</strong></span> <span class='ocrx_word' id='word_1_334' title='bbox 449 4202 686 4269; x_wconf 80' lang='lat' dir='ltr'><strong>faciemus</strong></span> <span class='ocrx_word' id='word_1_335' title='bbox 722 4210 775 4253; x_wconf 84' lang='lat' dir='ltr'><strong>ut</strong></span> <span class='ocrx_word' id='word_1_336' title='bbox 813 4192 1067 4266; x_wconf 82' lang='lat' dir='ltr'><strong>operemur</strong></span> <span class='ocrx_word' id='word_1_337' title='bbox 1102 4218 1249 4269; x_wconf 79' lang='lat' dir='ltr'><strong>Opera</strong></span> <span class='ocrx_word' id='word_1_338' title='bbox 1282 4201 1409 4254; x_wconf 84' lang='lat' dir='ltr'><strong>Dei?</strong></span> <span class='ocrx_word' id='word_1_339' title='bbox 1434 4200 1533 4253; x_wconf 89' lang='lat' dir='ltr'><strong>Re-</strong></span> 
     </span>
    </p>
   </div>
   <div class='ocr_carea' id='block_1_50' title="bbox 105 4287 1534 4354">
    <p class='ocr_par' dir='ltr' id='par_1_50' title="bbox 105 4287 1534 4354">
     <span class='ocr_line' id='line_1_54' title="bbox 105 4287 1534 4354; baseline 0 -15"><span class='ocrx_word' id='word_1_340' title='bbox 105 4288 210 4339; x_wconf 74' lang='lat' dir='ltr'><strong>mdit</strong></span> <span class='ocrx_word' id='word_1_341' title='bbox 232 4288 381 4342; x_wconf 75' lang='lat' dir='ltr'><strong>Iesus</strong></span> <span class='ocrx_word' id='word_1_342' title='bbox 411 4296 457 4340; x_wconf 82' lang='lat' dir='ltr'><strong>et</strong></span> <span class='ocrx_word' id='word_1_343' title='bbox 486 4288 610 4339; x_wconf 68' lang='lat' dir='ltr'><strong>dixit</strong></span> <span class='ocrx_word' id='word_1_344' title='bbox 634 4289 702 4341; x_wconf 85' lang='lat' dir='ltr'><strong>eis</strong></span> <span class='ocrx_word' id='word_1_345' title='bbox 724 4303 743 4340; x_wconf 91' lang='lat'><strong><em>:</em></strong></span> <span class='ocrx_word' id='word_1_346' title='bbox 770 4287 880 4339; x_wconf 85' lang='lat' dir='ltr'><strong>Hoc</strong></span> <span class='ocrx_word' id='word_1_347' title='bbox 911 4297 983 4340; x_wconf 85' lang='lat' dir='ltr'><strong>est</strong></span> <span class='ocrx_word' id='word_1_348' title='bbox 1022 4304 1144 4354; x_wconf 83' lang='lat' dir='ltr'><strong>opus</strong></span> <span class='ocrx_word' id='word_1_349' title='bbox 1170 4288 1260 4340; x_wconf 85' lang='lat' dir='ltr'><strong>Dei</strong></span> <span class='ocrx_word' id='word_1_350' title='bbox 1286 4299 1337 4339; x_wconf 90' lang='lat' dir='ltr'><strong>ut</strong></span> <span class='ocrx_word' id='word_1_351' title='bbox 1363 4291 1534 4340; x_wconf 86' lang='lat' dir='ltr'><strong>creda-</strong></span> 
     </span>
    </p>
   </div>
   <div class='ocr_carea' id='block_1_51' title="bbox 265 316 1975 394">
    <p class='ocr_par' dir='ltr' id='par_1_51' title="bbox 265 316 1975 394">
     <span class='ocr_line' id='line_1_55' title="bbox 265 316 1975 394; baseline -0.004 -16"><span class='ocrx_word' id='word_1_352' title='bbox 265 316 293 394; x_wconf 79' lang='grc' dir='ltr'><strong>ε</strong></span> <span class='ocrx_word' id='word_1_353' title='bbox 986 324 1064 377; x_wconf 77' lang='lat' dir='ltr'><strong>ne</strong></span> <span class='ocrx_word' id='word_1_354' title='bbox 1101 322 1344 375; x_wconf 58' lang='lat' dir='ltr'><strong>unum</strong></span> <span class='ocrx_word' id='word_1_355' title='bbox 1384 318 1519 383; x_wconf 81' lang='lat' dir='ltr'><strong>DEI,</strong></span> <span class='ocrx_word' id='word_1_356' title='bbox 1567 316 1738 377; x_wconf 79' lang='lat' dir='ltr'><strong>ETC..</strong></span> <span class='ocrx_word' id='word_1_357' title='bbox 1779 318 1902 369; x_wconf 86' lang='lat' dir='ltr'><strong>LIB.</strong></span> <span class='ocrx_word' id='word_1_358' title='bbox 1941 319 1975 371; x_wconf 87' lang='grc' dir='ltr'>ι.</span> 
     </span>
    </p>
   </div>
   <div class='ocr_carea' id='block_1_52' title="bbox 253 422 3116 507">
    <p class='ocr_par' dir='ltr' id='par_1_52' title="bbox 253 422 3116 507">
     <span class='ocr_line' id='line_1_56' title="bbox 253 422 3116 507; baseline -0.004 -17"><span class='ocrx_word' id='word_1_359' title='bbox 253 422 428 507; x_wconf 55' lang='lat' dir='ltr'><strong>ista“</strong></span> <span class='ocrx_word' id='word_1_360' title='bbox 481 436 645 505; x_wconf 80' lang='lat' dir='ltr'><strong>(Eph.</strong></span> <span class='ocrx_word' id='word_1_361' title='bbox 688 432 758 507; x_wconf 27' lang='lat' dir='ltr'><strong>lt.)</strong></span> <span class='ocrx_word' id='word_1_362' title='bbox 810 431 1090 483; x_wconf 86' lang='lat' dir='ltr'><strong>doctrinam</strong></span> <span class='ocrx_word' id='word_1_363' title='bbox 1138 426 1295 479; x_wconf 87' lang='lat' dir='ltr'><strong>armis</strong></span> <span class='ocrx_word' id='word_1_364' title='bbox 1345 422 1821 497; x_wconf 31' lang='lat' dir='ltr'><strong>impiiA&#39;novatis&#39;,</strong></span> <span class='ocrx_word' id='word_1_365' title='bbox 1874 424 2198 481; x_wconf 84' lang='lat' dir='ltr'><strong>sedulitatem</strong></span> <span class='ocrx_word' id='word_1_366' title='bbox 2259 425 2465 489; x_wconf 62' lang='lat' dir='ltr'><strong>oneris,</strong></span> <span class='ocrx_word' id='word_1_367' title='bbox 2516 436 2570 480; x_wconf 87' lang='lat' dir='ltr'><strong>et</strong></span> <span class='ocrx_word' id='word_1_368' title='bbox 2623 438 2800 477; x_wconf 82' lang='lat' dir='ltr'><strong>curam</strong></span> <span class='ocrx_word' id='word_1_369' title='bbox 2845 424 3116 479; x_wconf 73' lang='lat' dir='ltr'><strong>laboriosa)</strong></span> 
     </span>
    </p>
   </div>
   <div class='ocr_carea' id='block_1_53' title="bbox 3013 312 3115 369">
    <p class='ocr_par' dir='ltr' id='par_1_53' title="bbox 3013 312 3115 369">
     <span class='ocr_line' id='line_1_57' title="bbox 3013 312 3115 369; baseline 0 -1"><span class='ocrx_word' id='word_1_370' title='bbox 3013 312 3115 369; x_wconf 72' lang='grc' dir='ltr'>τειι</span> 
     </span>
    </p>
   </div>
   <div class='ocr_carea' id='block_1_54' title="bbox 1597 512 3117 580">
    <p class='ocr_par' dir='ltr' id='par_1_54' title="bbox 1597 512 3117 580">
     <span class='ocr_line' id='line_1_58' title="bbox 1597 512 3117 580; baseline 0.001 -15"><span class='ocrx_word' id='word_1_371' title='bbox 1597 512 1860 565; x_wconf 79' lang='lat' dir='ltr'><strong>servitutis</strong></span> <span class='ocrx_word' id='word_1_372' title='bbox 1901 512 2112 577; x_wconf 87' lang='lat' dir='ltr'><strong>indicit,</strong></span> <span class='ocrx_word' id='word_1_373' title='bbox 2159 523 2213 564; x_wconf 89' lang='lat' dir='ltr'><strong>ut</strong></span> <span class='ocrx_word' id='word_1_374' title='bbox 2248 514 2384 579; x_wconf 86' lang='lat' dir='ltr'><strong>quod</strong></span> <span class='ocrx_word' id='word_1_375' title='bbox 2424 515 2537 568; x_wconf 86' lang='lat' dir='ltr'><strong>sine</strong></span> <span class='ocrx_word' id='word_1_376' title='bbox 2574 514 2761 577; x_wconf 62' lang='lat' dir='ltr'><strong>labore,</strong></span> <span class='ocrx_word' id='word_1_377' title='bbox 2790 515 3117 580; x_wconf 82' lang='lat' dir='ltr'><strong>accepimus,</strong></span> 
     </span>
    </p>
   </div>
   <div class='ocr_carea' id='block_1_55' title="bbox 1597 599 3121 669">
    <p class='ocr_par' dir='ltr' id='par_1_55' title="bbox 1597 599 3121 669">
     <span class='ocr_line' id='line_1_59' title="bbox 1597 599 3121 669; baseline 0 -17"><span class='ocrx_word' id='word_1_378' title='bbox 1597 599 1883 666; x_wconf 85' lang='lat' dir='ltr'><strong>cpitulante</strong></span> <span class='ocrx_word' id='word_1_379' title='bbox 1910 599 2166 665; x_wconf 90' lang='lat' dir='ltr'><strong>adjutorio</strong></span> <span class='ocrx_word' id='word_1_380' title='bbox 2199 615 2317 654; x_wconf 92' lang='lat' dir='ltr'><strong>cum</strong></span> <span class='ocrx_word' id='word_1_381' title='bbox 2344 601 2523 654; x_wconf 87' lang='lat' dir='ltr'><strong>labore</strong></span> <span class='ocrx_word' id='word_1_382' title='bbox 2548 615 2841 662; x_wconf 83' lang='lat' dir='ltr'><strong>serveums.</strong></span> <span class='ocrx_word' id='word_1_383' title='bbox 2872 603 3121 669; x_wconf 80' lang='lat' dir='ltr'><strong>Apostolo</strong></span> 
     </span>
    </p>
   </div>
   <div class='ocr_carea' id='block_1_56' title="bbox 1598 686 3117 754">
    <p class='ocr_par' dir='ltr' id='par_1_56' title="bbox 1598 686 3117 754">
     <span class='ocr_line' id='line_1_60' title="bbox 1598 686 3117 754; baseline 0.001 -16"><span class='ocrx_word' id='word_1_384' title='bbox 1598 694 1991 749; x_wconf 86' lang='lat' dir='ltr'><strong>commonente,</strong></span> <span class='ocrx_word' id='word_1_385' title='bbox 2026 686 2231 751; x_wconf 83' lang='lat' dir='ltr'><strong>Videte,</strong></span> <span class='ocrx_word' id='word_1_386' title='bbox 2270 688 2458 754; x_wconf 83' lang='lat' dir='ltr'><strong>inquit,</strong></span> <span class='ocrx_word' id='word_1_387' title='bbox 2498 704 2558 740; x_wconf 87' lang='lat' dir='ltr'><strong>ne</strong></span> <span class='ocrx_word' id='word_1_388' title='bbox 2585 690 2636 743; x_wconf 85' lang='lat' dir='ltr'><strong>in</strong></span> <span class='ocrx_word' id='word_1_389' title='bbox 2669 703 2873 744; x_wconf 79' lang='lat' dir='ltr'><strong>vacuum</strong></span> <span class='ocrx_word' id='word_1_390' title='bbox 2908 690 3117 754; x_wconf 82' lang='lat' dir='ltr'><strong>gratiam</strong></span> 
     </span>
    </p>
   </div>
   <div class='ocr_carea' id='block_1_57' title="bbox 1600 771 3120 842">
    <p class='ocr_par' dir='ltr' id='par_1_57' title="bbox 1600 771 3120 842">
     <span class='ocr_line' id='line_1_61' title="bbox 1600 771 3120 842; baseline 0.003 -18"><span class='ocrx_word' id='word_1_391' title='bbox 1600 772 1693 825; x_wconf 86' lang='lat' dir='ltr'><strong>Dei</strong></span> <span class='ocrx_word' id='word_1_392' title='bbox 1723 773 1968 838; x_wconf 82' lang='lat' dir='ltr'><strong>recipiatis</strong></span> <span class='ocrx_word' id='word_1_393' title='bbox 1997 771 2095 842; x_wconf 88' lang='lat' dir='ltr'><strong>(Il</strong></span> <span class='ocrx_word' id='word_1_394' title='bbox 2134 774 2247 827; x_wconf 86' lang='lat' dir='ltr'><strong>Cor.</strong></span> <span class='ocrx_word' id='word_1_395' title='bbox 2282 774 2383 842; x_wconf 77' lang='lat' dir='ltr'><strong>vr).</strong></span> <span class='ocrx_word' id='word_1_396' title='bbox 2430 777 2665 841; x_wconf 76' lang='lat' dir='ltr'><strong>Agnosce</strong></span> <span class='ocrx_word' id='word_1_397' title='bbox 2704 776 2969 827; x_wconf 85' lang='lat' dir='ltr'><strong>distinctos</strong></span> <span class='ocrx_word' id='word_1_398' title='bbox 3003 790 3120 828; x_wconf 83' lang='lat' dir='ltr'><strong>esse</strong></span> 
     </span>
    </p>
   </div>
   <div class='ocr_carea' id='block_1_58' title="bbox 1599 850 3120 930">
    <p class='ocr_par' dir='ltr' id='par_1_58' title="bbox 1599 850 3120 930">
     <span class='ocr_line' id='line_1_62' title="bbox 1599 850 3120 930; baseline 0.001 -17"><span class='ocrx_word' id='word_1_399' title='bbox 1599 860 1789 928; x_wconf 86' lang='lat' dir='ltr'><strong>gradus</strong></span> <span class='ocrx_word' id='word_1_400' title='bbox 1811 862 2115 923; x_wconf 89' lang='lat' dir='ltr'><strong>vocationis,</strong></span> <span class='ocrx_word' id='word_1_401' title='bbox 2142 871 2194 915; x_wconf 88' lang='lat' dir='ltr'><strong>et</strong></span> <span class='ocrx_word' id='word_1_402' title='bbox 2221 850 2697 917; x_wconf 65' lang='lat' dir='ltr'><strong>consummationis.</strong></span> <span class='ocrx_word' id='word_1_403' title='bbox 2730 863 2904 923; x_wconf 76' lang='lat' dir='ltr'><strong>Fidem</strong></span> <span class='ocrx_word' id='word_1_404' title='bbox 2930 877 3120 930; x_wconf 84' lang='lat' dir='ltr'><strong>exspe-</strong></span> 
     </span>
    </p>
   </div>
   <div class='ocr_carea' id='block_1_59' title="bbox 1602 949 3120 1016">
    <p class='ocr_par' dir='ltr' id='par_1_59' title="bbox 1602 949 3120 1016">
     <span class='ocr_line' id='line_1_63' title="bbox 1602 949 3120 1016; baseline 0.001 -15"><span class='ocrx_word' id='word_1_405' title='bbox 1602 958 1706 1012; x_wconf 86' lang='lat' dir='ltr'><strong>ctat</strong></span> <span class='ocrx_word' id='word_1_406' title='bbox 1737 963 1763 1000; x_wconf 90' lang='lat' dir='ltr'><strong>a</strong></span> <span class='ocrx_word' id='word_1_407' title='bbox 1797 949 2047 1016; x_wconf 87' lang='lat' dir='ltr'><strong>parvulis,</strong></span> <span class='ocrx_word' id='word_1_408' title='bbox 2078 964 2232 1015; x_wconf 81' lang='lat' dir='ltr'><strong>Opera</strong></span> <span class='ocrx_word' id='word_1_409' title='bbox 2262 952 2421 1003; x_wconf 88' lang='lat' dir='ltr'><strong>etiam</strong></span> <span class='ocrx_word' id='word_1_410' title='bbox 2454 966 2570 1003; x_wconf 88' lang='lat' dir='ltr'><strong>cum</strong></span> <span class='ocrx_word' id='word_1_411' title='bbox 2611 952 2712 1004; x_wconf 92' lang='lat' dir='ltr'><strong>ﬁde</strong></span> <span class='ocrx_word' id='word_1_412' title='bbox 2750 967 2778 1003; x_wconf 88' lang='lat' dir='ltr'><strong>a</strong></span> <span class='ocrx_word' id='word_1_413' title='bbox 2807 950 3120 1011; x_wconf 79' lang='lat' dir='ltr'><strong>conﬁrmatis</strong></span> 
     </span>
    </p>
   </div>
   <div class='ocr_carea' id='block_1_60' title="bbox 1603 1039 3123 1105">
    <p class='ocr_par' dir='ltr' id='par_1_60' title="bbox 1603 1039 3123 1105">
     <span class='ocr_line' id='line_1_64' title="bbox 1603 1039 3123 1105; baseline 0.002 -15"><span class='ocrx_word' id='word_1_414' title='bbox 1603 1039 1839 1104; x_wconf 87' lang='lat' dir='ltr'><strong>requirit,</strong></span> <span class='ocrx_word' id='word_1_415' title='bbox 1869 1039 2137 1104; x_wconf 72' lang='lat' dir='ltr'><strong>itatamen</strong></span> <span class='ocrx_word' id='word_1_416' title='bbox 2167 1048 2223 1092; x_wconf 89' lang='lat' dir='ltr'><strong>ut</strong></span> <span class='ocrx_word' id='word_1_417' title='bbox 2249 1040 2564 1101; x_wconf 80' lang='lat' dir='ltr'><strong>credulitatis</strong></span> <span class='ocrx_word' id='word_1_418' title='bbox 2584 1040 2825 1094; x_wconf 75' lang='lat' dir='ltr'><strong>allectum</strong></span> <span class='ocrx_word' id='word_1_419' title='bbox 2850 1041 3123 1105; x_wconf 83' lang='lat' dir='ltr'><strong>proﬁcien-</strong></span> 
     </span>
    </p>
   </div>
   <div class='ocr_carea' id='block_1_61' title="bbox 1605 1128 3121 1196">
    <p class='ocr_par' dir='ltr' id='par_1_61' title="bbox 1605 1128 3121 1196">
     <span class='ocr_line' id='line_1_65' title="bbox 1605 1128 3121 1196; baseline -0.001 -17"><span class='ocrx_word' id='word_1_420' title='bbox 1605 1128 1741 1189; x_wconf 87' lang='lat' dir='ltr'><strong>tibus</strong></span> <span class='ocrx_word' id='word_1_421' title='bbox 1768 1135 1983 1196; x_wconf 79' lang='lat' dir='ltr'><strong>augeat,</strong></span> <span class='ocrx_word' id='word_1_422' title='bbox 2002 1136 2056 1181; x_wconf 90' lang='lat' dir='ltr'><strong>et</strong></span> <span class='ocrx_word' id='word_1_423' title='bbox 2076 1128 2425 1185; x_wconf 86' lang='lat' dir='ltr'><strong>laborantibus</strong></span> <span class='ocrx_word' id='word_1_424' title='bbox 2453 1128 2658 1196; x_wconf 88' lang='lat' dir='ltr'><strong>adjutor</strong></span> <span class='ocrx_word' id='word_1_425' title='bbox 2686 1129 3015 1196; x_wconf 83' lang='lat' dir='ltr'><strong>quotidianus</strong></span> <span class='ocrx_word' id='word_1_426' title='bbox 3039 1143 3121 1190; x_wconf 48' lang='lat' dir='ltr'><strong>as,</strong></span> 
     </span>
    </p>
   </div>
   <div class='ocr_carea' id='block_1_62' title="bbox 1604 1217 1770 1287">
    <p class='ocr_par' dir='ltr' id='par_1_62' title="bbox 1604 1217 1770 1287">
     <span class='ocr_line' id='line_1_66' title="bbox 1604 1217 1770 1287; baseline 0 -18"><span class='ocrx_word' id='word_1_427' title='bbox 1604 1217 1770 1287; x_wconf 81' lang='lat' dir='ltr'><strong>sistat.</strong></span> 
     </span>
    </p>
   </div>
   <div class='ocr_carea' id='block_1_63' title="bbox 2172 1304 2555 1359">
    <p class='ocr_par' dir='ltr' id='par_1_63' title="bbox 2172 1304 2555 1359">
     <span class='ocr_line' id='line_1_67' title="bbox 2172 1304 2555 1359; baseline 0.003 -1"><span class='ocrx_word' id='word_1_428' title='bbox 2172 1304 2389 1358; x_wconf 82' lang='lat' dir='ltr'><strong>CAPUT</strong></span> <span class='ocrx_word' id='word_1_429' title='bbox 2427 1305 2555 1359; x_wconf 86' lang='lat' dir='ltr'><strong>VIII.</strong></span> 
     </span>
    </p>
   </div>
   <div class='ocr_carea' id='block_1_64' title="bbox 1674 1392 3059 1457">
    <p class='ocr_par' dir='ltr' id='par_1_64' title="bbox 1674 1392 3059 1457">
     <span class='ocr_line' id='line_1_68' title="bbox 1674 1392 3059 1457; baseline 0.004 -13"><span class='ocrx_word' id='word_1_430' title='bbox 1674 1392 1856 1444; x_wconf 85' lang='lat' dir='ltr'><strong>Contra</strong></span> <span class='ocrx_word' id='word_1_431' title='bbox 1883 1392 1975 1444; x_wconf 80' lang='lat' dir='ltr'><strong>hoc</strong></span> <span class='ocrx_word' id='word_1_432' title='bbox 1999 1393 2130 1457; x_wconf 84' lang='lat' dir='ltr'><strong>quod</strong></span> <span class='ocrx_word' id='word_1_433' title='bbox 2158 1392 2347 1455; x_wconf 87' lang='lat' dir='ltr'><strong>dicunt,</strong></span> <span class='ocrx_word' id='word_1_434' title='bbox 2370 1394 2575 1449; x_wconf 86' lang='lat' dir='ltr'><strong>liberum</strong></span> <span class='ocrx_word' id='word_1_435' title='bbox 2602 1396 2859 1447; x_wconf 77' lang='lat' dir='ltr'><strong>arbitrium</strong></span> <span class='ocrx_word' id='word_1_436' title='bbox 2879 1411 2939 1447; x_wconf 76' lang='lat' dir='ltr'><strong>ex</strong></span> <span class='ocrx_word' id='word_1_437' title='bbox 2960 1404 3059 1449; x_wconf 77' lang='lat' dir='ltr'><strong>toto</strong></span> 
     </span>
    </p>
   </div>
   <div class='ocr_carea' id='block_1_65' title="bbox 2148 1460 2583 1526">
    <p class='ocr_par' dir='ltr' id='par_1_65' title="bbox 2148 1460 2583 1526">
     <span class='ocr_line' id='line_1_69' title="bbox 2148 1460 2583 1526; baseline 0.005 -17"><span class='ocrx_word' id='word_1_438' title='bbox 2148 1461 2301 1526; x_wconf 77' lang='lat' dir='ltr'><strong>fuisse</strong></span> <span class='ocrx_word' id='word_1_439' title='bbox 2318 1460 2583 1518; x_wconf 80' lang='lat' dir='ltr'><strong>sublatum.</strong></span> 
     </span>
    </p>
   </div>
   <div class='ocr_carea' id='block_1_66' title="bbox 1676 1566 3127 1634">
    <p class='ocr_par' dir='ltr' id='par_1_66' title="bbox 1676 1566 3127 1634">
     <span class='ocr_line' id='line_1_70' title="bbox 1676 1566 3127 1634; baseline 0.005 -15"><span class='ocrx_word' id='word_1_440' title='bbox 1676 1567 1837 1632; x_wconf 85' lang='lat' dir='ltr'><strong>Ilujus</strong></span> <span class='ocrx_word' id='word_1_441' title='bbox 1884 1566 2132 1633; x_wconf 60' lang='lat' dir='ltr'><strong>improbae</strong></span> <span class='ocrx_word' id='word_1_442' title='bbox 2180 1568 2528 1633; x_wconf 87' lang='lat' dir='ltr'><strong>persuasionis</strong></span> <span class='ocrx_word' id='word_1_443' title='bbox 2573 1579 2822 1634; x_wconf 66' lang='lat' dir='ltr'><strong>assertor,</strong></span> <span class='ocrx_word' id='word_1_444' title='bbox 2868 1570 3127 1628; x_wconf 67' lang='lat' dir='ltr'><strong>Mutinam</strong></span> 
     </span>
    </p>
   </div>
   <div class='ocr_carea' id='block_1_67' title="bbox 1612 1658 3128 1725">
    <p class='ocr_par' dir='ltr' id='par_1_67' title="bbox 1612 1658 3128 1725">
     <span class='ocr_line' id='line_1_71' title="bbox 1612 1658 3128 1725; baseline 0.004 -15"><span class='ocrx_word' id='word_1_445' title='bbox 1612 1658 1873 1710; x_wconf 85' lang='lat' dir='ltr'><strong>intellectu</strong></span> <span class='ocrx_word' id='word_1_446' title='bbox 1923 1658 2318 1724; x_wconf 88' lang='lat' dir='ltr'><strong>locupletatum,</strong></span> <span class='ocrx_word' id='word_1_447' title='bbox 2365 1660 2563 1719; x_wconf 77' lang='lat' dir='ltr'><strong>ratione</strong></span> <span class='ocrx_word' id='word_1_448' title='bbox 2603 1660 2904 1725; x_wconf 64' lang='lat' dir='ltr'><strong>praeditum,</strong></span> <span class='ocrx_word' id='word_1_449' title='bbox 2940 1660 3128 1717; x_wconf 70' lang='lat' dir='ltr'><strong>divina</strong></span> 
     </span>
    </p>
   </div>
   <div class='ocr_carea' id='block_1_68' title="bbox 57 1730 3130 1823">
    <p class='ocr_par' dir='ltr' id='par_1_68' title="bbox 57 1730 3130 1823">
     <span class='ocr_line' id='line_1_72' title="bbox 57 1730 3130 1823; baseline -0.003 -12"><span class='ocrx_word' id='word_1_450' title='bbox 57 1738 226 1812; x_wconf 73' lang='lat' dir='ltr'><strong>ainter</strong></span> <span class='ocrx_word' id='word_1_451' title='bbox 249 1730 551 1823; x_wconf 49' lang='lat' dir='ltr'><strong>dun-gratim</strong></span> <span class='ocrx_word' id='word_1_452' title='bbox 573 1763 802 1816; x_wconf 79' lang='lat' dir='ltr'><strong>tempora</strong></span> <span class='ocrx_word' id='word_1_453' title='bbox 828 1730 1211 1819; x_wconf 85' lang='lat' dir='ltr'><strong>persuasionem</strong></span> <span class='ocrx_word' id='word_1_454' title='bbox 1233 1754 1371 1799; x_wconf 88' lang='lat' dir='ltr'><strong>tuam</strong></span> <span class='ocrx_word' id='word_1_455' title='bbox 1400 1757 1513 1810; x_wconf 83' lang='lat' dir='ltr'><strong>pes-</strong></span> <span class='ocrx_word' id='word_1_456' title='bbox 1544 1730 1586 1787; x_wconf 81' lang='grc' dir='ltr'><strong>Β</strong></span> <span class='ocrx_word' id='word_1_457' title='bbox 1613 1746 1852 1816; x_wconf 79' lang='lat' dir='ltr'><strong>imaginis</strong></span> <span class='ocrx_word' id='word_1_458' title='bbox 1901 1747 2097 1800; x_wconf 88' lang='lat' dir='ltr'><strong>honore</strong></span> <span class='ocrx_word' id='word_1_459' title='bbox 2133 1748 2428 1801; x_wconf 87' lang='lat' dir='ltr'><strong>decoratum</strong></span> <span class='ocrx_word' id='word_1_460' title='bbox 2451 1788 2467 1810; x_wconf 90' lang='lat'><strong>,</strong></span> <span class='ocrx_word' id='word_1_461' title='bbox 2505 1749 2668 1809; x_wconf 80' lang='lat' dir='ltr'><strong>brutis</strong></span> <span class='ocrx_word' id='word_1_462' title='bbox 2694 1751 3042 1805; x_wconf 85' lang='lat' dir='ltr'><strong>animantibus</strong></span> <span class='ocrx_word' id='word_1_463' title='bbox 3076 1764 3130 1805; x_wconf 84' lang='lat' dir='ltr'><strong>et</strong></span> 
     </span>
    </p>
   </div>
   <div class='ocr_carea' id='block_1_69' title="bbox 1608 1837 3130 1905">
    <p class='ocr_par' dir='ltr' id='par_1_69' title="bbox 1608 1837 3130 1905">
     <span class='ocr_line' id='line_1_73' title="bbox 1608 1837 3130 1905; baseline 0.004 -17"><span class='ocrx_word' id='word_1_464' title='bbox 1608 1837 1857 1905; x_wconf 85' lang='lat' dir='ltr'><strong>jumentis</strong></span> <span class='ocrx_word' id='word_1_465' title='bbox 1883 1837 2243 1904; x_wconf 86' lang='lat' dir='ltr'><strong>insipientibus</strong></span> <span class='ocrx_word' id='word_1_466' title='bbox 2272 1838 2495 1890; x_wconf 72' lang='lat' dir='ltr'><strong>aestimat</strong></span> <span class='ocrx_word' id='word_1_467' title='bbox 2520 1838 2942 1905; x_wconf 83' lang='lat' dir='ltr'><strong>comparandum,</strong></span> <span class='ocrx_word' id='word_1_468' title='bbox 2971 1847 3028 1893; x_wconf 91' lang='lat' dir='ltr'><strong>ut</strong></span> <span class='ocrx_word' id='word_1_469' title='bbox 3062 1840 3130 1894; x_wconf 83' lang='lat' dir='ltr'><strong>ad</strong></span> 
     </span>
    </p>
   </div>
   <div class='ocr_carea' id='block_1_70' title="bbox 1614 1924 3139 1991">
    <p class='ocr_par' dir='ltr' id='par_1_70' title="bbox 1614 1924 3139 1991">
     <span class='ocr_line' id='line_1_74' title="bbox 1614 1924 3139 1991; baseline 0.003 -16"><span class='ocrx_word' id='word_1_470' title='bbox 1614 1926 1768 1989; x_wconf 37' lang='lat' dir='ltr'><strong>viam.</strong></span> <span class='ocrx_word' id='word_1_471' title='bbox 1796 1932 1937 1991; x_wconf 85' lang='lat' dir='ltr'><strong>recte</strong></span> <span class='ocrx_word' id='word_1_472' title='bbox 1976 1924 2116 1976; x_wconf 81' lang='lat' dir='ltr'><strong>nullo</strong></span> <span class='ocrx_word' id='word_1_473' title='bbox 2160 1939 2256 1977; x_wconf 86' lang='lat' dir='ltr'><strong>suo</strong></span> <span class='ocrx_word' id='word_1_474' title='bbox 2299 1924 2490 1990; x_wconf 76' lang='lat' dir='ltr'><strong>ductu,</strong></span> <span class='ocrx_word' id='word_1_475' title='bbox 2536 1926 2629 1978; x_wconf 85' lang='lat' dir='ltr'><strong>sed</strong></span> <span class='ocrx_word' id='word_1_476' title='bbox 2676 1926 2901 1980; x_wconf 78' lang='lat' dir='ltr'><strong>violento</strong></span> <span class='ocrx_word' id='word_1_477' title='bbox 2936 1934 3139 1981; x_wconf 84' lang='lat' dir='ltr'><strong>tantum</strong></span> 
     </span>
    </p>
   </div>
   <div class='ocr_carea' id='block_1_71' title="bbox 1613 2013 3129 2078">
    <p class='ocr_par' dir='ltr' id='par_1_71' title="bbox 1613 2013 3129 2078">
     <span class='ocr_line' id='line_1_75' title="bbox 1613 2013 3129 2078; baseline 0.002 -13"><span class='ocrx_word' id='word_1_478' title='bbox 1613 2013 1839 2071; x_wconf 83' lang='lat' dir='ltr'><strong>auctoris</strong></span> <span class='ocrx_word' id='word_1_479' title='bbox 1865 2013 2080 2078; x_wconf 87' lang='lat' dir='ltr'><strong>imperio</strong></span> <span class='ocrx_word' id='word_1_480' title='bbox 2106 2013 2452 2077; x_wconf 87' lang='lat' dir='ltr'><strong>pertrahatur.</strong></span> <span class='ocrx_word' id='word_1_481' title='bbox 2482 2013 2594 2077; x_wconf 85' lang='lat' dir='ltr'><strong>Quo</strong></span> <span class='ocrx_word' id='word_1_482' title='bbox 2622 2028 2812 2078; x_wconf 83' lang='lat' dir='ltr'><strong>genere</strong></span> <span class='ocrx_word' id='word_1_483' title='bbox 2839 2028 2955 2069; x_wconf 88' lang='lat' dir='ltr'><strong>eum</strong></span> <span class='ocrx_word' id='word_1_484' title='bbox 2978 2015 3129 2068; x_wconf 84' lang='lat' dir='ltr'><strong>etiam</strong></span> 
     </span>
    </p>
   </div>
   <div class='ocr_carea' id='block_1_72' title="bbox 1615 2099 3133 2162">
    <p class='ocr_par' dir='ltr' id='par_1_72' title="bbox 1615 2099 3133 2162">
     <span class='ocr_line' id='line_1_76' title="bbox 1615 2099 3133 2162; baseline 0.001 -9"><span class='ocrx_word' id='word_1_485' title='bbox 1615 2101 1998 2153; x_wconf 84' lang='lat' dir='ltr'><strong>insensibilibus</strong></span> <span class='ocrx_word' id='word_1_486' title='bbox 2018 2099 2303 2152; x_wconf 86' lang='lat' dir='ltr'><strong>assimilaro</strong></span> <span class='ocrx_word' id='word_1_487' title='bbox 2323 2100 2586 2162; x_wconf 79' lang='lat' dir='ltr'><strong>contendit</strong></span> <span class='ocrx_word' id='word_1_488' title='bbox 2605 2100 2906 2161; x_wconf 83' lang='lat' dir='ltr'><strong>elementis;</strong></span> <span class='ocrx_word' id='word_1_489' title='bbox 2928 2110 2983 2154; x_wconf 77' lang='lat' dir='ltr'><strong>ut</strong></span> <span class='ocrx_word' id='word_1_490' title='bbox 3001 2102 3133 2157; x_wconf 83' lang='lat' dir='ltr'><strong>sicut</strong></span> 
     </span>
    </p>
   </div>
   <div class='ocr_carea' id='block_1_73' title="bbox 1614 2187 3135 2254">
    <p class='ocr_par' dir='ltr' id='par_1_73' title="bbox 1614 2187 3135 2254">
     <span class='ocr_line' id='line_1_77' title="bbox 1614 2187 3135 2254; baseline 0.002 -14"><span class='ocrx_word' id='word_1_491' title='bbox 1614 2188 1678 2240; x_wconf 92' lang='lat' dir='ltr'><strong>de</strong></span> <span class='ocrx_word' id='word_1_492' title='bbox 1708 2188 1909 2240; x_wconf 86' lang='lat' dir='ltr'><strong>ratione</strong></span> <span class='ocrx_word' id='word_1_493' title='bbox 1932 2196 2207 2251; x_wconf 85' lang='lat' dir='ltr'><strong>terrarum,</strong></span> <span class='ocrx_word' id='word_1_494' title='bbox 2241 2202 2355 2254; x_wconf 71' lang='lat' dir='ltr'><strong>qua:</strong></span> <span class='ocrx_word' id='word_1_495' title='bbox 2376 2187 2507 2243; x_wconf 83' lang='lat' dir='ltr'><strong>nihil</strong></span> <span class='ocrx_word' id='word_1_496' title='bbox 2534 2188 2778 2243; x_wconf 87' lang='lat' dir='ltr'><strong>ubertatis</strong></span> <span class='ocrx_word' id='word_1_497' title='bbox 2802 2189 3016 2242; x_wconf 85' lang='lat' dir='ltr'><strong>arbitrio</strong></span> <span class='ocrx_word' id='word_1_498' title='bbox 3039 2205 3135 2243; x_wconf 79' lang='lat' dir='ltr'><strong>suo</strong></span> 
     </span>
    </p>
   </div>
   <div class='ocr_carea' id='block_1_74' title="bbox 1617 2275 3133 2345">
    <p class='ocr_par' dir='ltr' id='par_1_74' title="bbox 1617 2275 3133 2345">
     <span class='ocr_line' id='line_1_78' title="bbox 1617 2275 3133 2345; baseline -0.001 -16"><span class='ocrx_word' id='word_1_499' title='bbox 1617 2276 1914 2343; x_wconf 79' lang='lat' dir='ltr'><strong>proferunt,</strong></span> <span class='ocrx_word' id='word_1_500' title='bbox 1961 2290 2079 2343; x_wconf 71' lang='lat' dir='ltr'><strong>qua:</strong></span> <span class='ocrx_word' id='word_1_501' title='bbox 2126 2276 2347 2342; x_wconf 66' lang='lat' dir='ltr'><strong>propria!</strong></span> <span class='ocrx_word' id='word_1_502' title='bbox 2391 2275 2716 2335; x_wconf 79' lang='lat' dir='ltr'><strong>fecunditatis</strong></span> <span class='ocrx_word' id='word_1_503' title='bbox 2755 2277 2943 2345; x_wconf 72' lang='lat' dir='ltr'><strong>ignara:</strong></span> <span class='ocrx_word' id='word_1_504' title='bbox 2981 2288 3133 2341; x_wconf 90' lang='lat' dir='ltr'><strong>sunt,</strong></span> 
     </span>
    </p>
   </div>
   <div class='ocr_carea' id='block_1_75' title="bbox 1614 2362 3135 2432">
    <p class='ocr_par' dir='ltr' id='par_1_75' title="bbox 1614 2362 3135 2432">
     <span class='ocr_line' id='line_1_79' title="bbox 1614 2362 3135 2432; baseline 0.004 -19"><span class='ocrx_word' id='word_1_505' title='bbox 1614 2364 1800 2432; x_wconf 86' lang='lat' dir='ltr'><strong>quibus</strong></span> <span class='ocrx_word' id='word_1_506' title='bbox 1827 2376 2011 2417; x_wconf 83' lang='lat' dir='ltr'><strong>sensus</strong></span> <span class='ocrx_word' id='word_1_507' title='bbox 2035 2362 2250 2429; x_wconf 85' lang='lat' dir='ltr'><strong>alicujus</strong></span> <span class='ocrx_word' id='word_1_508' title='bbox 2282 2376 2377 2415; x_wconf 82' lang='lat' dir='ltr'><strong>nec</strong></span> <span class='ocrx_word' id='word_1_509' title='bbox 2405 2363 2618 2421; x_wconf 77' lang='lat' dir='ltr'><strong>libertas</strong></span> <span class='ocrx_word' id='word_1_510' title='bbox 2640 2365 2896 2428; x_wconf 82' lang='lat' dir='ltr'><strong>suppetit,</strong></span> <span class='ocrx_word' id='word_1_511' title='bbox 2921 2377 3017 2423; x_wconf 81' lang='lat' dir='ltr'><strong>nec</strong></span> <span class='ocrx_word' id='word_1_512' title='bbox 3042 2378 3135 2419; x_wconf 75' lang='lat' dir='ltr'><strong>vo-</strong></span> 
     </span>
    </p>
   </div>
   <div class='ocr_carea' id='block_1_76' title="bbox 1616 2447 3135 2519">
    <p class='ocr_par' dir='ltr' id='par_1_76' title="bbox 1616 2447 3135 2519">
     <span class='ocr_line' id='line_1_80' title="bbox 1616 2447 3135 2519; baseline -0.001 -14"><span class='ocrx_word' id='word_1_513' title='bbox 1616 2447 1815 2516; x_wconf 84' lang='lat' dir='ltr'><strong>luntas,</strong></span> <span class='ocrx_word' id='word_1_514' title='bbox 1845 2450 2044 2516; x_wconf 70' lang='lat' dir='ltr'><strong>frugum</strong></span> <span class='ocrx_word' id='word_1_515' title='bbox 2070 2460 2240 2506; x_wconf 86' lang='lat' dir='ltr'><strong>tamen</strong></span> <span class='ocrx_word' id='word_1_516' title='bbox 2278 2458 2560 2519; x_wconf 76' lang='lat' dir='ltr'><strong>proventus</strong></span> <span class='ocrx_word' id='word_1_517' title='bbox 2584 2465 2645 2504; x_wconf 78' lang='lat' dir='ltr'><strong>ex</strong></span> <span class='ocrx_word' id='word_1_518' title='bbox 2674 2450 2756 2503; x_wconf 78' lang='lat' dir='ltr'><strong>his</strong></span> <span class='ocrx_word' id='word_1_519' title='bbox 2785 2452 3135 2519; x_wconf 74' lang='lat' dir='ltr'><strong>cultoreopo-</strong></span> 
     </span>
    </p>
   </div>
   <div class='ocr_carea' id='block_1_77' title="bbox 1617 2538 3135 2606">
    <p class='ocr_par' dir='ltr' id='par_1_77' title="bbox 1617 2538 3135 2606">
     <span class='ocr_line' id='line_1_81' title="bbox 1617 2538 3135 2606; baseline -0.001 -13"><span class='ocrx_word' id='word_1_520' title='bbox 1617 2548 1763 2593; x_wconf 83' lang='lat' dir='ltr'><strong>rante</strong></span> <span class='ocrx_word' id='word_1_521' title='bbox 1802 2540 2112 2606; x_wconf 51' lang='lat' dir='ltr'><strong>capiuntur;</strong></span> <span class='ocrx_word' id='word_1_522' title='bbox 2140 2539 2211 2591; x_wconf 86' lang='lat' dir='ltr'><strong>ita</strong></span> <span class='ocrx_word' id='word_1_523' title='bbox 2243 2553 2305 2591; x_wconf 83' lang='lat' dir='ltr'><strong>ex</strong></span> <span class='ocrx_word' id='word_1_524' title='bbox 2351 2538 2559 2592; x_wconf 89' lang='lat' dir='ltr'><strong>homine</strong></span> <span class='ocrx_word' id='word_1_525' title='bbox 2604 2538 2669 2592; x_wconf 87' lang='lat' dir='ltr'><strong>ab</strong></span> <span class='ocrx_word' id='word_1_526' title='bbox 2712 2540 2859 2595; x_wconf 76' lang='lat' dir='ltr'><strong>omni</strong></span> <span class='ocrx_word' id='word_1_527' title='bbox 2888 2541 3135 2595; x_wconf 79' lang='lat' dir='ltr'><strong>exercitio</strong></span> 
     </span>
    </p>
   </div>
   <div class='ocr_carea' id='block_1_78' title="bbox 1616 2626 3138 2694">
    <p class='ocr_par' dir='ltr' id='par_1_78' title="bbox 1616 2626 3138 2694">
     <span class='ocr_line' id='line_1_82' title="bbox 1616 2626 3138 2694; baseline 0.001 -15"><span class='ocrx_word' id='word_1_528' title='bbox 1616 2627 1822 2689; x_wconf 84' lang='lat' dir='ltr'><strong>virtutis</strong></span> <span class='ocrx_word' id='word_1_529' title='bbox 1859 2628 2061 2691; x_wconf 85' lang='lat' dir='ltr'><strong>otioso,</strong></span> <span class='ocrx_word' id='word_1_530' title='bbox 2098 2627 2311 2694; x_wconf 76' lang='lat' dir='ltr'><strong>justitire</strong></span> <span class='ocrx_word' id='word_1_531' title='bbox 2354 2626 2566 2687; x_wconf 74' lang='lat' dir='ltr'><strong>fructus,</strong></span> <span class='ocrx_word' id='word_1_532' title='bbox 2592 2642 2665 2687; x_wconf 72' lang='lat' dir='ltr'><strong>ac,</strong></span> <span class='ocrx_word' id='word_1_533' title='bbox 2689 2627 2944 2688; x_wconf 80' lang='lat' dir='ltr'><strong>lanarum</strong></span> <span class='ocrx_word' id='word_1_534' title='bbox 2963 2644 3138 2683; x_wconf 80' lang='lat' dir='ltr'><strong>rerum</strong></span> 
     </span>
    </p>
   </div>
   <div class='ocr_carea' id='block_1_79' title="bbox 1617 2716 3139 2783">
    <p class='ocr_par' dir='ltr' id='par_1_79' title="bbox 1617 2716 3139 2783">
     <span class='ocr_line' id='line_1_83' title="bbox 1617 2716 3139 2783; baseline 0.003 -16"><span class='ocrx_word' id='word_1_535' title='bbox 1617 2716 1875 2783; x_wconf 83' lang='lat' dir='ltr'><strong>appetitus</strong></span> <span class='ocrx_word' id='word_1_536' title='bbox 1915 2723 2069 2781; x_wconf 84' lang='lat' dir='ltr'><strong>atque</strong></span> <span class='ocrx_word' id='word_1_537' title='bbox 2112 2716 2404 2782; x_wconf 81' lang='lat' dir='ltr'><strong>profectus.</strong></span> <span class='ocrx_word' id='word_1_538' title='bbox 2451 2716 2566 2773; x_wconf 85' lang='lat' dir='ltr'><strong>solo</strong></span> <span class='ocrx_word' id='word_1_539' title='bbox 2604 2716 2708 2768; x_wconf 86' lang='lat' dir='ltr'><strong>Deo</strong></span> <span class='ocrx_word' id='word_1_540' title='bbox 2732 2718 3139 2781; x_wconf 50' lang='lat' dir='ltr'><strong>insistenteusu-</strong></span> 
     </span>
    </p>
   </div>
   <div class='ocr_carea' id='block_1_80' title="bbox 1618 2799 3165 2871">
    <p class='ocr_par' dir='ltr' id='par_1_80' title="bbox 1618 2799 3165 2871">
     <span class='ocr_line' id='line_1_84' title="bbox 1618 2799 3165 2871; baseline -0.001 -15"><span class='ocrx_word' id='word_1_541' title='bbox 1618 2814 1843 2867; x_wconf 88' lang='lat' dir='ltr'><strong>mantur,</strong></span> <span class='ocrx_word' id='word_1_542' title='bbox 1872 2812 1923 2857; x_wconf 90' lang='lat' dir='ltr'><strong>et</strong></span> <span class='ocrx_word' id='word_1_543' title='bbox 1951 2803 2095 2871; x_wconf 81' lang='lat' dir='ltr'><strong>quasi</strong></span> <span class='ocrx_word' id='word_1_544' title='bbox 2136 2804 2185 2856; x_wconf 90' lang='lat' dir='ltr'><strong>iu</strong></span> <span class='ocrx_word' id='word_1_545' title='bbox 2219 2804 2360 2856; x_wconf 92' lang='lat' dir='ltr'><strong>nullo</strong></span> <span class='ocrx_word' id='word_1_546' title='bbox 2389 2804 2466 2858; x_wconf 87' lang='lat' dir='ltr'><strong>vel</strong></span> <span class='ocrx_word' id='word_1_547' title='bbox 2492 2805 2793 2870; x_wconf 56' lang='lat' dir='ltr'><strong>sentiatxcl</strong></span> <span class='ocrx_word' id='word_1_548' title='bbox 2814 2799 3133 2867; x_wconf 54' lang='lat' dir='ltr'><strong>comedint,</strong></span> <span class='ocrx_word' id='word_1_549' title='bbox 3159 2860 3165 2869; x_wconf 35' lang='lat' dir='ltr'><strong>I</strong></span> 
     </span>
    </p>
   </div>
   <div class='ocr_carea' id='block_1_81' title="bbox 1618 2892 3135 2960">
    <p class='ocr_par' dir='ltr' id='par_1_81' title="bbox 1618 2892 3135 2960">
     <span class='ocr_line' id='line_1_85' title="bbox 1618 2892 3135 2960; baseline -0.002 -12"><span class='ocrx_word' id='word_1_550' title='bbox 1618 2894 1685 2948; x_wconf 88' lang='lat' dir='ltr'><strong>ita</strong></span> <span class='ocrx_word' id='word_1_551' title='bbox 1721 2909 1835 2947; x_wconf 88' lang='lat' dir='ltr'><strong>cum</strong></span> <span class='ocrx_word' id='word_1_552' title='bbox 1867 2893 2142 2960; x_wconf 78' lang='lat' dir='ltr'><strong>appetierit</strong></span> <span class='ocrx_word' id='word_1_553' title='bbox 2177 2892 2491 2955; x_wconf 80' lang='lat' dir='ltr'><strong>gesseritre,</strong></span> <span class='ocrx_word' id='word_1_554' title='bbox 2528 2892 2578 2943; x_wconf 91' lang='lat' dir='ltr'><strong>in</strong></span> <span class='ocrx_word' id='word_1_555' title='bbox 2600 2893 2763 2956; x_wconf 57' lang='lat' dir='ltr'><strong>.ntqllo</strong></span> <span class='ocrx_word' id='word_1_556' title='bbox 2790 2893 2864 2945; x_wconf 86' lang='lat' dir='ltr'><strong>ad.</strong></span> <span class='ocrx_word' id='word_1_557' title='bbox 2894 2902 3135 2952; x_wconf 80' lang='lat' dir='ltr'><strong>conatum</strong></span> 
     </span>
    </p>
   </div>
   <div class='ocr_carea' id='block_1_82' title="bbox 1619 2980 3137 3049">
    <p class='ocr_par' dir='ltr' id='par_1_82' title="bbox 1619 2980 3137 3049">
     <span class='ocr_line' id='line_1_86' title="bbox 1619 2980 3137 3049; baseline -0.001 -13"><span class='ocrx_word' id='word_1_558' title='bbox 1619 2984 1730 3049; x_wconf 88' lang='lat' dir='ltr'><strong>ejus</strong></span> <span class='ocrx_word' id='word_1_559' title='bbox 1754 2997 1815 3036; x_wconf 90' lang='lat' dir='ltr'><strong>ac</strong></span> <span class='ocrx_word' id='word_1_560' title='bbox 1849 2982 2073 3035; x_wconf 89' lang='lat' dir='ltr'><strong>studium</strong></span> <span class='ocrx_word' id='word_1_561' title='bbox 2114 2981 2373 3046; x_wconf 84' lang='lat' dir='ltr'><strong>pertinere</strong></span> <span class='ocrx_word' id='word_1_562' title='bbox 2392 2980 2714 3046; x_wconf 86' lang='lat' dir='ltr'><strong>judiceutur.</strong></span> <span class='ocrx_word' id='word_1_563' title='bbox 2746 2980 2966 3044; x_wconf 81' lang='lat' dir='ltr'><strong>Etsicut</strong></span> <span class='ocrx_word' id='word_1_564' title='bbox 2986 2996 3137 3035; x_wconf 65' lang='lat' dir='ltr'><strong>mare</strong></span> 
     </span>
    </p>
   </div>
   <div class='ocr_carea' id='block_1_83' title="bbox 1618 3066 3138 3137">
    <p class='ocr_par' dir='ltr' id='par_1_83' title="bbox 1618 3066 3138 3137">
     <span class='ocr_line' id='line_1_87' title="bbox 1618 3066 3138 3137; baseline 0 -17"><span class='ocrx_word' id='word_1_565' title='bbox 1618 3084 1879 3137; x_wconf 88' lang='lat' dir='ltr'><strong>maguum,</strong></span> <span class='ocrx_word' id='word_1_566' title='bbox 1910 3068 2042 3134; x_wconf 89' lang='lat' dir='ltr'><strong>quod</strong></span> <span class='ocrx_word' id='word_1_567' title='bbox 2073 3068 2171 3119; x_wconf 90' lang='lat' dir='ltr'><strong>huc</strong></span> <span class='ocrx_word' id='word_1_568' title='bbox 2195 3074 2347 3131; x_wconf 88' lang='lat' dir='ltr'><strong>atque</strong></span> <span class='ocrx_word' id='word_1_569' title='bbox 2373 3066 2494 3119; x_wconf 91' lang='lat' dir='ltr'><strong>illuc</strong></span> <span class='ocrx_word' id='word_1_570' title='bbox 2518 3068 2685 3125; x_wconf 85' lang='lat' dir='ltr'><strong>ventis</strong></span> <span class='ocrx_word' id='word_1_571' title='bbox 2710 3068 3019 3133; x_wconf 81' lang='lat' dir='ltr'><strong>agitantibus</strong></span> <span class='ocrx_word' id='word_1_572' title='bbox 3044 3084 3138 3120; x_wconf 81' lang='lat' dir='ltr'><strong>vo—</strong></span> 
     </span>
    </p>
   </div>
   <div class='ocr_carea' id='block_1_84' title="bbox 1618 3155 3138 3221">
    <p class='ocr_par' dir='ltr' id='par_1_84' title="bbox 1618 3155 3138 3221">
     <span class='ocr_line' id='line_1_88' title="bbox 1618 3155 3138 3221; baseline -0.001 -11"><span class='ocrx_word' id='word_1_573' title='bbox 1618 3158 1827 3217; x_wconf 89' lang='lat' dir='ltr'><strong>lutatur,</strong></span> <span class='ocrx_word' id='word_1_574' title='bbox 1859 3156 1926 3207; x_wconf 90' lang='lat' dir='ltr'><strong>ita</strong></span> <span class='ocrx_word' id='word_1_575' title='bbox 1954 3156 2015 3208; x_wconf 89' lang='lat' dir='ltr'><strong>ad</strong></span> <span class='ocrx_word' id='word_1_576' title='bbox 2052 3155 2389 3221; x_wconf 83' lang='lat' dir='ltr'><strong>quodcunque</strong></span> <span class='ocrx_word' id='word_1_577' title='bbox 2432 3155 2621 3206; x_wconf 82' lang='lat' dir='ltr'><strong>bonum</strong></span> <span class='ocrx_word' id='word_1_578' title='bbox 2652 3155 2728 3206; x_wconf 90' lang='lat' dir='ltr'><strong>vel</strong></span> <span class='ocrx_word' id='word_1_579' title='bbox 2770 3155 2997 3217; x_wconf 81' lang='lat' dir='ltr'><strong>facinus,</strong></span> <span class='ocrx_word' id='word_1_580' title='bbox 3025 3156 3138 3209; x_wconf 82' lang='lat' dir='ltr'><strong>sine</strong></span> 
     </span>
    </p>
   </div>
   <div class='ocr_carea' id='block_1_85' title="bbox 1620 3240 3135 3309">
    <p class='ocr_par' dir='ltr' id='par_1_85' title="bbox 1620 3240 3135 3309">
     <span class='ocr_line' id='line_1_89' title="bbox 1620 3240 3135 3309; baseline 0 -14"><span class='ocrx_word' id='word_1_581' title='bbox 1620 3244 1724 3295; x_wconf 93' lang='lat' dir='ltr'><strong>ullo</strong></span> <span class='ocrx_word' id='word_1_582' title='bbox 1746 3242 1930 3296; x_wconf 76' lang='lat' dir='ltr'><strong>affectu</strong></span> <span class='ocrx_word' id='word_1_583' title='bbox 1953 3256 2067 3309; x_wconf 86' lang='lat' dir='ltr'><strong>suo,</strong></span> <span class='ocrx_word' id='word_1_584' title='bbox 2095 3240 2205 3295; x_wconf 91' lang='lat' dir='ltr'><strong>solo</strong></span> <span class='ocrx_word' id='word_1_585' title='bbox 2224 3240 2410 3293; x_wconf 66' lang='lat' dir='ltr'><strong>divinae</strong></span> <span class='ocrx_word' id='word_1_586' title='bbox 2432 3243 2704 3308; x_wconf 79' lang='lat' dir='ltr'><strong>potestatis</strong></span> <span class='ocrx_word' id='word_1_587' title='bbox 2724 3242 2964 3308; x_wconf 82' lang='lat' dir='ltr'><strong>impulsu,</strong></span> <span class='ocrx_word' id='word_1_588' title='bbox 2991 3258 3135 3295; x_wconf 68' lang='lat' dir='ltr'><strong>tuens</strong></span> 
     </span>
    </p>
   </div>
   <div class='ocr_carea' id='block_1_86' title="bbox 1622 3328 3134 3393">
    <p class='ocr_par' dir='ltr' id='par_1_86' title="bbox 1622 3328 3134 3393">
     <span class='ocr_line' id='line_1_90' title="bbox 1622 3328 3134 3393; baseline -0.003 -9"><span class='ocrx_word' id='word_1_589' title='bbox 1622 3332 1841 3385; x_wconf 90' lang='lat' dir='ltr'><strong>humana</strong></span> <span class='ocrx_word' id='word_1_590' title='bbox 1868 3338 2119 3383; x_wconf 77' lang='lat' dir='ltr'><strong>versetur.</strong></span> <span class='ocrx_word' id='word_1_591' title='bbox 2151 3328 2275 3393; x_wconf 76' lang='lat' dir='ltr'><strong>Quae</strong></span> <span class='ocrx_word' id='word_1_592' title='bbox 2307 3343 2424 3381; x_wconf 92' lang='lat' dir='ltr'><strong>cum</strong></span> <span class='ocrx_word' id='word_1_593' title='bbox 2462 3329 2529 3380; x_wconf 90' lang='lat' dir='ltr'><strong>ita</strong></span> <span class='ocrx_word' id='word_1_594' title='bbox 2568 3328 2697 3391; x_wconf 87' lang='lat' dir='ltr'><strong>siut,</strong></span> <span class='ocrx_word' id='word_1_595' title='bbox 2730 3329 3069 3382; x_wconf 84' lang='lat' dir='ltr'><strong>sihoutiucm</strong></span> <span class='ocrx_word' id='word_1_596' title='bbox 3106 3344 3134 3380; x_wconf 85' lang='lat' dir='ltr'><strong>a</strong></span> 
     </span>
    </p>
   </div>
   <div class='ocr_carea' id='block_1_87' title="bbox 1620 3417 3135 3481">
    <p class='ocr_par' dir='ltr' id='par_1_87' title="bbox 1620 3417 3135 3481">
     <span class='ocr_line' id='line_1_91' title="bbox 1620 3417 3135 3481; baseline -0.003 -7"><span class='ocrx_word' id='word_1_597' title='bbox 1620 3422 1825 3474; x_wconf 83' lang='lat' dir='ltr'><strong>sinistra</strong></span> <span class='ocrx_word' id='word_1_598' title='bbox 1853 3419 1971 3471; x_wconf 85' lang='lat' dir='ltr'><strong>mali</strong></span> <span class='ocrx_word' id='word_1_599' title='bbox 1998 3433 2099 3471; x_wconf 92' lang='lat' dir='ltr'><strong>non</strong></span> <span class='ocrx_word' id='word_1_600' title='bbox 2128 3426 2338 3471; x_wconf 85' lang='lat' dir='ltr'><strong>revocat</strong></span> <span class='ocrx_word' id='word_1_601' title='bbox 2364 3417 2681 3481; x_wconf 88' lang='lat' dir='ltr'><strong>intellectus,</strong></span> <span class='ocrx_word' id='word_1_602' title='bbox 2713 3418 2755 3468; x_wconf 86' lang='lat' dir='ltr'><strong>si</strong></span> <span class='ocrx_word' id='word_1_603' title='bbox 2783 3417 2843 3469; x_wconf 91' lang='lat' dir='ltr'><strong>ad</strong></span> <span class='ocrx_word' id='word_1_604' title='bbox 2873 3417 3135 3471; x_wconf 78' lang='lat' dir='ltr'><strong>dexteram</strong></span> 
     </span>
    </p>
   </div>
   <div class='ocr_carea' id='block_1_88' title="bbox 1623 3504 3141 3571">
    <p class='ocr_par' dir='ltr' id='par_1_88' title="bbox 1623 3504 3141 3571">
     <span class='ocr_line' id='line_1_92' title="bbox 1623 3504 3141 3571; baseline -0.003 -10"><span class='ocrx_word' id='word_1_605' title='bbox 1623 3508 1743 3562; x_wconf 92' lang='lat' dir='ltr'><strong>boni</strong></span> <span class='ocrx_word' id='word_1_606' title='bbox 1774 3521 1875 3559; x_wconf 89' lang='lat' dir='ltr'><strong>non</strong></span> <span class='ocrx_word' id='word_1_607' title='bbox 1897 3506 2085 3560; x_wconf 85' lang='lat' dir='ltr'><strong>excitat</strong></span> <span class='ocrx_word' id='word_1_608' title='bbox 2109 3505 2352 3569; x_wconf 88' lang='lat' dir='ltr'><strong>ambitus,</strong></span> <span class='ocrx_word' id='word_1_609' title='bbox 2377 3504 2481 3571; x_wconf 88' lang='lat' dir='ltr'><strong>jam</strong></span> <span class='ocrx_word' id='word_1_610' title='bbox 2514 3518 2613 3556; x_wconf 90' lang='lat' dir='ltr'><strong>non</strong></span> <span class='ocrx_word' id='word_1_611' title='bbox 2643 3504 2865 3557; x_wconf 89' lang='lat' dir='ltr'><strong>hominis</strong></span> <span class='ocrx_word' id='word_1_612' title='bbox 2887 3506 3141 3565; x_wconf 84' lang='lat' dir='ltr'><strong>tenebitur</strong></span> 
     </span>
    </p>
   </div>
   <div class='ocr_carea' id='block_1_89' title="bbox 1624 3592 3142 3659">
    <p class='ocr_par' dir='ltr' id='par_1_89' title="bbox 1624 3592 3142 3659">
     <span class='ocr_line' id='line_1_93' title="bbox 1624 3592 3142 3659; baseline -0.005 -9"><span class='ocrx_word' id='word_1_613' title='bbox 1624 3595 1953 3651; x_wconf 89' lang='lat' dir='ltr'><strong>conditione.</strong></span> <span class='ocrx_word' id='word_1_614' title='bbox 1994 3594 2083 3647; x_wconf 91' lang='lat' dir='ltr'><strong>sed</strong></span> <span class='ocrx_word' id='word_1_615' title='bbox 2122 3593 2352 3659; x_wconf 87' lang='lat' dir='ltr'><strong>pecudis.</strong></span> <span class='ocrx_word' id='word_1_616' title='bbox 2393 3592 2527 3646; x_wconf 83' lang='lat' dir='ltr'><strong>Ecce</strong></span> <span class='ocrx_word' id='word_1_617' title='bbox 2566 3592 2838 3645; x_wconf 81' lang='lat' dir='ltr'><strong>haereticus</strong></span> <span class='ocrx_word' id='word_1_618' title='bbox 2879 3592 2972 3645; x_wconf 86' lang='lat' dir='ltr'><strong>sub</strong></span> <span class='ocrx_word' id='word_1_619' title='bbox 3012 3606 3142 3659; x_wconf 66' lang='lat' dir='ltr'><strong>pra:-</strong></span> 
     </span>
    </p>
   </div>
   <div class='ocr_carea' id='block_1_90' title="bbox 1627 3680 3141 3751">
    <p class='ocr_par' dir='ltr' id='par_1_90' title="bbox 1627 3680 3141 3751">
     <span class='ocr_line' id='line_1_94' title="bbox 1627 3680 3141 3751; baseline -0.003 -14"><span class='ocrx_word' id='word_1_620' title='bbox 1627 3694 1767 3738; x_wconf 90' lang='lat' dir='ltr'><strong>textu</strong></span> <span class='ocrx_word' id='word_1_621' title='bbox 1806 3686 2015 3751; x_wconf 67' lang='lat' dir='ltr'><strong>gratiae,</strong></span> <span class='ocrx_word' id='word_1_622' title='bbox 2056 3682 2257 3749; x_wconf 85' lang='lat' dir='ltr'><strong>qualem</strong></span> <span class='ocrx_word' id='word_1_623' title='bbox 2284 3682 2393 3733; x_wconf 92' lang='lat' dir='ltr'><strong>vult</strong></span> <span class='ocrx_word' id='word_1_624' title='bbox 2429 3680 2684 3733; x_wconf 87' lang='lat' dir='ltr'><strong>hominem</strong></span> <span class='ocrx_word' id='word_1_625' title='bbox 2708 3695 2840 3744; x_wconf 84' lang='lat' dir='ltr'><strong>esse</strong></span> <span class='ocrx_word' id='word_1_626' title='bbox 2879 3690 2991 3743; x_wconf 85' lang='lat' dir='ltr'><strong>post</strong></span> <span class='ocrx_word' id='word_1_627' title='bbox 3026 3695 3141 3745; x_wconf 78' lang='lat' dir='ltr'><strong>gra-</strong></span> 
     </span>
    </p>
   </div>
   <div class='ocr_carea' id='block_1_91' title="bbox 1626 3766 3140 3836">
    <p class='ocr_par' dir='ltr' id='par_1_91' title="bbox 1626 3766 3140 3836">
     <span class='ocr_line' id='line_1_95' title="bbox 1626 3766 3140 3836; baseline -0.005 -12"><span class='ocrx_word' id='word_1_628' title='bbox 1626 3774 1769 3824; x_wconf 60' lang='lat' dir='ltr'><strong>tiam.</strong></span> <span class='ocrx_word' id='word_1_629' title='bbox 1799 3774 1972 3836; x_wconf 83' lang='lat' dir='ltr'><strong>Itaque</strong></span> <span class='ocrx_word' id='word_1_630' title='bbox 2000 3770 2043 3821; x_wconf 78' lang='lat' dir='ltr'><strong>si</strong></span> <span class='ocrx_word' id='word_1_631' title='bbox 2069 3769 2281 3821; x_wconf 91' lang='lat' dir='ltr'><strong>liberum</strong></span> <span class='ocrx_word' id='word_1_632' title='bbox 2301 3768 2567 3820; x_wconf 88' lang='lat' dir='ltr'><strong>arbitrium</strong></span> <span class='ocrx_word' id='word_1_633' title='bbox 2590 3783 2652 3821; x_wconf 92' lang='lat' dir='ltr'><strong>ex</strong></span> <span class='ocrx_word' id='word_1_634' title='bbox 2677 3776 2785 3819; x_wconf 89' lang='lat' dir='ltr'><strong>toto</strong></span> <span class='ocrx_word' id='word_1_635' title='bbox 2810 3768 2981 3833; x_wconf 83' lang='lat' dir='ltr'><strong>periit.</strong></span> <span class='ocrx_word' id='word_1_636' title='bbox 3004 3766 3140 3833; x_wconf 88' lang='lat' dir='ltr'><strong>quod</strong></span> 
     </span>
    </p>
   </div>
   <div class='ocr_carea' id='block_1_92' title="bbox 1625 3852 3143 3922">
    <p class='ocr_par' dir='ltr' id='par_1_92' title="bbox 1625 3852 3143 3922">
     <span class='ocr_line' id='line_1_96' title="bbox 1625 3852 3143 3922; baseline -0.004 -13"><span class='ocrx_word' id='word_1_637' title='bbox 1625 3859 1799 3922; x_wconf 88' lang='lat' dir='ltr'><strong>utique</strong></span> <span class='ocrx_word' id='word_1_638' title='bbox 1829 3856 1879 3907; x_wconf 91' lang='lat' dir='ltr'><strong>in</strong></span> <span class='ocrx_word' id='word_1_639' title='bbox 1908 3868 2084 3907; x_wconf 84' lang='lat' dir='ltr'><strong>amore</strong></span> <span class='ocrx_word' id='word_1_640' title='bbox 2114 3855 2422 3906; x_wconf 67' lang='lat' dir='ltr'><strong>innocentiae</strong></span> <span class='ocrx_word' id='word_1_641' title='bbox 2444 3893 2458 3917; x_wconf 91' lang='lat'><strong>,</strong></span> <span class='ocrx_word' id='word_1_642' title='bbox 2489 3854 2567 3905; x_wconf 86' lang='lat' dir='ltr'><strong>vel</strong></span> <span class='ocrx_word' id='word_1_643' title='bbox 2594 3856 2892 3919; x_wconf 84' lang='lat' dir='ltr'><strong>operatione</strong></span> <span class='ocrx_word' id='word_1_644' title='bbox 2911 3852 3143 3918; x_wconf 73' lang='lat' dir='ltr'><strong>justitim,</strong></span> 
     </span>
    </p>
   </div>
   <div class='ocr_carea' id='block_1_93' title="bbox 1626 3938 3143 4007">
    <p class='ocr_par' dir='ltr' id='par_1_93' title="bbox 1626 3938 3143 4007">
     <span class='ocr_line' id='line_1_97' title="bbox 1626 3938 3143 4007; baseline -0.005 -12"><span class='ocrx_word' id='word_1_645' title='bbox 1626 3944 1705 3995; x_wconf 89' lang='lat' dir='ltr'><strong>vel</strong></span> <span class='ocrx_word' id='word_1_646' title='bbox 1734 3945 1782 3994; x_wconf 90' lang='lat' dir='ltr'><strong>in</strong></span> <span class='ocrx_word' id='word_1_647' title='bbox 1807 3942 2037 4007; x_wconf 87' lang='lat' dir='ltr'><strong>corporis</strong></span> <span class='ocrx_word' id='word_1_648' title='bbox 2063 3939 2469 3993; x_wconf 88' lang='lat' dir='ltr'><strong>sanctiﬁcatione</strong></span> <span class='ocrx_word' id='word_1_649' title='bbox 2490 3940 2743 3999; x_wconf 84' lang='lat' dir='ltr'><strong>consistit,</strong></span> <span class='ocrx_word' id='word_1_650' title='bbox 2767 3940 2808 3990; x_wconf 91' lang='lat' dir='ltr'><strong>si</strong></span> <span class='ocrx_word' id='word_1_651' title='bbox 2832 3938 2929 3997; x_wconf 88' lang='lat' dir='ltr'><strong>hoc</strong></span> <span class='ocrx_word' id='word_1_652' title='bbox 2944 3953 3011 3997; x_wconf 81' lang='lat' dir='ltr'><strong>ex</strong></span> <span class='ocrx_word' id='word_1_653' title='bbox 3035 3947 3143 3990; x_wconf 89' lang='lat' dir='ltr'><strong>toto</strong></span> 
     </span>
    </p>
   </div>
   <div class='ocr_carea' id='block_1_94' title="bbox 1628 4023 3141 4093">
    <p class='ocr_par' dir='ltr' id='par_1_94' title="bbox 1628 4023 3141 4093">
     <span class='ocr_line' id='line_1_98' title="bbox 1628 4023 3141 4093; baseline -0.005 -12"><span class='ocrx_word' id='word_1_654' title='bbox 1628 4030 1677 4081; x_wconf 92' lang='lat' dir='ltr'><strong>in</strong></span> <span class='ocrx_word' id='word_1_655' title='bbox 1708 4028 1855 4093; x_wconf 84' lang='lat' dir='ltr'><strong>primi</strong></span> <span class='ocrx_word' id='word_1_656' title='bbox 1884 4026 2105 4078; x_wconf 88' lang='lat' dir='ltr'><strong>hominis</strong></span> <span class='ocrx_word' id='word_1_657' title='bbox 2134 4024 2555 4090; x_wconf 70' lang='lat' dir='ltr'><strong>prmvaricatione</strong></span> <span class='ocrx_word' id='word_1_658' title='bbox 2594 4023 2847 4074; x_wconf 82' lang='lat' dir='ltr'><strong>sublatum</strong></span> <span class='ocrx_word' id='word_1_659' title='bbox 2876 4030 2989 4083; x_wconf 81' lang='lat' dir='ltr'><strong>est.</strong></span> <span class='ocrx_word' id='word_1_660' title='bbox 3018 4037 3141 4089; x_wconf 87' lang='lat' dir='ltr'><strong>quo-</strong></span> 
     </span>
    </p>
   </div>
   <div class='ocr_carea' id='block_1_95' title="bbox 1629 4109 3145 4181">
    <p class='ocr_par' dir='ltr' id='par_1_95' title="bbox 1629 4109 3145 4181">
     <span class='ocr_line' id='line_1_99' title="bbox 1629 4109 3145 4181; baseline -0.005 -12"><span class='ocrx_word' id='word_1_661' title='bbox 1629 4117 1783 4181; x_wconf 86' lang='lat' dir='ltr'><strong>modo</strong></span> <span class='ocrx_word' id='word_1_662' title='bbox 1812 4115 2027 4180; x_wconf 56' lang='lat' dir='ltr'><strong>legimus</strong></span> <span class='ocrx_word' id='word_1_663' title='bbox 2054 4130 2067 4163; x_wconf 89' lang='lat'><strong>:</strong></span> <span class='ocrx_word' id='word_1_664' title='bbox 2097 4110 2351 4163; x_wconf 79' lang='lat' dir='ltr'><strong>Justitiam</strong></span> <span class='ocrx_word' id='word_1_665' title='bbox 2386 4111 2577 4171; x_wconf 87' lang='lat' dir='ltr'><strong>discite,</strong></span> <span class='ocrx_word' id='word_1_666' title='bbox 2595 4110 2676 4175; x_wconf 88' lang='lat' dir='ltr'><strong>qui</strong></span> <span class='ocrx_word' id='word_1_667' title='bbox 2706 4109 2935 4159; x_wconf 80' lang='lat' dir='ltr'><strong>habitatis</strong></span> <span class='ocrx_word' id='word_1_668' title='bbox 2962 4121 3145 4161; x_wconf 74' lang='lat' dir='ltr'><strong>terram</strong></span> 
     </span>
    </p>
   </div>
   <div class='ocr_carea' id='block_1_96' title="bbox 1631 4196 3150 4273">
    <p class='ocr_par' dir='ltr' id='par_1_96' title="bbox 1631 4196 3150 4273">
     <span class='ocr_line' id='line_1_100' title="bbox 1631 4196 3150 4273; baseline -0.005 -18"><span class='ocrx_word' id='word_1_669' title='bbox 1631 4204 1770 4273; x_wconf 83' lang='lat' dir='ltr'><strong>(Esa.</strong></span> <span class='ocrx_word' id='word_1_670' title='bbox 1809 4202 1981 4268; x_wconf 73' lang='lat' dir='ltr'><strong>xxvr);</strong></span> <span class='ocrx_word' id='word_1_671' title='bbox 2006 4209 2060 4252; x_wconf 90' lang='lat' dir='ltr'><strong>et</strong></span> <span class='ocrx_word' id='word_1_672' title='bbox 2086 4199 2268 4252; x_wconf 86' lang='lat' dir='ltr'><strong>iterum</strong></span> <span class='ocrx_word' id='word_1_673' title='bbox 2288 4196 2486 4250; x_wconf 78' lang='lat' dir='ltr'><strong>:Justus</strong></span> <span class='ocrx_word' id='word_1_674' title='bbox 2508 4208 2667 4248; x_wconf 88' lang='lat' dir='ltr'><strong>autem</strong></span> <span class='ocrx_word' id='word_1_675' title='bbox 2694 4213 2751 4249; x_wconf 78' lang='lat' dir='ltr'><strong>et</strong></span> <span class='ocrx_word' id='word_1_676' title='bbox 2776 4198 2874 4261; x_wconf 85' lang='lat' dir='ltr'><strong>ﬁde</strong></span> <span class='ocrx_word' id='word_1_677' title='bbox 2901 4213 3006 4249; x_wconf 83' lang='lat' dir='ltr'><strong>mea</strong></span> <span class='ocrx_word' id='word_1_678' title='bbox 3032 4198 3150 4248; x_wconf 79' lang='lat' dir='ltr'><strong>vivit</strong></span> 
     </span>
    </p>
   </div>
   <div class='ocr_carea' id='block_1_97' title="bbox 1632 4284 3155 4361">
    <p class='ocr_par' dir='ltr' id='par_1_97' title="bbox 1632 4284 3155 4361">
     <span class='ocr_line' id='line_1_101' title="bbox 1632 4284 3155 4361; baseline -0.003 -18"><span class='ocrx_word' id='word_1_679' title='bbox 1632 4292 1811 4361; x_wconf 72' lang='lat' dir='ltr'><strong>(Hebr.</strong></span> <span class='ocrx_word' id='word_1_680' title='bbox 1836 4295 1922 4353; x_wconf 78' lang='lat' dir='ltr'><strong>xl;</strong></span> <span class='ocrx_word' id='word_1_681' title='bbox 1948 4286 2173 4341; x_wconf 67' lang='lat' dir='ltr'><strong>Etzlusti</strong></span> <span class='ocrx_word' id='word_1_682' title='bbox 2193 4287 2475 4341; x_wconf 67' lang='lat' dir='ltr'><strong>hereditate</strong></span> <span class='ocrx_word' id='word_1_683' title='bbox 2504 4285 2814 4349; x_wconf 78' lang='lat' dir='ltr'><strong>possidebunt</strong></span> <span class='ocrx_word' id='word_1_684' title='bbox 2838 4284 3155 4351; x_wconf 77' lang='lat' dir='ltr'><strong>terrarn(Ps._</strong></span> 
     </span>
    </p>
   </div>
   <div class='ocr_carea' id='block_1_98' title="bbox 53 4353 3155 4449">
    <p class='ocr_par' dir='ltr' id='par_1_98' title="bbox 53 4353 3155 4449">
     <span class='ocr_line' id='line_1_102' title="bbox 53 4353 3155 4449; baseline 0 -26"><span class='ocrx_word' id='word_1_685' title='bbox 53 4353 160 4449; x_wconf 50' lang='lat' dir='ltr'><strong>irin</strong></span> <span class='ocrx_word' id='word_1_686' title='bbox 187 4391 288 4429; x_wconf 66' lang='lat' dir='ltr'><strong>cuiu</strong></span> <span class='ocrx_word' id='word_1_687' title='bbox 317 4392 467 4445; x_wconf 81' lang='lat' dir='ltr'><strong>quem</strong></span> <span class='ocrx_word' id='word_1_688' title='bbox 498 4376 628 4427; x_wconf 90' lang='lat' dir='ltr'><strong>misit</strong></span> <span class='ocrx_word' id='word_1_689' title='bbox 662 4376 766 4428; x_wconf 81' lang='lat' dir='ltr'><strong>ille.</strong></span> <span class='ocrx_word' id='word_1_690' title='bbox 798 4375 1033 4430; x_wconf 82' lang='lat' dir='ltr'><strong>Advertis</strong></span> <span class='ocrx_word' id='word_1_691' title='bbox 1061 4376 1177 4443; x_wconf 90' lang='lat' dir='ltr'><strong>quia</strong></span> <span class='ocrx_word' id='word_1_692' title='bbox 1213 4377 1337 4428; x_wconf 90' lang='lat' dir='ltr'><strong>nihil</strong></span> <span class='ocrx_word' id='word_1_693' title='bbox 1376 4377 1425 4428; x_wconf 91' lang='lat' dir='ltr'><strong>in</strong></span> <span class='ocrx_word' id='word_1_694' title='bbox 1456 4376 1535 4428; x_wconf 79' lang='lat' dir='ltr'><strong>fa-</strong></span> <span class='ocrx_word' id='word_1_695' title='bbox 1564 4353 2011 4445; x_wconf 66' lang='lat' dir='ltr'><strong>Dxxx\&#39;,il);et:</strong></span> <span class='ocrx_word' id='word_1_696' title='bbox 2032 4373 3080 4442; x_wconf 82' lang='lat' dir='ltr'><strong>OculiDominisuperjustos,etauresejus</strong></span> <span class='ocrx_word' id='word_1_697' title='bbox 3100 4373 3155 4424; x_wconf 84' lang='lat' dir='ltr'><strong>in</strong></span> 
     </span>
    </p>
   </div>
   <div class='ocr_carea' id='block_1_99' title="bbox 68 4462 1537 4531">
    <p class='ocr_par' dir='ltr' id='par_1_99' title="bbox 68 4462 1537 4531">
     <span class='ocr_line' id='line_1_103' title="bbox 68 4462 1537 4531; baseline 0.004 -20"><span class='ocrx_word' id='word_1_698' title='bbox 68 4463 214 4525; x_wconf 68' lang='lat' dir='ltr'><strong>uolatu</strong></span> <span class='ocrx_word' id='word_1_699' title='bbox 237 4465 324 4519; x_wconf 86' lang='lat' dir='ltr'><strong>Dei</strong></span> <span class='ocrx_word' id='word_1_700' title='bbox 350 4466 469 4519; x_wconf 86' lang='lat' dir='ltr'><strong>sine</strong></span> <span class='ocrx_word' id='word_1_701' title='bbox 498 4477 654 4530; x_wconf 87' lang='lat' dir='ltr'><strong>opere</strong></span> <span class='ocrx_word' id='word_1_702' title='bbox 685 4462 897 4531; x_wconf 86' lang='lat' dir='ltr'><strong>geritur,</strong></span> <span class='ocrx_word' id='word_1_703' title='bbox 931 4465 1134 4531; x_wconf 88' lang='lat' dir='ltr'><strong>quando</strong></span> <span class='ocrx_word' id='word_1_704' title='bbox 1159 4473 1211 4517; x_wconf 89' lang='lat' dir='ltr'><strong>et</strong></span> <span class='ocrx_word' id='word_1_705' title='bbox 1243 4464 1285 4515; x_wconf 90' lang='lat' dir='ltr'><strong>is</strong></span> <span class='ocrx_word' id='word_1_706' title='bbox 1311 4466 1394 4531; x_wconf 90' lang='lat' dir='ltr'><strong>qui</strong></span> <span class='ocrx_word' id='word_1_707' title='bbox 1425 4480 1537 4517; x_wconf 88' lang='lat' dir='ltr'><strong>crc-</strong></span> 
     </span>
    </p>
   </div>
   <div class='ocr_carea' id='block_1_100' title="bbox 53 4549 1540 4619">
    <p class='ocr_par' dir='ltr' id='par_1_100' title="bbox 53 4549 1540 4619">
     <span class='ocr_line' id='line_1_104' title="bbox 53 4549 1540 4619; baseline 0.003 -20"><span class='ocrx_word' id='word_1_708' title='bbox 53 4549 152 4609; x_wconf 61' lang='lat' dir='ltr'><strong>hre</strong></span> <span class='ocrx_word' id='word_1_709' title='bbox 171 4551 367 4607; x_wconf 86' lang='lat' dir='ltr'><strong>videtur</strong></span> <span class='ocrx_word' id='word_1_710' title='bbox 390 4549 669 4618; x_wconf 76' lang='lat' dir='ltr'><strong>Operatur?</strong></span> <span class='ocrx_word' id='word_1_711' title='bbox 703 4550 829 4605; x_wconf 88' lang='lat' dir='ltr'><strong>Item</strong></span> <span class='ocrx_word' id='word_1_712' title='bbox 859 4553 908 4603; x_wconf 91' lang='lat' dir='ltr'><strong>in</strong></span> <span class='ocrx_word' id='word_1_713' title='bbox 937 4551 1207 4618; x_wconf 86' lang='lat' dir='ltr'><strong>Apostolo.</strong></span> <span class='ocrx_word' id='word_1_714' title='bbox 1239 4551 1412 4619; x_wconf 84' lang='lat' dir='ltr'><strong>Neque</strong></span> <span class='ocrx_word' id='word_1_715' title='bbox 1442 4553 1540 4603; x_wconf 86' lang='lat' dir='ltr'><strong>cir-</strong></span> 
     </span>
    </p>
   </div>
   <div class='ocr_carea' id='block_1_101' title="bbox 62 4638 1540 4715">
    <p class='ocr_par' dir='ltr' id='par_1_101' title="bbox 62 4638 1540 4715">
     <span class='ocr_line' id='line_1_105' title="bbox 62 4638 1540 4715; baseline 0.002 -24"><span class='ocrx_word' id='word_1_716' title='bbox 62 4638 248 4715; x_wconf 60' lang='lat' dir='ltr'><strong>Pmcisio</strong></span> <span class='ocrx_word' id='word_1_717' title='bbox 271 4640 466 4709; x_wconf 73' lang='lat' dir='ltr'><strong>a’iqm&#39;d</strong></span> <span class='ocrx_word' id='word_1_718' title='bbox 486 4638 632 4715; x_wconf 74' lang='lat' dir='ltr'><strong>ualet,</strong></span> <span class='ocrx_word' id='word_1_719' title='bbox 659 4655 811 4705; x_wconf 83' lang='lat' dir='ltr'><strong>neque</strong></span> <span class='ocrx_word' id='word_1_720' title='bbox 830 4644 1149 4707; x_wconf 73' lang='lat' dir='ltr'><strong>prteputium,</strong></span> <span class='ocrx_word' id='word_1_721' title='bbox 1178 4645 1263 4694; x_wconf 84' lang='lat' dir='ltr'><strong>sed</strong></span> <span class='ocrx_word' id='word_1_722' title='bbox 1287 4642 1408 4708; x_wconf 75' lang='lat' dir='ltr'><strong>ﬁdes</strong></span> <span class='ocrx_word' id='word_1_723' title='bbox 1431 4657 1540 4707; x_wconf 66' lang='lat' dir='ltr'><strong>qua</strong></span> 
     </span>
    </p>
   </div>
   <div class='ocr_carea' id='block_1_102' title="bbox 53 4727 1541 4795">
    <p class='ocr_par' dir='ltr' id='par_1_102' title="bbox 53 4727 1541 4795">
     <span class='ocr_line' id='line_1_106' title="bbox 53 4727 1541 4795; baseline 0.001 -18"><span class='ocrx_word' id='word_1_724' title='bbox 53 4727 377 4795; x_wconf 58' lang='lat' dir='ltr'><strong>percu-itote»:</strong></span> <span class='ocrx_word' id='word_1_725' title='bbox 404 4734 642 4794; x_wconf 87' lang='lat' dir='ltr'><strong>aperatur</strong></span> <span class='ocrx_word' id='word_1_726' title='bbox 667 4727 804 4794; x_wconf 79' lang='lat' dir='ltr'><strong>(Gut.</strong></span> <span class='ocrx_word' id='word_1_727' title='bbox 826 4732 903 4795; x_wconf 77' lang='grc' dir='ltr'><strong>ν).</strong></span> <span class='ocrx_word' id='word_1_728' title='bbox 930 4729 1179 4783; x_wconf 88' lang='lat' dir='ltr'><strong>Similiter</strong></span> <span class='ocrx_word' id='word_1_729' title='bbox 1206 4739 1259 4782; x_wconf 91' lang='lat' dir='ltr'><strong>et</strong></span> <span class='ocrx_word' id='word_1_730' title='bbox 1284 4731 1347 4782; x_wconf 94' lang='lat' dir='ltr'><strong>ad</strong></span> <span class='ocrx_word' id='word_1_731' title='bbox 1377 4728 1541 4783; x_wconf 82' lang='lat' dir='ltr'><strong>Thes-</strong></span> 
     </span>
    </p>
   </div>
   <div class='ocr_carea' id='block_1_103' title="bbox 53 4811 1539 4892">
    <p class='ocr_par' dir='ltr' id='par_1_103' title="bbox 53 4811 1539 4892">
     <span class='ocr_line' id='line_1_107' title="bbox 53 4811 1539 4892; baseline 0.001 -25"><span class='ocrx_word' id='word_1_732' title='bbox 53 4811 367 4892; x_wconf 48' lang='lat' dir='ltr'><strong>“Ms</strong></span> <span class='ocrx_word' id='word_1_733' title='bbox 389 4814 641 4882; x_wconf 82' lang='lat' dir='ltr'><strong>secunda,</strong></span> <span class='ocrx_word' id='word_1_734' title='bbox 668 4816 906 4886; x_wconf 84' lang='lat' dir='ltr'><strong>Dignetur</strong></span> <span class='ocrx_word' id='word_1_735' title='bbox 925 4833 1009 4869; x_wconf 77' lang='lat' dir='ltr'><strong>vos</strong></span> <span class='ocrx_word' id='word_1_736' title='bbox 1030 4819 1277 4871; x_wconf 68' lang='lat' dir='ltr'><strong>vocadone</strong></span> <span class='ocrx_word' id='word_1_737' title='bbox 1296 4835 1387 4870; x_wconf 84' lang='lat' dir='ltr'><strong>sua</strong></span> <span class='ocrx_word' id='word_1_738' title='bbox 1407 4818 1539 4871; x_wconf 91' lang='lat' dir='ltr'><strong>Deus</strong></span> 
     </span>
    </p>
   </div>
   <div class='ocr_carea' id='block_1_104' title="bbox 53 4898 1541 4973">
    <p class='ocr_par' dir='ltr' id='par_1_104' title="bbox 53 4898 1541 4973">
     <span class='ocr_line' id='line_1_108' title="bbox 53 4898 1541 4973; baseline 0.005 -27"><span class='ocrx_word' id='word_1_739' title='bbox 53 4898 94 4973; x_wconf 77' lang='grc' dir='ltr'><strong>ΙΙ</strong></span> <span class='ocrx_word' id='word_1_740' title='bbox 112 4898 291 4965; x_wconf 56' lang='lat' dir='ltr'><strong>impleat</strong></span> <span class='ocrx_word' id='word_1_741' title='bbox 318 4917 517 4953; x_wconf 84' lang='lat' dir='ltr'><strong>omnem</strong></span> <span class='ocrx_word' id='word_1_742' title='bbox 542 4903 835 4954; x_wconf 85' lang='lat' dir='ltr'><strong>voluntatem</strong></span> <span class='ocrx_word' id='word_1_743' title='bbox 864 4903 1110 4973; x_wconf 80' lang='lat' dir='ltr'><strong>bonitatis,</strong></span> <span class='ocrx_word' id='word_1_744' title='bbox 1140 4913 1183 4956; x_wconf 86' lang='lat' dir='ltr'><strong>et</strong></span> <span class='ocrx_word' id='word_1_745' title='bbox 1208 4922 1329 4970; x_wconf 84' lang='lat' dir='ltr'><strong>opus</strong></span> <span class='ocrx_word' id='word_1_746' title='bbox 1354 4907 1471 4971; x_wconf 77' lang='lat' dir='ltr'><strong>ﬁdei</strong></span> <span class='ocrx_word' id='word_1_747' title='bbox 1490 4906 1541 4955; x_wconf 87' lang='lat' dir='ltr'><strong>in</strong></span> 
     </span>
    </p>
   </div>
   <div class='ocr_carea' id='block_1_105' title="bbox 53 4973 1539 5063">
    <p class='ocr_par' dir='ltr' id='par_1_105' title="bbox 53 4973 1539 5063">
     <span class='ocr_line' id='line_1_109' title="bbox 53 4973 1539 5063; baseline 0.007 -29"><span class='ocrx_word' id='word_1_748' title='bbox 53 4973 255 5063; x_wconf 49' lang='lat' dir='ltr'><strong>cistam</strong></span> <span class='ocrx_word' id='word_1_749' title='bbox 274 4988 451 5041; x_wconf 77' lang='lat' dir='ltr'><strong>Thess.</strong></span> <span class='ocrx_word' id='word_1_750' title='bbox 478 4984 533 5055; x_wconf 70' lang='grc' dir='ltr'><strong>ι).</strong></span> <span class='ocrx_word' id='word_1_751' title='bbox 557 4988 620 5040; x_wconf 85' lang='grc' dir='ltr'>Ει</span> <span class='ocrx_word' id='word_1_752' title='bbox 647 4988 712 5041; x_wconf 91' lang='lat' dir='ltr'><strong>de</strong></span> <span class='ocrx_word' id='word_1_753' title='bbox 732 4991 985 5043; x_wconf 83' lang='lat' dir='ltr'><strong>Abraham</strong></span> <span class='ocrx_word' id='word_1_754' title='bbox 1007 4991 1058 5043; x_wconf 90' lang='lat' dir='ltr'><strong>in</strong></span> <span class='ocrx_word' id='word_1_755' title='bbox 1083 4993 1298 5057; x_wconf 87' lang='lat' dir='ltr'><strong>cpistola</strong></span> <span class='ocrx_word' id='word_1_756' title='bbox 1323 4992 1539 5063; x_wconf 85' lang='lat' dir='ltr'><strong>apostoli</strong></span> 
     </span>
    </p>
   </div>
   <div class='ocr_carea' id='block_1_106' title="bbox 53 5071 1541 5155">
    <p class='ocr_par' dir='ltr' id='par_1_106' title="bbox 53 5071 1541 5155">
     <span class='ocr_line' id='line_1_110' title="bbox 53 5071 1541 5155; baseline 0.003 -29"><span class='ocrx_word' id='word_1_757' title='bbox 53 5071 232 5155; x_wconf 53' lang='lat' dir='ltr'><strong>Pcobi:</strong></span> <span class='ocrx_word' id='word_1_758' title='bbox 253 5075 398 5129; x_wconf 79' lang='lat' dir='ltr'><strong>Vides</strong></span> <span class='ocrx_word' id='word_1_759' title='bbox 425 5077 544 5144; x_wconf 86' lang='lat' dir='ltr'><strong>quia</strong></span> <span class='ocrx_word' id='word_1_760' title='bbox 562 5076 685 5147; x_wconf 74' lang='lat' dir='ltr'><strong>ﬁdes</strong></span> <span class='ocrx_word' id='word_1_761' title='bbox 700 5081 1051 5144; x_wconf 87' lang='lat' dir='ltr'><strong>cooperabatur</strong></span> <span class='ocrx_word' id='word_1_762' title='bbox 1072 5082 1294 5145; x_wconf 80' lang='lat' dir='ltr'><strong>operibus</strong></span> <span class='ocrx_word' id='word_1_763' title='bbox 1319 5082 1473 5143; x_wconf 78' lang='lat' dir='ltr'><strong>illius,</strong></span> <span class='ocrx_word' id='word_1_764' title='bbox 1496 5090 1541 5131; x_wconf 89' lang='lat' dir='ltr'><strong>et</strong></span> 
     </span>
    </p>
   </div>
   <div class='ocr_carea' id='block_1_107' title="bbox 53 5160 1541 5241">
    <p class='ocr_par' dir='ltr' id='par_1_107' title="bbox 53 5160 1541 5241">
     <span class='ocr_line' id='line_1_111' title="bbox 53 5160 1541 5241; baseline 0.002 -26"><span class='ocrx_word' id='word_1_765' title='bbox 53 5160 105 5241; x_wconf 55' lang='grc' dir='ltr'><strong>ξς</strong></span> <span class='ocrx_word' id='word_1_766' title='bbox 117 5160 317 5227; x_wconf 72' lang='lat' dir='ltr'><strong>opu-ibus</strong></span> <span class='ocrx_word' id='word_1_767' title='bbox 328 5162 457 5241; x_wconf 73' lang='lat' dir='ltr'><strong>ﬁdes</strong></span> <span class='ocrx_word' id='word_1_768' title='bbox 467 5172 807 5215; x_wconf 79' lang='lat' dir='ltr'><strong>consummata</strong></span> <span class='ocrx_word' id='word_1_769' title='bbox 825 5175 897 5219; x_wconf 78' lang='lat' dir='ltr'><strong>est</strong></span> <span class='ocrx_word' id='word_1_770' title='bbox 914 5166 1049 5232; x_wconf 83' lang='lat' dir='ltr'><strong>(Jac.</strong></span> <span class='ocrx_word' id='word_1_771' title='bbox 1066 5181 1099 5217; x_wconf 90' lang='grc' dir='ltr'><strong>ιι</strong></span> <span class='ocrx_word' id='word_1_772' title='bbox 1118 5167 1156 5233; x_wconf 94' lang='grc'><strong>).</strong></span> <span class='ocrx_word' id='word_1_773' title='bbox 1175 5167 1442 5218; x_wconf 86' lang='lat' dir='ltr'><strong>Geminum</strong></span> <span class='ocrx_word' id='word_1_774' title='bbox 1459 5167 1541 5218; x_wconf 89' lang='lat' dir='ltr'><strong>hic</strong></span> 
     </span>
    </p>
   </div>
   <div class='ocr_carea' id='block_1_108' title="bbox 55 5244 1538 5324">
    <p class='ocr_par' dir='ltr' id='par_1_108' title="bbox 55 5244 1538 5324">
     <span class='ocr_line' id='line_1_112' title="bbox 55 5244 1538 5324; baseline 0.001 -27"><span class='ocrx_word' id='word_1_775' title='bbox 55 5244 250 5324; x_wconf 53' lang='lat' dir='ltr'><strong>Fﬁcium</strong></span> <span class='ocrx_word' id='word_1_776' title='bbox 274 5261 591 5314; x_wconf 89' lang='lat' dir='ltr'><strong>recognosce</strong></span> <span class='ocrx_word' id='word_1_777' title='bbox 609 5289 622 5309; x_wconf 88' lang='lat'><strong>,</strong></span> <span class='ocrx_word' id='word_1_778' title='bbox 651 5256 703 5300; x_wconf 89' lang='lat' dir='ltr'><strong>et</strong></span> <span class='ocrx_word' id='word_1_779' title='bbox 728 5250 1037 5315; x_wconf 87' lang='lat' dir='ltr'><strong>operationis</strong></span> <span class='ocrx_word' id='word_1_780' title='bbox 1057 5289 1071 5311; x_wconf 87' lang='lat'><strong>,</strong></span> <span class='ocrx_word' id='word_1_781' title='bbox 1098 5262 1148 5303; x_wconf 91' lang='lat' dir='ltr'><strong>et</strong></span> <span class='ocrx_word' id='word_1_782' title='bbox 1175 5250 1313 5302; x_wconf 79' lang='lat' dir='ltr'><strong>ﬁdei.</strong></span> <span class='ocrx_word' id='word_1_783' title='bbox 1344 5250 1538 5313; x_wconf 77' lang='lat' dir='ltr'><strong>Gratia,</strong></span> 
     </span>
    </p>
   </div>
   <div class='ocr_carea' id='block_1_109' title="bbox 53 5330 1541 5410">
    <p class='ocr_par' dir='ltr' id='par_1_109' title="bbox 53 5330 1541 5410">
     <span class='ocr_line' id='line_1_113' title="bbox 53 5330 1541 5410; baseline 0.003 -29"><span class='ocrx_word' id='word_1_784' title='bbox 53 5330 212 5410; x_wconf 51' lang='lat' dir='ltr'><strong>Pquit,</strong></span> <span class='ocrx_word' id='word_1_785' title='bbox 237 5335 360 5385; x_wconf 79' lang='lat' dir='ltr'><strong>salui</strong></span> <span class='ocrx_word' id='word_1_786' title='bbox 385 5335 510 5401; x_wconf 78' lang='lat' dir='ltr'><strong>[acti</strong></span> <span class='ocrx_word' id='word_1_787' title='bbox 536 5335 651 5385; x_wconf 84' lang='lat' dir='ltr'><strong>estis</strong></span> <span class='ocrx_word' id='word_1_788' title='bbox 672 5350 757 5399; x_wconf 86' lang='lat' dir='ltr'><strong>per</strong></span> <span class='ocrx_word' id='word_1_789' title='bbox 781 5336 928 5400; x_wconf 80' lang='lat' dir='ltr'><strong>ﬁdem</strong></span> <span class='ocrx_word' id='word_1_790' title='bbox 957 5336 1110 5404; x_wconf 83' lang='lat' dir='ltr'><strong>(Eph.</strong></span> <span class='ocrx_word' id='word_1_791' title='bbox 1140 5339 1216 5400; x_wconf 90' lang='grc' dir='ltr'>ιι).</span> <span class='ocrx_word' id='word_1_792' title='bbox 1250 5338 1417 5387; x_wconf 86' lang='lat' dir='ltr'><strong>Prima</strong></span> <span class='ocrx_word' id='word_1_793' title='bbox 1448 5338 1541 5386; x_wconf 87' lang='lat' dir='ltr'><strong>ita-</strong></span> 
     </span>
    </p>
   </div>
   <div class='ocr_carea' id='block_1_110' title="bbox 73 5413 1539 5488">
    <p class='ocr_par' dir='ltr' id='par_1_110' title="bbox 73 5413 1539 5488">
     <span class='ocr_line' id='line_1_114' title="bbox 73 5413 1539 5488; baseline 0.004 -20"><span class='ocrx_word' id='word_1_794' title='bbox 73 5413 145 5483; x_wconf 58' lang='lat' dir='ltr'><strong>tte</strong></span> <span class='ocrx_word' id='word_1_795' title='bbox 167 5421 351 5474; x_wconf 87' lang='lat' dir='ltr'><strong>vocatio</strong></span> <span class='ocrx_word' id='word_1_796' title='bbox 385 5419 749 5486; x_wconf 85' lang='lat' dir='ltr'><strong>compendium</strong></span> <span class='ocrx_word' id='word_1_797' title='bbox 791 5422 906 5473; x_wconf 82' lang='lat' dir='ltr'><strong>ﬁdei</strong></span> <span class='ocrx_word' id='word_1_798' title='bbox 946 5424 1158 5488; x_wconf 90' lang='lat' dir='ltr'><strong>requirit</strong></span> <span class='ocrx_word' id='word_1_799' title='bbox 1196 5438 1222 5473; x_wconf 91' lang='lat' dir='ltr'><strong>a</strong></span> <span class='ocrx_word' id='word_1_800' title='bbox 1253 5424 1426 5484; x_wconf 87' lang='lat' dir='ltr'><strong>nobis,</strong></span> <span class='ocrx_word' id='word_1_801' title='bbox 1459 5438 1539 5474; x_wconf 81' lang='lat' dir='ltr'><strong>se-</strong></span> 
     </span>
    </p>
   </div>
   <div class='ocr_carea' id='block_1_111' title="bbox 65 5509 1539 5579">
    <p class='ocr_par' dir='ltr' id='par_1_111' title="bbox 65 5509 1539 5579">
     <span class='ocr_line' id='line_1_115' title="bbox 65 5509 1539 5579; baseline 0.001 -17"><span class='ocrx_word' id='word_1_802' title='bbox 65 5509 235 5579; x_wconf 60' lang='lat' dir='ltr'><strong>ntientis</strong></span> <span class='ocrx_word' id='word_1_803' title='bbox 257 5524 379 5566; x_wconf 77' lang='lat' dir='ltr'><strong>vero</strong></span> <span class='ocrx_word' id='word_1_804' title='bbox 413 5509 666 5577; x_wconf 78' lang='lat' dir='ltr'><strong>temporis</strong></span> <span class='ocrx_word' id='word_1_805' title='bbox 690 5510 850 5577; x_wconf 86' lang='lat' dir='ltr'><strong>gratia</strong></span> <span class='ocrx_word' id='word_1_806' title='bbox 878 5509 1187 5577; x_wconf 78' lang='lat' dir='ltr'><strong>redemptis,</strong></span> <span class='ocrx_word' id='word_1_807' title='bbox 1219 5510 1433 5575; x_wconf 87' lang='lat' dir='ltr'><strong>ablutis,</strong></span> <span class='ocrx_word' id='word_1_808' title='bbox 1464 5511 1539 5564; x_wconf 88' lang='lat' dir='ltr'><strong>iu-</strong></span> 
     </span>
    </p>
   </div>
   <div class='ocr_carea' id='block_1_112' title="bbox 1637 4461 3151 4535">
    <p class='ocr_par' dir='ltr' id='par_1_112' title="bbox 1637 4461 3151 4535">
     <span class='ocr_line' id='line_1_116' title="bbox 1637 4461 3151 4535; baseline -0.003 -16"><span class='ocrx_word' id='word_1_809' title='bbox 1637 4484 1797 4535; x_wconf 48' lang='lat' dir='ltr'><strong>preces</strong></span> <span class='ocrx_word' id='word_1_810' title='bbox 1811 4482 1976 4518; x_wconf 85' lang='lat' dir='ltr'><strong>eorum</strong></span> <span class='ocrx_word' id='word_1_811' title='bbox 1993 4464 2102 4533; x_wconf 85' lang='lat' dir='ltr'><strong>(Ps.</strong></span> <span class='ocrx_word' id='word_1_812' title='bbox 2118 4462 2324 4529; x_wconf 67' lang='lat' dir='ltr'><strong>Xxxm)?</strong></span> <span class='ocrx_word' id='word_1_813' title='bbox 2337 4462 2570 4530; x_wconf 83' lang='lat' dir='ltr'><strong>Nunquid</strong></span> <span class='ocrx_word' id='word_1_814' title='bbox 2588 4461 3001 4529; x_wconf 86' lang='lat' dir='ltr'><strong>penitusinteriit</strong></span> <span class='ocrx_word' id='word_1_815' title='bbox 3015 4462 3151 4519; x_wconf 86' lang='lat' dir='ltr'><strong>inno-</strong></span> 
     </span>
    </p>
   </div>
   <div class='ocr_carea' id='block_1_113' title="bbox 1635 4547 3154 4618">
    <p class='ocr_par' dir='ltr' id='par_1_113' title="bbox 1635 4547 3154 4618">
     <span class='ocr_line' id='line_1_117' title="bbox 1635 4547 3154 4618; baseline -0.005 -9"><span class='ocrx_word' id='word_1_816' title='bbox 1635 4556 1824 4617; x_wconf 85' lang='lat' dir='ltr'><strong>centia,</strong></span> <span class='ocrx_word' id='word_1_817' title='bbox 1854 4554 1968 4618; x_wconf 90' lang='lat' dir='ltr'><strong>quia</strong></span> <span class='ocrx_word' id='word_1_818' title='bbox 2001 4554 2051 4605; x_wconf 91' lang='lat' dir='ltr'><strong>in</strong></span> <span class='ocrx_word' id='word_1_819' title='bbox 2084 4552 2248 4617; x_wconf 89' lang='lat' dir='ltr'><strong>primo</strong></span> <span class='ocrx_word' id='word_1_820' title='bbox 2273 4550 2383 4615; x_wconf 87' lang='lat' dir='ltr'><strong>ejus</strong></span> <span class='ocrx_word' id='word_1_821' title='bbox 2407 4549 2565 4615; x_wconf 90' lang='lat' dir='ltr'><strong>gradu</strong></span> <span class='ocrx_word' id='word_1_822' title='bbox 2595 4562 2862 4615; x_wconf 86' lang='lat' dir='ltr'><strong>possessor</strong></span> <span class='ocrx_word' id='word_1_823' title='bbox 2885 4547 2996 4615; x_wconf 84' lang='lat' dir='ltr'><strong>ejus</strong></span> <span class='ocrx_word' id='word_1_824' title='bbox 3016 4558 3154 4605; x_wconf 82' lang='lat' dir='ltr'><strong>stare</strong></span> 
     </span>
    </p>
   </div>
   <div class='ocr_carea' id='block_1_114' title="bbox 1636 4624 3154 4709">
    <p class='ocr_par' dir='ltr' id='par_1_114' title="bbox 1636 4624 3154 4709">
     <span class='ocr_line' id='line_1_118' title="bbox 1636 4624 3154 4709; baseline -0.007 -13"><span class='ocrx_word' id='word_1_825' title='bbox 1636 4643 1897 4709; x_wconf 81' lang='lat' dir='ltr'><strong>neglexit?</strong></span> <span class='ocrx_word' id='word_1_826' title='bbox 1918 4640 2029 4694; x_wconf 83' lang='lat' dir='ltr'><strong>Non</strong></span> <span class='ocrx_word' id='word_1_827' title='bbox 2049 4641 2249 4706; x_wconf 90' lang='lat' dir='ltr'><strong>opinor,</strong></span> <span class='ocrx_word' id='word_1_828' title='bbox 2272 4624 2386 4704; x_wconf 82' lang='lat' dir='ltr'><strong>quia</strong></span> <span class='ocrx_word' id='word_1_829' title='bbox 2406 4625 2652 4704; x_wconf 73' lang='lat' dir='ltr'><strong>scriptum</strong></span> <span class='ocrx_word' id='word_1_830' title='bbox 2667 4645 2778 4701; x_wconf 78' lang='lat' dir='ltr'><strong>est:</strong></span> <span class='ocrx_word' id='word_1_831' title='bbox 2800 4635 3089 4695; x_wconf 75' lang='lat' dir='ltr'><strong>Innocentes</strong></span> <span class='ocrx_word' id='word_1_832' title='bbox 3109 4645 3154 4695; x_wconf 80' lang='lat' dir='ltr'><strong>et</strong></span> 
     </span>
    </p>
   </div>
   <div class='ocr_carea' id='block_1_115' title="bbox 1636 4724 3155 4793">
    <p class='ocr_par' dir='ltr' id='par_1_115' title="bbox 1636 4724 3155 4793">
     <span class='ocr_line' id='line_1_119' title="bbox 1636 4724 3155 4793; baseline -0.007 -7"><span class='ocrx_word' id='word_1_833' title='bbox 1636 4733 1756 4785; x_wconf 84' lang='lat' dir='ltr'><strong>recti</strong></span> <span class='ocrx_word' id='word_1_834' title='bbox 1777 4730 2085 4781; x_wconf 69' lang='lat' dir='ltr'><strong>adhaeserunt</strong></span> <span class='ocrx_word' id='word_1_835' title='bbox 2106 4726 2354 4793; x_wconf 84' lang='lat' dir='ltr'><strong>mihi(Ps.</strong></span> <span class='ocrx_word' id='word_1_836' title='bbox 2375 4724 2539 4792; x_wconf 79' lang='lat' dir='ltr'><strong>xxiv).</strong></span> <span class='ocrx_word' id='word_1_837' title='bbox 2565 4724 2627 4776; x_wconf 88' lang='lat' dir='ltr'><strong>Et</strong></span> <span class='ocrx_word' id='word_1_838' title='bbox 2644 4724 2824 4776; x_wconf 89' lang='lat' dir='ltr'><strong>iterum</strong></span> <span class='ocrx_word' id='word_1_839' title='bbox 2842 4742 2860 4780; x_wconf 68' lang='grc' dir='ltr'><strong>ι</strong></span> <span class='ocrx_word' id='word_1_840' title='bbox 2876 4724 2996 4785; x_wconf 84' lang='lat' dir='ltr'><strong>Quis</strong></span> <span class='ocrx_word' id='word_1_841' title='bbox 3008 4724 3155 4783; x_wconf 82' lang='lat' dir='ltr'><strong>stabit</strong></span> 
     </span>
    </p>
   </div>
   <div class='ocr_carea' id='block_1_116' title="bbox 1638 4812 3156 4883">
    <p class='ocr_par' dir='ltr' id='par_1_116' title="bbox 1638 4812 3156 4883">
     <span class='ocr_line' id='line_1_120' title="bbox 1638 4812 3156 4883; baseline -0.008 -11"><span class='ocrx_word' id='word_1_842' title='bbox 1638 4824 1689 4874; x_wconf 90' lang='lat' dir='ltr'><strong>in</strong></span> <span class='ocrx_word' id='word_1_843' title='bbox 1725 4822 1829 4871; x_wconf 88' lang='lat' dir='ltr'><strong>loco</strong></span> <span class='ocrx_word' id='word_1_844' title='bbox 1856 4827 2022 4869; x_wconf 79' lang='lat' dir='ltr'><strong>sancte</strong></span> <span class='ocrx_word' id='word_1_845' title='bbox 2049 4816 2194 4883; x_wconf 82' lang='lat' dir='ltr'><strong>ejus?</strong></span> <span class='ocrx_word' id='word_1_846' title='bbox 2220 4816 2448 4867; x_wconf 85' lang='lat' dir='ltr'><strong>innocens</strong></span> <span class='ocrx_word' id='word_1_847' title='bbox 2470 4814 2711 4874; x_wconf 87' lang='lat' dir='ltr'><strong>manibus,</strong></span> <span class='ocrx_word' id='word_1_848' title='bbox 2744 4823 2785 4863; x_wconf 86' lang='lat' dir='ltr'><strong>et</strong></span> <span class='ocrx_word' id='word_1_849' title='bbox 2807 4812 2989 4863; x_wconf 84' lang='lat' dir='ltr'><strong>munda</strong></span> <span class='ocrx_word' id='word_1_850' title='bbox 3006 4812 3156 4865; x_wconf 70' lang='lat' dir='ltr'><strong>tarde</strong></span> 
     </span>
    </p>
   </div>
   <div class='ocr_carea' id='block_1_117' title="bbox 1639 4898 3154 4974">
    <p class='ocr_par' dir='ltr' id='par_1_117' title="bbox 1639 4898 3154 4974">
     <span class='ocr_line' id='line_1_121' title="bbox 1639 4898 3154 4974; baseline -0.007 -17"><span class='ocrx_word' id='word_1_851' title='bbox 1639 4908 1753 4974; x_wconf 85' lang='lat' dir='ltr'><strong>(Ps.</strong></span> <span class='ocrx_word' id='word_1_852' title='bbox 1772 4904 1939 4969; x_wconf 76' lang='lat' dir='ltr'><strong>xxtn).</strong></span> <span class='ocrx_word' id='word_1_853' title='bbox 1966 4904 2027 4954; x_wconf 85' lang='lat' dir='ltr'><strong>Et</strong></span> <span class='ocrx_word' id='word_1_854' title='bbox 2050 4907 2263 4954; x_wconf 88' lang='lat' dir='ltr'><strong>iterum:</strong></span> <span class='ocrx_word' id='word_1_855' title='bbox 2285 4901 2522 4955; x_wconf 80' lang='lat' dir='ltr'><strong>Dominus</strong></span> <span class='ocrx_word' id='word_1_856' title='bbox 2549 4916 2644 4951; x_wconf 88' lang='lat' dir='ltr'><strong>non</strong></span> <span class='ocrx_word' id='word_1_857' title='bbox 2662 4898 2868 4971; x_wconf 76' lang='lat' dir='ltr'><strong>privabit</strong></span> <span class='ocrx_word' id='word_1_858' title='bbox 2889 4898 3027 4956; x_wconf 80' lang='lat' dir='ltr'><strong>bonis</strong></span> <span class='ocrx_word' id='word_1_859' title='bbox 3050 4912 3154 4947; x_wconf 78' lang='lat' dir='ltr'><strong>am-</strong></span> 
     </span>
    </p>
   </div>
   <div class='ocr_carea' id='block_1_118' title="bbox 1638 4984 3156 5057">
    <p class='ocr_par' dir='ltr' id='par_1_118' title="bbox 1638 4984 3156 5057">
     <span class='ocr_line' id='line_1_122' title="bbox 1638 4984 3156 5057; baseline -0.003 -14"><span class='ocrx_word' id='word_1_860' title='bbox 1638 4995 1860 5045; x_wconf 83' lang='lat' dir='ltr'><strong>bulantes</strong></span> <span class='ocrx_word' id='word_1_861' title='bbox 1898 4990 1947 5041; x_wconf 88' lang='lat' dir='ltr'><strong>in</strong></span> <span class='ocrx_word' id='word_1_862' title='bbox 1975 4990 2251 5041; x_wconf 85' lang='lat' dir='ltr'><strong>innocentia</strong></span> <span class='ocrx_word' id='word_1_863' title='bbox 2282 4989 2395 5057; x_wconf 92' lang='lat' dir='ltr'><strong>(Ps.</strong></span> <span class='ocrx_word' id='word_1_864' title='bbox 2423 4988 2663 5055; x_wconf 81' lang='lat' dir='ltr'><strong>Lxxxm).</strong></span> <span class='ocrx_word' id='word_1_865' title='bbox 2702 4987 2939 5051; x_wconf 82' lang='lat' dir='ltr'><strong>Nunquid</strong></span> <span class='ocrx_word' id='word_1_866' title='bbox 2968 4984 3156 5045; x_wconf 77' lang='lat' dir='ltr'><strong>sancti-</strong></span> 
     </span>
    </p>
   </div>
   <div class='ocr_carea' id='block_1_119' title="bbox 1640 5069 3152 5145">
    <p class='ocr_par' dir='ltr' id='par_1_119' title="bbox 1640 5069 3152 5145">
     <span class='ocr_line' id='line_1_123' title="bbox 1640 5069 3152 5145; baseline -0.009 -11"><span class='ocrx_word' id='word_1_867' title='bbox 1640 5082 1816 5134; x_wconf 87' lang='lat' dir='ltr'><strong>ﬁcatio</strong></span> <span class='ocrx_word' id='word_1_868' title='bbox 1836 5078 2067 5145; x_wconf 87' lang='lat' dir='ltr'><strong>corporis</strong></span> <span class='ocrx_word' id='word_1_869' title='bbox 2088 5093 2149 5129; x_wconf 88' lang='lat' dir='ltr'><strong>ex</strong></span> <span class='ocrx_word' id='word_1_870' title='bbox 2175 5087 2281 5130; x_wconf 91' lang='lat' dir='ltr'><strong>toto</strong></span> <span class='ocrx_word' id='word_1_871' title='bbox 2300 5079 2487 5131; x_wconf 88' lang='lat' dir='ltr'><strong>amissa</strong></span> <span class='ocrx_word' id='word_1_872' title='bbox 2508 5091 2624 5139; x_wconf 78' lang='lat' dir='ltr'><strong>esse</strong></span> <span class='ocrx_word' id='word_1_873' title='bbox 2644 5074 2899 5127; x_wconf 85' lang='lat' dir='ltr'><strong>credenda</strong></span> <span class='ocrx_word' id='word_1_874' title='bbox 2914 5069 3152 5135; x_wconf 85' lang='lat' dir='ltr'><strong>est,.quia</strong></span> 
     </span>
    </p>
   </div>
   <div class='ocr_carea' id='block_1_120' title="bbox 1642 5157 3155 5220">
    <p class='ocr_par' dir='ltr' id='par_1_120' title="bbox 1642 5157 3155 5220">
     <span class='ocr_line' id='line_1_124' title="bbox 1642 5157 3155 5220; baseline -0.009 0"><span class='ocrx_word' id='word_1_875' title='bbox 1642 5167 1883 5220; x_wconf 83' lang='lat' dir='ltr'><strong>membris</strong></span> <span class='ocrx_word' id='word_1_876' title='bbox 1916 5166 1963 5216; x_wconf 89' lang='lat' dir='ltr'><strong>iu</strong></span> <span class='ocrx_word' id='word_1_877' title='bbox 2004 5178 2157 5217; x_wconf 88' lang='lat' dir='ltr'><strong>servo</strong></span> <span class='ocrx_word' id='word_1_878' title='bbox 2200 5164 2380 5217; x_wconf 86' lang='lat' dir='ltr'><strong>rebelli</strong></span> <span class='ocrx_word' id='word_1_879' title='bbox 2402 5179 2544 5217; x_wconf 86' lang='lat' dir='ltr'><strong>suam</strong></span> <span class='ocrx_word' id='word_1_880' title='bbox 2571 5176 2671 5213; x_wconf 90' lang='lat' dir='ltr'><strong>non</strong></span> <span class='ocrx_word' id='word_1_881' title='bbox 2693 5157 3011 5217; x_wconf 69' lang='lat' dir='ltr'><strong>servantibus</strong></span> <span class='ocrx_word' id='word_1_882' title='bbox 3039 5169 3155 5216; x_wconf 79' lang='lat' dir='ltr'><strong>ser-</strong></span> 
     </span>
    </p>
   </div>
   <div class='ocr_carea' id='block_1_121' title="bbox 1640 5240 3153 5318">
    <p class='ocr_par' dir='ltr' id='par_1_121' title="bbox 1640 5240 3153 5318">
     <span class='ocr_line' id='line_1_125' title="bbox 1640 5240 3153 5318; baseline -0.007 -13"><span class='ocrx_word' id='word_1_883' title='bbox 1640 5254 1875 5313; x_wconf 80' lang='lat' dir='ltr'><strong>vitutem,</strong></span> <span class='ocrx_word' id='word_1_884' title='bbox 1902 5252 2130 5303; x_wconf 83' lang='lat' dir='ltr'><strong>discussa</strong></span> <span class='ocrx_word' id='word_1_885' title='bbox 2171 5260 2250 5304; x_wconf 88' lang='lat' dir='ltr'><strong>est</strong></span> <span class='ocrx_word' id='word_1_886' title='bbox 2292 5251 2467 5318; x_wconf 76' lang='lat' dir='ltr'><strong>prima:</strong></span> <span class='ocrx_word' id='word_1_887' title='bbox 2496 5250 2715 5315; x_wconf 80' lang='lat' dir='ltr'><strong>dignitas</strong></span> <span class='ocrx_word' id='word_1_888' title='bbox 2748 5243 3016 5311; x_wconf 81' lang='lat' dir='ltr'><strong>puritatis?</strong></span> <span class='ocrx_word' id='word_1_889' title='bbox 3043 5240 3153 5295; x_wconf 75' lang='lat' dir='ltr'><strong>Non</strong></span> 
     </span>
    </p>
   </div>
   <div class='ocr_carea' id='block_1_122' title="bbox 1642 5334 3155 5404">
    <p class='ocr_par' dir='ltr' id='par_1_122' title="bbox 1642 5334 3155 5404">
     <span class='ocr_line' id='line_1_126' title="bbox 1642 5334 3155 5404; baseline -0.006 -15"><span class='ocrx_word' id='word_1_890' title='bbox 1642 5339 1832 5403; x_wconf 88' lang='lat' dir='ltr'><strong>utique.</strong></span> <span class='ocrx_word' id='word_1_891' title='bbox 1863 5338 1978 5403; x_wconf 88' lang='lat' dir='ltr'><strong>quia</strong></span> <span class='ocrx_word' id='word_1_892' title='bbox 2008 5338 2225 5404; x_wconf 87' lang='lat' dir='ltr'><strong>legimus</strong></span> <span class='ocrx_word' id='word_1_893' title='bbox 2256 5356 2264 5387; x_wconf 95' lang='lat'>:</span> <span class='ocrx_word' id='word_1_894' title='bbox 2298 5336 2363 5390; x_wconf 86' lang='lat' dir='ltr'><strong>Ut</strong></span> <span class='ocrx_word' id='word_1_895' title='bbox 2403 5334 2687 5390; x_wconf 86' lang='lat' dir='ltr'><strong>exhibeatis</strong></span> <span class='ocrx_word' id='word_1_896' title='bbox 2732 5343 2944 5393; x_wconf 57' lang='lat' dir='ltr'><strong>camera</strong></span> <span class='ocrx_word' id='word_1_897' title='bbox 2990 5337 3155 5380; x_wconf 80' lang='lat' dir='ltr'><strong>vestra</strong></span> 
     </span>
    </p>
   </div>
   <div class='ocr_carea' id='block_1_123' title="bbox 1642 5415 3156 5490">
    <p class='ocr_par' dir='ltr' id='par_1_123' title="bbox 1642 5415 3156 5490">
     <span class='ocr_line' id='line_1_127' title="bbox 1642 5415 3156 5490; baseline -0.004 -13"><span class='ocrx_word' id='word_1_898' title='bbox 1642 5426 1859 5477; x_wconf 70' lang='lat' dir='ltr'><strong>hostium</strong></span> <span class='ocrx_word' id='word_1_899' title='bbox 1880 5426 2069 5487; x_wconf 88' lang='lat' dir='ltr'><strong>vivam,</strong></span> <span class='ocrx_word' id='word_1_900' title='bbox 2098 5436 2348 5490; x_wconf 87' lang='lat' dir='ltr'><strong>sanctam,</strong></span> <span class='ocrx_word' id='word_1_901' title='bbox 2373 5427 2655 5488; x_wconf 83' lang='lat' dir='ltr'><strong>placentem</strong></span> <span class='ocrx_word' id='word_1_902' title='bbox 2688 5421 2811 5471; x_wconf 84' lang='lat' dir='ltr'><strong>Deo.</strong></span> <span class='ocrx_word' id='word_1_903' title='bbox 2845 5417 2906 5467; x_wconf 84' lang='lat' dir='ltr'><strong>Et</strong></span> <span class='ocrx_word' id='word_1_904' title='bbox 2936 5415 3156 5471; x_wconf 84' lang='lat' dir='ltr'><strong>iterum:</strong></span> 
     </span>
    </p>
   </div>
   <div class='ocr_carea' id='block_1_124' title="bbox 1646 5503 3158 5580">
    <p class='ocr_par' dir='ltr' id='par_1_124' title="bbox 1646 5503 3158 5580">
     <span class='ocr_line' id='line_1_128' title="bbox 1646 5503 3158 5580; baseline -0.005 -15"><span class='ocrx_word' id='word_1_905' title='bbox 1646 5511 1818 5565; x_wconf 78' lang='lat' dir='ltr'><strong>Sancti</strong></span> <span class='ocrx_word' id='word_1_906' title='bbox 1842 5519 2010 5578; x_wconf 81' lang='lat' dir='ltr'><strong>estote,</strong></span> <span class='ocrx_word' id='word_1_907' title='bbox 2040 5516 2154 5577; x_wconf 76' lang='lat' dir='ltr'><strong>quia</strong></span> <span class='ocrx_word' id='word_1_908' title='bbox 2187 5530 2274 5580; x_wconf 79' lang='lat' dir='ltr'><strong>ego</strong></span> <span class='ocrx_word' id='word_1_909' title='bbox 2298 5525 2491 5566; x_wconf 78' lang='lat' dir='ltr'><strong>sanctus</strong></span> <span class='ocrx_word' id='word_1_910' title='bbox 2512 5525 2618 5564; x_wconf 81' lang='lat' dir='ltr'><strong>sum</strong></span> <span class='ocrx_word' id='word_1_911' title='bbox 2645 5506 2779 5572; x_wconf 74' lang='lat' dir='ltr'><strong>(Leu.</strong></span> <span class='ocrx_word' id='word_1_912' title='bbox 2812 5503 2942 5566; x_wconf 79' lang='lat' dir='ltr'><strong>xIx).</strong></span> <span class='ocrx_word' id='word_1_913' title='bbox 2969 5503 3037 5555; x_wconf 87' lang='lat' dir='ltr'><strong>Ita</strong></span> <span class='ocrx_word' id='word_1_914' title='bbox 3064 5503 3158 5559; x_wconf 81' lang='lat' dir='ltr'><strong>hoc</strong></span> 
     </span>
    </p>
   </div>
  </div>
