3818 6226
626 257 630 260 ·
644 234 743 287 ἘΒ

1800 234 1853 286 s.
1900 234 2130 287 FAUSTI
2175 231 2563 289 RIIEGIENSIS
3731 217 3815 300 πά

644 361 832 411 genae
866 345 1135 406 bonorum,
1165 344 1371 397 illorum
1396 359 1510 409 qua:
1539 346 1673 397 male
1702 355 1916 397 secutus
1945 341 2169 409 paradisi
2207 343 2251 398 Δ
2279 351 2376 406 est,
2409 345 2573 396 bonus
2601 359 2718 399 esse
2745 347 3040 411 contendat,
3069 357 3121 402 et
3145 349 3452 418 supplicans
3477 352 3655 404 dicat:
3689 365 3742 405 et
3762 327 3815 416 ei

646 435 810 488 incola
836 449 863 486 a
891 434 1110 502 benigno
1130 443 1341 485 auctore
1361 442 1679 500 susceperat,
1710 449 1812 485 non
1839 433 1991 498 periit
2015 432 2173 491 actio,

645 522 740 575 etsi
758 529 837 575 est
855 523 1041 574 amissa
1065 522 1328 588 perfectio.
1346 521 1454 573 Non
1474 523 1702 588 inquam,
1723 522 1903 573 harum
1923 522 2172 572 virtutum

647 611 796 678 periit
821 612 1051 674 castitas,
1079 611 1174 663 etsi
1200 619 1279 663 est
1313 621 1559 662 temerata
1588 609 1852 678 virginalis
1881 610 2172 674 integritas.

1235 697 1456 751 CAPUT
1498 697 1582 749 IX.

735 786 960 849 Qualiter
981 785 1244 853 inﬁrmitas
1267 785 1406 836 liberi
1436 785 1629 836 arbitrii
1656 782 1978 850 intelligenda
2009 784 2096 835 sit.

709 873 812 926 Sed
847 873 1136 940 interrogas
1156 881 1209 926 et
1231 874 1308 924 ais
1335 889 1348 923 :
1376 872 1647 936 Quomodo
1677 871 2066 936 intelligendum
2097 880 2176 921 cst

644 958 958 1013 lniirmatum
988 958 1227 1012 humana:
1257 959 1442 1011 mentis
1469 957 1773 1009 arbitrium?
1802 959 2077 1008 Attenuata
2110 958 2172 1009 li-

646 1049 815 1099 hertas
843 1047 954 1115 ejus
983 1049 1050 1100 ita
1077 1048 1257 1114 gratize
1287 1045 1598 1098 adminicula
1631 1045 1745 1111 plus
1768 1046 2015 1112 requirit,
2045 1045 2182 1099 sicut

645 1134 801 1186 homo
831 1137 977 1200 longa
1004 1133 1301 1185 infirmitate
1323 1132 1615 1194 confectus,
1645 1132 1925 1197 adiutoriis
1950 1147 2006 1184 ac
2035 1134 2172 1184 sola-

644 1224 729 1274 tiis
753 1237 930 1288 gressu
972 1222 1221 1272 titubante
1260 1220 1421 1284 magis
1458 1220 1668 1286 indiget.
1713 1220 1869 1282 Igitur
1895 1222 2032 1272 sicut
2061 1231 2174 1287 post

645 1313 985 1364 inveteratam
1017 1310 1229 1361 luxnria:
1250 1310 1695 1368 consuetudinem,
1725 1314 1982 1376 reparatio
2008 1313 2171 1364 conti-

620 1443 622 1448 .
647 1399 836 1452 tientia:
866 1401 1025 1451 multo
1057 1397 1231 1449 labore
1257 1399 1506 1450 constabit
1536 1417 1546 1449 :
1580 1409 1628 1450 et
1657 1400 1790 1451 sicut
1820 1401 1969 1467 longo
2002 1409 2171 1452 temu-

647 1488 818 1560 lentiat
847 1503 940 1541 usu
985 1489 1235 1552 captivata
1254 1531 1268 1554 ,
1297 1489 1552 1541 sobrietas
1578 1505 1694 1542 cum
1723 1492 1962 1543 violentia
1994 1493 2171 1558 rigida:

646 1579 814 1631 crucis
844 1579 927 1632 vix
958 1579 1220 1644 recipitur,
1253 1595 1364 1644 qua:
1391 1580 1530 1645 prius
1553 1596 1666 1632 cum
1701 1583 1853 1633 illmsa
1886 1593 2169 1648 teneretur,

2281 431 2544 482 voluntate
2583 448 2693 484 mea
2735 434 3024 490 conﬁtebor
3063 437 3157 490 illi.
3202 437 3426 491 Jubetur
3467 442 3815 506 unusquisque

2278 534 2340 570 ex
2371 520 2633 572 voluntate
2661 524 2926 585 converti,
2959 539 3023 576 ne
3054 535 3292 591 peccator
3320 527 3548 579 fortasse
3576 529 3815 592 desperet

2275 605 2327 656 in
2355 607 2630 660 meliu5'se
2656 623 2807 675 posse
2847 613 3054 664 mutari.
3085 613 3144 666 Si
3173 615 3306 680 quis,
3347 615 3536 680 inquit,
3567 617 3678 665 vult
3715 619 3815 678 post

2275 709 2351 745 me
2372 696 2556 756 venire,
2579 697 2781 765 abneget
2805 700 3018 765 seipsnm
3045 702 3158 766 sibi,
3189 703 3238 756 id
3269 714 3371 768 est,
3404 703 3533 756 alter
3557 704 3815 756 efﬁciatur

2274 795 2340 834 ex
2371 775 2556 834 altero.
2588 783 2839 836 Patientia
2875 786 3046 840 vincat
3077 790 3430 861 iracundiam,
3465 793 3815 856 temperantis

2275 873 2499 926 refrenet
2528 877 2996 939 concupiscentiam
3019 918 3032 942 ,
3068 879 3330 933 humilitas
3356 881 3600 932 exturbct
3628 894 3815 946 snper-

2274 960 2438 1024 biam,
2473 977 2598 1014 crux
2636 973 2871 1016 conterat
2904 968 3236 1030 voluptatem.
3271 970 3399 1032 Quis
3435 972 3547 1022 hzec
3585 971 3708 1022 sine
3741 972 3815 1021 tua

2275 1050 2398 1102 bore
2430 1050 2629 1113 cordis,
2662 1053 2772 1104 sine
2799 1051 3076 1105 afﬂictione
3112 1057 3312 1116 carnis,
3345 1058 3461 1109 sine
3491 1072 3687 1123 magno
3727 1059 3815 1108 ho-i

2273 1140 2426 1190 minis
2458 1140 2726 1206 utriusque
2759 1140 3038 1194 luctamine
3064 1141 3342 1195 dormienti
3378 1144 3477 1196 sibi
3519 1160 3616 1211 per
3641 1145 3808 1198 SOlul’tl

2270 1228 2486 1294 gratiam
2525 1229 2745 1280 :estimet
2787 1228 3136 1281 conferenda?
3177 1231 3388 1297 Abneget
3428 1232 3651 1295 seipsrtm
3685 1235 3808 1294 sibi,

2273 1315 2371 1368 hoc
2396 1327 2474 1369 est
2498 1317 2671 1370 dicere
2691 1335 2702 1368 :
2722 1317 2764 1370 Ο
2789 1317 2962 1378 homo,
2998 1336 3096 1370 non
3132 1331 3280 1384 putes
3313 1330 3362 1372 te
3395 1321 3462 1372 ita
3493 1322 3559 1372 ab
3589 1333 3815 1372 auctore

2274 1413 2358 1455 tuo
2394 1405 2685 1466 conditum,
2716 1416 2770 1458 ut
2802 1405 2868 1458 de
2898 1406 3072 1473 iniquo
3093 1407 3294 1474 justus,
3325 1407 3392 1460 de
3423 1391 3698 1459 luxurioso
3726 1423 3808 1458 ca-

2271 1505 2401 1559 stus,
2431 1497 2495 1548 de
2519 1496 2773 1549 malevolo
2801 1498 3051 1564 benignus
3073 1511 3188 1549 esse
3221 1512 3322 1548 non
3348 1499 3538 1563 possis.
3571 1499 3727 1562 Quod
3759 1509 3815 1564 ut

2271 1586 2516 1647 consequi
2548 1586 2719 1638 valeas
2755 1601 2856 1637 non
2897 1585 3088 1637 factura
3121 1586 3170 1638 in
3206 1594 3257 1638 te
3286 1595 3367 1639 est
3396 1586 3646 1638 mutanda
3667 1626 3682 1646 ,
3718 1589 3800 1637 sed

644 1681 804 1734 parvo
843 1667 1046 1734 negotio
1082 1667 1385 1720 servabatur
1428 1667 1715 1734 (siquidem
1757 1685 1873 1721 cum
1913 1671 2172 1735 voluptate
2201 1658 2244 1714 Β
2274 1669 2394 1723 vita.
2426 1671 2572 1723 Nunc
2607 1673 2702 1722 ista
2741 1672 3006 1735 dicentes,
3049 1689 3152 1726 non
3191 1673 3422 1727 laborem
3457 1676 3640 1740 gratia:
3676 1690 3806 1724 cox-

643 1755 862 1823 quadam
899 1754 1139 1806 inviolata
1171 1755 1485 1806 conscientia
1531 1755 1868 1822 possidetur),
1905 1767 1956 1809 et
1991 1773 2170 1823 quem-

642 1843 919 1896 admodum
950 1853 1061 1910 post
1090 1842 1291 1894 diversa
1318 1843 1598 1894 carnalium
1628 1843 1972 1897 blandimenti
2017 1844 2169 1897 vitio-

643 1947 788 1990 rum,
821 1947 933 1999 qua:
975 1932 1123 1984 facile
1159 1932 1320 1996 prima
1365 1941 1491 1983 tetas
1527 1940 1572 1982 st
1610 1941 1714 1984 tum
1756 1948 1903 1984 suum
1944 1935 2172 1986 retinens

645 2020 846 2071 calcare
875 2019 1148 2085 potuisset,
1170 2032 1292 2070 eum
1326 2033 1513 2084 magno
1545 2019 1852 2081 luctamine,
1884 2021 2022 2073 velut
2051 2035 2173 2073 con-

648 2118 727 2160 tra
756 2107 900 2158 ardui
930 2107 1119 2157 mon'is
1149 2119 1418 2157 ascensum
1461 2106 1523 2157 ad
1558 2107 1761 2158 virtutis
1789 2109 1921 2159 viam
1954 2108 2170 2171 rcditur,

649 2196 718 2247 ita
757 2196 965 2248 humani
1008 2194 1204 2248 arbitrii
1248 2210 1275 2245 a
1319 2193 1420 2247 Dco
1449 2209 1693 2247 concessa
1736 2197 1945 2249 libertas
1991 2198 2170 2250 ﬂorent

647 2283 978 2350 vigoremque
1023 2283 1200 2349 gratia:
1241 2297 1349 2335 stne
1394 2284 1643 2352 perdidit,
1693 2292 1862 2337 tamen
1916 2286 2023 2351 ipsa
2069 2300 2172 2339 non

647 2371 818 2436 periit,
849 2380 899 2425 ut
931 2371 1100 2425 divina
1129 2385 1340 2424 munera
1369 2386 1468 2422 non
1502 2381 1602 2423 tam
1635 2373 1898 2424 interdicta
1931 2374 2026 2426 s'bi
2057 2388 2175 2426 sen-

645 2464 767 2525 tiat,
794 2477 949 2529 quam
985 2475 1102 2513 cum
1133 2475 1338 2513 summo
1382 2461 1560 2513 labore
1591 2475 1651 2512 ac
1688 2461 1877 2514 sudore
1908 2477 1998 2528 per
2024 2464 2174 2530 adju-

647 2553 764 2604 torii
789 2551 1129 2618 patrocinium
1154 2547 1253 2600 sibi
1280 2549 1563 2614 repetenda
1586 2564 1701 2602 esse
1722 2561 2016 2617 cognoscat.
2043 2552 2172 2606 Audi

645 2640 992 2708 legislatorem
1017 2638 1082 2691 de
1107 2637 1386 2690 voluntatis
1414 2638 1630 2708 arbitrio
1655 2640 2028 2708 disputantem,
2057 2659 2172 2696 cum

645 2728 774 2781 dicit
803 2743 818 2780 :
868 2725 1022 2779 Posui
1057 2736 1172 2778 ante
1200 2729 1374 2794 faciem
1407 2737 1543 2779 tuam
1569 2729 1715 2780 vitam
1743 2739 1788 2781 et
1824 2740 2056 2795 mortem,
2091 2733 2176 2784 bo-

646 2831 764 2866 num
800 2824 845 2867 et
882 2815 1100 2876 malum;
1131 2815 1254 2883 elige
1288 2816 1436 2867 vitam
1474 2826 1528 2867 ut
1554 2818 1684 2870 vivas
1716 2817 1889 2885 (Deut.
1923 2837 2022 2871 xxx
2045 2821 2080 2888 ).
2113 2823 2174 2873 Et

646 2906 831 2957 iterum
858 2921 870 2956 :
900 2904 1042 2956 Viam
1063 2906 1282 2958 veritatis
1306 2907 1430 2975 elegi
1449 2908 1665 2974 :judiria
1690 2919 1772 2960 tua
1794 2927 1891 2962 non
1919 2927 2025 2962 sum
2051 2912 2175 2964 obli-

646 3004 727 3046 tus
765 2993 930 3059 (Psal.
965 2994 1171 3062 cxvttt).
1195 2995 1350 3050 Vides
1379 2997 1514 3064 quod
1560 3000 1816 3053 neminem
1860 3002 1943 3054 hic
1981 3006 2172 3070 premit
2199 2979 2244 3038 Ο

646 3084 764 3148 fati,
793 3085 873 3138 vel
903 3086 1155 3151 imposita:
1183 3088 1489 3153 perditionis
1518 3093 1820 3156 necessitas,
1851 3094 1935 3145 ubi
1966 3109 2172 3158 compe-

648 3174 711 3226 tit
745 3173 965 3241 eligendi
997 3176 1262 3241 potestasi
1305 3176 1478 3242 Neque
1508 3180 1645 3230 enim
1687 3182 1736 3232 in
1779 3197 1931 3234 ttnam
1978 3197 2171 3248 partem

651 3261 806 3315 trahit
851 3264 1269 3330 prmdestinatio,
1319 3265 1402 3316 ubi
1442 3266 1708 3332 utriusque
1756 3262 1915 3334 partis
1945 3268 2175 3321 defertur

645 3349 855 3403 electio.
889 3350 1010 3403 ltem
1048 3367 1061 3403 :
1095 3349 1214 3402 Fiat
1249 3368 1424 3404 manus
1459 3365 1543 3404 tua
1581 3364 1633 3405 ut
1668 3356 1856 3406 salvum
1886 3372 1960 3406 me
1991 3360 2170 3421 far-int,

647 3443 764 3504 quia
793 3442 1027 3491 mandata
1057 3449 1138 3490 tua
1168 3440 1292 3508 elegi
1319 3440 1485 3504 (Psal.
1510 3444 1711 3503 cxvnt).
1743 3445 1838 3495 hoc
1862 3454 1939 3494 est
1963 3444 2134 3495 dicere
2161 3463 2173 3494 :

649 3529 970 3582 Sollicitabat
990 3541 1071 3579 me
1090 3527 1294 3593 quidem
1315 3528 1362 3577 in
1380 3513 1640 3580 sinistram
1667 3537 1864 3593 partem
1888 3529 2174 3592 perniciosa

651 3617 826 3669 mttndi
850 3616 1116 3680 voluptas,
1149 3615 1240 3668 sed
1289 3615 1336 3666 in
1376 3616 1640 3668 dexteram
1677 3617 2033 3670 mandatorum
2065 3626 2178 3670 tuo-

649 3715 761 3755 rum
795 3702 946 3754 traxit
976 3700 1185 3754 utilitas.
1222 3702 1394 3770 Itaque
1421 3717 1534 3754 cum
1568 3713 1747 3769 gentes
1778 3705 1902 3770 ipsa:
1942 3706 2006 3758 ad
2053 3706 2174 3759 mali

651 3790 840 3842 bonive
858 3789 1105 3856 judicium
1125 3790 1280 3842 insito
1301 3791 1394 3841 sibi
1419 3789 1705 3857 dirigantur
1726 3776 1957 3851 arbitrio,
1983 3802 2175 3859 quanto

651 3879 813 3946 magis
862 3877 1118 3932 moderari
1163 3880 1227 3931 ad
1273 3879 1460 3932 bonam
1513 3891 1710 3946 partem
1753 3884 2028 3934 voluntatis
2069 3898 2175 3935 sure

652 3963 890 4019 libertate
916 3974 1082 4033 potest
1111 3967 1316 4018 humilis
1349 3966 1673 4021 Christianus
1693 4009 1705 4031 ,
1748 3971 1831 4034 qui
1861 3971 2176 4035 possibilita-

654 4059 756 4104 tem
777 4066 921 4104 suam
945 4053 994 4105 in
1029 4054 1116 4106 Dei
1138 4052 1392 4121 adjutoris
1413 4057 1599 4108 virtute
1621 4060 1906 4110 constituit.
1924 4059 1998 4109 Ad
2021 4074 2172 4124 quem

655 4140 877 4195 dicitur:
911 4144 970 4194 Si
997 4145 1066 4194 vis
1093 4145 1334 4210 perfectus
1367 4160 1500 4207 esse,
1530 4147 1680 4206 vade,
1717 4147 1868 4197 venda
1894 4162 2002 4211 qua!
2029 4149 2176 4199 habet

655 4227 858 4296 (Matth.
886 4231 1014 4295 XIX).
1037 4231 1101 4280 Et
1122 4231 1304 4281 iterum
1330 4247 1343 4281 :
1375 4229 1460 4280 Vis
1502 4246 1650 4280 sanus
1677 4232 1783 4293 ﬁeri
1809 4230 1979 4297 (Joan.
2005 4249 2053 4292 v,
2085 4235 2176 4298 6)?

654 4320 892 4371 conscius
917 4327 1160 4385 quantum
1179 4319 1320 4370 cordi
1338 4317 1563 4370 humano
1583 4332 1764 4384 p0tens
1785 4320 1945 4370 factor
1972 4297 2172 4373 indide-
2200 4297 2252 4353 D
2278 4335 2374 4368 non
2399 4326 2509 4366 sunt
2533 4318 2736 4384 subjecti
2759 4317 2926 4380 (Rom.
2959 4318 3037 4381 χ).
3063 4319 3202 4379 Quos
3226 4324 3279 4368 et
3306 4317 3410 4368 alio
3431 4317 3553 4369 loco
3571 4317 3784 4368 simulata

657 4407 743 4468 rit,
774 4405 1090 4457 voluntatem
1114 4405 1274 4472 ipsius
1295 4419 1445 4472 quem
1470 4413 1548 4458 cst
1577 4415 1848 4457 sanaturus
1873 4407 2172 4473 interrogat.

659 4495 786 4547 Nam
813 4503 864 4547 et
891 4495 993 4547 alio
1020 4495 1132 4570 loco
1158 4497 1403 4563 populum
1440 4495 1785 4548 ambulantem
1816 4510 2063 4549 COIlCCSra
2092 4513 2175 4547 ar-

654 4585 788 4638 bitrii
813 4583 1043 4636 libertate
1065 4585 1140 4638 sic
1167 4585 1333 4652 arguit
1357 4600 1370 4636 :
1396 4584 1538 4636 Educ
1557 4588 1692 4651 foras
1715 4586 1949 4650 papulum
1974 4601 2174 4647 cretum,

653 4682 700 4727 et
740 4673 908 4724 oculos
943 4671 1233 4737 habentem,
1277 4673 1486 4725 surdum
1513 4682 1559 4725 et
1599 4689 1742 4726 aures
1783 4675 1826 4724 ei
1863 4683 1973 4724 sunt
2023 4670 2177 4739 (Isai.

655 4760 823 4831 sun).
861 4763 955 4815 Hic
990 4763 1128 4830 quod
1169 4762 1356 4815 surdus
1390 4770 1444 4814 et
1480 4776 1650 4815 caecus
1687 4772 1794 4825 est,
1841 4761 2176 4814 contumacia:

653 4865 770 4904 csse
798 4849 1117 4916 intelligitur,
1148 4864 1249 4902 non
1278 4860 1492 4901 natura‘.
1527 4849 1591 4900 Et
1616 4849 1665 4900 in
1695 4848 1974 4916 Evangelio
1999 4856 2177 4913 aperte

652 4937 878 4991 ostendit
915 4937 1133 4989 inditum
1163 4951 1279 4991 esse
1323 4936 1518 4988 homini
1564 4936 1708 4987 bona:
1739 4935 2011 4987 voluntatis
2052 4934 2177 4986 alle-

655 5037 815 5079 ctum.
848 5026 906 5079 Si
945 5027 1086 5091 quis,
1124 5025 1319 5093 inqttit,
1360 5023 1458 5074 vult
1499 5033 1606 5089 post
1634 5039 1708 5074 me
1747 5024 1936 5087 venire,
1979 5024 2179 5087 abneget

651 5118 868 5184 seipsum
901 5115 1019 5175 sibi,
1061 5122 1106 5165 et
1156 5115 1296 5165 tollat
1336 5127 1529 5162 crucem
1567 5127 1706 5161 suam
1751 5119 1794 5160 et
1834 5119 2062 5176 sequatur
2104 5123 2178 5158 nte

656 5204 800 5272 (Luc.
835 5204 935 5272 ιι).
969 5203 1074 5256 lloc
1098 5211 1177 5254 est
1204 5200 1378 5252 dicere
1411 5217 1420 5248 :
1465 5199 1587 5249 Mea:
1619 5197 1965 5249 miserationis
2006 5204 2089 5248 est
2125 5206 2179 5245 ut

654 5300 879 5360 voceris,
925 5298 1015 5348 sed
1056 5305 1154 5348 tua:
1193 5293 1470 5347 voluntatis
1514 5293 1846 5343 commissum
1887 5303 1962 5344 est
2008 5302 2059 5342 ut
2097 5305 2178 5342 se-

655 5390 848 5450 quaris.
877 5387 1148 5437 Videamus
1177 5388 1217 5436 si
1247 5398 1337 5450 per
1361 5381 1519 5433 otium
1542 5383 1602 5431 ad
1627 5395 1684 5433 se
1711 5382 1886 5433 invitet
1915 5382 2175 5433 hominem

656 5476 810 5529 Deus.
845 5457 1076 5538 Abneget,
1105 5475 1289 5538 inquit,
1324 5471 1533 5533 seipsum
1553 5471 1665 5532 sibi,
1696 5471 1743 5522 id
1775 5482 1871 5532 ρει,
1904 5471 1982 5538 qui
2015 5471 2175 5522 malus

2269 1773 2505 1824 quamus,
2532 1759 2623 1811 sed
2646 1761 2860 1812 omnino
2880 1762 3097 1827 gratiam
3125 1763 3236 1816 sine
3258 1764 3656 1830 comparatione
3681 1778 3806 1827 prm-

2272 1846 2530 1911 ponimus.

2874 1935 3094 1991 CAPUT
3132 1937 3198 1990 X.

2274 2022 2534 2084 Quomodo
2559 2025 2929 2092 intelligendum
2957 2028 3019 2077 sit
3047 2042 3064 2078 :
3095 2045 3113 2075 t
3146 2025 3259 2078 Non
3282 2028 3486 2078 volentis
3515 2042 3676 2090 neque
3700 2043 3804 2075 cur-

2339 2094 2505 2147 rentis.
2521 2095 2606 2145 sed
2630 2095 2899 2145 miscrentis
2920 2106 2988 2146 est
3019 2094 3140 2155 Dei;
3171 2112 3189 2143 ι
3220 2097 3296 2146 vel
3327 2094 3482 2145 illud:
3505 2111 3523 2142 ι
3556 2093 3675 2143 Non
3705 2095 3806 2142 ιγνπὶ

2340 2176 2512 2212 vocare
2527 2165 2712 2229 justas,
2739 2165 2824 2213 sed
2852 2173 3128 2229 peccatores
3157 2164 3207 2214 in
3228 2164 3590 2231 prenitentiam.
3615 2179 3638 2208 ι

2339 2289 2441 2343 Sed
2477 2290 2604 2342 dicis
2634 2309 2644 2342 :
2674 2291 2728 2343 ln
2759 2300 2956 2344 tantum
2987 2292 3112 2344 nihil
3145 2301 3226 2345 est
3266 2294 3528 2356 hominis,
3557 2293 3657 2346 sed
3703 2303 3802 2344 tan.

2274 2387 2380 2432 tum
2419 2379 2594 2445 gratiae
2636 2379 2760 2447 Dei,
2798 2389 2854 2432 ut
2892 2381 3171 2448 Apostolus
3198 2381 3337 2435 dicat
3370 2400 3381 2432 :
3419 2382 3538 2434 Non
3567 2383 3815 2446 uelariis,

2274 2483 2426 2534 neque
2465 2470 2738 2532 currentis,
2769 2470 2902 2522 sicut
2937 2471 3036 2523 sibi
3071 2481 3279 2538 arrogat
3306 2471 3522 2525 ludens
3554 2486 3620 2524 ex
3669 2471 3802 2532 lege,

2277 2554 2356 2607 vel
2381 2555 2617 2622 Pelagius
2637 2571 2699 2610 ex
2725 2557 2871 2610 liberi
2899 2557 3098 2611 arbitrii
3121 2560 3552 2625 presumptione,
3573 2559 3669 2610 sed
3696 2559 3815 2630 licet;

2272 2654 2387 2692 cum
2426 2641 2649 2695 hominis
2693 2647 2975 2708 servitute,
3020 2655 3181 2698 totum
3223 2657 3396 2700 tamen
3436 2646 3719 2697 miserearis
3744 2659 3815 2708 an

2275 2730 2386 2795 Dei,
2419 2747 2515 2782 non
2543 2735 2749 2785 volentis
2775 2750 2927 2801 neque
2955 2737 3193 2786 currentis
3221 2735 3388 2797 (liam.
3419 2737 3516 2800 ix).
3549 2735 3648 2786 Hic
3671 2735 3800 2784 illum

2273 2818 2540 2872 evidenter
2567 2829 2712 2873 notat
2734 2830 2787 2874 et
2814 2823 3002 2889 arguit,
3032 2822 3117 2890 qui
3143 2823 3310 2876 solum
3336 2837 3395 2874 se
3417 2805 3815 2890 sibi‘sufticere,i

2274 2908 2386 2959 sine
2421 2923 2576 2961 manu
2613 2909 2906 2976 adjuvantis
2944 2911 3242 2964 existimat.
3277 2910 3541 2963 Caaterum
3584 2910 3651 2961 ad
3693 2908 3815 2962 cumi

2275 2996 2360 3062 qui
2392 3010 2507 3048 cum
2539 2997 2835 3050 miserantis
2859 2997 3054 3050 auxilio
3073 3007 3289 3050 conatus
3325 3011 3450 3050 suos
3477 2998 3681 3066 jungit,
3710 2979 3815 3066 noni

2275 3087 2415 3148 dicit,
2449 3103 2478 3137 η
2499 3104 2545 3138 τη
2574 3090 2778 3138 volentis
2806 3104 2958 3155 neque
2978 3089 3235 3149 currentis,
3263 3088 3354 3140 sed
3386 3088 3552 3138 multo
3579 3088 3729 3138 aliter
3744 3071 3815 3155 adi

2274 3189 2391 3225 eum
2421 3175 2666 3241 loquitur.
2701 3176 2810 3237 Sic,
2843 3177 3026 3243 inquit,
3052 3177 3251 3238 currite,
3283 3175 3796 3241 utcomprcltaadatit.

2277 3263 2340 3314 Et
2369 3264 2578 3314 iterum.
2603 3263 2724 3313 Tam
2753 3265 2869 3314 bene
2892 3265 3180 3326 currebatis,
3202 3264 3312 3329 quis
3339 3278 3422 3312 ros
3451 3263 3711 3324 impedit-it
3733 3265 3815 3329 req

2274 3351 2409 3399 ritati
2437 3366 2530 3399 non
2560 3351 2790 3400 obedire?
2817 3349 2869 3401 Si
2902 3365 3004 3401 non
3042 3357 3122 3401 est
3158 3350 3314 3400 etiam
3343 3347 3594 3398 voluntas
3629 3360 3794 3412 exspe-

2274 3438 2458 3488 ctanda
2484 3439 2758 3497 currentis,
2790 3453 2950 3503 quare
2973 3439 3160 3490 dicitur
3183 3454 3196 3489 :
3227 3436 3333 3504 Ego
3357 3437 3514 3505 igitur
3542 3438 3618 3488 sic
3644 3452 3792 3492 arra,

2277 3539 2371 3573 non
2403 3523 2542 3587 quasi
2580 3524 2631 3573 in
2667 3524 2940 3585 incertum;
2971 3534 3023 3575 et
3063 3525 3245 3576 iterum
3285 3540 3297 3574 :
3330 3521 3546 3574 Cursum
3577 3539 3792 3573 cansam-

2277 3610 2431 3672 mavi,
2478 3610 2626 3676 ﬁdem
2669 3612 2892 3662 servavi?
2935 3610 3052 3662 Non
3097 3612 3301 3662 volentis
3343 3626 3502 3674 neque
3547 3611 3792 3667 currentis.

2276 3701 2390 3766 ipse
2414 3701 2508 3752 sibi
2538 3701 2734 3754 obtexit
2761 3715 2993 3753 errorum
3026 3700 3298 3762 tenebras,
3325 3700 3412 3766 qui
3446 3698 3498 3750 in
3527 3699 3791 3765 Scriptum

2275 3791 2468 3841 sanctis
2499 3790 2576 3841 vel
2617 3804 2866 3856 personas
2902 3791 3063 3841 nescit
3106 3789 3458 3854 interrogare,
3491 3790 3577 3841 vel
3608 3801 3790 3842 causas,

2277 3880 2385 3932 Hoc
2411 3880 2526 3932 loco
2555 3878 2833 3944 Apostolus
2857 3877 3084 3946 gentium
3116 3891 3353 3930 asserens
3385 3877 3542 3929 ﬁdem
3563 3917 3580 3942 ,
3608 3876 3790 3930 Judae-

2275 3983 2388 4018 rum
2421 3968 2714 4031 superbiam
2743 3976 2947 4018 coercet
2975 3975 3023 4019 et
3055 3966 3382 4031 comprimit,
3414 3965 3506 4032 qui
3535 3965 3634 4017 sibi
3659 3964 3790 4030 justi-

2278 4057 2398 4108 tiam
2437 4056 2503 4106 de
2545 4056 2673 4121 legis
2706 4054 2950 4118 operibus
2988 4055 3330 4122 arrogabant,
3372 4069 3437 4107 ac
3468 4054 3563 4107 Dei
3609 4053 3788 4106 miseri.

2276 4145 2504 4196 cordiam
2539 4153 2590 4194 et
2631 4144 2844 4208 gratiam
2879 4145 3219 4208 respuebant,
3255 4145 3341 4210 qui
3386 4160 3566 4204 suam.
3598 4155 3653 4197 ut
3687 4145 3788 4195 dicit

2282 4232 2582 4297 Apostolus,
2618 4241 2883 4294 quan-entes
2911 4241 3120 4282 statuere
3153 4232 3432 4296 justitiam,
3467 4232 3684 4296 justih'a:
3714 4230 3787 4279 Dii

2273 4404 2659 4471 justiticatione,
2687 4414 2737 4455 et
2758 4406 2962 4468 obliqua
2992 4398 3082 4469 per
3106 4405 3319 4455 ironiam
3344 4417 3473 4456 voce
3502 4403 3786 4456 condempat

2277 4492 2500 4544 dicens:
2548 4491 2662 4541 Non
2709 4493 2818 4540 veni
2858 4507 3031 4542 vocare
3075 4492 3259 4554 iustos,
3304 4493 3390 4542 sed
3430 4499 3704 4558 peccatores
3734 4487 3785 4538 ad

2279 4583 2607 4647 pwnitentiam
2637 4579 2841 4647 (Matth.
2872 4581 2972 4645 ix),
3022 4579 3225 4645 Justos,
3264 4580 3313 4632 id
3342 4587 3456 4642 est,
3486 4580 3581 4647 qui
3621 4576 3712 4632 sibi
3735 4579 3786 4626 de

2280 4670 2683 4737 praesumptione
2705 4670 2918 4735 justitite
2941 4670 3290 4721 blandiuntur.
3320 4670 3468 4722 Sicut
3493 4679 3551 4722 et
3577 4667 3782 4721 alioluco

2275 4759 2636 4823 justiticantem
2683 4757 2879 4821 ῖεεμυίι
2921 4756 3236 4808 Pharisreum
3256 4798 3269 4820 ,
3301 4766 3355 4810 et
3385 4769 3710 4811 accuntem
3737 4765 3780 4806 se

2277 4848 2503 4912 suscepit
2531 4847 2877 4910 publicanum.
2907 4845 3022 4898 Non
3049 4846 3174 4908 reni,
3205 4845 3391 4913 inquit,
3423 4863 3602 4900 cacare
3617 4850 3778 4917 justas,

2275 4938 2360 4988 sed
2385 4945 2658 5000 peccatores
2679 4937 2742 4986 ad
2767 4936 3117 5003 paenitentiam,
3150 4935 3198 4987 id
3221 4946 3321 4999 est,
3349 4951 3456 4990 non
3478 4935 3600 4991 vesti
3623 4947 3778 4990 vocare

2277 5026 2484 5078 Judzeos
2514 5040 2579 5077 ex
2621 5026 2732 5092 lege
2767 5025 2862 5077 sibi
2897 5025 3112 5092 iustitiae
3153 5023 3420 5091 privilegia
3455 5023 3776 5079 vindicata.

2280 5114 2367 5166 sed
2400 5115 2567 5177 potius
2596 5123 2774 5179 gentes
2809 5115 3015 5180 requiro
3051 5129 3111 5165 ex
3147 5113 3246 5166 fide
3283 5122 3620 5177 peccatorum
3647 5108 3776 5181 ρωπὶε

2278 5201 2488 5252 tentiam
2532 5201 2856 5268 proﬁtentes.
2906 5200 3029 5252 Nam
3067 5200 3133 5253 ob
3163 5201 3395 5265 ipsorum
3439 5201 3706 5254 elationem
3738 5199 3776 5245 tl

2278 5292 2377 5340 alio
2407 5290 2516 5341 loco
2547 5292 2613 5340 ita
2641 5289 2764 5340 dicit
2791 5305 2801 5338 :
2837 5289 2950 5340 Non
2974 5300 3041 5340 est
3066 5305 3186 5355 aptis
3210 5289 3345 5340 sanis
3372 5291 3594 5350 medica.
3615 5285 3694 5338 sed
3709 5279 3774 5346 ςιί

2279 5379 2402 5428 male
2435 5377 2632 5428 habent.
2665 5375 2827 5428 Juda-i
2863 5387 3035 5428 autem
3069 5376 3235 5440 justos
3269 5384 3324 5428 et
3359 5389 3526 5429 sanos
3558 5388 3618 5427 se
3646 5371 3772 5438 PC"-

2279 5466 2399 5518 bant
2428 5479 2567 5524 esse,
2593 5463 2681 5519 sed
2712 5477 2813 5517 non
2841 5472 3007 5517 erant.
3036 5451 3160 5525 Quis
3183 5472 3356 5534 autem
3379 5476 3568 5517 sanum
3595 5459 3656 5513 de
3674 5465 3768 5509 salt?
