3818 6226
58 285 123 336 797

53 395 169 449 corde
187 388 335 444 dicere
359 384 575 438 auderet
604 378 814 448 quando
841 377 1152 429 universitas
1184 375 1390 441 generis
1418 372 1513 422 lm-
1543 369 1593 426 Α

53 485 149 536 mnii
171 493 254 531 uno
281 475 529 543 serpentis
567 486 745 525 morsu
778 481 1022 535 percussa
1064 464 1376 532 languebat?
1405 463 1514 514 Uua

49 581 106 626 est
125 582 222 635 ergo
252 577 360 631 spes
387 560 627 615 sanitatis
667 559 906 616 infirmo.
944 555 986 608 si
1019 570 1076 607 se
1104 567 1282 606 coram
1310 550 1516 604 medico

49 665 233 714 sanescat
256 655 526 707 infirmum.
563 648 785 715 Dignum
817 659 942 699 vero
971 655 1052 697 est
1080 654 1139 694 ut
1167 640 1403 694 remedio
1433 653 1520 690 ca-

49 717 140 808 riat,
161 745 231 811 qui
255 741 602 808 aegritudinem
633 751 778 789 suam
804 735 942 787 scire
968 732 1284 786 dissimulat.
1315 730 1376 781 Et
1408 742 1519 795 proo

48 845 174 900 pterca
210 831 353 897 magis
384 829 556 896 gaudii
597 826 688 878 erit
730 821 923 890 angelis
973 823 1022 873 in
1062 820 1183 871 caelo
1229 833 1376 882 super
1420 831 1518 865 uno

51 932 240 986 peccatore
273 917 598 985 paenitentiam
633 921 839 982 agente,
882 926 1032 979 quam
1063 925 1212 973 super
1249 907 1519 972 nonaginta

49 1025 170 1060 norem
196 1009 353 1074 iustis.
393 1006 478 1072 qui
510 1018 609 1055 non
649 1003 871 1071 indigent
906 998 1192 1068 paenitentia
1219 995 1377 1064 (Luc.
1407 995 1517 1059 xv).

47 1100 134 1162 Quis
158 1111 242 1149 non
277 1096 372 1148 hoc
408 1094 527 1148 loco
564 1106 686 1146 vere
721 1092 889 1159 justus
926 1104 1044 1143 esse
1083 1087 1266 1140 credat
1309 1086 1404 1138 hos
1432 1084 1521 1151 qui

47 1204 116 1241 non
139 1186 340 1251 indigent
363 1180 707 1252 paenitentia?
727 1179 826 1233 Sed
850 1193 1004 1232 nemo
1028 1177 1192 1244 magis
1212 1184 1328 1242 eget
1353 1173 1521 1226 salute

47 1291 155 1343 quam
179 1275 254 1340 qui
294 1288 348 1326 se
387 1287 492 1324 non
535 1271 774 1337 intelligit
818 1268 1074 1335 indigere.
1122 1266 1179 1317 Et
1211 1264 1328 1317 ideo
1358 1263 1521 1330 magis

47 1383 157 1421 ictus
188 1366 264 1418 ille
291 1374 466 1432 pastor
493 1362 722 1414 exsultat
759 1373 914 1425 super
941 1372 1038 1408 una
1069 1368 1164 1407 ove
1200 1369 1313 1421 quae
1342 1354 1408 1404 ab
1432 1367 1519 1404 er-

47 1473 128 1509 rare
145 1465 360 1508 revocata
389 1463 491 1514 est,
522 1465 678 1518 quam
707 1463 864 1514 super
887 1445 1162 1510 nonaginta
1195 1456 1378 1494 novem
1405 1441 1522 1494 ovi-

47 1551 110 1600 bus
130 1561 225 1614 qua!
248 1560 345 1598 non
366 1549 694 1596 erraverunt.
725 1538 787 1591 Et
810 1539 924 1605 quis
953 1552 1015 1590 eo
1044 1533 1295 1587 mortiferi
1325 1532 1519 1584 erroris

46 1638 144 1688 malo
167 1649 270 1690 esse
295 1633 460 1702 possit
503 1629 750 1684 immunis
794 1641 911 1680 cum
962 1625 1214 1693 propheta
1255 1631 1518 1677 testetur:

1018 263 1102 317 DE
1137 261 1392 317 GRATIA
1432 259 1570 322 DEI,
1612 257 1782 322 ETC.,
1823 260 1949 315 LIB.
1988 263 2026 316 I.

3060 265 3161 320 798

1621 371 1828 426 homine
1866 373 1976 440 ipse
2007 372 2280 436 formavit,
2326 374 2420 428 sed
2464 386 2516 430 et
2557 376 2604 427 in
2635 384 2891 441 potestate
2936 376 3164 432 hominis

1620 465 1795 530 posuit
1820 504 1834 526 ,
1872 472 1926 514 ut
1949 477 2064 515 eam
2101 478 2202 526 quo
2233 463 2384 514 vellet
2411 463 2758 528 extenderet,
2788 472 2842 517 et
2867 467 2928 517 ad
2957 465 3163 521 diversa

1616 554 1880 607 conferret
1904 595 1916 617 ,
1952 552 2062 619 pari
2093 554 2247 605 modo
2284 568 2494 606 sensum
2521 555 2740 608 rationis
2762 595 2777 618 ,
2811 565 2864 608 ct
2892 556 3165 610 arbitrium

1617 645 1898 696 voluntatis
1922 644 1972 696 in
2005 658 2420 709 unamquamque
2447 644 2673 697 animam
2715 645 2933 700 inseruit
2958 685 2971 707 ,
3003 646 3167 713 inspi-

1617 734 1767 795 ravit,
1803 733 2020 796 infudit,
2052 733 2143 787 sed
2173 748 2286 786 eam
2315 734 2364 786 in
2398 748 2550 787 manu
2583 735 2794 789 humani
2821 736 3021 789 consilii
3055 749 3169 788 mo-

1617 822 1901 876 derandam
1929 831 1981 876 et
2005 822 2348 877 exercendam
2379 823 2610 889 reliquit,
2635 823 2851 890 ejusque
2872 823 3042 877 officia
3060 823 3164 891 iuri

1620 911 1846 966 hominis
1873 911 2208 978 dominioque
2235 909 2526 973 commisit,
2569 920 2624 962 ut
2653 910 2711 962 .si
2750 911 2943 963 malum
2977 913 3164 976 depra-

1619 1009 1766 1055 vatus
1796 1008 2095 1069 appeteret,
2135 1001 2184 1053 in
2217 1000 2414 1054 arbitrii
2447 1001 2688 1055 libertate
2723 1001 3036 1069 permissum
3063 1002 3163 1055 sibi

1619 1096 1814 1156 sciret,
1860 1092 2018 1145 licere
2061 1091 2308 1144 nesciret.
2360 1090 2414 1145 Si
2466 1099 2637 1145 autem
2685 1090 2880 1144 bonum
2928 1100 3164 1157 cuperet,

1619 1181 1877 1235 actionem
1896 1179 2336 1247 etperfectionem
2354 1179 2466 1248 ejus
2485 1195 2514 1232 a
2533 1180 2816 1239 Conditore
2840 1181 3167 1248 deposceret,

1619 1271 1683 1323 ad
1714 1271 2006 1323 mercedem
2035 1283 2158 1323 vero
2199 1269 2337 1322 illius
2364 1269 2596 1324 officiosa
2621 1270 2831 1324 devotio
2861 1271 3166 1338 pertineret.

1623 1361 1682 1412 Et
1724 1360 1840 1412 ideo
1869 1358 2093 1411 hominis
2121 1359 2369 1411 formator
2400 1365 2453 1411 et
2481 1367 2675 1422 rector,
2706 1360 2855 1413 bonae
2888 1359 3170 1412 voluntatis

1624 1449 1815 1501 homini
1839 1449 2108 1515 deputavit
2132 1461 2300 1506 usum,
2329 1447 2426 1499 sibi
2456 1451 2742 1502 reservavit
2763 1448 3026 1502 effectum.
3055 1448 3169 1501 Non

1621 1554 1748 1608 ergo
1773 1554 1977 1607 aequum
2006 1539 2327 1606 iustumque,
2357 1539 2444 1591 uni
2472 1537 2605 1591 velle
2635 1540 2914 1606 concessit,
2944 1548 2998 1595 et
3023 1540 3171 1594 alteri

1622 1635 1914 1700 denegavit.
1961 1634 2064 1688 Sed
2093 1633 2226 1688 sicut
2265 1633 2404 1687 omni
2436 1631 2635 1686 homini
2666 1646 2908 1691 manum,
2938 1631 3171 1694 oculum,

48 1724 179 1776 Omnes
205 1739 285 1775 nos
306 1721 448 1791 quasi
476 1735 588 1772 oves
617 1718 917 1778 erravimus;
949 1715 1280 1782 unusquisque
1305 1714 1356 1764 in
1391 1713 1520 1762 viam

1629 1741 1966 1795 gressumque
2011 1725 2261 1788 donavit,
2295 1724 2361 1777 ita
2409 1723 2654 1778 similiter
2676 1724 2815 1776 omni
2851 1723 3045 1777 homini
3077 1737 3172 1775 vo-

46 1818 157 1881 tsam}
181 1814 426 1867 declinavit
469 1811 637 1881 (Isai.
677 1807 1018 1876 Lttt)?Quam
1051 1805 1273 1859 dolenda
1313 1803 1522 1856 crecitas

46 1905 282 1957 latinorum
326 1904 460 1955 viam
517 1908 704 1968 negato
753 1898 1031 1952 Salvatore
1080 1893 1412 1963 perdiderat,
1471 1902 1524 1944 et

46 2006 225 2046 errorem
260 2006 406 2045 suum
443 1990 582 2043 scire
630 1985 862 2040 nolebat.
914 1985 1008 2038 llic
1057 1996 1181 2051 ergo
1223 1995 1398 2034 sermo
1442 1979 1522 2031 di—

47 2084 152 2135 vinus
194 2081 282 2135 sub
323 2079 673 2147 appellatione
725 2076 1017 2142 iustorum,
1063 2074 1176 2125 sine
1222 2069 1524 2137 praeiudicio

47 2186 184 2225 sensus
206 2172 412 2224 alterius
435 2168 602 2236 magis
625 2165 924 2220 Iudaeorum
945 2170 1092 2214 notat
1115 2169 1267 2227 atque
1293 2159 1527 2224 increpat

46 2261 355 2328 arrogantiam.
398 2259 528 2313 Nam
568 2273 686 2312 cum
715 2255 964 2311 denarius
995 2259 1048 2307 et
1085 2250 1401 2304 centesimus
1429 2263 1527 2301 nu-

47 2365 177 2403 merus
200 2351 358 2418 iustos
385 2345 750 2418 perfectasque
782 2343 1052 2411 designet,
1080 2351 1249 2392 nonus
1284 2345 1335 2389 et
1366 2350 1528 2389 nona-

46 2440 219 2505 gesimus
256 2439 476 2508 iniustos
516 2443 573 2490 et
614 2440 912 2502 peccatores
951 2432 1058 2498 ipsa
1101 2425 1391 2495 imperfecti
1432 2438 1530 2478 nu-

49 2531 140 2583 meri
163 2529 348 2583 ratione
385 2528 648 2595 designat.
695 2524 873 2588 Itaque
910 2521 1012 2573 hoc
1056 2519 1174 2572 loco
1212 2516 1376 2595 Judaei
1419 2514 1527 2568 ela-

47 2620 219 2684 tionem,
264 2619 350 2688 qui
405 2631 466 2672 se
502 2631 568 2671 ex
623 2615 738 2684 lege
781 2610 1111 2682 justiﬁeans,
1159 2605 1529 2675 Redemptoris

49 2708 395 2764 misericordiam
425 2705 813 2775 repudiaverat,
845 2699 1079 2769 Apastoli
1110 2697 1350 2752 doctrina
1373 2693 1530 2749 casti-

47 2797 314 2863 gatdiceudo
340 2814 356 2852 :
389 2797 512 2851 Non
534 2795 767 2849 volentis.
797 2792 926 2858 Quia
953 2792 1004 2844 in
1030 2789 1209 2843 humili
1231 2786 1530 2842 Christiano

47 2889 124 2955 Ipsa
153 2887 428 2943 obedientia
471 2895 526 2940 et
553 2882 807 2952 subiectio
846 2896 1031 2935 cursus
1068 2887 1149 2933 est
1175 2886 1227 2931 et
1254 2889 1523 2936 ascensus,

47 2977 81 3027 in
97 2977 230 3033 ludzci
263 2977 486 3031 elatione
528 2975 704 3042 lapsus
729 2980 822 3026 .est
860 2981 911 3024 et
951 2971 1222 3023 decursus.
1262 2966 1410 3030 Non,
1449 2967 1524 3017 in-

47 3065 138 3130 quit,
159 3065 346 3119 volentis
373 3080 529 3130 neque
552 3063 816 3116 currentis.
837 3058 1125 3124 'Quomodo
1153 3072 1253 3109 vox
1283 3055 1382 3107 ista
1411 3071 1528 3122 pcr-

48 3153 169 3206 tinere
207 3161 370 3220 potest
407 3151 474 3204 ad
522 3150 730 3206 fidelem
775 3156 826 3200 et
865 3145 1055 3199 Christi
1105 3145 1307 3210 legibus
1349 3142 1525 3194 subdi-

47 3248 145 3308 tum,
170 3242 224 3296 ad
245 3256 392 3312 quem
422 3241 654 3295 dicitur:
688 3237 749 3290 Et
787 3239 838 3288 in
867 3235 972 3305 lege
1000 3234 1205 3286 Domini
1230 3233 1330 3298 fuit
1349 3232 1527 3284 volun-

49 3337 237 3401 tatejtts;
257 3342 308 3388 et
333 3332 471 3401 quod
505 3329 706 3399 praefati
731 3343 911 3381 sumus
937 3345 948 3377 :
978 3325 1037 3380 Si
1061 3325 1171 3385 quis
1197 3324 1300 3375 vult
1324 3333 1430 3390 post
1455 3337 1528 3372 me

48 3423 193 3485 mire;
213 3431 278 3487 et,
309 3422 599 3477 Voluntaria
618 3418 910 3486 sacriﬁcabo
932 3417 1040 3482 tibi,
1071 3415 1308 3478 Domine;
1333 3423 1404 3478 et,
1434 3413 1528 3475 Qui

47 3510 200 3562 tolua’it
223 3512 431 3564 animam
459 3527 610 3565 suam
636 3510 825 3563 salvam
855 3512 1039 3573 facere,
1073 3506 1243 3574 perdet
1267 3504 1444 3563 illam;
1483 3509 1530 3552 ct

48 3598 104 3660 qui
117 3597 354 3663 perdiderit
373 3600 595 3653 animam
619 3613 762 3650 suam
786 3605 984 3666 propter
1013 3611 1105 3656 me,
1132 3595 1338 3645 inveniet
1359 3592 1531 3644 illam?

49 3681 141 3738 i'ide
157 3701 292 3755 quam
311 3702 557 3756 magnum
581 3699 712 3755 opus
739 3693 791 3738 et
819 3699 972 3751 quam
1003 3682 1221 3735 arduum
1254 3680 1530 3746 perdenda:

49 3774 385 3831 etintenienda:
406 3777 596 3829 anima:
618 3775 771 3827 etiam
802 3774 852 3825 in
879 3772 1100 3823 hominis
1122 3769 1386 3820 voluntate
1407 3782 1531 3818 con-

48 3858 185 3913 stituit.
213 3861 272 3915 Et
302 3871 573 3929 propterea
603 3862 671 3912 ita
690 3849 950 3911 conclusit
980 3874 990 3907 :
1021 3857 1068 3905 F
1072 3857 1187 3907 ilius
1214 3856 1344 3905 enim
1374 3854 1530 3904 homi-

50 3949 100 3997 nis
127 3958 326 4010 sarturas
367 3957 437 4002 est
484 3949 540 3999 in
587 3945 746 4016 gloria
782 3944 951 3996 Patris
990 3945 1090 4006 sui,
1131 3952 1179 3994 et
1219 3951 1335 3993 tunc
1363 3941 1532 3992 reddet

50 4033 254 4101 strictique
292 4035 567 4091 secundum
609 4049 758 4101 Opera
810 4049 921 4085 sua.
974 4031 1200 4083 Adverte
1244 4031 1363 4096 quia
1409 4029 1531 4081 dum

49 4121 138 4175 dicit
153 4139 292 4193 opera
318 4140 408 4180 sua
427 4169 442 4193 ,
475 4124 698 4178 salutem
729 4122 954 4175 hominis
984 4137 1084 4174 non
1114 4122 1165 4174 in
1196 4120 1532 4187 praedestina-

50 4213 150 4268 tioue
169 4215 382 4281 factoris,
404 4217 500 4272 sed
527 4216 831 4284 operatione
865 4215 1160 4267 famulantis
1186 4214 1400 4281 largitor
1418 4227 1535 4282 gra-

51 4302 110 4353 tia:
131 4303 393 4360 collocavit.
452 4308 591 4372 Ergo
635 4305 720 4358 hic
746 4320 846 4358 non
878 4304 1104 4358 conditio
1148 4304 1372 4356 hominis
1394 4343 1407 4365 ,
1441 4302 1531 4356 sed

49 4396 314 4449 conversatio
332 4396 664 4463 designatur;
693 4403 746 4448 et
767 4395 884 4447 ideo
905 4395 1005 4447 alio
1027 4394 1143 4445 loco
1165 4392 1323 4446 dicit:
1352 4392 1534 4444 Omnes

49 4480 236 4537 dabimus
257 4494 367 4538 ante
395 4483 614 4537 tribunal
650 4482 835 4536 Christi
854 4522 868 4545 ,
901 4495 954 4535 ut
991 4485 1175 4551 referat
1204 4483 1536 4551 unusquisque

49 4571 203 4634 propria
231 4576 476 4642 corporis,
509 4582 656 4641 prout
683 4574 851 4641 gessit,
878 4573 976 4624 sive
1007 4574 1186 4625 bonum
1216 4573 1315 4625 sive
1348 4571 1538 4624 malum

52 4653 179 4716 (nam.
199 4665 320 4730 ιη).
353 4662 598 4732 Agnosco
622 4661 720 4714 hoc
749 4662 864 4715 loco
895 4675 994 4714 non
1025 4663 1192 4713 aliena
1219 4662 1426 4722 generis
1455 4662 1535 4714 vel

50 4743 214 4810 originis
240 4753 370 4804 mala
394 4794 411 4818 ,
455 4751 550 4805 sed
587 4754 792 4820 prppria
821 4754 1056 4820 corporis
1083 4763 1224 4820 gesta
1255 4754 1537 4805 novissimo

49 4830 313 4894 discutienda
342 4843 564 4910 judicio.
614 4843 945 4908 Quapmpter
988 4857 1050 4894 ex
1095 4841 1306 4894 homine
1353 4843 1439 4908 qui
1486 4840 1535 4893 in

49 4915 209 4978 Christo
246 4941 452 4986 renatus
482 4941 562 4985 est
587 4970 620 4995 ,.
649 4946 749 4983 non
781 4931 916 4999 quod
946 4940 1095 4984 natus
1128 4940 1245 4994 est,
1281 4931 1369 4983 sed
1399 4930 1536 4996 quod

52 5023 242 5076 Operam:
266 5032 361 5075 est.
406 5024 461 5078 Si
502 5037 630 5090 ergo
655 5033 801 5074 actus
842 5023 1068 5074 hominis
1110 5036 1212 5073 non
1260 5030 1340 5072 est
1383 5020 1539 5072 etiam

51 5103 301 5174 minantis,
329 5112 594 5179 quomodo
623 5111 784 5163 dicit:
809 5111 865 5162 Si
893 5110 1144 5161 volueritis
1184 5118 1227 5160 et
1262 5124 1338 5159 me
1366 5108 1541 5159 audie-

54 5187 147 5256 titit,
167 5193 279 5248 bona
299 5208 441 5252 teme
460 5198 728 5251 conwdetis
753 5197 848 5265 (Is.
884 5212 920 5260 ι,
950 5196 1072 5261 19)?
1098 5198 1271 5260 Itaque
1301 5196 1542 5248 conditor

55 5281 341 5352 uldurqnejd
359 5301 459 5352 est,
474 5289 752 5341 exterioris
770 5287 994 5340 hominis
1016 5287 1174 5348 Deus,
1192 5288 1326 5340 sicut
1350 5296 1535 5353 poten-

57 5368 102 5422 tia
117 5379 424 5448 suasorporis
449 5377 661 5432 humani
689 5377 916 5431 membra
941 5378 1216 5446 disposuit,
1235 5379 1300 5428 ita
1329 5377 1538 5430 ordina-

58 5459 158 5517 tione
173 5479 252 5520 sua
272 5471 614 5523 ministerium
650 5484 900 5535 usumque
943 5470 1315 5530 membrorum,
1339 5468 1538 5519 homini

60 5557 170 5615 δὶεῐε
182 5569 234 5612 ac
249 5557 544 5628 dispensare
565 5559 817 5635 peruasit.
833 5556 898 5610 Et
915 5560 1045 5609 sicu:
1067 5556 1298 5609 dextram
1322 5556 1370 5608 in
1395 5556 1537 5610 omni

1561 3023 1596 3045 ﬂ

1553 3045 1596 3082 (Α

1624 1817 1871 1870 luntatem
1891 1856 1904 1878 ,
1937 1823 1994 1866 ιιι
2022 1829 2135 1867 eam
2167 1814 2216 1866 in
2244 1813 2528 1877 quamlibet
2558 1819 2760 1879 partem
2795 1817 3075 1872 versaret,
3095 1813 3198 1864 in»

1623 1908 1797 1962 dulsit.
1842 1905 2049 1960 Iustitia
2091 1919 2218 1970 ergo
2256 1904 2306 1956 in
2347 1902 2558 1956 homine
2594 1917 2698 1955 non
2730 1901 3036 1971 personale.
3078 1903 3201 1953 8οης

1622 1994 1863 2063 generale
1899 2002 1952 2047 et
1989 1991 2249 2060 publicum
2291 1990 2381 2043 Dei
2413 2004 2630 2051 munus,
2677 2000 2758 2044 est
2785 1989 2952 2042 aditus
2982 2005 3169 2054 capes-

1623 2086 1800 2140 sendae
1827 2085 2032 2138 salutis.
2063 2081 2218 2149 Quasi
2255 2082 2370 2136 fons
2396 2082 2602 2151 quidam
2644 2083 2696 2135 in
2729 2082 2955 2147 medium
2991 2085 3172 2138 mundi

1625 2175 1776 2242 hujus
1806 2173 2105 2242 expositus,
2142 2181 2194 2226 et
2220 2172 2271 2224 in
2303 2186 2583 2226 commune
2610 2186 2919 2237 concessus,
2950 2174 3013 2226 ad
3048 2175 3173 2226 bau—

1624 2262 1864 2315 riendum
1889 2259 2148 2312 universis
2175 2267 2345 2324 patet,
2378 2265 2430 2310 ut
2459 2259 2688 2324 largitori
2723 2260 2908 2313 merito
2936 2275 3056 2314 reus
3083 2264 3174 2319 sit.

1625 2350 1713 2420 qui
1742 2350 1948 2404 haurire
1975 2349 2281 2417 neglexerit.
2313 2347 2567 2400 Omnibus
2604 2347 2778 2416 itaque
2801 2349 3030 2402 oblatum
3071 2362 3172 2414 est,

1626 2441 1764 2509 quod
1791 2439 1857 2492 ab
1883 2438 2122 2492 omnibus
2150 2436 2530 2503 reposcendum
2555 2446 2654 2489 est.
2683 2435 2813 2489 Nam
2842 2438 2886 2490 si
2913 2436 3051 2490 circa
3079 2438 3188 2493 hm-

1627 2532 1784 2588 minis
1829 2533 1904 2603 (ut
1930 2529 2131 2599 dicunt)
2174 2531 2391 2584 salutem
2430 2529 2674 2597 specialis
2705 2538 2786 2584 est
2827 2529 3169 2598 dispensatio,

1628 2622 1806 2678 nescio
1827 2621 2088 2689 quomodo
2112 2620 2375 2689 generalis
2397 2621 2588 2688 poterit
2615 2634 2736 2674 esse
2763 2619 3037 2675 discussio.
3069 2621 3173 2675 Sed

1626 2726 1745 2765 cum
1766 2711 1904 2764 dicat
1929 2728 1941 2759 :
1971 2709 2153 2762 Omnes
2176 2725 2264 2761 nos
2285 2708 2596 2772 manifestari
2612 2717 2804 2776 oportet
2823 2717 2937 2761 ante
2955 2710 3174 2762 tribunal

1629 2800 1742 2852 Dei.
1765 2799 1876 2852 Non
1901 2812 2015 2852 eam
2044 2797 2109 2850 ab
2138 2796 2377 2850 omnibus
2418 2797 2720 2851 terribiliter
2749 2797 2982 2866 exigeret
3006 2837 3023 2862 ,
3073 2799 3174 2852 nisi

1628 2889 1871 2941 omnibus
1893 2886 2301 2942 misericorditer
2320 2885 2614 2938 obtulisset.
2642 2885 2801 2950 Igitur
2826 2885 2877 2938 in
2900 2886 3172 2953 procinctu

1629 2978 1826 3029 militia:
1847 2976 2180 3028 constitutum
2209 2976 2275 3026 ita
2303 2975 2581 3040 Apostolus
2609 2974 2948 3027 adhortatur:
2976 2974 3173 3027 Laboro

1628 3065 1771 3131 quasi
1797 3066 1952 3115 bonus
1973 3063 2113 3114 miles
2140 3061 2343 3114 Christi.
2375 3061 2538 3115 Nemo
2565 3061 2782 3115 militans
2810 3061 2930 3126 Deo,
2952 3064 3174 3131 implicat

1626 3171 1678 3206 se
1703 3154 1908 3219 negotiis
1937 3151 2258 3203 torcularibus
2281 3189 2297 3214 ,
2343 3160 2396 3202 ut
2424 3152 2469 3202 ei
2497 3152 2690 3217 placeat
2721 3153 2802 3205 cui
2835 3168 2889 3205 se
2927 3153 3171 3221 probavit.

1629 3242 1764 3293 Nam
1801 3251 1845 3292 et
1880 3241 1963 3306 qui
1998 3241 2049 3291 in
2093 3254 2252 3308 agone
2278 3239 2528 3291 contendit
2551 3279 2566 3298 .
2615 3256 2715 3292 non
2729 3230 3009 3293 'coronatur
3030 3281 3046 3304 ,
3076 3242 3173 3295 nisi

1627 3333 1838 3399 legitime
1867 3333 2123 3382 certaverit
2148 3327 2196 3397 (I
2226 3327 2344 3381 Cor.
2375 3328 2471 3396 rx).
2501 3329 2564 3381 Et
2584 3328 2770 3382 iterum
2801 3345 2814 3381 :
2839 3329 3173 3384 Laborantem

1627 3422 1900 3489 agr-'colam
1939 3427 2128 3488 oportet
2158 3421 2375 3490 primum
2415 3420 2656 3489 fructibus
2682 3422 2906 3488 accipere
2929 3420 3014 3488 (II
3037 3422 3168 3475 Tim.

1629 3511 1706 3580 II).
1742 3511 1872 3564 Audi
1900 3511 2078 3564 etalio
2121 3510 2236 3562 loco
2283 3510 2586 3577 Apostolum
2635 3525 2736 3563 non
2779 3520 2866 3562 tua
2907 3511 3009 3564 otia
3041 3527 3174 3580 prte-

1632 3603 1913 3656 dicantem.
1945 3600 2016 3653 De
2042 3611 2215 3653 cwtero
2235 3639 2249 3663 ,
2277 3600 2472 3667 inquit,
2504 3603 2706 3667 fratres,
2743 3603 3099 3670 confortamint
3122 3603 3174 3654 in

1632 3692 1847 3742 Domino
1864 3730 1879 3752 ,
1909 3699 1954 3743 et
1977 3691 2025 3742 in
2049 3692 2269 3756 potentia
2287 3691 2482 3741 virtutis
2511 3692 2639 3759 ejus.
2673 3687 2878 3742 Induite
2902 3706 2985 3742 vos
3010 3706 3175 3741 arma-

1632 3787 1798 3829 turam
1836 3777 1962 3838 Dei,
1988 3786 2041 3828 ut
2071 3777 2270 3841 possitis
2303 3785 2433 3828 stare
2469 3777 2702 3828 adversus
2729 3778 2934 3829 insidias
2967 3776 3174 3839 diaboli,

1630 3869 1749 3933 quia
1786 3881 1882 3915 non
1912 3875 1982 3917 est
2016 3848 2156 3916 tiobis
2187 3865 2472 3916 colluctatio
2503 3866 2736 3916 adversus
2764 3881 2959 3916 carnem
2981 3874 3027 3916 et
3059 3883 3177 3917 strn-

1631 3954 1829 4021 guinem
1850 3993 1862 4011 ,
1899 3954 1986 4003 sed
2015 3953 2249 4003 adversus
2281 3953 2526 4018 principes
2558 3961 2604 4003 ct
2634 3961 2914 4019 potestates,
2944 3954 3176 4007 adversus

1633 4042 1806 4092 mundi
1826 4052 2038 4091 rectores
2062 4041 2370 4091 tenebrarum
2402 4040 2600 4104 Irarum,
2624 4049 2798 4092 contra
2818 4042 3068 4109 spiritalia
3092 4059 3176 4095 ne-

1632 4130 1803 4196 quitia:
1821 4131 1872 4180 in
1893 4130 2182 4182 cozlestibus.
2218 4128 2488 4197 Propterea
2511 4129 2717 4195 accipite
2735 4139 3039 4183 armaturam
3067 4131 3175 4194 Dei,

1637 4228 1688 4271 ttt
1719 4219 1914 4287 possitis
1942 4220 2165 4270 resistere
2198 4219 2248 4270 in
2283 4220 2362 4272 die
2395 4219 2547 4283 malo,
2585 4229 2630 4270 et
2661 4221 2710 4270 in
2733 4209 2955 4272 omnibus
2976 4224 3177 4289 perfecti

1636 4319 1787 4359 stttre.
1836 4307 1976 4360 State
2005 4322 2120 4376 ergo
2149 4306 2386 4359 succincti
2419 4306 2610 4358 lumbos
2646 4318 2828 4360 vestros
2876 4309 2925 4359 in
2959 4309 3180 4374 veritate,

1635 4398 1799 4450 induti
1838 4399 1992 4450 lorica
2019 4400 2253 4468 justitite,
2274 4408 2321 4451 et
2350 4398 2546 4449 calciati
2570 4399 2716 4466 pedes
2751 4399 2800 4449 in
2822 4399 3182 4467 prteparationo

1640 4487 1897 4556 Evangelii
1922 4489 2089 4556 pacis;
2125 4488 2176 4538 in
2213 4486 2437 4538 omnibus
2463 4496 2705 4539 sumentes
2724 4498 2915 4538 scutum
2949 4487 3097 4552 ﬁdei,
3130 4487 3182 4540 in

1637 4593 1733 4644 quo
1778 4579 1976 4644 possitis
2016 4577 2182 4628 omnia
2225 4578 2320 4629 tela
2369 4576 2652 4642 nequissimi
2687 4579 2830 4644 ignea
2873 4580 3186 4644 exstinguere

1638 4668 1801 4735 (Eph.
1831 4666 1920 4734 vt).
1966 4667 2094 4718 Cum
2127 4666 2286 4730 dicat,
2317 4677 2368 4718 ut
2407 4667 2604 4732 possitis
2628 4677 2760 4719 stare
2797 4668 3031 4718 adversus
3064 4667 3185 4718 insi-

1639 4730 1984 4819 dias\diaboli;
2008 4767 2058 4809 et
2080 4758 2290 4822 iterum,
2317 4768 2369 4809 ut
2391 4757 2590 4826 possitis
2609 4758 2832 4807 resistere
2849 4759 2899 4807 in
2923 4759 3001 4810 die
3022 4757 3184 4818 malo,

1643 4857 1696 4900 et
1729 4848 1778 4899 in
1810 4848 2171 4911 consequenti,
2203 4830 2451 4899 sumentes
2477 4855 2667 4898 scutum
2689 4846 2826 4911 ﬁdei,
2861 4847 2909 4898 in
2941 4863 3036 4912 quo
3065 4862 3184 4914 pos.

1639 4935 1747 4984 sitis
1779 4933 1947 4983 omnia
1981 4933 2079 4984 tela
2113 4935 2396 5002 nequissimi
2433 4933 2574 4998 ignca
2609 4933 2938 5002 exstinguere,
2966 4932 3185 4996 apertis~

1641 5021 1772 5072 sime
1803 5019 2030 5071 ostendit
2056 5034 2083 5072 a
2118 5022 2222 5073 Deo
2254 5021 2645 5087 possibilitatem
2684 5021 2884 5073 arbitrii
2923 5021 3063 5073 omni
3094 5022 3185 5071 bo-

1643 5107 1769 5160 mini
1803 5108 1963 5161 fuisse
1990 5122 2294 5161 concessam
2316 5149 2329 5171 ,
2371 5123 2468 5175 qua
2500 5110 2544 5159 ei
2580 5115 2873 5171 promptum
2915 5116 3052 5159 esset
3084 5122 3186 5160 non

1644 5201 1808 5252 solum
1837 5200 1980 5252 earni
2011 5213 2120 5252 sua:
2164 5203 2407 5253 resistere
2433 5241 2446 5263 ,
2488 5199 2576 5252 sed
2621 5199 2775 5249 etiam
2802 5198 3008 5250 diabolo
3038 5212 3187 5264 repu-

1643 5304 1821 5357 gnare.
1876 5288 1945 5341 De
1976 5304 2076 5353 quo
2105 5299 2157 5340 ct
2202 5290 2303 5341 alio
2343 5291 2454 5341 loco
2484 5287 2600 5339 dicit
2636 5301 2649 5337 :
2693 5283 2907 5352 Vigilate
2937 5326 2948 5348 ,
3001 5286 3188 5351 inquit,

1644 5378 1758 5442 quia
1787 5377 2100 5429 adversarius
2147 5389 2298 5429 vester
2328 5376 2553 5432 diabolus
2598 5385 2830 5440 tanquam
2862 5373 2936 5424 leo
2966 5375 3188 5442 rugiens,

1645 5468 1815 5518 crrcuit
1836 5482 2060 5533 qua’rens
2081 5482 2224 5533 quem
2249 5468 2442 5519 devoret
2464 5465 2510 5533 (Ι
2527 5465 2665 5517 Petr.
2686 5461 2832 5529 v).-Si
2862 5462 2979 5515 huic
3007 5464 3187 5517 adver-

1645 5558 1784 5614 sario
1813 5558 1920 5623 jam
1950 5566 2123 5615 certos
2165 5572 2397 5626 quosque
2429 5554 2728 5624 impositos,
2760 5554 3020 5621 quomodo
3052 5567 3186 5622 asse.
