3818 6226
43 217 117 268 80!
1047 204 1132 257 DE
1171 203 1414 256 GRATIA
1457 199 1562 252 DEI
1579 238 1594 264 ,

1634 196 1804 267 mc,
1846 199 1969 253 ιιι).
2012 201 2049 254 l.
3077 203 3182 258 sos

43 318 336 386 quitinvitus.
356 316 465 371 Sed
488 332 591 370 non
616 315 936 369 itaest.Nam
958 329 1050 383 per
1066 291 1540 383 prophetam‘suum
1571 316 1619 370 Α
1646 311 1830 364 melius
1857 326 1958 364 non
1990 324 2141 377 posse
2159 311 2348 364 mutari
2374 309 2684 365 deteriorem
2716 312 3176 380 hominis‘Statum,

43 408 250 462 bouiinus
284 407 472 459 dicat:
519 406 923 474 Unumquemquc
961 404 1234 456 secundum
1276 402 1378 453 uias
1420 416 1543 452 suas

41 495 230 568 judicabo
250 497 426 546 domus
450 493 651 558 Israel;
679 493 971 561 quicunque
993 491 1265 545 succubuit
1294 488 1543 555 paSsioni,

44 603 120 639 non
147 583 458 652 praseienia
487 598 705 652 urgente
751 591 1028 650 superatus
1066 589 1147 634 est
1169 618 1183 642 ,
1215 579 1304 631 sed
1332 585 1545 645 peccato

45 672 294 727 blandiente
335 672 589 726 seductus
630 680 730 725 est.
777 670 962 724 Adhuc
1005 681 1255 738 negantes
1299 677 1542 721 conatqu

44 763 196 816 laboris
222 762 471 826 humani,
505 761 854 815 testimonium
894 759 1027 813 istud
1066 763 1337 826 opponunt
1367 772 1381 809 :
1422 755 1540 809 Nisi

41 853 242 906 Dominus
279 853 605 916 ludiﬁcaverit
653 852 873 914 domum,
909 853 960 902 in
991 865 1167 902 vanum
1196 847 1428 899 laborant
1457 846 1542 911 qui

41 945 248 1008 mitiﬁcant
270 958 377 995 eam
420 941 592 1013 (Psal.
621 941 820 1008 cxxvt).
869 941 968 1006 Qui
1007 940 1105 992 hoc
1134 939 1370 1005 imperite
1409 935 1543 1003 ohji-

39 1034 164 1096 ciunt,
185 1037 235 1084 et
257 1040 426 1083 totum
452 1030 647 1083 homini
675 1025 1291 1096 denegandumcredum,
1314 1023 1540 1092 primum

39 1118 280 1171 secundum
300 1132 501 1172 sonum
533 1118 739 1180 littera),
771 1117 1087 1170 intellectum
1111 1129 1262 1168 suum
1288 1111 1540 1181 expedire

39 1225 114 1260 neu
141 1208 366 1275 possunt.
423 1208 668 1278 Nunquid
693 1207 832 1262 enim
859 1207 1108 1262 Dominus
1129 1219 1230 1272 per
1253 1218 1312 1257 se
1338 1212 1536 1256 tantum

39 1299 146 1350 velut
168 1299 393 1351 solitaria
425 1297 796 1364 procuratione
828 1298 1048 1351 salutem
1086 1293 1295 1347 humani
1328 1291 1536 1360 generis

37 1386 336 1438 administrat.
375 1386 492 1440 Non
522 1388 720 1450 utique.
751 1385 863 1439 Sed
893 1398 1010 1437 cum
1036 1397 1226 1449 corpus
1255 1393 1347 1447 per
1372 1394 1537 1431 mem-

39 1475 106 1527 bra
126 1475 418 1543 dispositum
451 1477 633 1542 capitis
660 1483 971 1541 exsequatur
993 1471 1287 1537 imperium,
1310 1468 1534 1521 aediﬁcat

39 1569 203 1617 domum
217 1580 360 1618 suam
381 1563 734 1631 pr-rEcclesia:
745 1563 994 1630 praesules
1005 1568 1158 1628 atque
1174 1569 1427 1626 pastores,
1441 1571 1532 1624 per

1643 398 1743 452 hoc
1770 400 1875 452 illic
1895 399 2118 451 futurum
2147 399 2387 452 creditur
2404 407 2523 466 post
2550 399 2668 453 vitae
2695 402 2851 469 hujus
2874 416 3198 484 excessuut,‘

1643 486 1726 538 ubi
1750 486 1856 553 jam
1883 500 1978 539 nec
2005 486 2300 541 emendatio
2324 526 2339 551 ,
2371 502 2468 542 nec
2509 490 2726 542 mutatio
2755 491 2855 545 erit
2881 492 3017 559 apud
3047 493 3178 548 inie-

1641 588 1748 628 ros.
1769 574 2028 629 Caeterum
2055 590 2215 644 usque
2234 579 2288 630 in
2315 577 2489 640 linem,
2511 587 2564 632 et
2582 578 2644 630 ad
2669 578 2924 646 justitiam
2952 584 3176 639 transire

1641 668 1876 733 pessimi,
1899 675 1956 719 et
1983 668 2269 735 periculum
2298 678 2514 737 possunt
2542 671 2724 724 timere
2752 673 2984 737 perfecti.
3025 674 3175 730 Sicut

1641 753 1861 821 legimus
1889 772 1902 807 :
1936 755 2035 822 Qui
2061 756 2342 824 gloriﬁcant
2378 774 2454 810 me
2487 758 2776 827 glori/ianua
2814 776 2933 827 eos;
2965 764 3050 831 qui
3081 780 3174 815 au-

1639 855 1736 897 tem
1761 855 2076 898 contemnunt
2113 863 2190 899 me
2217 857 2360 900 erunt
2392 849 2625 915 ignobles
2653 849 2705 916 (1
2739 851 2860 918 lleg.
2892 851 2969 920 tt).
3002 853 3174 917 Quare

1637 933 1736 987 iste
1756 935 2059 998 honoratur,
2080 944 2135 988 et
2155 935 2243 989 ille
2263 936 2576 1002 despicitur?
2613 938 2827 1004 PrOpter
2851 940 2948 992 hoc
2973 945 3171 1011 utique,

1637 1022 1757 1090 quia
1786 1032 1840 1077 et
1861 1023 1948 1077 ille
1975 1024 2136 1077 Deum
2163 1025 2648 1093 gloriﬁcare-potuit
2675 1030 2760 1096 qui
2793 1030 2962 1082 intulit
2988 1041 3172 1085 contu—

1638 1112 1842 1164 meliam
1859 1152 1871 1171 .
1896 1121 1948 1165 et
1976 1113 2072 1166 istc
2094 1123 2428 1168 contemnere
2451 1117 2537 1182 qui
2567 1115 2753 1170 detulit
2774 1118 3009 1185 gloriam.
3037 1119 3171 1185 Quia

1637 1201 1844 1265 placere
1869 1199 2087 1255 Domino
2113 1201 2221 1255 Deo
2246 1216 2344 1258 suo
2365 1212 2416 1256 et
2447 1205 2616 1271 potuit
2639 1207 2775 1260 nolle
2797 1208 2883 1275 qui
2912 1209 3087 1271 voluit.
3118 1225 3172 1265 ct

1635 1291 1807 1355 potuit
1835 1292 1972 1345 velle
2008 1293 2097 1360 qui
2139 1293 2327 1347 noluit.
2381 1294 2488 1348 Nec
2516 1306 2665 1363 potis
2706 1297 2791 1352 hic
2818 1309 3017 1354 natura:
3053 1316 3174 1357 esse

1589 1421 1598 1428 .
1632 1380 1927 1434 distantiam
1947 1423 1961 1447 ,
1991 1382 2100 1448 ipse
2134 1389 2216 1436 est
2236 1384 2324 1452 qni
2353 1385 2461 1436 vult
2486 1425 2501 1449 ,
2553 1387 2662 1453 ipse
2687 1397 2767 1441 est
2789 1389 2878 1456 qui
2907 1406 3009 1444 non
3041 1394 3166 1446 vult.

1631 1468 1861 1538 Quisque
1881 1483 2005 1536 ergo
2027 1481 2236 1524 renatus
2264 1471 2316 1524 in
2343 1470 2569 1538 Christo,
2604 1473 2700 1527 nisi
2731 1478 2875 1543 prius
2901 1478 3058 1534 luerit
3081 1497 3173 1535 vas

1634 1560 1842 1613 malitia:
1862 1552 1955 1629 per
1974 1561 2177 1628 culpam
2205 1563 2487 1627 propriam,
2511 1578 2600 1616 vas
2628 1565 2842 1620 offensa:
2863 1576 2918 1621 et
2943 1569 3034 1622 ine
3053 1586 3171 1625 esse

37 1652 528 1718 eosquidicuntzﬂci
552 1645 1197 1717 enimadjutoressumusu
1221 1645 1338 1699 Cor.
1359 1646 1528 1721 tu,9).
1558 1634 1608 1692 Β
1634 1664 1735 1702 non
1785 1652 1990 1716 poterit.
2024 1651 2088 1704 Et
2133 1665 2163 1704 e
2205 1655 2486 1716 contrario,
2539 1662 2595 1704 ut
2644 1656 2732 1707 liat
2773 1653 3167 1726 misericordim,

39 1741 108 1803 Qui
128 1742 248 1792 enim
265 1755 447 1793 curam
472 1740 687 1805 suscipit
714 1738 944 1790 salvandi
968 1736 1210 1798 hominis,
1226 1735 1430 1812 adjutor
1449 1741 1531 1786 est

39 1831 354 1896 redemptoris.
371 1830 623 1883 Aiditieat
639 1843 766 1896 ergo
790 1827 998 1881 domum
1021 1826 1152 1880 hanc
1169 1826 1414 1879 Dominus
1440 1839 1529 1891 per

39 1929 202 1972 sanctos
219 1934 358 1982 suos,
374 1930 430 1972 et
451 1920 614 1972 sancti
639 1933 729 1986 per
744 1918 1014 1970 Dominum
1033 1931 1205 1968 suum.
1225 1914 1530 1967 Edilicatur

39 2005 219 2061 Ecclesia
244 2023 334 2076 per
354 2023 478 2061 eum
500 2007 587 2076 qui
608 2007 769 2060 dixit:
791 2006 855 2060 Ut
874 2007 1070 2073 sapiens
1095 2004 1527 2071 architectus‘fnn-

39 2095 274 2148 demtum
297 2099 448 2166 posui
472 2096 630 2165 (Ibid.
659 2096 765 2162 ιο).
795 2094 1031 2162 Nunquid
1053 2095 1203 2147 aliter
1231 2093 1449 2145 a:dilic~.it
1477 2098 1529 2144 et

40 2186 252 2252 cognoscit
278 2186 592 2246 Ecclesium,
624 2200 776 2252 quam
808 2200 899 2253 per
925 2184 1130 2238 labores
1162 2194 1211 2238 et
1241 2184 1409 2235 officia
1445 2197 1528 2235 sa-

41 2276 276 2340 cerdotum,
313 2291 408 2344 per
434 2277 718 2329 ministeria
748 2284 802 2330 et
829 2276 1062 2342 exempla
1088 2283 1406 2336 sanctorum,
1436 2287 1527 2340 per

40 2364 334 2428 apostolorum
366 2364 588 2417 virtutes
614 2373 668 2416 et
691 2373 974 2432 martyrum
997 2363 1224 2416 mortes?
1255 2362 1357 2415 Sed
1391 2360 1528 2415 inter

41 2449 124 2503 hac
140 2465 244 2504 cum
269 2465 437 2519 usque
463 2451 529 2502 ad
558 2451 790 2504 omnium
821 2451 1072 2503 malorum
1099 2449 1422 2504 tolerantiam
1454 2449 1528 2502 vi-

41 2549 168 2605 taque
184 2543 430 2607 jacturam
468 2539 704 2592 laborare
728 2538 915 2592 debeat
955 2536 1179 2593 famulus
1199 2579 1213 2603 ,
1235 2539 1323 2591 ‘ad
1353 2537 1526 2591 Domi-

43 2645 128 2681 nutu
154 2638 313 2683 tamen
361 2645 574 2698 semper
597 2639 679 2684 est
726 2631 1027 2683 refert-udus
1069 2629 1262 2693 laboris
1291 2627 1522 2682 ell‘ectus.

39 2717 112 2778 Qui
130 2732 237 2772 vero
263 2719 343 2773 vel
393 2720 597 2772 initium
627 2720 801 2788 operis
843 2719 941 2772 sibi
970 2718 1236 2786 praesumit
1261 2732 1522 2784 arrogaie,

43 2808 100 2860 vel
122 2809 290 2874 linem,
331 2810 398 2863 ad
430 2810 576 2862 illum
607 2810 794 2863 inetito
830 2810 1021 2863 dicitur
1065 2825 1079 2860 :
1125 2807 1244 2860 Nisi
1281 2808 1523 2860 Dominus

43 2896 302 2961 cdiﬁmurit
338 2899 574 2961 densum,
607 2900 668 2949 vin
693 2913 872 2948 uanum
903 2898 1126 2948 laborant
1161 2896 1246 2962 qui
1271 2895 1520 2959 aediﬁcant

44 2960 136 3031 ora.
167 2983 412 3036 (laterum
454 2983 590 3036 sicut
626 2984 693 3036 ab
723 2982 930 3034 homine
959 2960 1231 3035 indefessas
1255 2960 1590 3034 servitutisﬂ

45 3073 331 3136 exspectanda
358 3071 572 3125 devotio
599 3079 681 3125 est
699 3110 715 3134 ,
744 3072 810 3123 ita
838 3071 1012 3138 operis
1039 3071 1383 3124 consummati
1414 3070 1516 3122 Do.

46 3157 148 3209 mino
158 3168 227 3212 est
238 3160 530 3227 deputanda
554 3160 820 3227 perlectio,
836 3160 986 3224 cujus
1001 3159 1136 3212 dona
1154 3159 1240 3212 ille
1259 3159 1401 3212 solus
1415 3174 1534 3213 non.

48 3247 290 3317 habuit,qui
308 3265 524 3305 servare
545 3250 790 3318 neglexit.
812 3248 940 3302 Nam
960 3259 1013 3303 et
1040 3250 1126 3301 ille
1147 3263 1332 3303 servus
1353 3264 1411 3303 se
1429 3263 1520 3304 ac-

51 3339 205 3401 cepisse
220 3341 477 3407 cognovit,
491 3340 923 3409 quicommissum
939 3338 1035 3391 sibi
1050 3340 1296 3391 talentum
1314 3339 1520 3406 negotio

50 3421 186 3475 salutis
197 3426 455 3493 duplicare
470 3426 902 3494 contempsit,sed
924 3434 1076 3480 terra:
1095 3427 1266 3492 potius
1285 3427 1393 3478 otio
1410 3427 1521 3479 lan-

45 3520 187 3572 gueine
206 3515 460 3568 mandavit
485 3513 698 3584 (Matth.
728 3513 873 3580 xxv).
899 3515 999 3568 Sed
1019 3515 1208 3569 etSaul
1237 3513 1289 3584 (1
1307 3516 1426 3582 Reg.
1444 3516 1518 3584 ix)

45 3601 212 3662 gratiam
237 3603 321 3658 Dei
347 3620 379 3658 a
404 3605 651 3659 Samuele
677 3614 860 3656 unctus
888 3605 1116 3670 accepit,
1142 3613 1195 3657 et
1219 3603 1522 3657 muniﬁcen-

48 3689 133 3741 tiam
155 3693 412 3759 specialem
439 3736 454 3758 ,
504 3694 838 3760 regalemque
866 3693 1144 3758 potentiam
1166 3731 1183 3754 ,
1216 3693 1313 3744 sub
1342 3692 1522 3742 condi-

47 3777 145 3830 tione
168 3783 268 3840 hac.
296 3797 358 3835 ne
381 3798 410 3833 a
442 3784 713 3848 praecepti»
738 3783 824 3833 Dei
853 3782 1152 3843 declinaret,
1183 3780 1427 3832 obtinuit.
1457 3780 1522 3832 Et

47 3869 105 3930 qui
125 3869 244 3922 lotos
268 3881 317 3923 et
346 3870 462 3923 fana
489 3886 607 3923 cum
652 3862 965 3938 pythonihus
1009 3870 1116 3920 suis
1161 3869 1406 3933 magiSiro
1431 3879 1519 3918 sa-

46 3957 204 4010 rerdote
225 3962 544 4013 subverterat
566 3999 581 4022 ,
610 3960 851 4014 defuncto
874 3959 1054 4011 eodem
1079 3998 1092 4020 ,
1123 3972 1238 4011 curn
1277 3957 1520 4024 magistro

49 4041 159 4096 fidem
176 4048 401 4114 perdidit,
424 4059 479 4102 et
495 4051 560 4100 ad
583 4049 895 4117 pythonisste
921 4045 1244 4114 postmodum
1268 4059 1515 4112 respousa

46 4129 220 4189 loli-nti:
257 4139 551 4193 convolavit
577 4179 593 4204 ,
638 4141 721 4206 qui
753 4153 810 4192 se
854 4138 918 4190 ad
947 4137 1106 4190 Deum
1137 4138 1397 4204 pertinere
1422 4150 1519 4204 po-

50 4224 168 4280 tuisse
191 4228 428 4284 idolorum
458 4230 800 4284 subversione
829 4238 1220 4282 monstraverat.

563 4340 783 4398 CAPUT
831 4340 940 4393 XII.

49 4420 184 4477 Contra
206 4442 306 4481 eum
331 4446 528 4484 sensum
557 4431 642 4498 qui
681 4430 798 4481 dicit
825 4432 960 4496 quod
982 4447 1065 4482 vas
1093 4431 1143 4482 in
1170 4430 1515 4481 contumeliam

146 4509 229 4546 ttou
251 4501 394 4563 possit
419 4513 700 4566 assurgere,
730 4509 784 4549 ut
819 4499 883 4550 sit
916 4515 999 4550 vas
1031 4504 1082 4550 in
1118 4501 1372 4550 honorem.

96 4580 220 4636 Aiunt
241 4601 324 4640 vas
348 4588 678 4640 contumelia:
706 4589 759 4640 in
789 4603 878 4641 vas
921 4589 1133 4641 honoris
1161 4588 1382 4641 transire
1413 4603 1513 4640 non

52 4677 182 4733 Posse,
208 4685 265 4726 eo
289 4676 422 4743 quod
452 4676 644 4728 dixerit
670 4677 948 4742 Apostolus
985 4695 997 4726 :
1031 4678 1108 4728 An
1132 4695 1229 4729 non
1258 4677 1400 4728 habet
1429 4692 1516 4742 po.

52 4761 215 4810 lcststrnt
237 4762 407 4831 ﬁgulus
437 4765 528 4817 luti
566 4780 628 4816 ea:
655 4767 823 4816 eadem
866 4782 1026 4818 massa
1069 4769 1230 4832 facere
1267 4766 1404 4817 aliud
1431 4782 1515 4818 vas

51 4839 84 4888 l3!
107 4844 319 4913 honorem,
338 4853 478 4904 aliud
497 4868 609 4905 vero
631 4854 682 4904 in
705 4854 1085 4906 contumeliam?
1114 4855 1220 4906 lioc
1241 4854 1354 4905 loco
1383 4867 1514 4918 pra:-

52 4930 239 4987 oedentcs
261 4953 457 5004 causas,
489 4942 678 5009 quibus
705 4942 784 4994 vel
815 4941 864 4993 in
897 4943 1165 5005 honorem,
1200 4943 1275 4995 vel
1311 4943 1360 4993 in
1390 4957 1513 4993 con-

55 5023 254 5076 lumelism
276 5027 422 5080 homo
449 5041 697 5092 transeat,
720 5032 959 5082 conclusa
990 5033 1241 5083 locatione
1269 5045 1511 5096 suppies-

54 5105 112 5156 tit.
146 5108 251 5166 Nam
289 5130 400 5170 cum
447 5121 604 5171 homo
651 5133 741 5186 per
775 5122 988 5184 gratiam
1019 5135 1134 5174 esse
1179 5119 1391 5184 cmperit
1422 5133 1508 5171 vas

59 5191 238 5265 honoris,
267 5202 626 5279 invigilandum
661 5216 740 5260 est
769 5217 823 5260 ut
859 5219 1103 5276 acceptus
1149 5210 1312 5258 honor
1339 5207 1510 5258 divina

59 5293 350 5351 cooperatione
377 5309 642 5360 servetur,
672 5313 736 5351 ne
761 5300 1038 5367 acquisitns
1067 5300 1248 5358 homo,
1282 5306 1510 5362 postmo-

63 5369 144 5453 ¹Ῐυιιι
177 5376 219 5430 in
255 5395 337 5436 vas
379 5386 710 5439 contumeliae
757 5387 906 5453 culpa
950 5388 1202 5439 existente
1255 5394 1504 5436 vertatur.

63 5450 162 5516 olnt!
184 5477 330 5524 autem
354 5472 526 5529 dicunt
570 5475 636 5528 ab
660 5450 868 5528 ineunte
897 5485 1046 5528 aetate
1077 5473 1383 5539 pra-[initum
1415 5513 1427 5536 ,
1459 5473 1508 5525 in

1542 4285 1591 4344 υ

1631 1741 1774 1807 prius
1819 1741 2021 1792 futurus
2049 1749 2128 1793 θυι
2156 1755 2247 1793 vas
2276 1741 2585 1794 ohedientite
2611 1784 2625 1804 ,
2656 1751 2713 1796 ut
2755 1745 3170 1810 prtncedeutibus

1629 1830 1801 1883 causis
1824 1830 1949 1897 justi
1977 1830 2165 1895 judicis
2201 1833 2455 1885 sententia
2497 1831 2865 1899 subsequatur.
2911 1835 3167 1890 Ostenda-

1629 1937 1744 1974 mus
1773 1935 1864 1972 vas
1889 1922 2217 1974 contumeliae
2247 1919 2297 1973 in
2324 1935 2416 1974 vas
2447 1921 2658 1975 honoris
2693 1922 2952 1989 adjutorio
2991 1926 3080 1978 Dei
3112 1935 3169 1980 et

1626 2007 1798 2061 studio
1837 2021 1933 2059 soo
1964 2022 2115 2074 posse
2144 2011 2385 2062 transire.
2431 2010 2520 2073 Si,
2547 2010 2740 2077 inquit,
2774 2011 2946 2065 dixero
2971 2013 3123 2082 impio
3146 2030 3168 2066 :

1609 2094 1790 2148 'Morte
1829 2095 2077 2154 maricris,
2109 2106 2151 2147 et
2187 2097 2342 2165 egerit
2369 2098 2704 2164 pmniteutiam
2742 2115 2774 2150 α
2811 2110 3011 2166 peccato
3050 2119 3168 2166 suo,

1627 2190 1889 2256 feceritque
1913 2172 2162 2254 judicium
2189 2198 2234 2240 et
2261 2190 2534 2257 justitiam,
2573 2193 2670 2242 vita
2699 2193 2821 2243 vivet
2846 2203 2893 2245 et
2927 2210 3024 2245 non
3056 2211 3160 2246 mo.

1625 2273 1798 2325 rietur.
1845 2273 1976 2338 Quid
2005 2283 2085 2326 est
2115 2274 2300 2341 impius
2321 2313 2338 2336 ,
2371 2275 2469 2328 nisi
2495 2291 2584 2328 vas
2611 2278 2976 2333 contumeliae?
3027 2280 3165 2334 Ecce

1616 2377 1717 2429 per
1744 2363 2028 2415 remedium
2060 2363 2377 2429 ptenitentite
2403 2363 2578 2416 subito
2618 2365 2905 2419 honoratur
2931 2366 3161 2422 candore

1622 2454 1801 2521 gratia:
1825 2493 1840 2516 ,
1885 2460 1938 2506 et
1969 2453 2202 2506 induitur
2226 2453 2418 2507 decore
2439 2453 2654 2519 iustitiae
2677 2493 2694 2519 ,
2731 2465 2788 2508 ut
2826 2466 3158 2524 peccatorum

1625 2542 1751 2596 Γωρο
1771 2542 2000 2605 detersa,
2018 2542 2338 2596 conﬁdenter
2358 2544 2521 2610 possit
2539 2542 2713 2599 dlcere
2733 2558 2851 2600 cum
2872 2531 3122 2614 l’rdpheta
3144 2564 3160 2603 :

1622 2633 1862 2700 Asperges
1889 2647 1985 2693 me,
2017 2630 2248 2696 Domine,
2279 2631 2513 2701 ItyssOpo,
2546 2644 2593 2686 et
2618 2634 2940 2697 mundabor;
2975 2636 3162 2690 lavubis

1623 2736 1715 2782 me,
1747 2730 1795 2772 et
1834 2736 1983 2789 super
2017 2725 2174 2772 nivem
2200 2722 2486 2774 dealbabor.
2532 2721 2666 2777 Audi
2697 2723 3000 2790 Apostolum
3027 2741 3161 2792 quo-

1620 2808 1775 2882 modo
1800 2809 2028 2862 dealbari
2058 2823 2210 2876 posse
2232 2811 2529 2875 pronuntiat
2546 2812 2787 2864 maculas
2805 2806 3157 2882 conscientia},

1621 2903 1678 2947 ut
1703 2875 1769 2954 d'e
1795 2909 1915 2948 vase
1944 2875 2229 2961 iniquitatis
2252 2935 2268 2958 ,
2297 2911 2389 2949 vas
2434 2897 2863 2953 sanctiﬁcationis
2891 2875 3159 2969 appareat;

1619 2984 1686 3038 In
1715 2968 1882 3049 domo,
1913 2985 2095 3052 inquit,
2120 3000 2323 3053 magna,
2356 3001 2452 3038 non
2474 2985 2634 3039 solum
2654 2997 2767 3041 sunt
2795 3005 2911 3042 vasa
2933 3007 3087 3044 aurea
3112 3001 3159 3044 ct

1617 3083 1872 3142 argentea,
1895 3073 1980 3125 sed
2005 3081 2051 3124 et
2083 3072 2246 3140 lignea
2270 3081 2316 3124 et
2337 3072 2514 3139 ﬁctilia
2537 3074 2708 3148 (Rom.
2739 3079 2834 3146 ix).
2860 3078 2993 3144 Quid
3017 3078 3158 3134 enim

1617 3163 1720 3215 alia
1748 3169 1869 3217 sunt
1894 3177 2010 3214 vasa
2037 3161 2087 3214 in
2126 3160 2382 3224 honorem,
2409 3162 2513 3214 alia
2534 3177 2646 3215 vero
2694 3165 2747 3216 in
2773 3168 3161 3221 contumeliam?

1619 3252 1811 3305 Attolle
1851 3266 1944 3305 cor
1979 3250 2202 3305 liberum
2239 3251 2308 3306 ab
2344 3251 2651 3306 immutabili
2683 3253 3014 3317 necessitate,
3063 3255 3161 3308 hu-

1619 3353 1772 3392 mana
1801 3337 2034 3392 conditio
2061 3377 2078 3401 ,
2124 3347 2178 3392 et
2217 3353 2443 3408 agnosce
2484 3339 2622 3392 circa
2666 3338 2886 3393 salutem
2935 3340 3160 3396 hominis

1621 3427 1826 3481 Domini
1854 3429 1923 3480 tui
1951 3427 2261 3482 inell'abilem
2293 3428 2595 3482 bonitatem.
2634 3429 2765 3483 Cum
2792 3429 3028 3497 dixisset,
3058 3433 3162 3486 alia

1620 3517 1817 3583 quitem
1839 3515 1890 3566 in
1918 3514 2174 3576 honorem,
2198 3514 2304 3567 alia
2324 3531 2438 3568 vero
2460 3516 2512 3567 in
2540 3502 2918 3584 contumeliam,
2949 3534 3157 3573 manuni

1620 3607 1728 3674 spei
1759 3606 1998 3659 ﬁdelibus
2025 3606 2229 3672 aperuit
2265 3619 2327 3658 ac
2365 3606 2605 3659 dilatavit
2651 3607 2717 3660 ita
2762 3608 2983 3663 dicens:
3015 3609 3159 3674 Quod

1619 3695 1662 3745 si
1688 3695 1797 3760 quis
1841 3710 1892 3745 se
1935 3709 1996 3769 ea:
2031 3695 2106 3744 Itis
2151 3695 2502 3762 expurgaverit
2525 3733 2540 3757 ,
2580 3696 2672 3747 erit
2714 3710 2798 3746 vas
2837 3698 2889 3746 in
2925 3697 3160 3766 bottom»

1618 3784 1979 3847 sanctiﬁcatum
2018 3781 2101 3848 (11
2128 3782 2258 3833 Tim.
2301 3782 2379 3847 ιι).
2418 3783 2505 3835 Vis
2529 3797 2654 3849 ergo
2689 3784 2861 3837 cordis
2891 3789 3161 3858 utriusque

1619 3870 1692 3922 r.i
1723 3884 1884 3936 capax
1911 3877 1988 3920 es!
2010 3909 2024 3932 ,
2070 3877 2121 3921 et
2161 3869 2299 3937 quod
2341 3870 2395 3921 in
2434 3884 2492 3923 se
2520 3881 2640 3922 ante
2669 3872 2905 3936 permisit
2932 3873 3159 3940 infundi,

1621 3956 1771 4009 facile
1800 3966 1967 4021 potest
1998 3955 2182 4023 prioris
2211 3957 2458 4022 propositi
2513 3959 2797 4011 mutatione
2838 3963 3067 4025 vacuari,
3099 3975 3158 4019 ut

1621 4048 1786 4114 ipsum
1816 4059 1972 4113 atque
1999 4047 2135 4099 idem
2167 4061 2256 4098 vas
2282 4047 2331 4098 in
2363 4060 2420 4099 se
2448 4053 2501 4099 et
2528 4046 2664 4113 apud
2695 4062 2752 4102 sc
2780 4034 2941 4103 eliusa
2972 4051 3159 4122 iniqui-

1620 4148 1724 4190 tate
1755 4146 2071 4201 pcrmaneat.
2119 4137 2294 4204 Itaque
2333 4151 2423 4188 vas
2451 4137 2511 4189 ad
2540 4137 2880 4192 substantiam
2910 4141 3158 4207 hominis,

1621 4226 1756 4292 quod
1790 4241 1912 4278 vero
1939 4225 1993 4278 in
2024 4240 2145 4278 vase
2172 4225 2414 4277 conditur
2438 4265 2452 4288 ,
2503 4228 2566 4276 ad
2606 4241 2766 4291 genus
2796 4242 2857 4280 ac
2889 4227 3158 4283 diversita-

1622 4323 1722 4368 tem
1753 4315 1973 4382 pertinet
2001 4314 2304 4368 voluntatis.
2357 4313 2423 4366 Et
2458 4313 2561 4367 alio
2586 4313 2702 4367 loco
2730 4315 2960 4369 ostendit
2985 4317 3160 4372 Domi-

1622 4421 1717 4458 nus
1749 4407 2006 4472 perditum
2048 4403 2246 4456 restitui
2286 4417 2474 4471 posse,
2515 4419 2634 4456 cum
2673 4403 2801 4457 dicit
2846 4404 3011 4458 :Non
3048 4424 3158 4459 sum

1621 4497 1796 4546 missus
1835 4494 1929 4545 nisi
1965 4493 2029 4543 ad
2067 4509 2176 4544 oves
2209 4507 2319 4558 qua:
2354 4493 2604 4558 perierunt
2652 4493 2828 4544 domus
2862 4493 3044 4548 Israel.
3095 4496 3157 4548 Et

1620 4585 1808 4637 iterum
1858 4599 1869 4630 :
1911 4579 2125 4647 Epulari
2159 4590 2205 4632 et
2247 4581 2466 4648 gaudere
2505 4589 2720 4646 oportet,
2753 4583 2870 4649 quia
2905 4583 2986 4636 hic
3020 4585 3156 4650 ﬁlius

1621 4687 1753 4724 meus
1794 4679 2013 4738 mortuus
2045 4670 2224 4735 fuerat,
2255 4678 2298 4721 et
2337 4670 2543 4733 revixit;
2577 4672 2819 4738 perierat,
2846 4682 2893 4723 et
2931 4674 3155 4723 inventus

1616 4773 1704 4815 est.
1747 4762 1856 4814 Non
1881 4774 2003 4826 ergo
2027 4761 2077 4813 in
2104 4769 2286 4812 natura
2308 4760 2422 4826 ejus
2444 4759 2611 4812 fuerat
2637 4759 2771 4813 facta
2799 4762 3036 4827 perditio,
3062 4761 3151 4813 sed

1615 4852 1700 4920 qui
1727 4849 2014 4903 recedendo
2039 4857 2338 4916 contemptu
2367 4858 2604 4901 mortuus
2630 4849 2818 4911 fuerat,
2852 4848 3035 4901 revixit
3060 4847 3153 4900 de-

1615 4941 1807 4994 siderio
1838 4939 2147 4992 revertendi.
2196 4939 2322 4992 Nam
2349 4940 2486 4992 'sicut
2525 4940 2602 4992 sui
2629 4940 2861 4992 criminis
2889 4948 2967 4991 est
3008 4939 3148 5005 quod

1615 5031 1765 5095 longe
1790 5028 1856 5093 pii
1889 5029 2114 5093 parentis
2148 5028 2335 5094 refugit
2358 5028 2557 5089 oculos,
2584 5029 2650 5079 ita
2679 5042 2785 5078 sua:
2811 5035 2891 5078 est
2917 5026 3148 5076 devotio-

1615 5117 1714 5178 nis,
1744 5115 1878 5182 quod
1921 5130 2008 5181 per
2042 5115 2252 5167 insitum
2284 5115 2385 5168 sibi
2413 5116 2604 5167 bonum
2634 5113 2956 5173 deliberans,
2984 5122 3035 5164 et
3064 5127 3148 5166 as-

1611 5217 1852 5270 surgens,
1881 5203 1942 5253 ild
1971 5212 2214 5268 paternos
2245 5203 2472 5255 recurrit
2517 5203 2800 5264 amplexus.
2844 5198 2944 5250 Sed
2983 5202 3144 5264 gratia

1611 5304 1722 5359 qua:
1748 5292 2036 5356 pulsaverat
2059 5290 2494 5357 peregrinantem,
2511 5287 2618 5352 ipsa
2635 5285 2860 5351 suscepit
2881 5297 3143 5339 reverten-

1614 5393 1735 5435 tem.
1762 5381 1978 5433 Recedat
2006 5380 2125 5432 hinc
2146 5379 2411 5446 originalis
2433 5374 2664 5429 definitio
2688 5374 2762 5425 vel
2790 5373 2975 5427 fatalis.
3005 5376 3143 5428 Ecre

1614 5480 1844 5525 mortuus
1884 5469 2169 5522 vivilicatnr
2198 5508 2216 5539 ,
2249 5479 2296 5522 et
2326 5465 2563 5531 perditus
2591 5462 2851 5516 invenitur
2882 5482 2893 5513 :
2922 5468 3049 5519 sicut
3089 5476 3139 5518 ρι
