3818 6226
554 255 659 311 805

548 456 875 519 drachmam,
912 460 960 511 id
989 471 1099 525 est,
1132 477 1240 516 rem
1266 467 1347 518 vel
1371 466 1727 538 cujuscunque
1756 477 1991 531 muneris
2013 481 2095 533 vel

545 548 747 613 salutis,
774 550 983 603 lucerna
1008 552 1224 619 inquirit
1260 570 1504 624 accensa,
1533 569 1587 613 et
1613 562 1675 614 ad
1712 565 1895 631 gratiae
1919 570 2093 622 oleum

543 628 757 702 apponit
794 642 1022 693 studium
1050 657 1202 696 suum
1225 686 1239 711 ,
1270 655 1321 699 et
1364 661 1482 699 cum
1519 649 1610 702 Dei
1638 628 1899 719 adiutorio
1920 655 2096 722 jungit

538 740 597 778 se
625 727 944 792 requirentis
966 729 1206 785 intentio.
1232 732 1308 785 Ac
1328 735 1408 789 sic
1430 738 1571 804 quod
1606 738 1745 793 intus
1771 741 2089 809 perdiderat,

539 811 674 865 intus
702 812 919 867 invenit.
963 816 1017 870 Si
1058 821 1267 886 quando
1290 836 1417 891 ergo
1449 824 1611 879 homo
1631 842 1694 882 ex
1724 828 1860 882 bono
1886 832 2054 885 malus
2073 870 2090 897 ,

536 900 617 951 vel
658 916 725 953 ex
760 904 897 956 malo
941 906 1110 961 bonus
1154 908 1293 962 elllci
1333 902 1548 968 arbitrio
1579 917 1774 971 mentis
1815 917 2087 985 adnititur,

532 991 772 1045 voluntas
800 1009 918 1062 quae
949 995 1113 1049 libera
1139 1007 1254 1062 est,
1289 1015 1317 1051 a
1349 1002 1453 1055 Deo
1484 1004 1601 1058 data
1630 1008 1945 1076 corrigitur,
1964 1022 2066 1064 non

474 1102 479 1109 τ
530 1077 607 1130 vis
637 1080 1111 1145 prmdestinationis
1157 1097 1429 1153 operatur.
1478 1090 1541 1144 Et
1586 1094 2069 1175 quotiescunquein

527 1166 693 1219 sacris
721 1170 920 1237 paginis
947 1172 1138 1239 legeris
1159 1188 1174 1224 :
1195 1171 1259 1225 In
1282 1174 1579 1247 quacunque
1606 1183 1686 1234 die
1715 1166 2076 1241 courier-sasin-

527 1257 795 1321 gemueris,
827 1266 944 1307 tunc
970 1259 1135 1311 salvus
1165 1261 1485 1331 eris(Ezech.
1519 1269 1726 1339 χχχιιι).
1758 1272 1823 1325 Et
1848 1276 2054 1333 iterum:

526 1342 664 1395 Nola
690 1358 896 1397 mortem
925 1347 1088 1416 impii,
1119 1350 1205 1401 sed
1224 1360 1277 1403 ut
1306 1364 1582 1408 revertatur
1619 1358 1803 1426 impius
1834 1379 1866 1415 α
1891 1365 2073 1415 viasua

526 1445 571 1483 et
598 1433 750 1486 vivat.
776 1433 1128 1490 Convertimini
1152 1454 1184 1490 a
1211 1440 1302 1495 viis
1335 1444 1587 1511 pessimis.
1621 1447 1687 1499 Et
1717 1444 2057 1505 iterumzlm-

524 1523 683 1589 pietas
713 1523 852 1592 impii
882 1540 979 1577 non
1000 1527 1190 1581 nocebit
1214 1546 1346 1595 eum,
1376 1533 1426 1586 in
1442 1550 1738 1607 quacunque
1765 1528 1844 1594 die
1872 1558 2079 1598 conven-

522 1627 607 1665 sus
636 1614 785 1680 fuerit
831 1619 891 1667 ab
932 1617 1183 1688 injustitia
1221 1637 1335 1675 sua.
1375 1623 1442 1677 Et
1488 1626 1657 1681 illud:
1688 1629 1893 1699 Auferte
1940 1640 2089 1689 uetus

521 1707 838 1775 fermentum,
879 1720 930 1761 ut
968 1712 1076 1765 sitis

519 1800 724 1868 quoties
764 1801 920 1855 homo
967 1803 1033 1857 ad
1084 1805 1323 1872 meliora,
1367 1808 1715 1866 deterioribus
1758 1816 2063 1884 repudiatis,

516 1890 679 1954 gratia
713 1888 932 1957 juvante
962 1896 1326 1963 convertitur,
1367 1897 1525 1950 toties
1554 1898 1620 1952 de
1641 1914 1764 1955 vase
1791 1914 2065 1958 contume-

494 1974 597 2030 lia.-
646 1993 736 2033 vas
786 1978 1003 2033 honoris
1044 1981 1298 2037 ellicitur.
1370 1986 1437 2037 Ut
1472 2001 1597 2040 vero
1634 1987 1699 2041 de
1745 1989 1895 2043 bonis
1944 1994 2063 2046 mali

515 2068 835 2143 efﬁciantur,
867 2068 966 2122 hoc
989 2069 1195 2125 facilius
1222 2072 1274 2126 in
1301 2088 1359 2128 se
1387 2070 1597 2142 recepit
1617 2078 1840 2131 humana
1868 2080 2067 2149 fragili-

514 2165 619 2222 tas,
651 2138 709 2210 ut
728 2156 795 2212 de
821 2173 945 2213 vase
968 2159 1185 2219 honoris
1203 2194 1223 2226 ,ί
1246 2163 1297 2217 in
1324 2180 1416 2217 ws
1444 2170 1775 2223 contumelia:
1807 2179 2058 2227 transeat.

513 2245 658 2301 Sicut
684 2247 907 2317 legimus
935 2250 987 2304 in
1018 2253 1227 2308 Abacuc
1256 2271 1271 2308 :
1323 2253 1390 2331 Et
1425 2274 1551 2311 estw
1582 2262 1706 2330 :ejus
1753 2263 1937 2317 electw.
1990 2265 2063 2320 De

512 2337 699 2404 quibus
748 2340 907 2394 etiam
946 2342 1138 2396 dicitur
1181 2361 1194 2396 :
1243 2346 1435 2399 Aurum
1484 2356 1537 2399 ut
1579 2358 1749 2417 pateas
1790 2354 2057 2423 reputabit.

510 2427 763 2483 leretnias
803 2447 1011 2515 quoque
1039 2449 1060 2492 ,:
1105 2434 1367 2498 Quomodo
1407 2439 1721 2493 obscuratum
1749 2454 1820 2495 est
1857 2462 2058 2511 aurum,

511 2528 727 2573 mutatus
746 2533 818 2573 est
835 2526 973 2574 color
993 2525 1212 2590 optimus
1234 2522 1445 2593 (Thren.
1472 2531 1541 2596 tv)
1555 2530 1576 2579 ’ἶ
1591 2531 1736 2583 Sicut
1759 2540 1811 2585 et
1836 2536 2059 2600 Aposto-

511 2608 591 2659 lus
628 2606 757 2661 dicit
794 2626 806 2659 :
856 2609 1048 2661 Tollam
1099 2627 1218 2681 ergo
1259 2615 1482 2666 membra
1522 2616 1728 2683 Christi,
1784 2629 1831 2672 rt
1876 2624 2061 2689 faciam

510 2695 729 2747 membra
747 2698 1013 2749 meretricis
1032 2696 1085 2764 (I
1096 2697 1213 2752 Cor.
1237 2702 1341 2769 vr)?
1357 2703 1532 2772 itaque
1556 2690 1827 2762 ιιιὶιιιίῐθειιι
1849 2720 2061 2765 senten-

510 2784 579 2835 tia
608 2795 708 2849 est,
740 2784 1028 2857 άεηοιιιιίδιὶ
1052 2801 1275 2855 corpore
1298 2806 1449 2858 posse
1483 2796 1748 2851 hominem
1773 2799 1823 2852 in
1849 2808 2057 2867 partem

510 2871 704 2926 diaboli
754 2888 851 2941 per
889 2874 1091 2943 culpant
1123 2879 1385 2947 propriam
1428 2885 1764 2939 commutari.
1812 2887 1963 2942 Sicnt
2006 2898 2061 2944 et

492 2962 613 3015 ‘alio
662 2962 779 3017 loco
816 2964 1202 3023 absolutissime
1242 2970 1393 3025 docet
1432 2975 1500 3027 de
1540 2976 1741 3041 optimo
1772 2981 2058 3046 pessimum

511 3054 648 3117 lieri,
696 3062 749 3107 et
785 3054 1037 3121 templum
1082 3056 1176 3111 Dci
1215 3073 1369 3137 posse
1418 3062 1624 3133 violari,
1670 3067 1740 3118 ita
1788 3055 2012 3123 dicen-do
2043 3087 2057 3123 :
2089 3079 2133 3141 C
2163 3100 2312 3150 mus;

516 3146 617 3198 Vos
637 3147 751 3199 estis
782 3146 1021 3213 templum
1046 3148 1173 3216 Dei,
1206 3151 1429 3220 Spiritus
1469 3154 1566 3208 Dei
1594 3157 1783 3212 habitat
1821 3162 1870 3213 in
1900 3162 2053 3216 vobis.

508 3237 567 3287 Si
591 3236 703 3305 quis
722 3246 890 3289 autem
915 3243 1149 3307 templum
1175 3240 1283 3308 Dei,
1315 3244 1591 3313 violaverit,
1624 3250 1874 3318 disperdet
1905 3254 2051 3307 illum

507 3322 640 3376 Deus
686 3324 769 3392 (ll
797 3325 911 3378 Cor.
955 3328 1089 3396 vni).
1140 3328 1400 3399 Ecccjam
1429 3337 1677 3404 templum
1702 3339 1792 3393 Dei
1822 3355 1940 3395 esse
1971 3344 2053 3394 di-

505 3413 739 3466 noscitur
764 3454 777 3478 ,
800 3415 907 3481 jam
937 3430 965 3465 a
1004 3426 1188 3469 sancto
1215 3417 1412 3486 Spiritu
1442 3424 1757 3487 possidetur,
1789 3437 1843 3479 et
1873 3437 2045 3482 tamen

504 3501 873 3566 perincuriam
905 3504 1091 3557 violari
1122 3514 1287 3573 atque
1320 3514 1624 3579 corrumpi,
1666 3525 1721 3567 et
1745 3517 1811 3567 ab
1841 3519 2052 3584 indigno

502 3592 711 3656 hospite
732 3578 975 3656 occupari
999 3607 1153 3660 posse
1182 3590 1522 3653 memoratur.
1554 3602 1697 3657 Sicut
1726 3615 1777 3657 et
1800 3608 2051 3675 propheta

500 3679 736 3747 increpat
762 3681 986 3734 animam
1010 3722 1024 3746 ,
1056 3682 1145 3736 Dei
1174 3686 1337 3751 gratia
1372 3700 1560 3755 sponte
1586 3706 1857 3749 vacuatam
1892 3715 1902 3747 :
1940 3698 2050 3768 Ego

498 3770 721 3839 plantavi
748 3778 793 3822 te
814 3771 1004 3823 vineam
1030 3771 1256 3838 electam,
1276 3792 1419 3829 omne
1437 3795 1602 3833 semen
1622 3798 1821 3849 verum;
1844 3804 2051 3855 quomo-

478 3854 562 3908 do
592 3874 825 3911 conversa
862 3876 913 3913 es
949 3861 1001 3913 in
1044 3864 1429 3919 amaritudinem
1460 3870 1570 3922 ritis
1618 3873 1795 3927 alienae
1836 3876 2041 3946 (Jercm.

493 3947 594 4013 tt)?
620 3947 755 4001 Ecce
783 3950 987 4003 vincam
1016 3951 1121 4006 Deo
1149 3968 1177 4004 a
1211 3955 1369 4009 nobili
1399 3958 1573 4014 radice
1596 3962 1900 4031 plantatam,
1931 3978 2041 4021 stu-

493 4040 579 4092 dio
605 4039 819 4093 cultoris
843 4042 1085 4108 electam,
1105 4047 1317 4112 prOprio
1341 4052 1571 4105 ostendit
1597 4055 1817 4125 crimine
1846 4058 2039 4126 depra-

494 4137 682 4181 vatam.
715 4130 777 4181 Et
806 4131 922 4183 ideo
948 4130 1013 4185 de
1042 4148 1101 4187 ea
1131 4135 1179 4186 in
1214 4136 1358 4189 Isaia:
1396 4141 1601 4194 cantico
1631 4143 1860 4210 loquitur
1890 4167 1901 4198 ;
1936 4147 2042 4201 Ea:-

488 4218 701 4281 spectaui
723 4228 772 4269 ut
795 4220 972 4285 faceret
994 4221 1206 4286 vineam,
1232 4226 1342 4290 fecit
1358 4238 1521 4279 autem
1542 4232 1733 4298 spinas.
1760 4236 2041 4303 Exspecta-

490 4302 562 4355 tio
592 4304 906 4371 increpantis
946 4310 1187 4375 agricola:
1229 4315 1462 4365 ostendit
1500 4317 1634 4370 hanc
1663 4323 1865 4374 vineam
1912 4325 2037 4377 dare

1763 274 1818 327 S.
1862 273 2037 337 FAUS
2052 277 2104 331 l'l
2144 279 2439 339 lillEGlEN
2455 285 2540 340 :vlS

552 365 741 421 mulier
772 372 1063 436 evangelica
1108 372 1255 442 (Luc.
1289 378 1381 445 xv)
1432 393 1549 447 qua:
1578 381 1828 438 amissam
1856 387 1909 442 in
1939 389 2099 446 domo
2126 400 2174 456 Α

3710 307 3803 361 ³401

2269 414 2387 450 nam
2435 409 2629 468 partem
2668 402 2885 461 hominis
2917 410 3125 465 arbitrio
3164 424 3304 484 patet
3329 417 3503 484 fuisse
3552 420 3801 469 cortinis-

2270 484 2327 517 δη
2337 484 2380 517 nt
2389 507 2402 520 ι

2273 574 2413 628 inter
2440 578 2555 631 haec
2584 580 2804 635 Snlliclle
2834 585 2983 639 nobis
3010 588 3147 656 apud
3180 589 3475 645 lizercticos
3499 592 3797 663 req-tiren-

2197 666 2320 717 dnm
2344 676 2446 729 est,
2480 678 2652 722 utrum
2678 672 2834 729 homo
2857 676 3048 731 bonum
3076 694 3180 733 non
3215 684 3387 747 possit
3409 700 3485 738 an
3515 685 3693 753 nolit,
3719 688 3797 739 in—

2196 754 2298 807 sita
2323 754 2520 811 homini
2550 761 2702 815 bona:
2732 767 2930 820 semina
2962 770 3267 826 voluntatis.
3302 774 3465 839 Quod
3496 775 3791 830 evidenter

2192 845 2424 913 assignat
2467 849 2536 902 ita
2582 851 2763 907 dicens
2793 872 2805 906 :
2838 856 2898 910 Si
2929 860 3177 924 volueris,
3213 864 3467 917 mandata
3506 881 3791 919 conserm-

2200 932 2320 986 bunt
2346 946 2421 1000 te;
2442 948 2515 1001 et,
2535 935 2657 991 Noli
2678 941 2885 1009 deficere
2909 946 3222 1013 adisciplina
3248 951 3499 1012 Domini;
3523 955 3648 1007 noli
3668 955 3787 1007 abs-

2188 1026 2341 1077 tinere
2360 1026 2483 1079 bene
2507 1028 2671 1097 facere
2702 1036 2893 1102 egenti;
2921 1047 2994 1099 et,
3026 1039 3148 1093 Noli
3170 1044 3425 1109 fabricare
3460 1045 3520 1097 in
3552 1047 3787 1098 autem

2185 1123 2323 1166 tuum
2363 1117 2529 1183 mala;
2576 1130 2649 1186 et,
2687 1120 2866 1178 Nolite
2893 1127 3003 1194 ﬁeri
3027 1130 3155 1183 sicut
3188 1150 3349 1204 equus
3384 1146 3439 1189 et
3484 1136 3701 1196 malls.
3734 1136 3784 1191 in

2182 1205 2362 1277 quibus
2389 1224 2487 1262 non
2515 1220 2587 1263 est
2630 1212 2951 1283 intellectus;
2973 1228 3056 1283 et,
3091 1222 3213 1275 Noli
3233 1227 3526 1297 repudiare
3556 1228 3783 1280 consilia

2132 1336 2145 1344 κ
2182 1298 2352 1347 matris
2364 1306 2492 1361 tute;
2511 1309 2583 1365 et,
2605 1299 2994 1360 Noliintendere
3009 1309 3187 1377 fallaci
3208 1316 3412 1367 mulieri
3429 1332 3453 1379 ;
3468 1325 3552 1379 et,
3582 1314 3778 1370 Noluit

2183 1380 2457 1455 intelligere
2487 1398 2541 1440 ut
2567 1388 2687 1443 bene
2706 1403 2991 1463 ageret;et,
3018 1396 3071 1449 Ν
3076 1398 3309 1455 oluerunt
3334 1406 3587 1473 accipere
3611 1408 3775 1459 disci-

2171 1471 2388 1547 plinam.
2407 1477 2499 1529 Cui
2516 1478 2658 1533 nolle
2673 1480 2940 1549 objicitur,
2961 1486 3099 1540 velle
3122 1487 3171 1540 in
3192 1471 3773 1559 promptuluisseevi-

2174 1561 2271 1623 dan
2284 1571 2363 1617 ter
2378 1567 2696 1621 ostenditur.
2714 1571 2776 1623 Et
2799 1572 2947 1641 plura
2966 1576 3162 1629 similia
3181 1587 3305 1633 sunt
3336 1580 3390 1633 in
3410 1582 3773 1650 eloquiisVe—

2189 1652 2775 1726 terisTestamenti,qua:
2786 1664 2961 1715 omnia
2975 1664 3139 1731 ipsam
3153 1668 3771 1736 specialiterc-mﬂrin-

1114 1729 1241 1766 nova
1291 1724 1577 1785 conspersio
1623 1722 1678 1791 (l
1731 1722 1848 1776 Cor.
1892 1725 1965 1795 ν).
1992 1724 2075 1785 Et
2100 1733 2159 1805 Β
2180 1749 2324 1811 gunt,
2348 1750 2401 1795 et
2422 1746 3103 1807 convincuntvoluntatem.
3133 1754 3188 1808 In
3216 1755 3370 1811 libris
3402 1759 3585 1812 etiam
3615 1766 3773 1817 novis

2172 1830 2487 1896 evangelicis
2508 1842 2562 1887 et
2590 1839 2912 1904 apostolicis,
2941 1843 3065 1909 quid
3094 1843 3235 1897 aliud
3263 1846 3369 1900 nisi
3399 1847 3647 1903 libertas
3681 1864 3771 1903 ro-

2166 1916 2381 1971 luntatis
2402 1921 2720 1989 ostenditur,
2751 1926 2836 1980 ubi
2861 1928 3050 1985 dicitur
3094 1949 3108 1984 :
3158 1933 3334 1989 Nolite
3380 1937 3795 1992 thesaurizare‘

2167 2004 2426 2062 thesauros
2468 2011 2519 2062 in
2561 2022 2728 2078 terra;
2755 2024 2809 2068 et
2832 2055 2848 2082 ,
2872 2016 3047 2071 Nolite
3074 2036 3159 2075 eos
3181 2024 3356 2077 timere
3382 2026 3483 2094 qui
3510 2028 3773 2080 accidant

2163 2111 2361 2163 corpus.
2414 2098 2585 2152 Sobrii
2610 2109 2790 2167 estote,
2814 2105 2983 2173 justi,
3015 2118 3060 2160 et
3089 2111 3243 2164 nolite
3280 2128 3528 2180 peccare.
3580 2116 3655 2168 Et
3704 2115 3771 2169 ad

2163 2182 2497 2239 Timotheum
2531 2205 2543 2238 :
2588 2187 2715 2243 Noli
2741 2192 2994 2266 negligere
3018 2198 3233 2266 gratiam
3262 2218 3377 2268 quia
3415 2205 3477 2254 in
3543 2213 3601 2258 te
3630 2216 3732 2267 Vest
3751 2246 3769 2271 ,

2162 2290 2251 2326 nec
2277 2275 2460 2329 bonum
2491 2286 2631 2331 tuum
2658 2282 2789 2334 velut
2829 2300 2894 2337 ea:
2920 2288 3206 2341 necessitate
3231 2291 3317 2356 sit,
3346 2294 3437 2345 sed
3468 2309 3547 2347 ex
3580 2294 3772 2349 volun-

2163 2368 2281 2416 tate.
2328 2364 2395 2417 Et
2441 2365 2547 2421 alio
2587 2368 2703 2421 loco
2736 2386 2750 2425 :
2782 2368 2961 2425 Nolite
2988 2374 3038 2427 in
3070 2392 3401 2443 personarum
3449 2386 3769 2450 acceptione

2160 2450 2341 2506 habere
2364 2454 2516 2521 fidem
2538 2456 2749 2512 Domini
2786 2463 2944 2513 nostri
2970 2462 3095 2517 Jesu
3116 2464 3325 2521 Christi.
3363 2467 3561 2533 Nolite
3588 2473 3769 2524 detra-

2160 2539 2275 2594 here
2304 2544 2355 2595 in
2374 2546 2673 2601 alterutrum
2690 2564 2709 2613 ;
2735 2560 2809 2614 et,
2838 2550 3011 2607 Nolite
3030 2570 3216 2611 errare.
3244 2556 3383 2613 Deus
3408 2578 3531 2615 non
3562 2564 3765 2617 irride-

2162 2639 2262 2682 tur.
2299 2634 2425 2696 Qute
2461 2638 2594 2689 enim
2640 2643 2954 2697 seminaverit
2989 2647 3161 2714 homo,
3204 2651 3312 2704 ha‘c
3350 2663 3397 2706 et
3442 2665 3645 2711 metet.
3676 2658 3761 2719 Et.

2164 2721 2335 2775 Nolite
2363 2726 2570 2797 diligere
2595 2734 2860 2796 mundum,
2882 2750 3038 2803 neque
3060 2754 3117 2790 ea
3139 2756 3255 2807 quia
3284 2743 3336 2794 in
3361 2746 3578 2799 mando
3608 2759 3757 2802 sunt.

2164 2809 2411 2867 \‘idemus
2439 2831 2564 2885 ergo
2593 2820 2717 2873 etin
2748 2821 2939 2876 bonam
2958 2864 2973 2889 ,
3004 2827 3131 2881 etin
3156 2835 3497 2886 contrariam
3534 2848 3759 2903 partem

2162 2916 2316 2971 posse
2359 2905 2601 2962 humanae
2638 2915 2829 2966 mentis
2864 2916 3092 2971 transire
3116 2932 3475 2977 consensum.
3516 2925 3598 2979 Et
3638 2927 3767 2982 ideo

2160 2994 2262 3049 alio
2290 2995 2405 3050 loco
2434 2997 2563 3051 dicit
2593 3015 2605 3051 :
2632 2998 2852 3070 Bonum,
2885 3003 3075 3074 inquit,
3100 3008 3359 3077 facientes,
3391 3028 3506 3066 non
3536 3015 3765 3083 deﬁcia-

2378 3096 2597 3156 tempore
2646 3093 2776 3145 enim
2829 3110 2920 3149 sua
2977 3109 3214 3153 amemus
3265 3118 3371 3154 non
3412 3104 3757 3172 deﬁcientes.

2163 3172 2439 3242 Operemur
2482 3192 2598 3248 ergo
2638 3179 2817 3233 bonum
2846 3183 2912 3235 ad
2949 3200 3150 3252 omnes,
3194 3191 3418 3243 maxime
3452 3204 3650 3248 autem
3692 3198 3762 3248 ad

2156 3264 2451 3321 domesticas
2492 3269 2633 3336 ﬁdei.
2680 3270 2890 3337 Nolite,
2935 3275 3139 3343 inquit,
3179 3278 3396 3348 diligere
3435 3284 3756 3338 mundun:

2156 3354 2257 3407 nisi
2278 3357 2326 3409 ei
2354 3358 2547 3411 bonum
2589 3359 2653 3411 ad
2686 3362 2902 3414 meliora
2932 3365 3244 3419 contulisset
3266 3368 3538 3423 allectum
3562 3410 3582 3436 ,
3618 3376 3747 3427 mli

2154 3445 2202 3497 ei
2252 3460 2353 3497 non
2402 3448 2741 3501 interdiceret
2768 3451 3057 3518 appetitum
3090 3492 3106 3515 ,
3134 3462 3189 3506 et
3214 3454 3336 3507 ideo
3358 3455 3416 3509 in
3449 3459 3755 3516 sinistram

2154 3533 2373 3586 crimine
2413 3548 2509 3587 suo
2552 3537 2778 3589 trahitur
2803 3579 2816 3602 ,
2845 3540 2932 3606 qui
2961 3554 2991 3591 a
3023 3540 3244 3595 Domino
3276 3558 3376 3597 suo
3404 3560 3661 3605 vocatur
3683 3552 3749 3605 ad

2153 3619 2409 3673 dextram.
2461 3620 2526 3673 Et
2576 3633 2851 3690 propterea
2894 3626 3083 3679 iterum
3133 3630 3305 3684 dicit:
3352 3633 3495 3688 Noli
3548 3639 3751 3693 vincia

2151 3712 2307 3776 malo,
2359 3712 2446 3763 sed
2472 3713 2607 3764 uince
2646 3714 2695 3766 in
2725 3715 2851 3768 bona
2890 3720 3101 3771 malum.
3134 3718 3337 3787 Aperte
3369 3726 3513 3780 mali
3540 3742 3747 3784 neces-

2148 3801 2304 3855 sitate
2341 3817 2446 3855 non
2495 3805 2751 3870 premitur
2798 3806 2880 3865 cui
2923 3808 3137 3862 victoria
3179 3810 3244 3863 de
3280 3811 3411 3866 boni
3445 3815 3741 3873 electione

2146 3894 2485 3962 prOmittitur.
2523 3895 2633 3947 Non
2683 3897 2822 3949 cnim
2852 3898 2901 3951 in
2946 3898 3098 3953 devia
3138 3901 3217 3953 lex
3262 3903 3506 3970 originis
3539 3907 3743 3973 trahit,

2144 3999 2298 4051 quem
2340 3995 2524 4038 auctor
2553 3985 2602 4037 in
2638 3986 2774 4039 bivio
2802 3988 3111 4055 collocavit,
3145 4006 3207 4045 ac
3232 3993 3311 4045 sic
3338 3996 3429 4047 cui
3468 3998 3745 4052 voluntas

2144 4072 2304 4124 indita
2335 4082 2436 4141 est,
2469 4083 2525 4126 ut
2550 4076 2761 4129 vincere
2787 4078 2977 4130 malum
3009 4080 3197 4145 possit,
3221 4082 3265 4133 si
3290 4082 3435 4137 forte
3457 4087 3739 4142 adversa-

2143 4162 2248 4211 rios
2274 4172 2445 4226 vocct,
2472 4164 2514 4215 si
2544 4165 2748 4216 animus
2772 4165 2816 4217 ci
2849 4169 3110 4233 pugnandi
3136 4170 3328 4239 deluit,
3341 4184 3601 4232 eventus
3628 4194 3739 4233 non

2141 4249 2306 4301 deluit
2348 4252 2637 4306 obtinendi.
2670 4254 2914 4322 Legimus
2954 4259 3020 4309 ad
3062 4259 3359 4314 Hebraeos:
3401 4263 3739 4322 Volturni:

2140 4339 2267 4388 enim
2300 4341 2611 4405 peccantibus
2642 4342 2783 4393 nobis
2827 4355 2935 4408 post
2963 4356 3216 4411 acceptam
3256 4350 3517 4404 notitiam
3538 4358 3739 4411 ναίει

1670 4392 1673 4395 ν
2300 4392 2309 4405 Ι
2827 4392 2930 4408 ,ηρ
2964 4392 3215 4411 -η-νΓ--ν-ν-
3256 4392 3517 4404 "vnn-uo
3541 4392 3733 4411 mw

488 4392 684 4445 [Γυοιυδ
731 4394 964 4459 immisse
1002 4394 1240 4461 ἱυδιίιίίὲ·
1288 4399 1354 4451 Et
1408 4416 1527 4453 cum
1570 4414 1799 4460 sm“lem
1840 4414 2028 4467 Cadere
2055 4414 2215 4489 Diis,
2246 4427 2349 4487 iam
2398 4444 2497 4478 non
2542 4431 2842 4497 relinquitur
2882 4449 2975 4500 pro
3004 4438 3216 4505 peccatis
3264 4439 3461 4493 hostia.
3515 4444 3733 4501 Secun—

488 4486 707 4505 ιηροηιιι-
734 4493 914 4505 ηιμ-ρη-
954 4496 1065 4505 ...μη
1100 4482 1219 4505 Ᾰῖλῖο
1255 4501 1265 4505 -
1310 4484 1366 4505 ιν).
1412 4503 1441 4505 .,
1470 4490 1482 4499 -
1668 4494 1677 4504 ο
1716 4496 1741 4505 ν.

488 4486 707 4531 tcstetur
734 4493 919 4545 posse,
951 4496 1069 4535 cum
1097 4482 1225 4536 dicit
1255 4501 1267 4535 :
1301 4484 1366 4538 Et
1398 4490 1482 4555 qui
1515 4506 1569 4541 se
1598 4494 1845 4547 existimat
1876 4511 2026 4565 stare,

486 4568 648 4620 rideat
684 4585 745 4619 ne
768 4570 937 4622 cadat.
960 4570 1022 4623 Et
1038 4586 1067 4625 e
1088 4574 1372 4641 contrario,
1391 4577 1454 4631 ad
1478 4579 1737 4646 jacentem
1768 4586 2025 4652 loquitur:

484 4656 732 4726 Nunquid
756 4660 839 4722 qui
867 4660 1000 4727 cadit
1030 4678 1129 4715 non
1154 4668 1409 4735 resurgit?
1430 4667 1616 4723 Potens
1645 4684 1715 4727 est
1739 4679 1867 4729 enim
1897 4679 2029 4733 Deus

481 4756 695 4801 statuere
722 4748 866 4800 illum
911 4748 964 4819 (ι
987 4750 1101 4804 Cor.
1131 4752 1204 4821 λ).
1229 4754 1427 4824 Aperte
1456 4762 1687 4815 ostendit
1715 4776 1907 4819 statum
1934 4768 2027 4821 llO-

478 4840 632 4892 minis
662 4838 714 4891 in
741 4839 945 4895 diversa
977 4857 1079 4896 non
1121 4860 1215 4912 pro
1245 4850 1619 4905 constitutione
1650 4855 1741 4907 Dei
1769 4896 1783 4919 ,
1812 4860 1902 4911 sed
1933 4877 2022 4926 pro

476 4929 675 4981 arbitrii
706 4929 944 4987 libertate
972 4948 1129 5000 posse
1158 4939 1376 4992 versari.
1402 4941 1503 4994 Sed
1528 4954 1579 4995 et
1620 4944 1780 5001 Isaias
1804 4950 2021 5003 eviden-

472 5023 554 5069 ιτ
583 5018 810 5072 afﬁrmat
837 5020 1117 5088 depravata
1146 5028 1335 5095 corrigi
1359 5069 1374 5093 ,
1408 5041 1460 5083 et
1485 5031 1609 5086 dilui
1643 5050 1801 5103 posse
1830 5039 2016 5092 innua-

472 5107 674 5171 culata,
710 5122 829 5161 cum
875 5111 939 5163 ad
981 5123 1282 5179 peccatores
1326 5120 1552 5186 loquitur
1581 5124 1801 5178 dicens:
1853 5127 2016 5180 Lava-

472 5196 597 5247 mini
624 5235 639 5261 ,
673 5199 848 5251 ntundi
881 5210 1032 5253 estote
1056 5245 1069 5268 ,
1095 5210 1285 5273 auferte
1321 5208 1509 5261 malum
1548 5200 1905 5280 cogitationum
1934 5233 2013 5270 ve-

472 5293 687 5338 strarum
714 5288 775 5341 ab
804 5291 961 5345 oculis
988 5293 1129 5345 meis.

1052 5421 1271 5477 CAPUT
1309 5426 1439 5480 xui.

477 5537 627 5610 Item,
654 5544 775 5600 uelle
795 5557 839 5601 et
870 5552 1021 5611 nolle.
1048 5554 1175 5606 sicut
1204 5559 1271 5606 ad
1300 5556 1483 5610 malam
1506 5598 1519 5623 ,
1548 5562 1616 5615 ita
1644 5566 1791 5621 etiam
1820 5571 1886 5623 ad
1914 5573 2008 5626 bo-

2131 4514 2251 4565 dum
2293 4515 2424 4580 haec,
2458 4517 2498 4569 si
2550 4518 2844 4573 libertatem
2881 4522 3082 4577 arbitrii
3113 4541 3215 4580 non
3249 4526 3558 4599 habemus,
3589 4549 3731 4605 quo-

2129 4601 2287 4654 modo
2325 4618 2442 4655 cum
2484 4606 2751 4661 voluntate
2795 4615 3104 4688 peccamus?
3126 4614 3235 4681 Qua
3265 4630 3433 4672 causa
3456 4659 3483 4688 ,

2130 4690 2198 4742 sit
2243 4694 2514 4758 requiras,
2542 4696 2661 4760 quia
2697 4706 2814 4763 post
2851 4684 3118 4769 acceptam
3166 4706 3413 4761 notitiam
3458 4684 3727 4769 ueritatis

2129 4779 2193 4831 ad
2223 4781 2465 4845 spiritum
2491 4783 2769 4840 declinavit
2786 4791 2999 4845 erroris.
3028 4792 3151 4847 Post
3173 4804 3468 4869 acceptam,
3506 4803 3715 4877 inquit,

2128 4868 2399 4921 notitiam:
2438 4871 2668 4941 intellige
2724 4891 2845 4929 eum
2886 4881 3155 4948 accepisse
3196 4868 3462 4955 gratiam,
3519 4868 3735 4963 α”ἐ

2125 4957 2489 5025 negligentiam
2524 4962 2844 5029 perdidisse;
2876 4976 2927 5021 et
2957 4969 3145 5024 iterum
3178 4989 3191 5024 :
3249 4972 3489 5032 Irritam
3514 4957 3723 5052 [κθ-ε

2122 5044 2277 5110 legem
2310 5046 2472 5115 Jloysi
2518 5050 2623 5101 sine
2652 5052 2753 5105 ulla
2784 5056 3132 5124 miseratione,
3176 5061 3375 5118 duobus
3417 5044 3723 5128 Dei-uiis

2123 5135 2327 5187 testibus
2353 5138 2580 5201 moritur,
2606 5152 2789 5201 quanto
2818 5147 2974 5216 magis
3014 5151 3199 5217 putatis
3226 5152 3508 5213 deteriora
3528 5164 3721 5219 Indi

2121 5224 2371 5292 supplicia
2420 5228 2503 5294 qui
2532 5225 2579 5277 F
2582 5229 2726 5281 ilium
2756 5232 2849 5285 Dei
2882 5241 3274 5323 conculcarerit,
3300 5253 3353 5297 et

2122 5320 2401 5367 testamenti
2432 5318 2677 5385 pollutum
2722 5322 2920 5377 duxerit
2946 5367 2959 5391 ,
2981 5316 3041 5380 in;
3062 5345 3159 5395 quo
3810 5366 3811 5369 η

2118 5411 2163 5452 et
2189 5405 2391 5467 spiritui
2432 5408 2606 5473 gratiae
2647 5414 2995 5466 contumeliam
3036 5418 3255 5483 fecerit?
3280 5420 3393 5477 Cur
3427 5428 3554 5482 sub

2119 5488 2213 5542 bus
2242 5502 2330 5543 aut
2377 5493 2539 5546 tribus
2589 5497 2810 5552 testibus
2852 5513 3158 5572 accusatur,
3190 5514 3245 5561 et
3280 5512 3442 5578 quasi
3498 5514 3717 5587 pupil

2116 5580 2349 5635 criminis
2380 5597 2501 5637 reus
2533 5586 2753 5640 moritur
2810 5590 2854 5644 si
2882 5589 2991 5653 iam
3023 5592 3316 5654 inevitaltili
3353 5600 3429 5659 ad

3787 444 3801 459 Ι

3787 623 3797 636 Ι

3787 715 3797 728 Ι

3787 796 3791 803 μ

3787 897 3791 908 I

3787 1940 3795 1951 ι.
