3818 6226
20 271 145 331 1ωὸ

1125 264 1212 318 DE
1245 248 1675 324 cumtum,
1720 260 1889 326 ETC.,
1931 263 2055 317 ιω.
2097 263 2139 317 l.

1904 86 1915 123 l

3122 266 3227 322 Silii

24 382 163 437 dum
183 386 380 431 natura:
403 376 522 445 lege
546 374 899 443 deprimitur?
927 374 1029 429 Sed
1055 375 1171 427 ideo
1199 374 1396 441 absque
1426 373 1584 425 dubio
1615 373 1668 430 Δ
1692 374 1965 428 ntauit‘este
2005 375 2088 426 hic
2131 373 2228 426 sub
2268 374 2637 443 interrogantis
2664 375 2748 430 vel
2779 376 3071 444 oI-jicietttis
3104 396 3223 445 per-

32 480 271 525 meretur
316 481 528 535 pinnam
556 508 573 533 ,
618 466 740 533 quia
777 465 961 532 potuit,
1012 472 1065 515 et
1106 464 1270 523 noluit
1318 463 1583 514 custodire

34 559 315 631 justitiam.
362 558 475 622 Qua
504 571 631 610 vero
662 570 815 608 causa
857 556 906 606 in
932 546 1089 619 ;tanto
1127 554 1265 605 bono
1294 562 1483 604 exutus
1518 552 1587 603 sit

38 647 87 702 si
104 645 346 713 requiras
362 686 378 713 ,
411 645 532 711 quia
549 682 564 706 ,
592 643 791 711 inquit,
814 642 1008 705 spiritui
1037 641 1210 707 gratiae
1229 638 1583 691 contumeliam

26 734 175 805 fecit.
209 734 458 800 Agnosce
484 735 585 783 hoc
612 731 730 782 loco
765 729 884 796 quia
922 728 1084 795 gratia
1127 744 1229 780 non
1261 738 1362 780 tam
1395 735 1586 795 negata

44 820 244 875 homini
277 820 449 874 defuit
472 859 487 881 ,
515 819 605 871 sed
635 815 895 870 hominem
923 817 1064 882 prius
1091 815 1157 869 ab
1175 815 1357 869 eodem
1388 815 1589 868 dereli-

40 918 117 962 cta
149 920 211 960 et
241 916 548 973 contempta
573 943 589 970 ,
637 905 863 958 deseruit
892 902 1180 971 benignitas
1221 903 1412 955 dantis.
1451 904 1581 954 Cum

38 998 270 1067 quodam
299 997 488 1049 dolore
517 993 1132 1061 increpatcontumeliam
1165 996 1458 1060 respuentis
1480 1032 1494 1054 ,
1525 1007 1587 1044 ac

26 1090 103 1141 sic
129 1102 262 1139 min
292 1087 362 1139 ad
394 1086 545 1138 devia
590 1084 910 1137 voluntarius
951 1083 1229 1136 declinavit
1252 1126 1265 1147 ,
1297 1099 1397 1135 non
1432 1084 1585 1151 periit

36 1176 377 1243 derelictus),
403 1176 492 1243 qui
528 1191 588 1228 se
626 1172 878 1241 ingerenti
910 1172 1281 1226 misericordia:
1332 1175 1591 1225 subtraxit

36 1262 299 1331 ingratus.
347 1262 555 1318 Similis
602 1264 813 1317 ellectns
853 1266 955 1318 illis
993 1267 1057 1318 de
1086 1252 1270 1333 quibus
1314 1265 1586 1316 l’salntista

34 1352 349 1419 pronuntiat
388 1368 402 1403 :
436 1349 503 1401 Et
531 1352 776 1404 benedixit
804 1368 912 1419 eos,
940 1364 983 1404 et
1023 1352 1341 1419 multiplicati
1360 1363 1475 1404 sunt
1503 1351 1581 1402 ni-

22 1428 113 1491 ‘utis
143 1437 279 1504 (Ps.
309 1439 442 1505 cvi).
477 1438 541 1489 Et
568 1439 618 1490 in
659 1440 916 1506 sequenti,
941 1454 1123 1492 causas
1144 1445 1347 1493 amissa:
1374 1441 1590 1492 benedi-

30 1526 229 1580 ctionis
256 1526 531 1579 obtendit.
566 1525 627 1578 Ει
644 1529 962 1589 seduxerunt,
982 1528 1163 1594 inquit,
1186 1545 1267 1580 eos
1292 1545 1414 1579 rana
1445 1535 1587 1593 ipso-

28 1630 156 1679 rum,
174 1624 229 1666 et
252 1619 670 1667 seduxerunteos
686 1608 737 1665 in
755 1616 882 1666 invio
902 1627 947 1666 et
964 1633 1058 1668 non
1080 1617 1130 1667 in
1153 1619 1248 1668 via.
1276 1618 1367 1670 llic
1390 1633 1588 1683 prtcva-

1689 477 1815 514 sonu
1832 461 2150 513 contrarium
2175 474 2382 513 sensum
2406 461 2690 528 Apostolus
2719 464 3037 527 intromittit,
3062 480 3217 533 quem

1689 566 1750 605 ex
1783 552 2001 603 adverso
2046 549 2366 616 propositum
2411 552 2651 619 sequenti
2683 552 3038 619 increpatione
3062 556 3224 607 casti-

1688 647 1792 705 gat,
1824 639 2001 692 dicens
2034 656 2047 691 :
2083 639 2123 691 0
2151 638 2318 702 homo,
2349 648 2403 691 tu
2429 640 2537 708 quis
2567 656 2617 693 es
2648 641 2733 707 qui
2762 641 3061 705 respondeas
3084 642 3229 694 Deo.’

1689 732 1766 781 An
1809 746 1905 781 non
1949 730 2091 781 habet
2130 739 2418 796 potestatem
2456 730 2639 797 ﬁgulus
2666 729 2761 780 luti
2785 730 3035 781 excudent
3060 744 3226 782 massa

1689 819 1849 886 facere
1878 819 2017 870 aliud
2043 834 2127 869 vas
2166 819 2218 870 in
2257 818 2495 870 honorem
2518 854 2534 883 ,
2579 819 2722 870 aliud
2749 834 2862 872 vero
2891 821 2942 871 in
2972 830 3224 873 contume-

1689 907 1851 957 liam?
1880 906 1973 958 llic
1999 906 2220 958 inﬁdelis
2246 905 2619 972 curiositatem,
2652 906 2971 973 argumentis
2999 909 3225 961 auctori-

1690 999 1793 1044 tate
1810 994 2124 1057 compescit;
2148 1000 2331 1045 etcum
2353 991 2479 1045 dicit
2496 1009 2507 1043 :
2523 992 2599 1043 An
2618 1007 2714 1045 non
2737 993 2878 1046 habet
2899 1003 3184 1061 potestatem
3201 998 3226 1049 .’
3312 1004 3319 1011 '

1691 1082 1773 1134 hic
1798 1082 2131 1160 C(litlllllllallli
2177 1081 2342 1134 solam
2384 1081 2477 1135 Dei
2505 1082 2682 1149 objicit
2714 1092 3062 1151 potestatem,
3095 1100 3225 1137 con-

1688 1170 1902 1222 vincens
1932 1184 2051 1222 eum
2079 1170 2311 1233 ratione,
2342 1170 2430 1238 qui
2462 1170 2730 1225 univerSos
2776 1172 3030 1226 humanos
3073 1185 3221 1228 actus

1689 1258 1877 1310 divina:
1906 1259 2218 1310 ordnationi
2259 1252 2470 1312 indocte
2496 1268 2549 1311 et
2579 1258 2856 1312 inﬁdeliter
2902 1261 3218 1313 ascribeb’at.

1688 1346 1766 1397 An
1797 1362 1895 1397 non
1923 1346 2067 1397 habet
2094 1356 2385 1414 potestatem
2425 1347 2608 1412 ﬁgulus
2638 1346 2734 1400 luti
2766 1364 2827 1401 ea:
2859 1352 3029 1401 eadem
3059 1365 3222 1402 massa

1691 1437 1853 1501 facere
1878 1435 2018 1485 aliud
2039 1448 2125 1485 vos
2137 1434 2187 1485 in
2208 1437 2460 1495 honorem,
2477 1434 2615 1485 aliud
2639 1452 2752 1488 vero
2765 1438 2815 1488 in
2844 1438 3224 1490 contumeliam?

1696 1522 1829 1573 Inter
1860 1522 1971 1573 lucc
2000 1522 2122 1571 dum
2162 1522 2317 1582 dicit,
2359 1535 2419 1571 ea:
2462 1522 2632 1573 eadem
2684 1537 2876 1586 massa,
2926 1525 3222 1593 quicunque

1694 1613 1823 1664 duas
1848 1612 2057 1664 humani
2090 1612 2296 1677 generis
2317 1625 2514 1663 massas
2540 1627 2656 1664 esse
2682 1614 3037 1676 arbitrabaris,
3066 1632 3219 1669 unam

27 1704 1239 1773 ticum-tnandatiideoapparuitreus,qniautl
1263 1710 1451 1761 malum
1478 1725 1586 1761 ma-
1620 1693 1664 1749 Β
1695 1715 1839 1753 sacra
1868 1716 1947 1759 ex
1980 1700 2201 1777 lectione
2238 1714 2512 1766 cognosce.
2544 1703 2680 1754 Duas
2705 1712 2875 1755 autem
2906 1700 3040 1755 lacit'
3054 1708 3222 1771 pravi-

24 1793 93 1857 gis
112 1791 399 1867 seductus
422 1801 505 1843 est
530 1807 684 1856 quam
702 1803 928 1845 coactus.
954 1796 1204 1847 Similiter
1228 1806 1280 1848 et
1300 1797 1362 1849 ad
1383 1797 1589 1850 Galatas

24 1880 495 1947 transgressionis
542 1895 730 1932 noxam
763 1880 825 1931 ad
859 1881 1082 1934 hominis
1130 1894 1393 1951 retorquet
1422 1885 1588 1936 alien-

20 1980 152 2029 sam,
192 1972 275 2020 ita
305 1968 500 2021 dicens
533 1985 546 2019 :
576 1968 679 2021 Sed
707 1979 822 2021 tunc
860 1972 1058 2038 quidem
1091 1973 1371 2037 ignorantes
1397 1974 1588 2038 Deum,

6 2056 89 2107 dtis
111 2058 217 2122 qui
236 2068 436 2108 natura
462 2073 559 2109 non
571 2068 685 2109 sunt
706 2058 777 2109 dii
802 2060 1078 2111 scruiebatis
1104 2059 1165 2128 (G
1174 2062 1239 2113 al.
1269 2061 1363 2131 ιγ).
1394 2065 1589 2132 Secun-

18 2150 141 2200 timo
203 2148 363 2199 hanc
407 2157 649 2199 naturam
690 2147 825 2203 Deus
876 2160 957 2202 est
980 2148 1250 2215 Christus,
1276 2153 1357 2203 cui
1395 2152 1592 2205 servire

4 2235 406 2303 praecipimur.
441 2236 692 2303 Sequitur
724 2254 736 2288 :
768 2235 917 2288 Nunc
945 2247 1109 2289 autent
1138 2254 1249 2290 cum
1272 2241 1591 2309 cognat'eritis

6 2322 222 2387 (Deum,
264 2326 380 2375 imo
422 2326 608 2392 cogniti
632 2327 738 2378 sitis
767 2341 798 2376 a
821 2323 943 2390 Deo,
973 2328 1215 2393 quomodo
1256 2331 1593 2382 convertimini

4 2411 79 2461 sd
126 2412 367 2478 inﬁrma
414 2422 462 2464 et
492 2428 647 2481 egena
687 2416 923 2467 elementa
946 2456 961 2478 ,
987 2417 1165 2484 quibus
1208 2418 1370 2470 denuo
1412 2423 1593 2472 servire

20 2500 224 2551 ruitis?
269 2499 399 2551 Non
437 2500 590 2561 dixit,
622 2501 741 2552 boui
785 2516 901 2556 esse
931 2517 1031 2555 non
1064 2506 1280 2571 potestis
1305 2547 1320 2572 ,
1349 2507 1440 2561 sed
1470 2510 1589 2561 mali

4 2576 144 2638 ἔρεξε
193 2585 411 2640 vultis:
446 2586 544 2638 nisi
582 2586 635 2638 in
676 2587 811 2641 bono
838 2590 1126 2655 potuissent
1163 2587 1304 2647 stare
1344 2598 1589 2661 correcti,

8 2688 125 2747 (non
160 2684 538 2741 arguerentur
565 2674 633 2726 ad
663 2673 918 2728 deteriora
952 2679 1200 2748 prolapsi.
1229 2682 1307 2733 Ad
1336 2698 1468 2749 quos
1498 2685 1593 2737 ite-

6 2756 143 2819 {runt
185 2763 380 2816 dicit:
413 2760 589 2815 Filioli
637 2768 751 2827 mei,
789 2781 907 2829 quos
936 2768 1113 2819 iterum
1152 2773 1394 2836 parturio,
1438 2772 1591 2825 donec

10 2854 291 2931 ﬁrmetur
313 2853 539 2906 Christus
577 2854 629 2905 in
666 2854 816 2906 vobis.
843 2856 975 2910 Ecce
1004 2858 1129 2911 istos
1156 2861 1242 2926 qui
1273 2862 1338 2913 de
1376 2862 1477 2917 ﬁde
1501 2878 1591 2931 ge-

10 2941 119 3005 ,ulti
165 2940 305 2993 lacti
370 2944 571 2994 luerent
608 2940 828 2996 abortivi
854 2984 867 3007 ,
910 2948 1097 2999 aSserit
1142 2949 1310 3001 adhuc
1341 2965 1493 3016 posse
1520 2952 1584 3004 ad

10 3024 236 3093 (Christi
272 3031 561 3098 imaginem
592 3031 903 3097 reformari,
931 3044 983 3087 et
1008 3036 1130 3088 dum
1161 3038 1389 3103 perditos
1418 3040 1587 3093 adhuc

12 3118 173 3195 (ﬁlios
203 3128 399 3180 vocat,
432 3120 911 3186 praevaricationem
940 3123 1054 3175 sine
1078 3125 1438 3189 deSperatione
1463 3143 1588 3179 con-

14 3202 281 3277 fidemnat,
319 3208 518 3261 άοοιιιιε
540 3216 593 3261 et
622 3212 849 3274 reparari
879 3212 1099 3278 perdita,
1132 3222 1183 3265 et
1212 3214 1403 3267 auferri
1437 3231 1588 3282 posse

14 3295 256 3369 Focilata.
306 3296 438 3349 Nam
473 3312 591 3350 cum
625 3299 729 3351 alio
758 3299 868 3352 loco
902 3301 1174 3355 illBlCllClh'
1215 3307 1446 3371 Apostoli
1469 3320 1589 3359 scn-

16 3383 267 3443 {tentiam
318 3384 825 3449 prazdestiuatinncm
862 3390 946 3441 Dei
975 3390 1054 3441 vel
1089 3392 1482 3458 pra-ﬁnitionem
1514 3396 1591 3447 itt-

16 3479 377 3547 iterpretctur
403 3486 552 3533 esse,
577 3488 695 3525 cum
714 3476 897 3540 legitur
929 3494 939 3526 :
968 3476 1234 3530 Miserebor
1260 3482 1339 3531 cui
1368 3483 1588 3546 voluero,

16 3540 81 3647 ἔτι
108 3560 532 3613 misericordiam
568 3562 808 3627 pra'stabo
830 3568 973 3631 cujus
1002 3568 1263 3619 miserebor
1294 3568 1460 3625 (Rom.
1496 3571 1589 3637 t3),

16 3644 466 3717 gintertogandus
484 3661 584 3712 est,
604 3661 772 3704 utrum
794 3654 928 3719 quod
956 3656 1067 3705 vult
1089 3656 1242 3718 Deus,
1275 3658 1590 3720 ordinatum,

18 3728 102 3808 tan
132 3737 507 3790 inordinatum
533 3776 546 3800 ,
591 3738 787 3803 justum
814 3776 827 3798 ,
856 3755 920 3791 an
966 3741 1210 3806 injustam
1241 3744 1339 3795 sit?
1364 3744 1488 3794 Cum
1518 3746 1589 3808 id,

16 3824 184 3901 (quod
217 3838 449 3876 necesse
467 3833 567 3885 est,
588 3822 783 3891 justum
812 3838 928 3876 esse
944 3827 1287 3893 responderit,
1310 3829 1589 3882 tl.ccndunt

16 3914 121 3971 ‘Lcst
148 3927 167 3964 :
220 3909 364 3961 Puto
393 3908 478 3959 hic
505 3908 663 3959 verba
690 3922 805 3959 eese
828 3909 1071 3974 justitim,
1100 3912 1218 3977 quia
1250 3915 1487 3965 voluntas
1512 3916 1588 3965 di-

16 3984 161 4063 ivwa
189 3996 405 4063 justitia
438 4006 535 4046 est.
569 3994 714 4046 Etita
746 3996 852 4047 haec
881 3998 1104 4048 elocutio
1133 3998 1464 4065 intelligenda
1488 4010 1585 4061 est,

16 4070 326 4151 inriserebor
361 4083 445 4131 cui
474 4079 691 4141 uoluero,
725 4083 773 4133 id
811 4092 907 4143 est,
941 4101 1090 4149 quem
1120 4088 1313 4151 justuiu
1346 4102 1459 4139 esse
1504 4104 1591 4139 co-

16 4146 280 4243 iptovcro
309 4172 462 4238 cujus
486 4181 772 4237 promptam
806 4172 953 4224 ﬁdem
990 4177 1184 4238 videro,
1214 4192 1366 4241 quem
1398 4193 1592 4243 praece-

16 4258 143 4331 [ιιιιὶε
163 4260 307 4314 meis
335 4258 555 4311 obedire
570 4274 899 4327 perspexero,
919 4278 1069 4328 quem
1098 4280 1262 4317 ιιιυειιη
1286 4269 1452 4320 facere
1472 4283 1587 4334 pro-

272 4350 622 4402 voluntatem.
666 4348 727 4399 Et
759 4351 1139 4404 misericordiam
1166 4395 1180 4416 ,
1212 4357 1368 4423 inquit
1398 4397 1413 4421 ,
1462 4374 1588 4425 pra:-

16 4428 367 4508 cujus
412 4438 730 4489 miserebor:
772 4441 907 4504 quod
956 4443 1022 4492 ita
1054 4443 1441 4511 intelligendum
1487 4459 1588 4513 est,

14 4528 137 4611 )Qni
168 4528 428 4583 collatam
450 4542 476 4576 a
496 4526 607 4578 Deo
628 4526 1033 4581 misericordiam
1062 4532 1262 4583 subdita
1291 4544 1341 4586 et
1369 4536 1589 4597 Sollicita

18 4612 221 4673 intuente
263 4612 595 4673 servaverit,
638 4614 943 4677 aequiorem
975 4616 1381 4673 misericordiam
1409 4636 1591 4678 conse-

18 4698 257 4777 (quctnr,
288 4709 431 4761 sicut
457 4706 567 4757 alio
598 4704 715 4757 loco
739 4705 863 4757 dicit
888 4723 901 4757 :
934 4708 1031 4771 Qui
1051 4712 1181 4760 enim
1206 4710 1368 4775 habet,
1395 4713 1593 4766 dabitur

44 4806 141 4867 illi,
165 4798 691 4869 “superabundabit,
723 4799 772 4850 id
806 4810 902 4863 est,
930 4802 1049 4868 quia
1078 4818 1344 4872 acceptum
1378 4808 1464 4859 Dei
1496 4808 1590 4861 do-

50 4908 305 4949 meum
341 4889 621 4956 vigilantia
649 4896 704 4938 et
731 4889 903 4939 cordis
932 4892 1116 4945 timore
1150 4894 1395 4957 custodit,
1428 4896 1591 4962 magis

24 4944 113 5051 is.“
136 4981 290 5051 magis
313 4978 505 5048 gratim
534 4975 705 5038 ipsius
730 4978 898 5040 capiet
924 4990 1278 5045 augmentum,
1312 4992 1369 5034 ut
1395 4984 1440 5035 ei
1476 4998 1592 5049 pro-

28 5040 332 5217 P’eﬂmipsc
385 5066 571 5135 pariat
599 5056 917 5116 incrementa
948 5068 1296 5132 prolectuum;
1328 5040 1591 5125 sicut'alio

52 5156 331 5217 “dicit:
363 5155 437 5209 Et
483 5160 708 5206 sanctus
745 5150 905 5203 adhuc
946 5157 1295 5217 sancti/icetttr.
1328 5158 1474 5217 Quod
1501 5173 1591 5210 au-

52 5156 331 5219 Mdicit:
363 5155 437 5209 Et
483 5160 708 5206 sanctus
745 5150 905 5203 adhuc
946 5157 1295 5218 sancti/icetttr.
1328 5158 1474 5221 Quod
1501 5173 1593 5210 au-

62 5232 143 5311 iam
175 5264 222 5312 et
243 5250 375 5309 illud
407 5244 486 5300 ad
522 5237 935 5310 prmﬂnitionetn
981 5243 1066 5294 Dei
1099 5254 1278 5309 putant
1315 5260 1433 5298 esse
1460 5247 1594 5299 reie-

50 5318 251 5411 ﬁadnm,
275 5337 424 5412 quod
451 5323 768 5397 Aposmlus
794 5326 917 5378 dicit
944 5343 958 5377 :
988 5326 1121 5397 Ergo
1152 5335 1296 5399 cujus
1318 5334 1419 5383 vult
1444 5335 1588 5384 mise-

38 5412 167 5504 iw.
206 5445 253 5491 ει
285 5440 451 5503 quem
485 5417 611 5471 vult
646 5413 854 5464 ἰηάιιναι
887 5431 905 5467 :
934 5416 1069 5469 Dicis
1099 5420 1260 5485 itaque
1288 5423 1425 5483 mihi,
1470 5424 1585 5489 quid

20 5499 169 5589 inmi-
214 5499 515 5597 queritur.’
578 5499 830 5555 υοιιιηιαιί
881 5506 1007 5557 enim
1057 5508 1165 5571 eius
1222 5525 1331 5570 quis
1375 5511 1587 5562 resistit?

18 5224 59 5456 t

1695 1799 1769 1841 tas
1790 1789 2076 1841 studiorum
2094 1788 2433 1841 etdiversitas
2454 1791 2791 1844 voluntatum.
2814 1782 2891 1844 ita
2920 1807 3013 1859 pro
3037 1808 3219 1848 eorum

1692 1879 2049 1945 qualitatibus,
2080 1894 2181 1931 non
2212 1893 2304 1944 pro
2336 1881 2557 1947 impulsu
2583 1880 2709 1945 Dei,
2738 1882 3091 1951 unusquisque
3132 1892 3221 1938 aut
3270 1859 3276 1873 ⁸

1691 1968 2017 2019 Contumelia:
2046 1981 2133 2019 vas
2154 2006 2169 2031 ,
2196 1976 2285 2020 aut
2313 1968 2525 2045 honoris
2546 1968 2790 2022 efﬁcitur.

2264 2076 2480 2128 CAPUT
2519 2076 2652 2129 XIV.

1694 2161 1790 2214 Ubi
1813 2163 1905 2213 sibi
1932 2163 2091 2226 gratia
2122 2161 2215 2212 Dt‘i
2247 2172 2289 2213 et
2315 2163 2542 2213 roluntas
2578 2162 2796 2215 humana
2834 2166 3220 2219 testimoniorum

1758 2232 2027 2281 assertione
2052 2231 2333 2290 sariuntur,
2360 2241 2405 2280 et
2433 2236 2495 2280 de
2531 2234 2753 2296 parvulis
2783 2235 2944 2286 inanis
2969 2236 3223 2288 calumnia

1758 2304 2056 2351 transeundo
2084 2298 2454 2365 perstringitur.

1759 2408 1816 2463 Si
1846 2408 1977 2462 bene
2007 2408 2247 2462 intendas
2270 2408 2498 2462 animum
2519 2451 2534 2477 ,
2562 2418 2741 2478 aperte
2768 2412 3080 2479 copioseque
3118 2428 3215 2468 eo-

1692 2498 1897 2564 gnuscis
1930 2499 2191 2565 quomodo
2232 2513 2325 2566 per
2353 2509 2649 2553 sanctarum
2679 2501 2894 2569 paginas
2929 2501 3220 2571 Scriptura-

1692 2603 1803 2640 rnm
1835 2603 1971 2641 nunc
1995 2598 2257 2640 asseratur
2281 2589 2460 2655 gratiae
2475 2589 2661 2651 virtus,
2689 2604 2825 2642 nunc
2867 2589 3105 2643 humanae
3129 2606 3220 2645 vo-

1693 2676 1906 2728 luntatis
1955 2690 2220 2728 ascensus.
2274 2675 2625 2743 Fragilitatem
2664 2676 2864 2730 arbitrii
2894 2678 3221 2733 demonstra.

1693 2778 1828 2827 mus,
1846 2778 1963 2816 cum
1982 2762 2047 2815 ad
2072 2763 2229 2815 Dcnm
2245 2762 2492 2815 dicimus:
2519 2762 2676 2826 Pone,
2698 2762 2928 2829 Domine,
2942 2766 3217 2817 custodiant

1693 2852 1768 2903 ori
1784 2866 1912 2915 meo,
1930 2859 1975 2902 et
1994 2852 2172 2902 ostium
2188 2850 2567 2901 circumstantia:
2589 2850 2729 2901 labiis
2752 2852 2867 2902 meis
2884 2850 3045 2917 (Psal.
3073 2852 3215 2916 cst).

1690 2938 1816 2991 item
1842 2938 1988 3004 jubet
2023 2952 2198 2991 sermo
2224 2938 2429 2990 divinus
2455 2948 2511 2990 ut
2551 2938 2749 3005 aliquid
2781 2940 2928 3006 vigor
2954 2939 3116 3007 possit
3134 2953 3220 2994 ar-

1615 3006 1657 3065 (ἶ
1690 3026 1828 3079 bitrii
1848 3064 1863 3087 ,
1891 3027 2011 3077 dum
2044 3025 2109 3076 ad
2140 3024 2400 3078 hominem
2429 3025 2555 3079 dicit
2584 3043 2596 3077 :
2627 3026 2809 3079 Cohibe
2834 3030 3056 3093 tinguant
3080 3038 3215 3080 tuam

1689 3132 1717 3164 a
1741 3117 1892 3179 malo,
1909 3123 1952 3166 et
1975 3115 2105 3165 labia
2136 3124 2223 3165 tua
2250 3129 2309 3166 ne
2336 3114 2603 3180 loquantur
2624 3115 2793 3167 dolum
2827 3114 3215 3186 (Psal.xxsttt).

1690 3204 1978 3256 Arbitrium
2007 3203 2336 3271 commendat
2363 3203 2641 3270 Sapientia:
2672 3218 2868 3268 sermo,
2896 3220 3013 3257 cum
3041 3204 3167 3258 dicit
3199 3221 3214 3259 :

1693 3294 1838 3347 Ouini
1857 3292 2082 3346 custodia
2108 3310 2243 3346 serra
2266 3309 2350 3345 cor
2380 3302 2515 3345 tuum
2539 3292 2711 3361 (Prov.
2737 3292 2831 3355 tv).
2860 3294 2960 3347 Sed
2990 3293 3214 3361 Aposto-

1692 3381 1769 3433 lus
1808 3385 1919 3434 sine
1947 3382 2123 3434 divino
2148 3380 2407 3446 adjutorio
2439 3380 2537 3432 hoc
2566 3381 2677 3434 ﬁeri
2722 3395 2827 3433 non
2863 3395 3013 3448 posse
3043 3382 3215 3435 mani-

1693 3475 1839 3526 [estut
1884 3488 2000 3525 cum
2042 3472 2167 3525 dicit
2199 3489 2210 3521 :
2244 3472 2483 3522 Dominus
2512 3472 2758 3523 custodiat
2796 3472 2947 3522 corda
2987 3482 3142 3522 uestra
3166 3476 3215 3521 et

1692 3562 2033 3629 intelligendas
2062 3572 2245 3612 vestras
2289 3560 2341 3610 in
2379 3558 2573 3611 Christo
2599 3558 2722 3610 Jesu
2754 3557 2966 3627 (Philip.
2997 3556 3089 3624 tv).
3118 3558 3218 3629 As-

1693 3652 1819 3700 serit
1854 3628 1903 3701 in
1945 3648 2193 3716 propheta
2232 3648 2513 3703 voluntatis
2553 3648 2777 3713 propria“:
2815 3646 3108 3699 facilitatem
3148 3628 3215 3697 de

1691 3738 1972 3801 semetipso
2015 3736 2194 3789 dicens
2225 3750 2239 3787 :
2275 3734 2523 3786 lnclinavi
2570 3751 2654 3786 cor
2684 3749 2844 3786 meum
2878 3736 2943 3784 ad
2966 3734 3215 3800 faciendas

1681 3823 2062 3891 justiﬁcationes
2111 3833 2222 3872 tuas
2253 3822 2415 3888 (Psal.
2443 3822 2645 3889 cxvut).
2691 3820 2794 3873 Sed
2818 3820 2946 3872 nihil
2984 3819 3049 3871 de
3089 3818 3214 3871 solis

1690 3908 1801 3973 ejus
1832 3908 2022 3973 viribus
2052 3908 2291 3972 intelligit
2324 3905 2741 3972 prmsumendutn
2782 3918 2900 3956 cum
2931 3905 3216 3969 proclamat
3274 3958 3277 3959 ,

1688 3999 1750 4049 ad
1775 4000 1964 4050 Deum:
1996 3997 2212 4060 lnclina,
2240 3996 2527 4063 inquit,cor
2548 4012 2705 4047 meum
2726 3996 2777 4047 in
2804 3996 3078 4055 testimonia
3107 4005 3210 4059 tua,

1689 4096 1733 4137 et
1758 4102 1853 4137 non
1884 4088 1933 4136 in
1977 4087 2253 4136 avaritiam.
2283 4084 2505 4151 Propter
2543 4084 2762 4136 liberum
2784 4083 3053 4135 arbitrium
3083 4084 3215 4136 indi¢

1689 4176 1822 4227 citur
1846 4175 2011 4240 nobis,
2033 4184 2185 4226 rectos
2212 4190 2391 4225 cursus
2416 4174 2497 4241 fac
2516 4173 2719 4240 pedibus
2741 4174 2865 4234 tuis,
2898 4182 2941 4224 et
2969 4174 3071 4223 vias
3098 4181 3214 4225 tuas

1691 4267 1866 4333 dirige.
1894 4263 1995 4317 Sed
2027 4278 2121 4315 nos
2147 4262 2209 4314 ad
2232 4262 2445 4328 gratiam
2469 4260 2847 4328 confugientes,
2876 4276 2968 4327 pro
2999 4261 3215 4312 inﬁrmi-

1691 4358 1809 4407 tatis
1840 4353 2155 4407 conscientia
2184 4352 2553 4418 supplit-amus.
2580 4350 2750 4419 Dirige
2771 4354 2819 4401 in
2844 4359 3104 4417 conspectu
3132 4360 3217 4402 tuo

1691 4445 1818 4497 viam
1864 4460 2041 4507 meam,
2073 4450 2118 4493 et
2164 4442 2343 4509 perﬁce
2390 4429 2587 4508 gressus
2639 4456 2772 4499 meos
2812 4441 2861 4491 in
2900 4440 3085 4492 semitis
3120 4440 3217 4492 tuis

1699 4534 1865 4603 (Psal.
1898 4535 1968 4597 v).
2005 4535 2229 4597 Imperat
2257 4530 2437 4592 nobis,
2469 4530 2555 4597 qui
2580 4530 2803 4597 propria:
2828 4528 3106 4581 voluntatis
3128 4544 3217 4596 ge-

1695 4622 1853 4676 nerali
1904 4621 2295 4686 dispensatione
2332 4621 2419 4687 jus
2474 4620 2685 4683 tribuit,
2735 4620 3025 4672 illuminare
3072 4619 3217 4671 vobis

1695 4716 1867 4765 lumen
1888 4711 1960 4764 sci
1982 4712 2136 4764 otiae.
2161 4711 2258 4763 Pro
2279 4724 2341 4763 eo
2363 4725 2485 4763 vero
2506 4710 2642 4777 quod
2673 4718 2834 4761 totum
2863 4709 2927 4760 ad
2951 4718 3213 4759 auctorem

1692 4805 1868 4871 gratia:
1897 4801 2227 4853 referendum
2256 4808 2354 4860 est,
2386 4793 2641 4866 legimus;
2677 4798 2775 4861 Qui
2806 4798 2946 4849 docet
2970 4796 3215 4847 hominem

1692 4895 1943 4945 scientiam
1964 4889 2077 4957 (Ps.
2100 4892 2264 4952 1cm),
2288 4891 2367 4943 vel
2388 4889 2629 4941 Dominus
2656 4888 2903 4939 illuminat
2929 4899 3078 4936 ccecos
3096 4882 3212 4949 (Ps.

1693 4980 1867 5046 θην),
1884 4988 1935 5031 ct
1958 4980 2170 5031 iterum:
2194 4978 2213 5028 l
2224 4978 2431 5029 llumina
2453 4979 2619 5029 oculos
2640 4991 2770 5028 meos
2785 4990 2848 5026 ne
2866 4986 3079 5037 unquam
3100 4959 3215 5020 dor;

1696 5071 1842 5120 miam
1875 5068 1925 5117 in
1948 5078 2102 5118 morte
2122 5066 2237 5134 (Ps.
2264 5065 2391 5127 xu);
2418 5073 2489 5127 et,
2510 5066 2674 5116 beatus
2697 5063 2839 5113 homo
2860 5074 3000 5126 quem
3023 5068 3073 5110 tu
3102 5073 3213 5108 eru-

1692 5155 1860 5215 dieris,
1888 5153 2117 5217 Domine,
2142 5163 2188 5206 et
2211 5157 2271 5205 de
2291 5154 2396 5224 lege
2421 5163 2507 5204 tua
2530 5151 2756 5203 docueris
2778 5165 2909 5200 eum.
2935 5148 3216 5214 Apostolus

1692 5244 1891 5297 arbitrii
1921 5244 2224 5309 prmtlictor,
2256 5244 2547 5296 libertatem
2570 5240 2681 5304 ejus
2704 5239 2769 5288 ita
2796 5236 2975 5288 incitat
2994 5234 3213 5289 dicens:

1694 5331 1948 5384 Cttslodile
1966 5332 2153 5382 animas
2175 5340 2377 5383 vestras.
2393 5328 2494 5381 Sed
2514 5316 2919 5379 misericordiam
2936 5321 3023 5372 Dei
3048 5331 3216 5387 prote-
3238 5326 3249 5339 '

1688 5430 1872 5481 statur,
1890 5418 1956 5469 ita
1985 5430 2429 5469 commemorans:
2450 5413 2685 5465 Dominus
2708 5408 2950 5460 custodiat
2966 5409 3217 5461 introitum

1688 5520 1826 5564 tuum
1845 5518 1889 5563 et
1911 5508 2249 5563 ezitumtuum
2266 5503 2552 5560 (Psul.xcl.
2586 5499 2682 5553 Per
2703 5498 2814 5551 hinc
2838 5498 3010 5565 itaque
3041 5497 3219 5567 quibus
