3818 6226
596 186 695 244 8C7
1789 187 1845 242 S.
1887 184 2123 243 FAUSTI

598 299 752 351 modo
778 297 975 351 arbitrii
1002 298 1214 351 libertas
1237 296 1489 349 asseritur
1510 334 1525 355 ,
1560 294 1716 348 modo
1744 294 1975 347 etelestis
2017 294 2119 346 [ιτ-
2147 297 2194 352 Α
2224 300 2329 346 tur.
2392 293 2540 344 lluuc
2580 303 2702 343 vero
2730 291 3080 357 persuasionis
3110 301 3208 343 tua:
3237 290 3519 357 'reproburn
3561 304 3797 344 sensum

601 388 734 455 gitas
763 385 1177 449 demonstratur,
1206 399 1346 437 nunc
1375 384 1532 436 homo
1557 382 1623 435 de
1646 382 1912 435 concessis
1934 379 2133 432 viribus

602 474 928 547 admonetur,
950 488 1015 526 ne
1035 473 1099 525 de
1124 473 1233 524 sola
1255 474 1419 540 gratia
1448 479 1624 538 speret
1637 470 1869 529 otiosus;
1901 482 2038 521 nunc
2067 467 2134 520 de

602 563 761 629 gratia
802 576 1013 629 sperare
1062 562 1383 629 praecipitur,
1414 574 1480 613 ne
1505 560 1571 612 de
1600 559 1714 611 solo
1753 558 1930 610 labore
1958 557 2027 609 sit
2052 570 2135 608 se-

598 664 777 713 curus.
807 648 909 702 Sed
954 645 1086 700 dicis
1120 664 1132 696 :
1164 648 1218 699 Si
1250 646 1635 713 pratdestinatio
1664 659 1767 696 non
1815 651 1923 706 est,
1952 658 2045 695 cur
2080 643 2132 694 in

605 735 833 805 parvulis
876 733 962 786 alii
989 732 1315 801 baptizantur
1336 772 1351 797 ,
1383 732 1470 785 alii
1496 732 1610 785 sine
1636 729 1878 798 baptismi
1906 729 2135 781 sanctiﬁ-

602 826 810 877 catione
838 822 1141 890 rapiuntur?
1166 820 1492 888 Serpentine:
1520 820 1718 874 fraudis
1758 827 1858 881 est,
1896 817 1960 870 ad
1991 826 2138 871 tene-

603 914 784 967 brosas
810 894 1061 964 cavernas
1102 908 1284 962 relicta
1325 907 1441 961 luce
1486 905 1838 973 transfugere,
1879 919 1995 958 cum
2044 919 2136 972 per

601 1002 773 1055 omnia
816 1000 1083 1052 volumina
1113 1012 1277 1049 sacrae
1306 996 1493 1048 littera
1518 994 1787 1048 evidenter
1813 993 2030 1047 liberum
2058 993 2134 1047 lo-

600 1099 825 1157 quantur
865 1088 1163 1141 arbitrium.
1193 1084 1326 1149 Quid
1358 1084 1575 1136 rationis
1602 1092 1685 1136 est
1711 1092 1766 1136 ut
1810 1082 2135 1151 interrogare

602 1180 733 1233 velis
761 1178 984 1241 occulta,
1007 1190 1125 1229 cum
1152 1172 1489 1228 sollicitudini
1513 1180 1614 1225 tute
1634 1171 1938 1240 plenissime
1958 1172 2136 1225 videas

604 1266 931 1337 respondere
956 1262 1266 1317 manifesta?
1290 1249 1426 1326 Quid
1454 1260 1690 1332 utilitati;
1707 1268 1789 1315 est
1811 1269 1953 1314 certa
1982 1261 2138 1313 omit-

606 1370 716 1411 tere
746 1394 762 1420 ,
799 1366 853 1411 et
878 1355 1077 1408 incerta
1122 1352 1393 1408 consulere
1416 1390 1433 1417 ,
1459 1351 1525 1404 de
1552 1349 1741 1419 quibus
1770 1349 1898 1403 nihil
1934 1350 2137 1402 invenis

606 1444 860 1498 catholica
906 1441 1132 1496 lectione
1158 1439 1545 1506 conscriptum?
1566 1436 1681 1493 Non
1723 1438 1965 1507 intelligis
1997 1437 2137 1505 quod

607 1521 667 1590 in.
697 1534 932 1588 veritatis
963 1531 1204 1600 injuriam
1236 1528 1616 1597 perscrutaris,
1655 1527 1905 1596 quidquid
1945 1527 2138 1577 veritas

608 1626 742 1677 scire
771 1634 820 1677 te
866 1622 1073 1676 noluit?
1119 1618 1383 1672 Materiam
1434 1617 1501 1670 de
1539 1616 1684 1669 liberi
1711 1614 1907 1685 arbitrii
1936 1613 2139 1665 ratione

608 1711 883 1781 proponis,
916 1720 969 1765 et
1001 1710 1065 1761 ad
1087 1708 1470 1762 discutiendum
1493 1703 1721 1757 infantia:
1743 1711 1934 1754 statum
1961 1700 2138 1767 perni-

607 1816 748 1853 cioso
777 1815 957 1853 errore
984 1796 1229 1851 dilaberis
1249 1837 1263 1860 ,
1292 1796 1343 1848 in
1382 1808 1484 1861 quo
1511 1792 1703 1844 nullum
1750 1790 1953 1858 penitus
1985 1787 2141 1839 vcsti-

615 1893 754 1957 gium
779 1889 925 1942 liberi
955 1887 1176 1958 arbitrii,
1205 1884 1405 1938 nullum
1431 1895 1681 1950 apparere
1697 1888 1879 1948 .potest
1916 1876 2141 1946 prepritc

612 1979 896 2033 \oluntatis
931 1976 1197 2030 iudicium.
2036 1975 2041 1983 ‘

1185 2062 1403 2116 CAPUT
1442 2059 1555 2113 XV.

610 2152 795 2208 Contra
850 2150 944 2203 Itoc
980 2149 1111 2217 quod
1168 2149 1377 2211 dicunt,
1416 2165 1496 2200 eos
1549 2148 1631 2214 qui
1683 2145 2142 2217 pOstﬂbeptismum

746 2230 969 2289 pereunt,
992 2216 1041 2269 in
1063 2218 1356 2285 baptismum
1376 2217 1566 2285 penitus
1592 2231 1693 2267 non
1711 2216 1999 2268 credidisse.

684 2332 790 2384 [hic
832 2332 943 2383 loco
974 2326 1391 2395 respondendum
1430 2335 1540 2389 est,
1569 2326 1619 2378 in
1650 2340 1752 2393 quo
1788 2335 2005 2379 auctore
2044 2326 2141 2381 hoc

612 2420 757 2488 legis,
780 2420 843 2471 de
857 2432 957 2485 quo
975 2418 1186 2469 doctore
1199 2415 1297 2467 hoc
1308 2429 1545 2466 asserere
1561 2430 1606 2479 pi
1622 2414 1863 2466 assumis?
1879 2416 2073 2467 Etcum
2092 2417 2142 2467 in

619 2509 879 2573 baptismo
909 2504 1102 2556 aioleri
1128 2511 1391 2567 peccatum
1423 2502 1672 2568 originale
1694 2515 1794 2553 non
1820 2502 2064 2569 deneges,
2092 2512 2144 2554 et

614 2596 819 2646 lirtnum
871 2604 989 2643 esse
1033 2589 1290 2655 baptisma
1338 2588 1735 2655 comprobetur,
1787 2588 1872 2640 ubi
1922 2588 2144 2641 indivisa

615 2680 841 2734 Trinitas
882 2684 1173 2737 invocatur,
1204 2674 1267 2728 da
1310 2689 1495 2727 causas
1524 2674 1711 2741 quibus
1738 2675 2025 2741 baptizatus
2054 2675 2145 2726 ad-

616 2770 716 2823 huc
744 2768 875 2822 intra
925 2766 1152 2819 debitum
1195 2765 1449 2833 originale
1492 2766 1780 2818 consistat?
1810 2765 1872 2817 Et
1901 2765 1996 2831 ipsi
2012 2790 2031 2829 -,
2063 2766 2144 2817 in—

615 2862 756 2931 quis,
779 2861 831 2914 in
855 2859 1018 2913 Adam
1050 2866 1297 2927 pereunt,
1326 2859 1443 2926 quia
1485 2859 1535 2911 in
1564 2859 1875 2925 baptismum
1898 2874 1999 2911 non
2028 2874 2145 2912 cre-

624 2950 888 3004 diderunt.
918 2948 1100 3001 Nonne
1118 2957 1170 2999 tu
1183 2947 1332 3015 paulo
1352 2956 1472 3001 ante
1494 2946 1799 3007 dicebas,ad
1829 2948 2146 3015 capescenda

616 3040 711 3095 Dei
739 3039 872 3095 dona
903 3036 1129 3090 studium
1153 3037 1377 3089 hominis
1398 3052 1501 3089 non
1528 3037 1755 3105 requiri?
1797 3037 1931 3089 Ecce
1958 3047 2008 3090 tu
2039 3037 2149 3104 ipse

617 3129 1041 3184 manifestissime
1080 3127 1341 3197 proﬁteris
1379 3129 1493 3183 sine
1528 3130 1833 3196 accipientis
1870 3128 2149 3181 devotione

617 3218 818 3273 irritam
862 3231 981 3271 esse
1007 3214 1419 3271 munificentiam
1456 3217 1742 3285 largiemis.
1763 3217 1871 3280 Tu,
1900 3216 2109 3282 inquam
2132 3253 2147 3278 ,

616 3306 730 3374 ipse
755 3308 1034 3359 conﬁrmas
1062 3307 1176 3359 sine
1202 3307 1391 3358 merito
1420 3304 1563 3367 ﬁdei,
1593 3304 1643 3357 id
1672 3313 1754 3358 est
1774 3344 1792 3369 ,
1816 3303 1933 3357 sine
1962 3317 2150 3367 coope-

626 3395 830 3445 ratione
854 3394 1130 3446 voluntatis
1177 3380 1415 3445 humanm
1435 3432 1450 3453 ,
1473 3392 1694 3459 gratiam
1726 3391 1854 3442 nihil
1878 3390 2147 3456 prodesse,

618 3488 669 3532 et
698 3478 955 3546 quomodo
981 3477 1141 3541 dicis,
1173 3486 1335 3531 totum
1369 3478 1505 3530 Deus
1536 3476 1633 3529 sibi
1662 3475 1726 3529 de
1754 3485 1889 3527 statu
1928 3475 2149 3527 hominis

627 3568 916 3633 reservavit
935 3605 951 3631 ,
979 3576 1029 3619 et
1052 3566 1179 3619 nihil
1208 3566 1405 3619 homini
1427 3565 1601 3619 dedit?
1623 3565 1756 3619 Ecce
1785 3566 1937 3618 etiam
1962 3578 2149 3616 secun-

618 3657 743 3711 dum
769 3656 1087 3710 sententiam
1125 3664 1263 3709 tuam
1296 3670 1392 3709 nec
1418 3655 1584 3723 ipsum
1616 3654 1713 3707 sibi
1743 3652 2148 3720 regenerationis

614 3755 789 3815 potest
807 3755 1046 3800 constare
1076 3744 1379 3813 mysterium
1400 3786 1415 3809 ,
1446 3743 1544 3797 nisi
1575 3742 1731 3797 homo
1753 3743 1897 3811 juxta
1935 3741 2146 3795 benedi-

616 3837 802 3890 ctionis
841 3836 1032 3889 donum
1069 3834 1363 3889 adhibuerit
1401 3834 1721 3889 credulitatis
1759 3834 2020 3887 allectum.
2052 3834 2145 3887 Cui

620 3939 778 3991 negas
802 3935 1063 3989 conatum,
1086 3925 1207 3993 quid
1230 3924 1297 3977 ab
1324 3924 1414 3977 illo
1442 3925 1659 3992 requiris
1686 3924 1991 3975 assensum?
2013 3922 2141 3975 Cum

619 4025 790 4065 autem
827 4016 1072 4079 propheta
1101 4014 1281 4066 dicat:
1317 4012 1535 4064 En'bunt
1574 4028 1715 4079 aqua:
1758 4013 1877 4065 viva:
1914 4012 1975 4064 de
2000 4010 2148 4064 Jeru-

619 4100 779 4151 salem
810 4097 984 4165 (Zach.
1014 4102 1143 4164 xw),
1168 4098 1422 4164 inquibus
1450 4099 1620 4151 vitalis
1644 4100 1793 4151 undm
1823 4109 2147 4152 sacramenta

619 4188 855 4253 designat
878 4225 892 4246 ,
938 4188 1198 4252 quomodo
1226 4187 1337 4239 ﬁeri
1369 4196 1539 4252 potest
1583 4199 1638 4237 ut
1670 4188 1941 4238 innovatus
1990 4188 2145 4238 homo

618 4276 842 4329 deletam
888 4274 1079 4325 veteris
1106 4272 1329 4324 hominis
1356 4272 1648 4323 cautionem
1687 4286 1861 4323 secum
1894 4274 2147 4325 retineat?

618 4368 877 4435 quomodo
909 4367 1019 4417 ﬁeri
1067 4373 1237 4432 potest
1266 4372 1318 4415 ut
1348 4378 1463 4415 cum
1494 4362 1666 4415 debito
1705 4362 1835 4413 Adae
1860 4362 1908 4412 in
1939 4361 2145 4415 Christo

617 4459 886 4510 absolutus
915 4453 1188 4521 resurgat?
1210 4451 1482 4517 Quomodo
1506 4452 1616 4503 fieri
1646 4460 1817 4517 potest
1844 4460 1898 4501 ut
1921 4451 1984 4503 de
2011 4451 2144 4503 sacri

620 4547 773 4600 fontis
804 4546 995 4612 irriguo
1024 4557 1139 4595 cum
1186 4540 1430 4608 adoptivo
1462 4540 1547 4592 Dei
1588 4539 1755 4591 adhuc
1791 4547 2009 4591 mortem
2042 4538 2145 4589 vita

620 4637 889 4701 parturiat,
924 4650 1040 4688 cum
1068 4633 1205 4685 dicat
1226 4630 1503 4699 Apostolus
1535 4630 1857 4697 :Quicunque
1875 4630 1925 4680 in
1949 4626 2146 4680 Christo

619 4729 857 4796 baptismi
895 4728 1009 4781 estis
1033 4766 1048 4789 ,
1095 4724 1347 4777 Christum
1387 4724 1617 4799 induistis
1662 4720 1798 4789 (Cal.
1840 4721 1951 4787 tu)?
1992 4733 2147 4787 quem

620 4817 795 4881 utique
816 4814 989 4867 nullus
1016 4812 1235 4866 induere
1266 4818 1469 4878 potest,
1498 4812 1595 4863 nisi
1634 4809 1931 4862 indumenta
1965 4808 2145 4875 prima:

622 4904 900 4957 nativitatis
945 4902 1164 4956 exuerit.
1192 4902 1285 4953 Cui
1312 4911 1485 4954 autem
1520 4899 1583 4952 ad
1612 4900 1920 4966 baptismum
1962 4904 2147 4963 sponte

622 4993 868 5055 venienti,
898 4992 1209 5057 baptismum
1242 5005 1340 5043 non
1379 4988 1639 5055 profuisse
1670 4989 1860 5053 poteris
1903 4986 2142 5049 edocere,

622 5096 736 5133 cum
759 5082 911 5134 etiam
942 5080 1207 5142 hzerctico,
1238 5080 1288 5131 in
1316 5079 1583 5131 Trinitatis
1605 5078 1812 5129 nomine
1836 5083 2140 5143 regenerato

624 5180 815 5222 tantum
866 5186 955 5237 per
996 5184 1052 5223 se
1101 5170 1261 5221 virtus
1303 5171 1411 5235 ipsa
1442 5168 1673 5235 mysterii
1703 5170 1962 5229 conferat,
1994 5170 2049 5217 ut
2098 5165 2140 5217 si

627 5259 952 5323 postmodum
1003 5261 1062 5310 ad
1094 5259 1285 5311 Christi
1333 5256 1486 5308 ﬁdem
1525 5265 1786 5319 transeat,
1822 5256 2144 5322 baptismatis

625 5344 895 5397 iteratione
926 5363 1023 5398 non
1058 5346 1243 5413 egeat?
1266 5344 1366 5396 Sed
1394 5344 1457 5393 ita
1482 5352 1726 5408 opermie
1752 5344 1913 5409 gratia
1937 5342 2141 5394 ablutus

627 5432 907 5498 iudicetur,
930 5445 981 5486 ut
1016 5445 1208 5487 tantam
1243 5416 1598 5487 benedictione
1628 5432 1921 5484 chrismatis
1961 5432 2145 5483 indua-

2163 184 2555 240 RllEGlENSIS
3690 187 3791 243 803

2230 381 2489 434 catholica
2520 380 2808 432 detestatur
2849 380 3102 432 Ecclesia.
3132 379 3289 441 ldco,
3309 378 3795 448 inqnts‘,'gestitaii

2218 468 2513 536 quamlibet
2549 467 2686 519 unda
2725 470 2921 534 perfusi
2968 484 3152 520 munus
3202 466 3445 533 baptismi
3486 482 3602 520 non
3652 471 3795 520 acci-

2232 557 2397 623 piunt,
2442 555 2564 621 quia
2606 555 2669 606 ad
2700 555 3009 621 baptismum
3056 545 3336 608 inﬁdeliter
3376 558 3634 608 veniunt.
3682 557 3797 608 Non

2232 645 2300 696 ita
2328 652 2425 697 est.
2466 642 2692 697 Adverte
2733 644 2852 711 quia
2894 646 2995 697 huc
3034 645 3203 711 ipsum
3245 646 3309 698 ad
3341 646 3682 709 baptismum
3714 660 3799 696 ve-

2231 731 2383 796 nire,
2407 738 2461 785 et
2484 731 2701 783 salutem
2732 730 3031 785 desiderare
3053 773 3067 796 ,
3088 732 3194 798 jam
3237 732 3359 786 ﬁdei
3388 742 3491 786 est.
3547 732 3643 796 Qu
3670 746 3797 784 cun-

2174 852 2175 855 η
2231 834 2359 888 que,
2392 819 2560 887 inquis
2583 859 2601 884 ,
2632 828 2749 886 post
2787 815 3097 885 baptismum
3128 832 3382 888 pereunt,
3410 822 3463 873 in
3487 816 3677 873 Adam
3713 815 3818 884 ρι-ξ

2232 919 2405 974 reunt,
2452 910 2569 976 quia
2613 908 2666 961 in
2703 909 2960 975 baptismo
3009 926 3111 963 non
3158 911 3516 964 crediderunt.
3559 909 3689 963 nec
3718 908 3818 976 ius;

2232 998 2435 1051 diceres
2480 998 2599 1051 ideo
2634 1012 2729 1052 eos
2771 1000 2988 1066 periisse
3020 1008 3141 1065 post
3170 1000 3517 1067 baptismum,
3564 1002 3699 1068 quia
3734 1003 3818 1068 ad;

2233 1089 2413 1155 gratia:
2449 1088 2641 1141 donum
2681 1089 2901 1156 iungere
2945 1090 3221 1142 noluerunt
3268 1090 3465 1144 laboris
3513 1084 3818 1149 omelan

2233 1180 2353 1244 quia
2384 1193 2476 1231 eos
2499 1179 2889 1233 consuetudinis
2916 1178 3251 1244 negligentia,
3272 1170 3554 1245 cordisque
3584 1178 3793 1231 daédia

2234 1281 2264 1318 a
2292 1264 2559 1333 vigilantia
2588 1266 2791 1333 operis,
2823 1274 2877 1318 et
2900 1277 2928 1316 a
2951 1265 3187 1317 sollicitae
3209 1265 3481 1317 servitutis
3509 1263 3818 1317 revocavit;

2236 1355 2506 1409 industrie.
2534 1354 2681 1419 Quod
2710 1356 2756 1408 si
2783 1355 2933 1422 culpa
2956 1354 3338 1408 incredulitatis
3363 1355 3523 1409 causa
3548 1364 3644 1408 est
3674 1370 3818 1422 pero.

2235 1442 2474 1505 ditionis,
2520 1442 2645 1510 quid
2685 1443 2751 1497 de
2778 1442 3009 1509 parvulis
3035 1441 3325 1496 sentiemus
3347 1481 3360 1507 ,
3391 1443 3595 1510 quibus
3627 1443 3685 1495 in

2237 1540 2443 1583 rentum
2464 1530 2760 1597 devotione,
2775 1540 2829 1585 et
2848 1532 2902 1585 in
2925 1532 3170 1586 lactentis
3186 1530 3419 1587 infantia:
3440 1532 3795 1600 simplicitate
3816 1544 3818 1600 ε

2168 1606 2215 1664 Β
2240 1617 2455 1689 integrae
2501 1618 2619 1672 ﬁdei
2662 1590 2931 1687 pervigilia
2958 1619 3293 1687 deputantur.
3334 1620 3422 1688 qui
3443 1590 3661 1686 absque
3690 1590 3818 1731 nilei

2240 1704 2557 1731 ε..η,.,.ιε.,.ε.,
2589 1706 2818 1731 ..Α-2,...1ιι
2862 1706 3182 1731 :_...--.-._.-
3213 1722 3371 1731 ---η
3412 1706 3649 1731 ...ε-,τ,
3679 1722 3765 1731 ..η

2240 1704 2559 1759 inﬁdelitatis
2589 1706 2820 1772 periculo
2862 1706 3186 1760 immaculata
3213 1706 3651 1776 regenerationis
3678 1722 3791 1759 mn-
3816 1704 3818 1745 Ψ

2241 1807 2364 1847 nera
2408 1802 2798 1858 consequuntur
2820 1833 2835 1859 ,
2864 1803 2917 1847 et
2947 1795 3091 1849 multi
3120 1810 3300 1850 eorum
3330 1811 3591 1863 processu
3624 1792 3818 1857 artatis?

2220 1883 2295 1946 ,in
2322 1883 2505 1934 mortis
2532 1882 2811 1950 prtecipitia
2833 1881 3236 1950 demerguntur?
3259 1885 3386 1949 Qua:
3411 1885 3461 1937 id
3491 1887 3643 1939 ratio
3671 1870 3818 1957 agit,§

2239 1973 2341 2025 nisi
2368 1972 2487 2040 quia
2515 1973 2793 2039 expugnari
2822 1986 2880 2025 se
2902 1974 3163 2040 patiuntur
3192 1974 3390 2038 ignavia
3426 1978 3753 2029 resolvente
3780 1976 3818 2031 τῗ

2244 2060 2306 2113 Ει
2349 2075 2557 2119 causam
2585 2076 2679 2112 cur
2723 2061 2869 2113 fracti
2913 2059 3213 2114 viderentur
3254 2062 3521 2127 exposuit.
3557 2061 3794 2131 PrOpttr

2244 2149 2665 2213 incredulitatem,
2692 2150 2876 2217 inquit,
2905 2150 3052 2213 fracti
3069 2157 3208 2216 sunt,
3230 2163 3331 2204 non
3360 2151 3546 2218 utique
3578 2140 3818 2220 proptcri

2245 2237 2640 2303 praascieutiam.
2696 2237 2810 2290 Non
2850 2238 3127 2305 specialem
3170 2252 3288 2293 esse
3321 2240 3459 2293 circa
3504 2241 3797 2296 credentes

2244 2326 2337 2381 Dei
2366 2327 2769 2380 muniﬁcentiam
2798 2326 2950 2380 docet
2974 2366 2990 2392 ,
3019 2326 3226 2394 quando
3250 2337 3303 2380 et
3331 2322 3425 2380 εὸε
3452 2319 3597 2394 quos
3622 2330 3795 2383 incre-

2241 2416 2476 2470 dulitatis
2511 2418 2713 2485 arguit,
2745 2418 2959 2471 credere
2999 2417 3229 2485 potuisse
3273 2412 3641 2476 demonstrat.
3690 2420 3797 2483 Quo

2241 2518 2434 2569 genere
2464 2505 2618 2556 etiam
2650 2504 2886 2558 inﬁdeles
2928 2506 3128 2571 copiam
3174 2503 3293 2557 fidei
3322 2508 3607 2571 accepisse
3634 2509 3795 2560 titani-

2245 2593 2399 2647 festat
2419 2632 2435 2655 ,
2462 2603 2515 2647 et
2552 2594 2672 2647 dum
2700 2591 2766 2647 de
2796 2595 3116 2648 naturalibus
3162 2595 3353 2648 fractos
3388 2596 3523 2649 dicit
3547 2637 3567 2659 ,
3600 2614 3797 2665 prase-

2243 2690 2445 2734 tuentes
2494 2681 2761 2735 salutifera
2807 2682 3148 2749 castigatione
3190 2685 3507 2749 compressit
3539 2702 3556 2736 :
3597 2685 3696 2750 Si,
3726 2686 3797 2739 in~

2243 2772 2386 2837 quit,
2408 2770 2722 2821 naturalibus
2746 2772 2896 2822 ramis
2929 2787 3026 2822 non
3057 2772 3295 2839 pepercit,
3322 2788 3383 2822 ne
3421 2775 3562 2837 forte
3594 2790 3689 2825 nec
3716 2776 3798 2824 tiit’

2246 2868 2440 2926 parcat.
2474 2860 2536 2913 Et
2561 2860 2809 2913 subdidit.
2840 2859 2903 2911 Et
2929 2861 3025 2921 iiii,
3055 2861 3252 2928 inquit,
3299 2860 3342 2912 si
3369 2877 3470 2913 non
3494 2878 3797 2929 permensa.

2247 2948 2346 3001 rint
2374 2949 2425 3001 in
2467 2948 2842 3011 incredulitate,
2875 2951 3190 3006 inserantur:
3219 2958 3391 3017 potens
3419 2958 3496 3003 est
3532 2950 3685 3005 Deus
3715 2948 3818 3017 ἱιεοε

2246 3055 2356 3090 rum
2376 3040 2591 3092 inserere
2615 3039 2750 3092 illos.
2798 3039 3268 3109 Magttunimitatem
3299 3041 3477 3108 itaque
3510 3039 3607 3095 hic
3635 3053 3694 3097 et
3714 3042 3799 3094 bu-

2247 3128 2516 3181 rnilitatetn
2563 3129 2735 3182 cordis
2773 3129 3073 3198 alloquitur.
3121 3131 3512 3194 llumilitatcrn,
3549 3142 3613 3184 ut
3644 3134 3795 3197 etqui

2248 3216 2475 3268 incertus
2500 3224 2581 3269 est
2602 3216 2766 3283 frangi
2790 3218 2997 3281 timeat;
3031 3219 3540 3286 magnanimitatem,
3566 3228 3631 3270 ut
3657 3234 3797 3285 sporn

2247 3305 2700 3367 remunerationis,
2730 3314 2784 3358 et
2810 3308 2894 3372 qui
2923 3308 3116 3359 fractus
3142 3316 3243 3369 est,
3277 3322 3381 3360 non
3402 3306 3676 3374 deponat.
3708 3309 3787 3362 Sic

2247 3406 2396 3444 ovem
2417 3392 2673 3459 perditam
2693 3402 2866 3459 pasmr
2887 3393 3099 3445 sedulus
3122 3396 3407 3462 inquisivit,
3440 3405 3502 3450 et
3529 3398 3795 3452 inventam

2248 3480 2496 3546 subjectis
2524 3480 2587 3532 ad
2619 3480 2756 3531 ovile
2798 3479 3029 3531 humeris
3060 3483 3358 3546 reportavit.
3393 3482 3695 3547 Quomodo
3714 3502 3789 3535 tc-

2247 3578 2489 3635 queutcm
2520 3568 2861 3635 relinqueret,
2906 3566 2992 3635 qui
3032 3567 3265 3636 sequitur
3292 3570 3455 3624 etiam
3488 3568 3793 3640 relinquen-

2246 3664 2349 3710 tem
2384 3656 2404 3707 ?

2173 2919 2218 2980 C

2820 3725 3038 3782 CAPUT
3077 3726 3209 3782 XVI.

2243 3835 2429 3891 Contra
2477 3839 2571 3892 hoc
2614 3840 2745 3907 quod
2792 3838 2981 3902 dicunt,
3022 3839 3269 3892 Christum
3298 3854 3397 3891 non
3432 3832 3536 3907 pro
3578 3838 3795 3891 omnibus

2898 3916 3163 3960 mortuum.

2318 4013 2589 4068 Dominum
2613 4025 2845 4067 nosuum
2866 4014 3041 4068 Jesum
3058 4015 3322 4069 Christum
3336 4015 3490 4068 ai’unt
3513 4011 3789 4071 lanienam

2248 4116 2458 4154 catncm
2490 4118 2590 4153 non
2623 4116 2716 4167 pro
2746 4103 2975 4154 omnium
3006 4102 3173 4156 salute
3198 4102 3493 4170 sumpsisse
3516 4143 3538 4167 .
3582 4117 3683 4158 nec
3707 4118 3788 4169 pm

2250 4189 2489 4241 onmibus
2514 4200 2771 4242 mortuum
2794 4204 2928 4242 esse.
2955 4190 3062 4242 lloc
3078 4191 3394 4244 omnimodis
3420 4190 3695 4247 catholica
3716 4191 3787 4243 de-

2253 4284 2469 4327 testatur
2493 4276 2741 4327 Ecclesia.
2772 4275 2897 4327 Nam
2929 4277 2971 4328 si
3003 4279 3070 4328 ita
3097 4285 3257 4340 esset,
3279 4276 3559 4345 quo‘modo'
3579 4277 3786 4347 Aposto-

2251 4362 2331 4413 lus
2362 4363 2557 4414 diceret
2586 4380 2597 4412 :
2630 4362 2767 4415 Sicut
2800 4364 2849 4414 in
2899 4364 3056 4414 Adam
3100 4380 3266 4417 omnes
3293 4366 3627 4427 moriuntur,
3649 4367 3717 4417 ita
3741 4366 3783 4414 ia

2250 4450 2442 4520 Christo
2466 4467 2628 4502 omnes
2648 4453 3025 4517 viviﬁcabuntur
3065 4453 3119 4522 (I
3153 4456 3267 4508 Cor.
3297 4454 3423 4523 xv)?
3442 4454 3550 4510 llic
3566 4453 3670 4509 diei
3694 4469 3781 4508 non

2251 4546 2419 4603 potest
2464 4554 2556 4604 pro
2587 4548 2730 4603 parte
2760 4550 2945 4593 totum.
2987 4542 3111 4596 Nam
3144 4546 3278 4605 sicut
3303 4556 3425 4611 pars
3456 4543 3641 4609 prima
3668 4558 3777 4597 ιω»

2254 4626 2422 4677 tentis-
2445 4665 2459 4688 ,
2500 4641 2665 4677 onmes
2692 4628 2743 4677 in
2776 4629 2932 4679 Adam
2960 4631 3273 4697 moriuntur,
3302 4631 3595 4688 evidenter
3619 4640 3779 4688 θειω-

2251 4713 2327 4765 dit
2374 4714 2487 4765 sine
2525 4714 2680 4765 dubio
2712 4716 2809 4766 hoc
2830 4717 2964 4783 quod
2994 4721 3260 4786 sequitur,
3301 4720 3352 4772 in
3386 4717 3609 4776 Christe
3634 4736 3781 4776 om

2250 4802 2642 4865 viviﬁcabuntur,
2678 4802 3010 4858 nihilominus
3048 4807 3112 4859 ad
3141 4822 3324 4861 omnes
3353 4809 3405 4860 in
3431 4804 3777 4865 Christovivi-

2253 4890 2504 4951 ﬁcandos,
2552 4906 2651 4942 non
2701 4906 2761 4943 ex
2803 4905 2968 4957 parte,
3019 4894 3112 4948 sed
3155 4896 3471 4963 generaliter
3529 4898 3777 4968 pertinere

2254 4980 2529 5046 Apostolus
2563 4979 2826 5033 indicavit.
2859 4981 3015 5035 iidem
3057 4983 3211 5035 etiam
3236 4984 3377 5051 impii
3419 4999 3525 5052 per
3556 4988 3777 5042 virtutem

2254 5070 2649 5121 resurrectionis
2694 5068 2883 5121 Christi
2928 5072 3271 5125 resuscitandi
3316 5084 3440 5125 esse
3483 5066 3777 5133 creditum

2252 5159 2372 5211 licet
2409 5158 2563 5210 etiam
2615 5171 2714 5209 non
2740 5157 3004 5223 judicandi
3028 5198 3043 5222 ,
3073 5160 3161 5212 sed
3194 5156 3447 5227 puniendi
3492 5168 3777 5232 resurgant.

2249 5249 2379 5300 Cum
2403 5258 2573 5299 autem
2603 5246 2881 5313 Apostolus
2905 5246 3076 5299 dicat:
3103 5248 3202 5310 Qui
3230 5256 3300 5301 est
3327 5248 3779 5304 “tantum

2250 5339 2525 5403 hominum,
2558 5337 2769 5387 titaxime
2806 5336 3026 5401 ﬁdelium
3058 5337 3111 5401 (I
3140 5337 3274 5392 Tini.
3323 5337 3399 5403 tv)
3431 5339 3625 5409 :quod
3647 5336 3775 5393 ἇίἰὶῑν

2253 5428 2469 5480 omnium
2506 5426 2795 5488 hominum,
2835 5425 2898 5479 ad
2936 5426 3261 5491 propositum
3307 5425 3509 5483 dim
3552 5420 3777 5485 lto-illm

2176 4236 2225 4291 D
