3818 6226
93 228 167 281 803
1118 216 1196 273 DE
1233 218 1486 273 CRATIA
1523 215 1670 282 DEI,
1714 214 1885 280 Lm,
1925 216 2047 268 LIB.
2093 216 2131 270 1.

3122 220 3225 274 816

88 332 267 402 aspelil.
295 329 435 395 Quod
488 337 667 391 autem
707 327 876 390 dixit,
904 328 1120 379 maxiine
1150 328 1376 393 ﬁdelium
1402 366 1419 391 ,
1460 327 1577 379 illos
1608 328 1657 385 Α
1687 325 1925 376 meminit
1950 323 2229 378 corruisse.
2248 323 2373 387 Quae
2398 339 2516 378 cum
2548 325 2616 378 ita
2640 326 2764 390 sint,
2792 326 2878 379 dic
2912 327 3041 380 mihi
3071 346 3230 397 quau

90 426 162 475 hoc
184 424 281 472 locu
304 418 656 492 pronuntiavit
674 424 828 484 atque
850 414 1142 479 distrinxit,
1168 419 1255 483 qui
1284 431 1372 485 per
1397 406 1579 480 (idem,

88 526 157 575 pr
184 505 545 571 obedientiam,
575 520 668 574 per
701 504 961 558 subditam
993 505 1310 557 voluntatem
1350 502 1577 557 Redemo

88 598 215 664 pluris
238 611 445 650 munera
475 601 843 662 susceperunt.
874 593 977 647 Pro
1005 593 1258 647 universis
1286 601 1458 646 autem
1488 607 1577 647 ve-

85 689 193 739 uisse
220 684 472 739 Christum
523 685 660 738 idem
693 683 973 747 Apostolus
1016 683 1252 738 declarat
1293 698 1308 734 :
1349 681 1577 745 Caritas,

86 775 232 840 inquit,
278 772 457 825 Christi
491 783 631 841 urget
667 787 756 822 nos
782 771 1066 838 judicantes
1111 772 1237 833 hoc,
1274 774 1509 838 quoniam
1539 772 1583 823 si

86 878 183 913 unus
198 877 281 928 pro
301 862 525 911 omnibus
550 875 775 923 mortuus
794 871 887 922 est,
913 876 1029 928 ergo
1042 878 1208 913 omnes
1235 863 1413 912 mortui
1429 870 1545 915 sunt
1564 876 1581 911 :

83 968 114 1003 et
144 969 220 1019 pro
245 953 465 1004 omnibus
495 962 720 1003 mortuus
753 964 823 1003 est
851 951 1100 1019 Christus,
1133 962 1185 1003 ut
1223 960 1268 1003 et
1297 952 1380 1017 qui
1419 951 1583 1002 ricunt

84 1046 159 1099 ltili
182 1058 269 1093 non
286 1042 391 1094 sibi
414 1043 602 1103 vivant,
627 1041 713 1094 sed
738 1042 785 1093 ei
813 1041 899 1109 qui
928 1056 1018 1108 pro
1039 1042 1161 1110 ipsis
1182 1050 1406 1094 mortuus
1439 1052 1506 1093 est
1534 1050 1581 1092 et

84 1129 303 1181 resurrexit
329 1126 567 1207 (ILCor.
600 1129 675 1196 v).
706 1128 838 1195 Quia
870 1143 996 1196 ergo
1021 1131 1338 1182 resurrectio
1365 1142 1580 1196 genera-

84 1217 129 1266 lis
164 1218 218 1269 ad
257 1210 501 1271 virtutem
541 1220 766 1286 pertinet
793 1216 1200 1284 redemptionis,
1222 1217 1263 1269 si
1294 1217 1580 1283 redemptio

84 1319 159 1355 non
197 1306 253 1357 ad
293 1319 477 1359 omnes
518 1306 739 1371 pertinet
768 1345 784 1370 ,
818 1319 913 1359 nec
949 1306 1013 1358 ad
1055 1320 1236 1357 omnes
1267 1305 1581 1357 resurrectio

85 1392 335 1455 pertinebit.
368 1394 431 1447 Et
449 1394 571 1447 ideo
599 1394 718 1460 quia
744 1393 877 1445 sicut
897 1409 1063 1444 omnes
1093 1408 1427 1462 resnrgemus,
1460 1393 1579 1445 licet

87 1496 161 1531 non
178 1496 331 1534 omnes
353 1482 759 1544 immutabirnttr,
785 1482 851 1532 ita
882 1480 1155 1531 Dominum
1181 1479 1580 1546 [ledcinpt-rcnt

87 1583 177 1619 tum
218 1570 469 1636 generalis
494 1568 869 1622 misericordiae
898 1568 1154 1621 beneﬂcio
1181 1570 1387 1622 venisse
1418 1580 1580 1623 testa-

1678 426 1708 464 a
1730 414 1892 479 gratia
1920 410 2300 477 redemptionis
2315 411 2604 478 exceperit,
2627 414 2718 479 qui
2746 414 3100 469 damnat‘onis
3116 431 3227 484 ,ιιι-

1683 502 1840 569 tiqnte
1872 501 2279 570 chirographum
2304 501 2551 571 generale
2581 503 2796 556 delevit.

2246 610 2467 664 CAPUT
2504 609 2663 663 XVII.

1684 695 1872 749 Contra
1907 697 2000 749 hoc
2026 698 2158 771 quod
2201 698 2534 771 evangelicum
2575 700 2869 751 sen'entiam
2915 702 3147 771 imperito
3178 696 3231 759 et

2026 765 2253 835 improbo
2286 765 2434 819 sensu
2463 770 2877 835 interpretantur.

1755 852 1948 923 Nemo,
1994 853 2199 922 inquit,
2230 846 2360 928 venit
2398 856 2464 907 ad
2494 872 2597 918 me,
2638 858 2739 909 nisi
2765 855 2953 922 Pater,
2982 860 3068 927 qui
3091 862 3227 914 uisis

1683 957 1780 1003 me,
1806 942 2072 995 attraxerit
2094 958 2202 995 eum
2225 942 2401 1012 (Ioan.
2432 943 2522 1010 τι).
2554 943 2680 1007 Quis
2711 954 2815 998 tam
2843 947 3121 1001 immemor
3140 963 3228 1000 sa-

1684 1031 1807 1087 lutis
1850 1049 1960 1087 sua:
1986 1035 2083 1098 sit,
2114 1034 2199 1102 qui
2225 1021 2540 1087 attrahentis
2578 1037 2994 1092 misericordiam
3032 1054 3226 1108 negare

1684 1130 1984 1189 praesumat.
2012 1121 2114 1175 Sed
2146 1123 2234 1176 ille
2250 1119 2589 1191 vere’impius
2614 1135 2691 1177 eet
2713 1128 2801 1194 qui
2830 1130 2948 1179 eain
2976 1143 3081 1182 non
3108 1145 3224 1183 om~

1686 1210 1837 1263 nibus
1885 1209 2069 1277 ingeri,
2118 1225 2221 1265 non
2269 1212 2511 1265 omnibus
2541 1220 2759 1265 testatur
2810 1213 3062 1282 impendi.
3115 1218 3227 1272 Hoc

1684 1296 1798 1349 loco
1844 1300 2052 1351 attracti
2101 1301 2322 1371 sqlutem
2364 1300 2678 1353 attrahentis
2709 1312 2854 1369 putat
2874 1312 2997 1359 esse
3021 1306 3226 1361 violen-

1685 1384 1833 1437 tiam.
1865 1388 2092 1451 Apparet
2125 1385 2269 1438 illum
2302 1402 2405 1438 non
2433 1400 2588 1440 nosse
2616 1388 2715 1441 nisi
2744 1400 2959 1447 catenas
2987 1393 3227 1449 obnoxia:

1686 1474 1988 1538 servitutis,
2025 1475 2113 1542 qui
2151 1476 2354 1529 devotae
2401 1476 2569 1529 nescit
2595 1477 2801 1531 vincula
2848 1482 3101 1537 caritatis.
3132 1487 3228 1540 Hie

1684 1571 1862 1616 autem
1913 1577 2087 1618 sermo
2123 1563 2332 1618 divinus
2373 1565 2670 1632 specialiter
2696 1566 2935 1635 increpat
2958 1571 3225 1627 hominem

84 1672 189 1718 mur,
213 1667 262 1710 et
286 1658 327 1710 si
356 1657 483 1709 illud
526 1656 804 1709 inﬁdelitas
822 1694 838 1719 ,
870 1657 987 1723 quia
1015 1657 1203 1721 noluit,
1235 1673 1336 1709 non
1363 1661 1576 1725 recepit.
1618 1665 1658 1723 Β
1686 1652 1752 1706 de
1780 1654 2005 1720 propriis
2024 1651 2123 1708 sibi
2154 1654 2350 1709 viribus
2376 1665 2706 1723 arrogantem
2725 1696 2740 1718 .
2769 1667 2824 1710 et
2843 1657 2913 1712 de
2930 1660 3228 1716 laborem

83 1744 180 1795 Nam
207 1745 355 1797 Deum
385 1744 622 1811 quolibet
652 1755 888 1813 tempore
917 1745 1003 1814 qui
1042 1748 1323 1812 quaesivit,
1348 1747 1580 1813 invenit,

86 1842 124 1883 ct
143 1834 215 1899 qui
240 1833 497 1886 invenisse
517 1848 619 1885 non
644 1834 785 1885 visus
805 1842 886 1887 est
910 1848 1010 1886 non
1039 1836 1296 1903 quaesivit.
1325 1836 1473 1903 Quod
1499 1836 1543 1889 si
1566 1880 1579 1903 ,

84 1922 478 1987 quemadmodum
509 1908 729 1990 abrupta
758 1923 1088 1991 blasphemat
1116 1924 1384 1991 impietas,
1412 1926 1497 1977 alii
1517 1927 1581 1978 ad

84 2021 263 2065 mortem
298 2011 679 2078 praeordinati,
722 2012 809 2065 alii
850 2013 1203 2079 pra-destinati
1234 2015 1476 2067 videntur
1516 2016 1582 2069 ad

86 2100 226 2162 vitam,
249 2102 436 2152 nullam
465 2100 704 2154 Christus
724 2100 964 2154 veniendi
987 2114 1217 2164 causam,
1250 2103 1441 2154 nullam
1474 2117 1583 2156 mo-

84 2190 217 2241 riendi
238 2206 385 2258 quam
415 2191 587 2258 pietas
608 2191 725 2258 ejus
746 2190 963 2254 invenit,
992 2189 1172 2243 habuit
1192 2192 1578 2265 necessitatem.

87 2285 245 2338 Novum
272 2301 393 2355 ergo
416 2286 709 2341 remedium
742 2285 868 2338 nihil
903 2299 1060 2353 agere
1082 2284 1246 2352 potuit
1271 2284 1316 2337 si
1344 2294 1465 2339 ante
1487 2301 1585 2340 ste-

87 2392 133 2424 tu
151 2390 173 2425 a
192 2389 268 2428 res
297 2380 551 2427 humanas
579 2374 815 2428 definitio
840 2382 1041 2426 vetusta
1071 2373 1315 2441 praeﬁxit.
1340 2374 1441 2429 Sed
1464 2374 1582 2441 quia

88 2462 224 2516 fatalis
248 2464 515 2532 persuasio
538 2503 554 2528 ,
604 2477 721 2531 qua:
747 2463 846 2515 vim
876 2462 1220 2530 praescientite
1247 2466 1484 2531 cogentis
1506 2464 1586 2517 in-

87 2550 215 2615 ducit,
241 2553 551 2607 omnimodis
565 2553 853 2618 restiuenda
881 2561 978 2617 est,
1007 2551 1129 2606 ideo
1145 2553 1309 2622 magis
1335 2562 1387 2607 et
1416 2554 1584 2623 legem

90 2639 233 2703 dedit,
278 2650 328 2694 et
376 2641 658 2709 prophetas
706 2638 891 2694 mediis
945 2642 1269 2710 temporibus
1316 2645 1581 2711 excitavit,

87 2732 179 2795 quia
200 2732 462 2785 arbitrium
504 2732 790 2785 voluntatis
810 2730 1048 2784 humanm
1068 2740 1392 2790 attenuatum
1426 2747 1586 2787 nove-

89 2830 166 2881 rat,
185 2835 275 2872 non
293 2820 546 2873 ablatum.
571 2820 719 2886 Quod
741 2820 785 2873 si
806 2835 869 2873 ex
899 2829 1008 2874 toto
1032 2819 1179 2889 vigor
1200 2822 1315 2887 ejus
1341 2823 1583 2889 perisset,

90 2910 307 2971 quomodo
324 2911 587 2979 legeretur
607 2930 621 2963 :
641 2912 704 2963 Et
716 2913 767 2964 in
780 2913 885 2984 lege
902 2912 1105 2965 Domini
1119 2912 1216 2980 fuit
1239 2912 1462 2964 voluntas
1477 2914 1585 2980 ejus

1686 1742 1843 1809 impie
1882 1736 2305 1809 praesumentem.
2363 1744 2494 1798 Cum
2540 1745 2677 1798 inter
2718 1745 2828 1799 base
2877 1763 3013 1803 unus
3058 1759 3227 1805 totum

1682 1833 1847 1886 labori
1881 1874 1893 1895 ,
1921 1835 2051 1888 alter
2082 1843 2246 1889 totum
2275 1835 2455 1903 gratiae
2478 1834 2677 1903 judicet
2701 1835 3055 1905 deputandum
3077 1879 3094 1904 ,
3122 1843 3224 1896 im-

1685 1923 1856 1989 pletur
1878 1922 1928 1975 in
1952 1935 2178 1991 utroque
2208 1923 2389 1978 Graeca
2418 1925 2674 1979 sententia
2709 1943 2723 1978 :
2766 1928 3075 1985 Nimietates
3097 1972 3112 1992 .
3136 1934 3223 1986 in-

1681 2012 1794 2078 quit
1810 2051 1825 2074 ,
1847 2020 1899 2064 et
1920 2011 2305 2079 inre-qualitates
2327 2026 2449 2068 sunt
2470 2013 2657 2066 similis
2681 2014 3017 2082 improbitas;
3051 2029 3105 2073 et
3128 2036 3224 2088 par

1681 2114 1800 2153 esse
1836 2102 2086 2168 probatur
2131 2104 2370 2171 impietas
2390 2142 2405 2166 ,
2429 2104 2473 2157 si
2509 2114 2670 2158 totum
2694 2106 2791 2159 soli
2822 2109 3004 2174 gratia:
3026 2150 3042 2173 ,
3074 2113 3155 2163 vel
3179 2114 3226 2164 si

1684 2197 1855 2242 totum
1877 2191 1973 2243 soli
2016 2192 2308 2244 ascribatur
2347 2192 2531 2246 labori.
2564 2194 2697 2257 Quid
2742 2210 2839 2249 nos
2858 2205 3067 2264 oportet
3090 2200 3229 2252 ἰυιιι·

1684 2278 1780 2331 ista
1803 2280 2019 2341 sentire,
2052 2280 2145 2335 nisi
2178 2288 2234 2332 ut
2269 2294 2477 2346 semper
2497 2282 2679 2349 gratia:
2714 2282 3054 2349 subjiciamus
3080 2286 3228 2340 labo-

1683 2384 1792 2421 rem
1822 2378 1876 2422 et
1916 2383 2123 2438 semper
2159 2370 2377 2438 gratiam
2420 2383 2539 2423 cum
2589 2369 2767 2424 labore
2793 2371 3223 2429 sociernus?Sed

1681 2469 1804 2514 ante
1819 2458 1993 2512 omnia
2014 2460 2362 2527 arrogantiam
2386 2458 2581 2513 laboris
2602 2462 2693 2513 ref:
2713 2461 2938 2529 giamus,
2962 2479 3060 2517 nec
3074 2467 3231 2522 nobis

1682 2548 1962 2617 quidquam
1983 2549 2051 2603 de
2077 2550 2194 2618 ejus
2219 2549 2419 2605 meritis
2443 2550 2789 2615 vindiccmus,
2814 2567 2880 2606 ne
2906 2552 3229 2611 Plurimum

1685 2638 1873 2693 imitari
1912 2638 2182 2693 mortifera
2206 2639 2471 2707 jactantiie
2508 2639 2914 2709 praxsnmptione
2938 2643 3225 2700 videamur.
3294 2662 3299 2667 ‘

1685 2728 1815 2783 Nam
1861 2745 1978 2783 cum
2017 2725 2119 2783 ille
2165 2743 2322 2783 orans
2368 2730 2721 2784 indubitanter
2759 2747 2943 2785 verum
2991 2734 3225 2788 diceret:

1685 2814 1871 2887 Jejuno
1894 2816 1964 2869 bis
1983 2817 2035 2868 in
2059 2816 2293 2880 sabbato,
2333 2817 2553 2869 decimas
2583 2818 2649 2867 do
2686 2819 2907 2869 omnium
2926 2835 3230 2889 quemque

1686 2906 1915 2973 possideo
1943 2904 2089 2973 (Luc.
2119 2903 2288 2971 xvm),
2319 2904 2586 2970 evacuavit
2615 2904 2725 2958 veri
2749 2904 2925 2968 ﬁdem,
2949 2906 3068 2974 quia
3087 2908 3231 2961 veri-

90 2993 246 3063 (PM).
262 2998 319 3050 Et
344 3000 566 3051 iterum:
592 2998 891 3051 Voluntaria
908 2998 1200 3065 sacriﬁcabo
1217 2999 1325 3065 tibi,
1350 2998 1580 3053 Domine.
1610 2987 1653 3047 C
1687 2995 1777 3048 tati
1806 2996 2013 3048 miscuit
2033 2995 2336 3047 vanitatem.
2365 2994 2476 3046 Non
2498 3008 2624 3060 ergo
2649 2996 2906 3061 operatio,
2935 2994 3030 3049 sed
3052 3009 3228 3050 eorum

92 3082 139 3133 Et
159 3084 212 3135 ad
234 3084 584 3139 Philemonem
616 3102 629 3137 :
660 3086 726 3138 Ut
756 3103 852 3138 non
876 3102 938 3138 ea:
962 3088 1274 3151 necessitate,
1301 3088 1388 3137 sed
1414 3088 1587 3139 volun-

90 3173 238 3225 tarium
260 3184 378 3227 (sset
408 3175 592 3227 bonum
620 3182 777 3225 tuum.
805 3175 994 3227 Etcum
1015 3174 1148 3227 dicat
1191 3176 1241 3226 in
1272 3175 1581 3241 Evangelio:

93 3258 190 3311 Caro
206 3277 302 3313 mea
321 3273 390 3314 est
411 3277 563 3330 quam
583 3277 672 3330 ego
696 3261 826 3312 dabo
844 3276 933 3327 pro
958 3260 1131 3311 mundi
1158 3262 1257 3311 vita
1284 3259 1458 3329 (Joan.
1487 3263 1583 3325 Vt),

94 3346 290 3402 dubitare
318 3354 527 3418 penitus
557 3365 661 3404 non
698 3349 950 3403 debemus
988 3350 1125 3417 quod
1172 3360 1279 3401 toto
1310 3350 1501 3401 mundo
1528 3364 1588 3405 se

95 3432 394 3503 impenderit,
425 3441 514 3508 qui
560 3440 677 3507 plus
702 3440 847 3492 dedit
884 3455 1037 3503 quam
1072 3449 1211 3492 totus
1240 3443 1464 3492 mundus
1496 3455 1588 3495 va-

96 3520 217 3577 lebat.
240 3525 379 3581 Sicut
413 3539 468 3583 et
511 3530 693 3584 beatus
714 3530 939 3583 Joannc~
974 3531 1299 3599 Evangelista
1324 3542 1543 3583 testatur
1570 3547 1586 3584 :

98 3604 184 3676 ipse
223 3626 286 3667 est
328 3618 455 3670 enim
495 3622 784 3688 prapitiatio
835 3637 923 3686 pro
978 3623 1191 3687 peccatis
1243 3622 1447 3685 nostris,
1490 3637 1590 3673 non

96 3714 163 3749 vro
185 3706 350 3757 nostris
392 3716 560 3758 autem
590 3717 815 3769 tantum,
862 3694 948 3760 sed
988 3719 1035 3760 et
1074 3724 1165 3776 pro
1217 3710 1367 3759 torius
1414 3710 1590 3760 mundi

100 3783 138 3849 (Ι
161 3786 291 3843 Joan.
321 3797 391 3858 ν).
420 3795 525 3845 Sed
552 3795 681 3846 dicis
710 3811 725 3845 :
753 3796 1023 3860 Quomodo
1046 3805 1207 3848 totum
1229 3796 1475 3847 mundum
1508 3810 1589 3848 re-

97 3873 251 3926 demit?
271 3875 399 3930 Ecce
410 3878 649 3931 videmus
669 3883 904 3934 homines
920 3883 969 3933 in
986 3882 1212 3949 peccatis
1237 3882 1345 3933 suis
1372 3882 1549 3935 vivere
1572 3900 1585 3934 :

98 3965 313 4025 quomodo
341 3968 638 4033 putabimus
667 3970 964 4037 redemptos
988 4009 1003 4033 ,
1044 3986 1171 4037 quos
1200 3969 1434 4023 videmus
1466 3986 1585 4037 pcr-
1621 4006 1627 4012 ι

98 4067 270 4109 manere
287 4059 551 4124 captivos?
573 4058 680 4111 Hoc
707 4060 821 4111 loco
860 4060 1184 4112 intellectum
1226 4060 1290 4113 de
1326 4064 1589 4128 proposita

97 4140 387 4199 similitudine
414 4149 746 4216 colligamus.
772 4147 927 4201 Verbi
954 4150 1117 4217 gratia
1151 4165 1165 4201 :
1196 4151 1239 4202 si
1274 4152 1469 4219 legatus
1495 4152 1591 4205 ali-

99 4230 186 4292 quis
211 4232 281 4287 vel
312 4236 559 4290 sacerdos
596 4236 977 4290 intercessurus
1019 4252 1112 4303 pro
1153 4239 1363 4292 civitate
1386 4242 1589 4309 captiva

1687 3080 1844 3137 elatio
1868 3083 2179 3137 declinanda
2210 3091 2310 3141 est.
2340 3082 2725 3149 Nemo,inquit,
2755 3085 2888 3137 venit
2912 3085 2979 3136 ad
3008 3102 3105 3149 me,
3128 3086 3230 3138 nisi

1687 3169 1843 3223 Pater
1879 3173 2135 3224 attraxerit
2164 3188 2298 3223 eum.
2346 3167 2587 3238 [Nunquid
2629 3172 2769 3224 velut
2807 3171 3130 3227 insensibili:
3174 3187 3230 3229 et

1686 3260 1862 3327 inepta
1904 3261 2153 3313 materies
2189 3258 2256 3312 de
2284 3259 2399 3311 loco
2429 3260 2493 3311 ad
2530 3260 2699 3311 locum
2732 3262 3025 3314 movendus
3051 3274 3134 3316 est
3174 3273 3231 3318 ct

1687 3348 2005 3401 trahendus?
2030 3347 2135 3401 Sed
2162 3348 2425 3401 assistenti
2447 3357 2501 3399 et
2524 3348 2731 3401 vocanti
2756 3348 2979 3403 Domino
3003 3350 3229 3405 famulus

1688 3450 1900 3489 manum
1959 3436 2101 3499 ﬁdei,
2150 3451 2250 3503 qua
2293 3435 2585 3489 attrahatur
2628 3436 2894 3500 extendit,
2940 3447 2992 3491 et
3037 3439 3165 3493 dicit
3208 3434 3259 3496 εκ

1687 3523 1869 3591 Credo,
1919 3524 2169 3585 Domine;
2200 3525 2383 3594 adjut'a
2408 3524 2811 3577 inrrrdulitatem
2856 3542 3016 3579 meavit
3038 3527 3228 3596 (Hart.

1690 3620 1784 3681 ix).
1818 3615 1883 3679 Et
1910 3615 1979 3666 ita
2000 3628 2058 3666 se
2080 3614 2181 3666 duo
2205 3613 2303 3666 ista
2330 3613 2672 3681 coniungunt,
2696 3614 3011 3669 attrahentis
3040 3617 3227 3683 virtus,

1687 3716 1742 3759 et
1782 3705 2075 3757 obedientis
2128 3704 2345 3756 allectus
2376 3719 2391 3755 :
2423 3718 2529 3769 quo
2565 3704 2722 3757 modo
2770 3704 2815 3757 si
2860 3719 3004 3771 εκεῖ
3043 3707 3232 3774 aliquis

1688 3805 1963 3857 assurgere
1984 3799 2220 3851 c0netur,
2243 3800 2294 3842 et
2324 3789 2541 3841 facultas
2566 3791 2798 3843 animum
2830 3806 2935 3845 non
2956 3804 3230 3862 sequatur,

1686 3893 1739 3933 et
1771 3889 2045 3947 propterea
2074 3878 2173 3932 sibi
2200 3878 2393 3946 porrigi
2436 3878 2706 3931 dexteram
2743 3878 3074 3947 deprecetur.
3113 3882 3235 3935 Cla-

1690 3977 1797 4020 mat
1824 3968 2066 4021 Voluntas
2085 4008 2099 4032 ,
2128 3970 2246 4035 quia
2268 3969 2375 4020 sola
2408 3980 2501 4035 per
2530 3982 2587 4020 se
2607 3968 2801 4021 elevari
2831 3969 3231 4025 nescitinlirmi-

1648 4048 1670 4095 ἔ
1690 4066 1788 4110 tas.
1836 4056 1908 4111 Ita
1953 4056 2202 4109 Dominus
2229 4056 2413 4109 invitat
2439 4056 2699 4111 volentem
2722 4097 2736 4121 ,
2768 4059 2985 4112 attrahit
3013 4060 3231 4116 deside-

1693 4147 2081 4213 rantem,erigit
2102 4145 2443 4199 adnitentem.
2473 4145 2605 4210 Quid
2636 4154 2719 4199 est
2744 4156 2918 4201 autem
2946 4152 3230 4215 attrahere,

1694 4238 1792 4290 nisi
1842 4236 2159 4305 prxdicare,
2216 4235 2313 4288 nisi
2355 4233 2742 4303 Scripturarum
2792 4237 3236 4293 consolationibus

103 4318 257 4387 ltrgius
288 4326 508 4392 pretium
550 4323 783 4389 deserat,
832 4335 883 4379 et
933 4327 1239 4381 universum
1279 4331 1591 4397 captivitatis
1621 4326 1963 4391 Dcxcitarc,
2016 4326 2459 4395 increpationibus
2514 4325 2818 4393 deterrere,
2886 4327 3233 4384 desideranda

103 4410 304 4475 populum
333 4415 396 4469 de
424 4430 583 4469 manu
610 4416 723 4482 ejus
752 4416 968 4484 recipiat
996 4419 1079 4485 qui
1118 4418 1239 4472 belli
1259 4419 1377 4487 jura
1401 4421 1593 4475 retine-

102 4494 183 4559 bat,
230 4510 279 4553 et
318 4506 489 4557 omnis
526 4506 740 4557 omnino
791 4508 1053 4559 relaxetur
1084 4509 1163 4559 lex
1202 4522 1263 4560 ac
1310 4510 1592 4562 necessitas

103 4588 344 4654 servitutis,
372 4602 425 4646 et
452 4595 591 4646 inter
619 4592 731 4645 haec
752 4595 795 4645 si
813 4592 947 4647 forte
976 4594 1079 4646 illic
1104 4595 1307 4663 aliquos
1337 4597 1402 4649 de
1430 4598 1593 4664 (apti-

105 4668 161 4719 t‘is
191 4677 259 4727 vel
294 4680 573 4735 oblectatio
613 4682 1004 4735 consuetudinis
1028 4724 1041 4746 ,
1091 4684 1171 4735 vel
1216 4684 1347 4736 male
1375 4684 1592 4738 blandus

106 4760 246 4819 titulo
279 4768 542 4838 sollicitet,
586 4772 867 4839 gratuitum
901 4771 1209 4824 beneficium
1235 4774 1590 4840 unusquisque

106 4845 340 4906 t'olutitatis
380 4872 489 4910 suae
541 4872 723 4913 servus
767 4868 988 4920 recuset,
1028 4862 1263 4927 nunquid
1310 4863 1593 4917 tninoravit

105 4937 278 4999 Sillim
303 4949 451 5011 pretii
477 4958 812 5019 contemptus
850 4952 1074 5020 ingrati?
1100 4952 1338 5020 Nunquid
1368 4956 1589 5021 aliquam

108 5022 431 5091 benevolentia
463 5038 814 5107 redemptoris
848 5041 1021 5094 intulit
1047 5043 1440 5094 diminutionem
1464 5086 1476 5107 ,
1506 5044 1592 5111 qui

108 5117 264 5181 respuit
287 5122 618 5180 libertatem?
648 5129 761 5183 Non
806 5133 872 5183 ita
900 5140 1001 5185 est.
1028 5132 1290 5197 Quinimo,
1335 5132 1469 5184 sicut
1514 5149 1593 5188 re-

110 5201 344 5273 demPluris
384 5227 564 5283 gratus
594 5230 762 5285 potest
790 5235 906 5273 esse
926 5262 939 5284 ,
970 5224 1054 5290 qui
1084 5222 1255 5282 rediit,
1284 5223 1349 5273 ita
1378 5222 1443 5275 de
1470 5239 1594 5276 con-

112 5300 264 5362 lemptu
302 5317 414 5357 reus
444 5316 527 5358 est
564 5308 651 5374 qui
709 5312 978 5363 remansit.
1005 5311 1249 5365 Volentes
1279 5312 1415 5364 enim
1447 5316 1595 5367 rede-

113 5386 184 5437 luit
216 5390 516 5447 voluntatum
568 5410 951 5453 remunerator.
996 5402 1175 5455 Justus
1216 5403 1353 5454 enim
1402 5403 1597 5456 arbiter

117 5472 218 5530 Deus
255 5481 596 5536 voluntarium
624 5489 765 5553 cupit
791 5490 988 5557 redire,
1039 5508 1193 5560 quem
1227 5509 1329 5545 non
1376 5493 1598 5547 invitum

297 5573 554 5635 Ps'raoe.
598 5576 801 5636 LVlIl.

1696 4432 2026 4486 proponere,
2073 4418 2330 4471 intentare
2379 4416 2690 4479 metuenda,
2740 4417 2981 4480 iudicium
3024 4419 3236 4472 comni-

1700 4508 1841 4569 nari,
1876 4507 2142 4574 pra-mium
2184 4504 2458 4571 polliceri?
2488 4504 2623 4555 Audi
2652 4504 2928 4557 Dominum
2956 4520 3059 4557 non
3086 4505 3233 4559 duris

1700 4597 1937 4661 nexibus,
1989 4593 2083 4646 sed
2133 4592 2371 4645 manibus
2416 4592 2789 4656 attrahentem,
2837 4602 2892 4645 et
2936 4593 3235 4650 dilectionis

1699 4684 1924 4736 brachiis
1962 4680 2268 4734 invitantem
2296 4720 2310 4742 ,
2343 4679 2479 4732 sicut
2508 4679 2582 4731 ait
2603 4680 2852 4747 propheta
2882 4698 2894 4731 :
2924 4682 3123 4737 Δανιιεί
3149 4703 3235 4751 eo:

1693 4774 1747 4825 in
1770 4770 1978 4823 vinculis
1999 4770 2222 4821 raritatis
2245 4768 2386 4837 (Ose.
2410 4768 2508 4836 xi).
2539 4769 2601 4821 Et
2624 4770 2750 4822 illud
2775 4787 2789 4822 :
2822 4770 2944 4824 Post
2962 4781 3006 4825 te
3026 4775 3079 4825 in
3107 4778 3238 4828 odo-

1693 4878 1797 4914 rem
1830 4868 2193 4927 unguentorum
2232 4870 2434 4912 tuorum
2460 4860 2707 4912 currimus
2736 4859 2905 4928 (Cant.
2932 4870 2992 4915 t‘.
3035 4865 3099 4917 Et
3118 4866 3237 4918 ἰάθη

1694 4950 1857 5003 dicit:
1903 4946 2070 4999 Venite
2096 4948 2164 4998 ad
2203 4964 2312 5013 me,
2351 4964 2521 5001 omnes
2550 4950 2635 5015 qui
2673 4950 2912 5003 laboratis
2955 4961 3002 5004 et
3046 4957 3237 5005 onerati

1697 5038 1832 5100 estis,
1870 5046 1914 5088 et
1942 5051 2034 5104 ego
2071 5037 2294 5103 reﬁciam
2324 5053 2406 5090 vos
2438 5037 2646 5107 (Matth.
2681 5041 2754 5104 at)
2778 5082 2793 5105 ,
2830 5055 2896 5092 ne
2923 5041 3059 5092 ullus
3081 5057 3239 5093 escu-

1698 5142 1813 5179 sare
1854 5139 1908 5177 se
1949 5127 2112 5192 possit
2163 5126 2423 5189 exclusus,
2472 5126 2557 5193 qui
2597 5128 2921 5180 t-onvincitur
2967 5127 3235 5181 invitatus.

1699 5216 1842 5268 Licet
1867 5215 2003 5265 enim
2040 5229 2141 5265 non
2172 5229 2355 5268 omnes
2392 5215 2740 5268 obedientiam
2764 5214 3090 5269 ashibituros
3118 5232 3239 5271 esse

1702 5314 2048 5377 praenosceiet
2072 5348 2083 5371 ,
2111 5306 2353 5361 omnibus
2378 5315 2548 5359 tamen
2580 5316 2632 5359 et
2656 5306 2787 5358 velle
2809 5312 2861 5358 et
2890 5318 3047 5370 posse
3073 5304 3242 5358 dona-

1703 5405 1867 5449 verat.
1900 5394 2023 5446 Hoc,
2059 5394 2174 5447 loco
2218 5395 2441 5449 sollicite
2476 5397 2771 5462 requiratur
2816 5402 2993 5446 utrum
3020 5394 3243 5464 quisque

1701 5487 1894 5543 attrahi
1925 5486 2046 5540 velit
2092 5501 2155 5538 an
2188 5487 2334 5540 nolit.
2370 5487 2424 5540 Si
2470 5503 2570 5540 non
2602 5486 2727 5551 vult,
2773 5485 3040 5538 assolitant
3082 5497 3243 5541 attra-

2860 5570 2939 5631 26
