3818 6226
595 270 686 325 8H

1818 257 1870 311 s.
1917 252 2157 310 FAUSTI
2198 250 2601 308 RIIEGIENSIS
3723 227 3797 312 sui

597 381 765 436 tuentis
801 377 1217 433 beneVIliCﬂliaI“
1266 342 1368 425 uoti
1419 379 1670 423 meretur.
1701 371 1752 424 Si
1787 379 1960 423 autem
1987 367 2099 421 vult
2128 407 2141 427 ._
2174 367 2221 422 Α
2252 363 2531 433 DeiUlom.
2553 363 2897 434 u).Advcrtis
2912 366 3046 433 quod
3064 366 3351 430 Apostolus
3374 365 3629 430 dicendo,
3652 383 3797 419 secum

598 488 722 527 ecce
758 472 863 539 jam
902 484 1017 522 cum
1070 467 1162 518 des
1202 474 1252 517 et
1304 462 1530 514 hominis
1557 475 1848 514 consensus
1874 470 2144 520 operatur.

605 562 783 622 Nemo,
815 558 1007 625 inquit,
1041 555 1167 606 renit
1196 554 1260 605 ad
1291 568 1363 603 me
1383 591 1397 613 ,
1417 551 1512 602 nisi
1547 549 1697 602 Pater
1726 549 1987 601 attraxerit
2016 562 2146 600 eum.

601 647 871 713 Quomodo
915 643 1262 696 attraheutctu
1297 642 1473 703 vides,
1504 653 1596 692 cur
1641 639 1944 693 dissimulas
1970 638 2152 691 videre

602 717 931 792 venientem?
956 744 1006 787 et
1036 735 1153 787 ideo
1182 735 1313 785 sicut
1343 731 1524 799 gratiae
1550 740 1632 784 est
1663 730 1801 798 quod
1833 729 2153 792 attrahitur,

603 831 668 879 ita
700 824 1005 879 ubedientiae
1031 823 1279 890 probatur
1317 834 1435 875 esse
1464 819 1602 887 quod
1644 820 1900 886 sequitur.
1929 817 2054 870 Haec
2079 825 2156 869 at-

605 916 856 969 traltentis
899 914 988 966 Dei
1018 911 1380 965 misericordia
1423 910 1465 964 si
1499 909 1668 976 dignis
1697 908 1850 961 datur
1878 948 1891 972 ,
1927 907 2158 961 advertis

604 1011 718 1076 quia
741 1010 848 1074 jam
881 1016 933 1060 et
969 1005 1141 1058 studio
1170 1005 1409 1057 humana:
1452 1009 1734 1068 utcunque
1766 1000 2034 1054 servitutis
2061 998 2158 1052 im-

605 1098 842 1165 penditur
868 1115 880 1154 ;
914 1097 956 1147 si
991 1109 1112 1146 vero
1143 1093 1369 1160 indignis
1391 1130 1405 1155 ,
1436 1104 1765 1157 consequens
1789 1099 1870 1142 est
1901 1097 1958 1141 ut
1999 1088 2156 1141 etiam

606 1189 840 1254 rt-prohis
867 1202 967 1239 non
993 1193 1231 1252 negetur,
1259 1192 1310 1235 et
1332 1183 1556 1236 evidenti
1583 1181 1921 1235 miseratione
1950 1181 2158 1234 bonitas

607 1279 696 1330 Dei
748 1278 1052 1338 indiscrete,
1094 1285 1145 1326 et
1190 1274 1342 1340 justis
1383 1283 1434 1326 et
1465 1272 1828 1338 peccatoribus
1881 1272 2158 1327 offeratur.

608 1368 710 1423 Sed
745 1369 788 1419 is
826 1381 978 1433 quem
1027 1365 1280 1431 perspicis
1321 1364 1674 1416 attrahentctn
1714 1362 1936 1429 requirit
1990 1363 2159 1414 omni~

612 1457 781 1510 inodis
812 1466 1069 1524 prmcepta
1098 1456 1424 1516 servantem,
1458 1463 1513 1504 ut
1541 1466 1632 1519 per
1661 1452 1939 1520 quamdam
1970 1454 2157 1524 volun-

613 1551 732 1601 tatis
757 1550 991 1600 ansulam
1014 1587 1026 1608 ,
1057 1545 1427 1612 comprehendi
1459 1552 1513 1598 et
1537 1544 1727 1597 attrahi
1752 1545 1921 1598 valeat
1951 1544 2040 1612 qui
2069 1559 2161 1597 vo-

611 1651 775 1693 ratur.
807 1637 953 1703 Quod
985 1639 1026 1691 si
1059 1651 1175 1690 eum
1206 1644 1356 1704 putas
1385 1635 1650 1688 attrahere
1672 1635 1933 1701 nolentes,
1959 1635 2159 1688 calesﬁ

2251 456 2374 508 dum
2398 455 2642 507 duritiam
2661 462 2800 506 tuam
2821 463 2962 505 etcor
2984 454 3316 520 impaenitens,
3336 469 3444 507 non
3467 455 3600 520 Deo,
3617 455 3705 508 sed
3728 458 3797 507 δρα

2255 547 2381 599 mini
2409 547 2614 614 culpam
2639 545 2986 599 induratiouis
3008 546 3181 599 cordis
3205 546 3426 599 ascribit
3463 544 3712 614 Ignoras,
3736 547 3797 596 tn-i

2253 637 2382 705 quit,
2397 639 2633 704 quoniam
2653 639 2931 706 benignitas
2956 635 3046 688 Dei
3059 638 3124 690 ad
3141 638 3490 704 paenitentiam
3513 647 3562 688 te
3577 636 3797 688 addueitl

2258 726 2545 781 Secundum
2566 729 2804 780 duritiam
2824 737 2988 780 autem
3011 737 3144 780 tuam
3168 739 3214 779 et
3244 728 3568 794 impomitens
3599 742 3684 776 eor
3709 729 3797 776 tim

2255 821 2480 872 saurizas
2500 819 2588 871 tibi
2607 820 2733 872 iram
2761 821 2810 871 in
2833 819 2913 872 die
2937 820 3025 871 ira:
3061 829 3106 872 et
3139 819 3464 871 reuelationis
3485 818 3617 885 justi
3636 815 3797 887 juz‘t’irill

2259 907 2640 982 Dei-Agnosce
2660 908 2778 976 quia
2820 921 2921 960 non
2953 907 3231 960 austeritas
3268 906 3358 958 Dei
3409 905 3619 958 indurat
3664 907 3797 956 corda

2259 997 2536 1056 malorum,
2569 998 2661 1048 sed
2691 996 2915 1050 bonitas.
2941 997 3066 1049 Nam
3096 1000 3212 1062 quia
3240 995 3646 1047 tribulationum
3671 995 3797 1045 ωσι-μ·

2259 1085 2404 1138 ribus
2433 1101 2493 1137 ac
2524 1085 2743 1153 ﬂagellis
2773 1100 2865 1151 pro
2906 1086 2996 1138 Dei
3042 1087 3293 1152 patientia
3327 1102 3431 1137 non
3479 1085 3797 1153 afﬂiguntur,

2261 1175 2380 1228 ideo
2417 1175 2662 1242 superbia
2691 1174 3066 1242 depravantur.
3111 1175 3260 1241 Quod
3292 1175 3362 1226 ita
3406 1188 3529 1243 esse
3551 1175 3797 1226 evidenter

2260 1275 2313 1320 et
2345 1264 2601 1334 Propheta
2625 1267 3003 1318 commemorat
3031 1263 3210 1318 dicens
3235 1283 3246 1316 :
3275 1264 3340 1316 In
3366 1264 3546 1317 labore
3569 1267 3797 1317 hantinrmtl

2262 1373 2360 1408 non
2397 1365 2533 1418 sunt,
2561 1365 2606 1408 et
2654 1372 2764 1408 cum
2798 1356 3080 1408 hominibus
3125 1372 3226 1408 non
3251 1348 3667 1424 flagellabantur,
3705 1357 3797 1406 ideal

2263 1447 2418 1498 tenuit
2444 1462 2528 1498 eos
2553 1446 2788 1514 superbia
2820 1444 2988 1515 (Psat.
3026 1447 3186 1515 Lxxu)
3219 1460 3426 1498 eorum.
3479 1448 3557 1498 Ac
3599 1447 3670 1498 sic
3693 1446 3797 1496 dttltll

2264 1549 2416 1603 paena
2437 1536 2486 1588 in
2511 1535 2764 1602 judicium
2797 1545 3118 1597 reservatur,
3143 1536 3376 1604 dumque
3403 1534 3471 1586 ad
3500 1535 3682 1588 emend
3702 1536 3797 1586 iio-t

2266 1639 2384 1676 nem
2429 1633 2680 1691 provocznt
2728 1623 2934 1676 Domini
2980 1623 3378 1690 longanimitas,
3430 1625 3482 1675 in
3514 1638 3797 1676 εεηηροηοε

611 1730 820 1798 iustitia:
855 1729 1139 1796 iniquitatis
1175 1696 1376 1792 pondus
1403 1725 1651 1792 imponis.
1686 1723 1789 1777 Sed
1820 1724 1864 1777 si
1898 1723 2164 1776 invenitur
2198 1696 2240 1753 Β
2269 1724 2518 1782 templum
2544 1715 2707 1768 nutrit
2734 1715 3034 1784 impunitas.
3053 1714 3151 1778 Qui
3179 1715 3370 1778 reddit,
3407 1715 3599 1781 inquit.
3627 1715 3797 1766 ιηίωτα

611 1821 876 1875 attrahere
915 1820 1151 1873 nolentes
1172 1858 1185 1882 ,
1208 1827 1403 1884 quanto
1431 1817 1595 1883 magis
1625 1814 1996 1881 complectitur
2021 1811 2165 1865 desi—

611 1914 858 1965 derantcs
882 1912 894 1962 ι
926 1908 1055 1962 Nam
1085 1908 1240 1962 etiam
1267 1906 1352 1972 qui
1383 1905 1495 1957 sine
1517 1903 1694 1956 labore
1720 1901 1929 1955 videtur
1949 1901 2163 1966 attrahi,

613 2002 942 2054 laboraturus
973 2007 1054 2052 est
1082 2007 1137 2050 ut
1166 1996 1421 2049 inhaereat
1455 1992 1758 2046 attrahenti.
1797 1992 1983 2057 Quanti
2023 1993 2165 2046 enim

615 2101 871 2145 venerunt
897 2100 949 2144 et
992 2097 1317 2142 recesserunt
1337 2126 1352 2149 ,
1393 2085 1510 2154 quia
1541 2085 1750 2137 attracti
1782 2084 1833 2136 in
1864 2083 2025 2150 gratia
2050 2096 2168 2150 per-

615 2195 858 2232 severare
903 2177 1261 2231 desideratore
1304 2184 1523 2228 vocante
1572 2173 1895 2227 noluerunt?
1924 2173 2071 2226 Sicut
2115 2173 2165 2224 in

619 2269 903 2338 Evangelia
940 2271 1187 2334 scriptum
1220 2276 1303 2321 est
1335 2265 1517 2319 :Multi
1561 2280 1622 2317 ex
1647 2263 1912 2327 discipulis
1943 2266 2049 2333 ejus
2075 2280 2167 2315 au—
2205 2331 2208 2334 _

614 2363 824 2424 dientes,
852 2360 1077 2412 abierunt
1102 2367 1396 2416 retrorsum,
1422 2365 1465 2408 et
1480 2362 1592 2426 jam
1617 2371 1728 2408 cum
1749 2353 1838 2406 illo
1868 2371 1967 2407 non
1991 2354 2168 2406 ambu-

617 2451 784 2502 labant
814 2448 987 2517 (Juan.
1018 2445 1117 2512 v1).
1144 2447 1269 2500 Item
1302 2463 1314 2498 :
1351 2443 1487 2497 Dixit
1518 2453 1686 2496 autem
1715 2441 1866 2494 Iesus
1894 2444 1959 2494 ad
1979 2443 2169 2493 duode-

616 2542 712 2592 cim
732 2557 751 2593 :
776 2539 1024 2604 Nunquid
1045 2548 1092 2589 et
1114 2553 1198 2590 vos
1218 2537 1366 2588 uultis
1393 2535 1564 2587 abire?
1592 2533 1864 2602 Respondit
1886 2533 1932 2585 ei
1956 2531 2135 2585 Petrus
2152 2547 2170 2584 :

617 2630 852 2690 Domine,
897 2629 961 2679 ad
985 2630 1129 2694 quem
1157 2624 1375 2677 ibimus?
1401 2625 1544 2676 verba
1568 2623 1680 2674 vitw
1702 2630 1900 2675 (eterna:
1932 2621 2100 2687 habes,
2127 2630 2171 2673 et

620 2735 708 2770 nos
734 2718 980 2768 creaimus
1009 2729 1050 2766 e'
1088 2715 1408 2782 cognovimus
1435 2713 1551 2777 quia
1594 2724 1646 2764 tu
1679 2728 1729 2764 es
1757 2712 1984 2765 C’Iristus
2004 2708 2170 2763 Filius

621 2809 717 2859 Dei
747 2807 956 2876 (Ibid).
999 2805 1050 2858 In
1099 2807 1335 2871 utrisque
1372 2804 1532 2857 libera
1575 2803 1670 2857 fuit
1712 2804 1985 2865 voluntas,
2032 2811 2084 2854 et
2107 2801 2172 2856 .in

623 2897 723 2949 iliis
750 2906 804 2948 ut
834 2899 1030 2950 inarata
1063 2904 1236 2948 mente
1262 2893 1628 2956 discederent;
1657 2902 1708 2946 et
1735 2892 1787 2946 in
1810 2892 1946 2956 istis,
1973 2901 2028 2945 ut
2051 2907 2169 2946 cum

625 2985 861 3039 libertate
889 2985 1004 3037 fidei
1036 2992 1425 3060 permanerent.

1181 3071 1400 3126 CAPUT
1435 3071 1615 3124 XVIII.

625 3161 806 3215 Contra
844 3161 938 3213 hoc
980 3160 1112 3225 quod
1151 3159 1343 3220 dicunt,
1388 3160 1504 3226 quia
1552 3158 1639 3210 Dei
1692 3157 1929 3210 violentia
1973 3158 2174 3210 indttret

857 3227 1104 3281 hominem
1135 3244 1196 3280 ne
1233 3229 1397 3280 venire
1421 3227 1581 3279 valeat
1608 3230 1673 3278 ad
1699 3228 1936 3280 salutent.

695 3337 748 3392 Si
781 3342 910 3405 ipse,
939 3347 993 3391 ut
1016 3338 1357 3406 blasphemus
1385 3338 1515 3402 vult,
1542 3339 1783 3402 obdurat,
1812 3338 2074 3407 quomodo
2106 3340 2179 3394 ait

626 3429 679 3481 in
701 3433 902 3496 psalmo
929 3446 942 3480 ε
969 3427 1134 3480 Hodie
1156 3429 1199 3479 si
1209 3443 1387 3487 τοι-ειη
1408 3429 1516 3493 ejus
1540 3427 1818 3489 audieritis,
1849 3427 2000 3478 nolite
2022 3427 2180 3478 obdu-

626 3531 740 3567 rare
763 3522 917 3572 corda
953 3525 1114 3566 vestra
1145 3514 1311 3581 (Psal.
1345 3515 1517 3580 satv)?
1546 3515 1605 3565 Et
1635 3516 1818 3567 iterum
1847 3532 1858 3564 :
1893 3514 2180 3566 Secundum

629 3605 860 3654 duritiam
889 3611 1054 3653 autem
1077 3611 1212 3651 tuam
1235 3613 1277 3653 et
1307 3602 1617 3667 impwnitens
1638 3619 1740 3665 cor,
1767 3603 2070 3654 thesaurizas
2095 3602 2181 3654 tibi

558 3707 560 3714 ι
630 3691 757 3740 iram
774 3705 824 3740 tn
842 3689 1215 3754 dieirw(Rom.
1250 3689 1331 3756 ll).
1358 3688 1481 3742 Item
1515 3690 1562 3740 in
1588 3689 1810 3742 .leremia
1837 3707 1848 3739 :
1881 3689 2180 3742 Percussisti

631 3794 714 3829 eos
732 3818 745 3838 ,
779 3787 824 3829 et
849 3793 946 3829 non
970 3779 1272 3839 doluerunt;
1297 3779 1526 3830 attriristi
1551 3795 1649 3839 eos,
1681 3789 1727 3830 et
1748 3789 2016 3830 renuerunt
2046 3779 2180 3831 acci-

636 3886 744 3936 pere
769 3871 1126 3936 disciplinam;
1166 3872 1521 3922 indut'at'erunl
1559 3872 1709 3939 facies
1753 3887 1870 3923 suas
1896 3887 2050 3938 supra
2093 3887 2178 3937 pe-

631 3972 780 4023 tram,
811 3971 856 4010 et
879 3959 1080 4011 noluere
1098 3960 1272 4011 reverti
1302 3961 1510 4026 (Jerem.
1537 3961 1612 4026 ν).
1643 3960 1826 4013 Adhuc
1851 3975 2060 4013 causam
2086 3963 2177 4014 ob-

629 4048 919 4100 duratiouis
949 4049 1191 4109 adverte,
1236 4050 1520 4101 secundum
1550 4050 1862 4102 sententiam
1891 4051 2177 4117 sapientis-

631 4138 746 4189 simi
795 4137 1106 4200 Salomonis,
1156 4139 1241 4205 qui
1290 4137 1465 4190 dicit:
1520 4137 1710 4203 Impius
1754 4154 1863 4190 cum
1910 4140 2093 4190 venerit
2125 4141 2175 4191 in

632 4226 935 4293 profundum
963 4226 1225 4285 malorum,
1269 4227 1534 4277 contemnit
1562 4225 1738 4294 (Prov.
1770 4228 1915 4294 xvut)
1936 4268 1950 4291 ,
1999 4227 2046 4278 id
2073 4235 2173 4290 est,

632 4314 698 4365 de
742 4314 1044 4366 assiduitate
1090 4313 1334 4380 peccandi
1375 4311 1671 4391 despera'ib
1719 4315 1975 4376 nascitur;
2008 4314 2172 4365 obdu~
2202 4353 2256 4412 Ι)
2284 4316 2524 4369 Ezechiel
2571 4316 2668 4369 sub
2715 4316 2887 4369 verbis
2920 4316 3008 4369 Dei
3051 4298 3118 4368 ita
3148 4316 3398 4388 disserit:
3455 4312 3616 4366 Multo
3650 4309 3774 4362 labore

635 4403 766 4454 ratio
797 4415 920 4453 vero
959 4417 1018 4452 cx
1051 4400 1418 4466 desperatione
1442 4408 1741 4465 generatur.
1773 4399 1902 4450 Dum
1941 4401 2066 4452 dicit
2087 4400 2176 4453 Je-

634 4489 822 4542 remias
854 4507 864 4539 :
899 4489 1179 4538 [Voluerunt
1207 4489 1400 4538 reverti.
1435 4487 1592 4540 Vides
1616 4489 1732 4553 quia
1756 4488 2031 4540 obduratio
2062 4505 2178 4542 cor-

634 4579 714 4632 dis
757 4580 952 4631 crimen
999 4588 1078 4631 est
1117 4579 1335 4645 promite
1370 4580 1681 4632 voluntatis?
1720 4579 2061 4644 Inhonestus,
2089 4597 2180 4632 cu-

634 4670 784 4738 pidus
819 4681 871 4722 et
902 4683 1145 4721 crueu'us
1168 4711 1180 4730 ,
1222 4678 1273 4722 et
1297 4669 1570 4735 cuju~libet
1597 4671 1838 4722 facinoris
1882 4684 2093 4733 servus,
2128 4671 2171 4722 si

634 4760 856 4826 peccatis
906 4757 1006 4810 non
1057 4762 1353 4811 reluctetur.
1404 4758 1682 4813 Videamus
1726 4761 1860 4813 unde
1900 4761 2173 4814 ohduratio

633 4849 725 4899 ista
750 4859 1005 4901 nascatur.
1040 4847 1149 4900 Non
1181 4849 1357 4915 utique
1384 4849 1624 4900 violentia
1657 4850 2046 4916 compellentis,
2082 4849 2173 4902 sed

633 4938 906 4990 clementia
940 4938 1218 4989 relaxantis
1262 4938 1619 4990 obdurationis
1649 4940 1853 4991 occasio
1884 4949 1982 4992 est.
2015 4940 2173 4992 Dum-

633 5043 733 5094 que
760 5027 820 5079 ad
850 5028 1200 5093 pmnitentiam
1230 5028 1454 5079 sustinet
1487 5026 1880 5094 delinquentem
1928 5028 2170 5096 infatiga-

636 5116 751 5167 bilis
778 5116 1011 5177 bOnitas,
1042 5119 1267 5168 abutitur
1303 5114 1663 5168 benevolentia
1693 5117 2007 5169 remittentis
2035 5116 2172 5168 elata

636 5205 905 5256 securitas.
926 5204 1043 5257 Ideo
1055 5206 1123 5257 ait
1138 5207 1318 5257 beatus
1332 5203 1608 5268 Apostolus
1626 5203 1719 5254 :An
1735 5205 1929 5255 divitias
1943 5205 2174 5257 bonitatis

637 5293 763 5356 ejus,
793 5302 837 5342 et
868 5293 1135 5355 patientiw,
1156 5301 1200 5344 et
1224 5289 1613 5358 longanimitatis
1636 5292 1938 5343 contemnis?
1970 5291 2180 5358 Ignoras

639 5380 868 5441 quoniam
899 5380 1167 5446 benignitas
1201 5379 1369 5431 Deiad
1398 5379 1732 5445 pwnitentiam
1757 5390 1800 5432 te
1820 5381 2060 5432 adducit?
2081 5380 2173 5431 Se-

639 5469 856 5519 cundum
879 5470 1111 5521 duritiam
1143 5482 1305 5522 autem
1341 5477 1478 5521 tuam
1522 5478 1567 5520 et
1594 5485 1676 5520 cor
1702 5470 2033 5537 impwnitens,
2066 5469 2173 5520 tlte-

641 5555 859 5606 saurims
884 5558 967 5606 tibi
991 5559 1116 5611 iram
1140 5561 1190 5611 in
1214 5561 1294 5610 die
1319 5559 1408 5610 irae
1446 5568 1490 5611 et
1513 5559 1825 5611 reuelationis
1843 5557 2174 5628 justijudicii

2267 1820 2362 1873 que
2380 1804 2654 1858 secundum
2675 1820 2826 1870 opera
2850 1820 2942 1856 sua
2963 1802 3136 1874 (Rom.
3172 1804 3252 1872 ιι).
3280 1803 3442 1856 Certe
3473 1817 3578 1855 non
3608 1802 3797 1866 impnnit‘

2271 1894 2407 1947 Deus
2445 1893 2638 1946 homini
2681 1892 2967 1946 secundum
3011 1893 3398 1960 prmscientiam
3449 1892 3690 1958 peccandi
3723 1908 3797 1944 ωειλ

2269 1983 2587 2042 ρεεέὶιειεηι.
2613 1989 2639 2034 a
2667 1998 2770 2049 quo
2795 1983 3080 2035 secundum
3103 1997 3260 2050 opera
3278 1997 3372 2035 sua
3396 1982 3592 2050 legitur
3613 1991 3797 2034 ειπερ-ι

2269 2089 2358 2127 rus
2387 2087 2506 2127 esse
2534 2073 2811 2125 rationem.
2847 2071 3084 2136 Peccavi,
3110 2070 3279 2140 inquit
3317 2071 3600 2138 prepheta,
3625 2081 3668 2123 et
3694 2073 3790 2138 quit

2268 2164 2450 2216 accidit
2479 2163 2601 2215 mihi
2627 2163 2766 2215 triste
2787 2159 2972 2229 (Ereti.
2999 2163 3082 2228 v)?
3116 2161 3216 2215 hoc
3245 2171 3328 2215 est
3353 2164 3538 2216 dicere
3572 2179 3585 2212 :
3611 2161 3797 2214 Certnrw

2271 2261 2351 2306 est
2365 2253 2522 2306 Deum
2543 2254 2743 2306 nescire
2764 2260 2995 2318 peccata,
3011 2252 3096 2318 qui
3117 2267 3218 2304 non
3237 2252 3501 2305 accelerat
3518 2266 3614 2318 pro
3629 2249 3753 2302 ultio:
3773 2265 3797 2300 ει

2269 2341 2542 2410 supplicia.
2573 2341 2634 2393 Et
2657 2344 2845 2395 iterum
2871 2339 3035 2393 :Dieit
3061 2342 3192 2393 enim
3219 2341 3270 2393 in
3290 2341 3449 2394 corde
3468 2357 3564 2393 suo
3587 2356 3605 2392 :
3631 2338 3797 2392 Oblita-t1

2271 2443 2341 2487 est
2375 2433 2530 2498 Deus,
2556 2433 2729 2485 avertit
2745 2434 2921 2501 [aciem
2945 2449 3106 2493 suam,
3123 2449 3182 2485 ne
3212 2433 3375 2485 videat
3399 2449 3558 2501 usque
3581 2432 3631 2484 in
3649 2431 3786 2497 ﬁnem.

2273 2525 2402 2578 Dum
2430 2538 2554 2591 ergo
2593 2523 2719 2577 dicit
2748 2524 2928 2576 oblitus
2963 2533 3034 2576 est
3063 2520 3199 2576 Deus
3241 2521 3356 2593 (Ps.
3392 2522 3494 2591 ιι),
3524 2523 3797 2587 patientiam;

2271 2615 2603 2678 remittentis,
2631 2612 2994 2681 negligentiam
3018 2611 3217 2679 judicat
3247 2613 3560 2679 ignorantis,
3589 2620 3639 2665 et
3675 2611 3797 2662 arbi-i

2273 2712 2438 2756 tratur
2453 2703 2688 2766 oblitum,
2704 2701 2839 2768 quod
2859 2702 3218 2769 magnanimus
3239 2701 3577 2769 dispensator
3592 2713 3797 2774 τεεειττδιξ

2274 2794 2324 2846 in
2358 2801 2642 2860 posterum.
2676 2791 2790 2856 Quo
2811 2805 3003 2860 genere
3030 2800 3352 2845 metuentem
3395 2790 3679 2843 admenitio
3719 2787 3797 2839 Dei}

2273 2883 2574 2950 castigantis
2617 2882 2900 2946 emendat,
2954 2891 3378 2934 contemnentem
3429 2881 3595 2948 magis
3640 2865 3797 2946 lenitis;

2275 2972 2597 3027 moderantis
2624 2972 2865 3039 obdurat,
2897 2979 2957 3026 ut
2999 2980 3142 3040 putet
3165 2969 3233 3026 de
3276 2971 3386 3025 Deo
3435 2970 3640 3037 impius,
3679 2965 3797 3035 quod;

2275 3078 2441 3132 usque
2489 3063 2538 3115 iu
2583 3063 2737 3117 tinem
2768 3063 3056 3131 ignorantia
3105 3061 3424 3115 obscurante
3478 3075 3582 3113 non
3631 3057 3782 3112 videat.

2276 3153 2523 3222 quidquid
2555 3154 2618 3205 ad
2647 3167 2879 3220 praesens
2905 3151 3266 3205 benevolentia
3309 3135 3622 3204 sustinentis
3637 3151 3782 3216 puu'rt

2275 3243 2585 3297 dissimulat.
2635 3244 2702 3298 Et
2735 3257 2853 3308 cum
2896 3242 3145 3310 probetur
3183 3241 3248 3293 ab
3276 3239 3570 3293 insultante
3593 3245 3797 3304 contest»,

2277 3347 2415 3402 pius,
2442 3333 2837 3385 obdurationvm
2865 3339 3078 3398 putatur
3096 3337 3362 3395 operatus.
3384 3327 3518 3379 Dum
3536 3327 3665 3380 enim
3686 3328 3797 3374 nam1

2278 3424 2413 3475 inter
2434 3421 2819 3474 crebrescentia
2843 3428 3054 3486 peccata
3072 3417 3366 3486 suspendit,
3395 3405 3707 3485 [meliorem
3728 3405 3797 3484 ἰῶ]

2277 3510 2470 3562 sultare
2511 3508 2780 3575 permittit.
3211 3516 3213 3518 ‘
3639 3515 3654 3524 ‘

2846 3596 3068 3651 CAPUT
3108 3597 3222 3651 XIX

2280 3688 2467 3743 Contra
2493 3689 2584 3742 hoc
2603 3687 2737 3755 quod
2755 3687 2949 3748 dicunt,
2966 3687 3221 3755 Homines
3238 3686 3502 3740 voluntate
3532 3683 3623 3738 Dei
3645 3681 3797 3755 impet-

2954 3754 3148 3807 luntur.
3309 3820 3313 3824 .

2347 3868 2402 3923 Si
2431 3878 2603 3922 autem
2630 3911 2644 3936 ,
2686 3878 2741 3921 ut
2767 3867 2894 3922 dicit
2926 3867 3232 3931 haereticus,
3263 3880 3359 3934 per
3379 3868 3686 3918 voluntatem
3712 3859 3797 3936 Deli

2280 3959 2556 4012 trahuntur
2597 3959 2836 4013 homines
2872 3958 2922 4011 in
2970 3938 3341 4026 perditionem,
3373 3955 3635 4023 quomodo
3658 3952 3701 4005 in
3725 3953 3778 4001 le-

2278 4050 2453 4102 ctione
2482 4048 2681 4114 Regum
2730 4047 2916 4101 mulier
2960 4048 3188 4115 loquitur
3221 4045 3284 4098 ad
3329 4045 3534 4099 David?
3559 4043 3658 4097 Nec
3678 4039 3771 4094 uit.

2281 4137 2446 4205 inquit
2468 4177 2482 4200 ,
2511 4137 2642 4188 Deus
2684 4139 2846 4205 perire
2871 4137 3121 4198 animum,
3145 4137 3231 4188 sed
3258 4145 3500 4188 retractat
3520 4135 3716 4203 cogitans
3736 4145 3775 4180 ne

2281 4229 2470 4292 penitus
2516 4235 2680 4294 pereat
2706 4225 2790 4293 qui
2837 4227 3060 4294 abjectus
3082 4235 3154 4278 est
3185 4223 3269 4292 (II
3291 4225 3417 4293 Reg.
3461 4225 3585 4291 ιμ’).
3616 4222 3717 4276 Itetn
3737 4227 3774 4268 ct

2278 4404 2511 4456 sudatum
2537 4413 2613 4457 est
2637 4444 2653 4468 ,
2679 4413 2728 4456 et
2756 4420 2856 4457 non
2881 4405 3000 4457 exiit
3019 4406 3080 4456 ab
3108 4421 3166 4456 ea
3191 4405 3346 4455 nimia
3368 4404 3553 4474 rubigo
3574 4403 3693 4472 ejus,
3713 4415 3773 4450 rte-

2280 4507 2374 4557 que
2401 4508 2487 4558 per
2510 4493 2672 4560 ignem
2701 4489 3024 4546 immunditia
3051 4502 3135 4543 tua
3162 4491 3525 4546 exsecrabilis:
3543 4491 3648 4559 quia
3667 4503 3772 4538 ιιιπ-

2281 4581 2404 4632 dare
2426 4590 2470 4634 te
2498 4581 2653 4643 volui,
2677 4590 2722 4633 et
2746 4596 2842 4633 non
2872 4598 2921 4634 es
2944 4581 3186 4633 mundata
3207 4597 3238 4632 α
3263 4579 3502 4633 sordibus
3530 4578 3622 4632 tuis
3639 4573 3770 4645 (Et-tt.

2281 4670 2446 4737 xxiv).
2481 4669 2614 4722 Ecce
2640 4670 2776 4721 Deus
2802 4668 3063 4722 hominem
3095 4683 3197 4722 non
3225 4668 3396 4722 solum
3427 4665 3614 4722 salvari
3635 4671 3766 4731 ορυι.

2280 4760 2371 4814 sed
2403 4775 2496 4828 pro
2525 4760 2639 4828 ejus
2669 4761 2976 4828 purgatione
3000 4760 3162 4812 multo
3183 4759 3365 4814 labore
3391 4757 3629 4814 desudat.
3647 4755 3768 4809 Porto

2281 4865 2374 4918 pro
2403 4851 2602 4905 ratione
2641 4851 2856 4918 justitite
2886 4866 2978 4916 per
3013 4867 3071 4905 se
3114 4851 3359 4905 eli'ectum
3409 4848 3658 4906 medentis
3680 4858 3768 4898 cur:

2281 4956 2383 4994 non
2415 4943 2632 5009 peragit,
2666 4941 2783 5009 quia
2817 4939 3134 4994 voluntatem
3159 4942 3271 5009 ejus
3299 4941 3388 5009 qui
3420 4949 3505 4995 est
3531 4935 3768 5008 purgandus

2281 5038 2568 5096 exspectat.
2600 5028 2748 5092 Item,
2777 5030 2957 5096 defecit
2997 5029 3341 5097 summarium,
3374 5029 3566 5096 {rustra
3589 5021 3766 5092 ωκιτιέι

2281 5116 2497 5183 διηθῑαιον
2541 5133 2557 5168 ;
2587 5117 2792 5168 malitia:
2827 5118 2960 5168 enim
2990 5127 3162 5170 vestr-te
3198 5131 3299 5169 non
3335 5106 3764 5176 suntmortui!“-

2286 5206 2411 5256 Dum
2430 5207 2577 5258 audis
2593 5206 2954 5270 sul‘llatorium,
2975 5206 3056 5259 vel
3085 5204 3385 5261 conﬂatoris
3404 5191 3766 5263 ofﬁciuminlelo

2283 5295 2380 5362 ligc
2409 5310 2590 5360 purum
2616 5295 2879 5348 metallum
2909 5295 3198 5348 adulterina
3231 5294 3580 5362 permixtione
3599 5294 3766 5346 me

2284 5391 2403 5442 tum,
2428 5395 2474 5436 et
2496 5400 2522 5435 ρ
2541 5384 2763 5435 naturali
2784 5384 3086 5438 sinceritate
3104 5385 3363 5436 vitiatum.
3381 5381 3436 5435 Si
3455 5377 3772 5434 bonoiuIIOF

2284 5483 2384 5523 tem
2402 5471 2626 5539 impulsu
2647 5486 2740 5524 suo
2763 5486 2824 5524 ac
2842 5474 3102 5525 voluntate
3133 5470 3224 5524 Dei
3251 5470 3447 5540 agitur,
3464 5482 3558 5525 cur
3577 5465 3682 5520 item
3697 5451 3766 5506 ξοδ

2284 5559 2552 5615 Ezccuiele
2578 5561 2857 5628 imputans,
2895 5568 2946 5616 et
2974 5560 3116 5614 velut
3142 5556 3327 5615 dolens
3355 5559 3580 5633 loquitur
3597 5545 3764 5614 εό¹¹τ⁸
