3818 6226
96 375 171 432 813
1095 373 1179 428 DE
1217 371 1462 427 GRATIA
1500 370 1642 436 DEI.
1681 369 1853 438 ETC.,
1894 370 2016 424 LIB.
2056 369 2121 428 ll.

3105 361 3207 418 8M

96 484 316 537 moriemini
327 524 340 547 ,
359 493 537 537 domus
562 483 1005 552 lsrael;quoni1m
1031 486 1148 538 nolo
1178 498 1384 538 mortem
1404 484 1564 553 impii,
1593 488 1648 545 Α
1670 482 1915 552 homini,
1934 481 2027 534 sed
2055 493 2366 534 consensum
2412 478 2640 534 hominis
2686 478 2939 532 voluntati
2985 494 3091 531 stne
3115 481 3208 530 tle-

93 574 182 625 dicit
212 571 466 627 Dominus!
493 572 813 626 Revertimini
853 583 900 627 et
934 573 1074 626 vivite
1118 573 1326 644 (Ezech.
1361 573 1568 643 xum).

96 661 140 712 Et
159 660 386 726 quomodo
403 673 494 715 eos
515 661 567 713 in
590 671 830 724 mortem,
847 671 906 714 ut
937 662 1294 730 blasphemas,
1329 662 1571 729 impellit,

92 761 192 814 quos
204 746 256 798 ad
268 749 412 798 vitam
427 759 530 800 non
542 747 710 800 solum
734 759 858 801 nutu
867 748 1122 814 iubentis,
1137 742 1227 802 sed
1245 749 1433 803 affectu
1450 763 1510 801 su
1519 765 1575 813 p-

91 813 287 901 plicantis
321 833 520 887 invitat.
553 813 720 896 ltemi
747 834 989 909 Vivoego,
1017 836 1139 890 dicit
1163 836 1437 900 Dominus;
1458 837 1573 889 nolo

89 930 248 972 mortem
263 921 413 989 impii,
427 922 514 973 sed
538 930 594 973 ut
611 925 1070 992 reoertaturimpius
1092 941 1121 977 a
1136 925 1211 978 via
1234 942 1345 987 sua,
1375 936 1420 978 et
1443 927 1574 978 vivat

88 995 233 1074 (Nam.
249 1009 363 1074 xiv).
383 1007 623 1061 lteditum
646 1009 771 1063 sein
791 1019 1047 1076 potestate
1060 1010 1251 1066 habere
1269 1020 1570 1081 cognoscat,

87 1098 402 1164 quiaDomino
420 1107 737 1165 provocatur
764 1109 818 1152 ut
844 1101 1042 1154 redeat.
1057 1101 1180 1154 γευο
1207 1104 1451 1169 φοβερὰ
1474 1101 1572 1154 Do-

87 1189 232 1238 minus.
261 1185 329 1239 Ne
353 1183 416 1239 de
447 1185 765 1255 indulgentia
787 1201 909 1242 reus
924 1187 1146 1253 dubitat,
1160 1190 1320 1257 judex
1341 1191 1572 1243 clemen-

85 1276 177 1323 tiam
198 1287 338 1338 suam,
367 1273 528 1328 etiam
566 1273 786 1340 quadam
816 1278 1130 1330 sacramenti
1179 1278 1572 1345 interpositione
1617 1309 1623 1317 -

85 1359 325 1413 conﬁrmat.
356 1360 459 1416 Sed
489 1370 543 1416 et
572 1377 665 1430 per
692 1364 914 1431 apostoli
958 1364 1095 1418 Petri
1124 1367 1436 1420 sententiam
1476 1380 1570 1419 vo-

84 1449 217 1501 luntas
241 1450 591 1519 benignissimi
642 1441 943 1505 insinuatur
987 1454 1202 1508 actoris.
1236 1453 1354 1506 Non
1384 1455 1570 1517 tardat,

85 1538 229 1604 inquit,
259 1537 496 1593 Dominus
541 1541 837 1609 promissum
881 1557 1054 1606 suum,
1087 1542 1176 1593 sed
1198 1544 1440 1609 patienter
1470 1543 1572 1609 agit

84 1624 244 1693 propter
263 1643 360 1690 vos,
381 1628 554 1681 nolens
583 1628 780 1697 aliquos
817 1630 996 1696 perire,
1027 1630 1114 1682 sed
1139 1631 1207 1681 ad
1237 1632 1571 1697 paenitentiam

84 1716 218 1768 recerti
244 1715 323 1786 (Il
348 1715 463 1770 Pet.
508 1724 604 1786 tu).
643 1718 882 1772 Peccanti
923 1717 1184 1794 ingeritur
1239 1721 1568 1788 paenitentia,

1676 570 1835 624 fuisse
1862 567 2192 621 monstravit.
2219 566 2352 632 Quid
2383 567 2570 622 mirum
2594 567 2638 620 si
2665 581 2762 634 pro
2790 567 2959 620 salute
2985 565 3208 621 hominis

1676 657 1937 726 lacrymas
1970 656 2120 719 fudit,
2152 669 2270 708 mox
2295 655 2601 723 sanguinem
2625 654 2978 722 proiusurus?
3007 656 3133 709 Item
3153 656 3204 710 in

1677 746 1922 800 Matthato
1955 762 1968 796 :
1998 735 2298 808 Jerusalem,
2337 760 2448 814 qua!
2473 744 2658 797 occidis
2687 743 2974 811 praphetas,
3002 753 3050 795 et
3081 745 3210 808 lapi-

1674 834 1767 886 das
1795 849 1879 886 eos
1899 833 1982 900 qui
2001 831 2068 884 ad
2108 842 2152 884 te
2180 833 2319 884 missi
2362 841 2496 895 sunt,
2522 834 2710 901 quoties
2735 834 2868 885 valui
2905 848 3206 901 congregare

1673 921 1806 987 [ilios
1836 931 1946 974 tuos
1975 923 2102 975 sicut
2128 920 2318 990 gallina
2347 930 2611 990 congregat
2634 922 2795 986 pullos
2832 937 2948 974 suos
2977 922 3064 973 sub
3096 922 3206 973 alas
3247 926 3254 934 '

1671 1027 1822 1076 suas,
1855 1021 1901 1062 et
1934 1011 2183 1063 noluisti!
2205 1011 2342 1062 Duas
2390 1024 2472 1063 res
2503 1010 2587 1062 hic
2624 1011 2730 1078 agit
2765 1024 2938 1066 sermo
2978 1009 3203 1068 divinus.

1671 1101 1802 1154 Nam
1831 1102 1952 1153 dum
1982 1101 2146 1153 dicit:
2184 1099 2386 1164 Quoties
2419 1098 2590 1162 uolui,
2639 1109 2686 1152 et
2732 1099 2952 1158 noluisti.
3000 1099 3049 1153 in
3101 1100 3206 1152 Deo

1673 1187 1924 1256 propositi
1949 1187 2175 1249 bonitas,
2207 1187 2257 1238 in
2282 1186 2489 1238 homine
2517 1185 2716 1238 arbitrii
2751 1195 2832 1238 est
2869 1201 3116 1252 expressa
3144 1187 3205 1239 li-

1671 1278 1864 1330 bertas.
1888 1276 2117 1330 Dicendo
2146 1285 2319 1328 autent
2363 1290 2376 1327 :
2408 1271 2707 1336 Jerusalem,
2729 1273 2839 1342 q‘ute
2881 1274 3066 1327 occidis
3091 1291 3206 1341 pro-

1673 1365 1869 1434 phetas,
1897 1377 1940 1417 et
1963 1365 2160 1432 lepidas
2189 1379 2269 1416 eos
2293 1365 2377 1432 qui
2399 1365 2467 1415 ad
2495 1371 2542 1414 te
2578 1364 2716 1416 missi
2755 1373 2889 1424 sunt,
2920 1364 3123 1417 salvare
3146 1378 3205 1416 se

1670 1466 1762 1505 eos
1790 1453 2015 1504 voluisse
2034 1452 2353 1518 pronuntiat,
2385 1465 2502 1503 cum
2534 1450 2802 1503 evidenter
2825 1449 3054 1517 proferat
3082 1465 3204 1504 cau-

1672 1553 1756 1591 sas
1787 1554 1878 1604 per
1907 1552 2036 1602 quas
2065 1540 2284 1591 salutem
2313 1539 2389 1590 eis
2419 1552 2609 1604 negare
2654 1538 2910 1591 debuerit.
2958 1539 3063 1592 iluc
3090 1539 3204 1592 loco

1669 1627 1863 1693 duplici
1912 1639 2121 1694 genere,
2153 1626 2205 1678 in
2255 1639 2406 1678 servo
2449 1624 2694 1693 iniquitas
2742 1635 2974 1679 cruentus
3019 1627 3204 1680 ntcutis

1669 1716 1983 1769 ostenditur.
2018 1714 2073 1768 lu
2104 1714 2326 1768 Domino
2355 1713 2674 1782 indulgentia
2706 1715 3091 1783 benignissima:
3115 1731 3205 1769 vo-

82 1803 187 1856 utin
220 1805 525 1869 conferenda
557 1805 913 1859 misericordia
960 1807 1132 1861 locum
1179 1810 1343 1875 possit
1383 1809 1574 1865 habere
1602 1815 1647 1873 Β
1676 1805 1892 1858 lultlalis
1920 1804 2176 1872 aperitur.
2200 1804 2254 1858 Si
2281 1803 2418 1858 Deus
2445 1806 2614 1872 perire
2635 1805 2742 1857 vult
2770 1805 3051 1869 hominem,
3074 1821 3204 1872 quo-

81 1890 253 1957 justitia.
303 1892 405 1946 Sed
451 1894 730 1962 patienter,
763 1894 963 1964 inquit,
1011 1897 1113 1967 agit
1155 1899 1568 1954 emendationem

92 1980 303 2045 hominis,
332 1981 453 2049 quia
500 1983 828 2050 impatienter
865 1981 1157 2052 desiderat,
1196 1990 1454 2055 patienter
1483 2005 1575 2044 ex-

84 2077 264 2132 spectat.
288 2071 414 2123 ltem
444 2072 731 2126 secundum
759 2073 949 2127 Lucam
975 2091 988 2129 :
1015 2075 1080 2127 Et
1110 2087 1163 2129 ut
1200 2081 1568 2146 appropinqua-

85 2159 148 2219 rit,
173 2160 326 2212 ridens
353 2161 618 2224 civitatem,
659 2164 793 2230 ﬂevit
831 2179 983 2231 super
1029 2166 1168 2217 illam
1214 2167 1382 2219 dicens
1403 2181 1424 2220 .°
1457 2167 1573 2220 Non

81 2247 303 2314 relinquent
326 2250 376 2301 in
422 2259 468 2303 te
497 2251 716 2316 lapidem
749 2268 896 2320 super
934 2253 1187 2318 lapidem,
1221 2269 1278 2306 eo
1306 2254 1439 2321 quod
1471 2271 1569 2307 non

82 2329 315 2402 cognoveris
337 2347 532 2404 tempus
553 2339 850 2393 uisitationis
872 2337 970 2392 tua:
1001 2339 1145 2410 (Luc.
1174 2343 1304 2409 XIX).
1329 2341 1421 2394 Hic
1446 2339 1571 2394 con-

81 2424 314 2491 stringendi
336 2435 456 2479 sunt
486 2427 736 2482 haeretici.
772 2429 829 2484 Si
858 2429 1109 2484 Dominus
1131 2431 1375 2498 perituris
1389 2431 1571 2484 salutis

81 2511 391 2567 intercluserat
437 2516 673 2580 aditum,
737 2531 862 2586 ergo
917 2518 1048 2571 falso
1096 2521 1310 2574 istorum
1357 2521 1571 2574 deflevit

81 2605 276 2672 exitium.
295 2607 347 2661 Si
373 2615 551 2662 autem
571 2623 749 2662 eorum
780 2609 1124 2676 perditionem
1150 2627 1275 2665 vero
1303 2611 1384 2683 (ut
1406 2613 1572 2665 mani-

81 2690 226 2746 festum
251 2693 348 2763 est)
369 2709 601 2749 maerore
628 2695 909 2763 perdoluit,
940 2711 1041 2750 nou
1069 2700 1385 2754 voluntatem
1425 2716 1567 2752 suam

1671 1893 1827 1948 modo
1855 1893 1981 1946 dicit
2023 1893 2181 1946 etiam
2213 1894 2465 1962 propheta
2498 1891 2777 1945 Michzeas:
2808 1891 3049 1945 Indicabo
3093 1892 3200 1955 tibi,

1671 2003 1700 2039 ο
1726 1986 1898 2050 homo,
1925 1985 2045 2048 quid
2083 1985 2148 2037 sit
2189 1984 2367 2036 bonum
2390 1993 2441 2052 et
2479 1983 2599 2048 quid
2641 1981 2881 2035 Dominus
2927 1983 3141 2051 requirat
3171 2000 3203 2033 (ι

1668 2087 1749 2139 te;
1771 2077 1934 2141 utique
1954 2076 2115 2142 facere
2133 2073 2407 2143 judicium,
2431 2083 2476 2124 et
2504 2072 2712 2140 diligere
2739 2071 3128 2122 misericordiam
3157 2081 3202 2122 et

1667 2165 1935 2218 sollicitum
1973 2161 2233 2215 ambulare
2272 2175 2384 2212 cum
2425 2160 2529 2213 Deo
2573 2171 2657 2213 tuo
2700 2159 2891 2229 (Miclt.
2921 2157 3021 2225 vi).
3071 2159 3200 2211 Dum

1669 2255 1815 2318 dicit,
1847 2261 1893 2306 et
1935 2254 2056 2321 quid
2083 2250 2329 2304 Dominus
2353 2260 2541 2318 quaerat
2565 2258 2684 2313 ate,
2726 2249 2895 2317 utique
2914 2250 3076 2316 facere
3106 2251 3202 2319 juv

1670 2342 1879 2405 dicium,
1904 2348 2197 2408 promptam
2219 2339 2496 2392 exercendi
2525 2337 2646 2390 boni
2687 2337 2860 2405 operis
2880 2338 3201 2390 voluntatem

1673 2445 1774 2483 non
1806 2436 2125 2497 reposceret,
2147 2427 2190 2478 si
2214 2442 2313 2479 non
2338 2425 2589 2479 dedisset.
2620 2425 2774 2478 Vides
2798 2426 2918 2493 quia
2947 2426 3083 2481 sicut
3108 2424 3203 2479 Dei

1672 2529 1752 2574 est
1777 2526 1835 2572 ut
1865 2530 2158 2586 provocans
2181 2515 2509 2576 adhortetur,
2540 2513 2609 2584 ita
2640 2512 2950 2566 obedientite
2979 2512 3202 2566 hominis

1674 2615 1996 2662 reservatum
2015 2616 2094 2659 εει
2122 2613 2176 2658 υἱ
2201 2612 2467 2671 sequatur.

87 2800 3178 2826 __________________—____________________________._

911 2885 1372 2995 LIBER
1448 2879 2288 2991 SECUNDUS.

531 3041 749 3099 CAPUT
786 3042 1064 3099 PRIMUM.

82 3128 223 3185 Contra
239 3133 323 3185 hoc
341 3133 476 3200 quod
503 3135 654 3199 impie
676 3144 902 3186 asserunt
925 3151 956 3184 a
985 3133 1088 3188 Deo
1109 3135 1395 3186 induratum
1416 3135 1570 3200 fuisse

556 3217 643 3253 cor
672 3201 978 3254 Pharaonis.

133 3311 210 3363 llic
237 3325 440 3366 sensum
489 3311 772 3379 Scriptura;
800 3319 992 3364 sanctae
1020 3310 1296 3364 sollicitius
1341 3324 1572 3376 perscru-

83 3412 230 3468 tentur,
265 3411 313 3457 et
347 3403 642 3472 objicientis
682 3402 914 3454 animum
957 3399 1356 3461 confundamus,
1398 3409 1569 3451 utrum

83 3486 242 3544 Pharao
272 3493 470 3561 volens,
505 3505 574 3544 an
613 3490 810 3544 invitus
853 3504 882 3541 a
914 3488 1136 3542 Domino
1166 3487 1319 3540 fuerit
1361 3487 1571 3539 indura-

85 3588 157 3631 tus.
181 3580 227 3633 Si
249 3581 452 3648 volens,
482 3580 581 3648 ipsi
615 3579 794 3647 utique
822 3578 1028 3645 culpam
1063 3576 1419 3632 obdurationis
1447 3576 1573 3627 assi-

83 3681 204 3732 quas;
242 3669 284 3724 si
324 3686 445 3725 vero
493 3670 716 3733 invitus,
762 3668 1086 3737 iniquitatem
1134 3667 1223 3721 Dei
1267 3665 1572 3719 obdurantis

83 3771 271 3812 mensas.
295 3759 417 3826 Quae
446 3760 608 3815 etiam
638 3758 838 3828 justitia
869 3766 1010 3821 erat,
1044 3760 1086 3811 si
1130 3771 1284 3825 quem
1325 3757 1435 3823 ipse
1474 3755 1570 3809 οὓς

83 3843 344 3914 duraverat,
377 3849 491 3918 ipse
518 3849 759 3917 puniret?
787 3847 914 3902 Cum
944 3861 1069 3901 vero
1094 3846 1343 3899 Dominus
1367 3845 1478 3912 ipse
1507 3844 1570 3896 ad

84 3947 172 3987 eum
193 3937 418 4004 loquatur
439 3946 495 3993 et
519 3937 693 3989 dicat:
723 3935 823 3988 Cur
849 3951 951 3987 non
970 3935 1047 3986 vis
1065 3935 1311 3984 dimittere
1336 3932 1572 3998 papulum

83 4026 237 4076 meum?
260 4026 329 4078 vel
356 4033 614 4094 ttsqucquo
639 4040 740 4075 non
765 4026 837 4076 vis
870 4023 1049 4093 subjici
1075 4023 1193 4074 mihi
1220 4019 1411 4091 (Exod.
1442 4020 1573 4085 vn)?

83 4124 173 4164 eteo
199 4113 272 4166 ubi
310 4115 498 4167 divinis
540 4113 847 4166 testimoniis
884 4114 1099 4166 lberam
1141 4111 1300 4162 fuisse
1348 4109 1399 4160 in
1439 4107 1570 4159 Pha-

82 4210 205 4252 raone
231 4201 556 4268 agnoscimus
592 4201 930 4253 voluntatem.
974 4200 1079 4251 llac
1111 4201 1312 4250 ratiotie
1344 4198 1570 4248 Pharao-

83 4296 196 4349 nem,
223 4287 339 4342 dicit
369 4290 650 4351 Dominus,
694 4288 986 4349 obdurabo,
1033 4287 1155 4339 dum
1188 4301 1308 4339 eunt
1348 4285 1474 4338 mihi
1521 4287 1568 4336 in

1593 3051 1639 3112 ρ
1667 3038 1826 3093 dicit:
1863 3020 2123 3089 obduravit
2162 3049 2247 3087 cor
2283 3049 2459 3108 suum,
2501 3049 2604 3087 non
2650 3035 2910 3102 passivum
2958 3043 3071 3098 est,
3112 3037 3202 3089 scd

1670 3129 1913 3182 activum.
1946 3126 2031 3178 Vis
2059 3126 2194 3178 scire
2220 3123 2338 3191 quia
2366 3123 2539 3177 divina
2585 3123 2942 3176 moderatione
2980 3124 3048 3176 ob
3080 3136 3203 3177 can.

1671 3234 1780 3274 sam
1820 3217 2075 3272 iudurataa
2118 3218 2305 3269 mentis
2345 3213 2625 3281 cperatur?
2664 3213 2800 3267 Idem
2847 3216 2958 3281 ipse
3000 3213 3203 3266 Pharao

1672 3312 1724 3363 in
1756 3312 1935 3363 decem
1984 3307 2147 3376 plagis
2191 3305 2388 3372 positus
2429 3319 2547 3358 cum
2577 3313 2956 3371 percuteretur,
2997 3303 3204 3373 mitiga-

1672 3401 1853 3460 batur;
1885 3413 2002 3450 cum
2049 3401 2333 3457 laxaretur,
2364 3395 2748 3461 ingravabatur.
2785 3398 2860 3447 Ac
2899 3395 2944 3446 si
2991 3397 3205 3461 impium

1669 3490 1840 3542 divina
1871 3487 2124 3540 severitas
2155 3484 2466 3547 inclinabat,
2494 3484 2697 3538 bonitas
2723 3482 3040 3547 obdurabat,
3067 3493 3119 3537 et
3149 3495 3206 3538 ut

1670 3593 1726 3631 se
1754 3591 1872 3630 esse
1913 3575 2064 3628 liberi
2105 3573 2307 3626 arbitrii
2336 3572 2747 3636 demonstraret,
2788 3573 3072 3640 castigante
3101 3573 3222 3627 Deo»

1671 3669 1914 3736 populum
1963 3664 2288 3726 dimittebat,
2329 3672 2574 3730 parcente
2613 3662 2908 3716 revocabat.
2959 3663 3205 3729 Perspice

1672 3755 1929 3824 quomodo
1955 3754 2202 3808 rebellem
2230 3752 2468 3820 spiritum
2494 3752 2723 3806 ctelestis
2750 3753 2933 3806 lenitas
2959 3754 3202 3808 obdurat.

1671 3848 2056 3903 Accedentibus
2102 3846 2394 3898 mitioribus
2447 3853 2501 3897 et
2542 3845 2758 3911 ﬂagellis
2802 3846 3096 3898 recentibus
3126 3847 3206 3899 in-

1671 3936 1902 3988 solescit.
1957 3938 2195 4000 Agnosco
2255 3934 2508 3984 rationem
2563 3932 2955 3999 obdurationis,
3002 3947 3053 3987 ct
3102 3937 3204 3988 vim

1671 4022 1892 4090 propria:
1917 4020 2215 4074 voluntatis.
2241 4019 2512 4072 Hebraeum
2542 4018 2788 4087 populum
2809 4060 2824 4084 ,
2852 4034 3006 4087 quem
3029 4024 3203 4086 egredi

1670 4124 1764 4179 pro
1800 4110 2039 4177 imposita
2081 4107 2179 4160 sibi
2208 4107 2518 4161 contritione
2557 4121 2694 4160 nunc
2735 4108 2994 4176 principit,
3023 4121 3073 4163 et
3112 4126 3202 4178 pro

1669 4197 1934 4264 plagarum
1962 4195 2321 4271 moderatione
2350 4210 2486 4248 nunc
2516 4194 2789 4262 prohibet,
2815 4195 2879 4248 ad
2910 4205 3201 4250 extremum

1670 4287 2084 4339 incumbentibus
2133 4285 2294 4352 plagis
2359 4283 2516 4337 etiam
2581 4283 2798 4337 festinus
2850 4295 3096 4354 perurget
3151 4300 3204 4340 et

81 4373 222 4428 decem
259 4379 602 4448 plagis,‘quas
631 4392 657 4429 a
699 4378 875 4444 Moyse
909 4387 1154 4430 exoratus
1189 4390 1452 4435 removeo,
1488 4378 1564 4424 in-
1597 4381 1646 4439 Ι)
1671 4375 1819 4428 abire
1855 4373 2138 4440 compellit.
2183 4371 2295 4424 Non
2341 4385 2466 4438 ergo
2502 4370 2771 4424 induratur
2812 4373 2862 4423 in
2903 4373 3065 4425 multa
3110 4373 3201 4427 Dei

81 4464 236 4522 sultare
267 4473 526 4536 permitto.
573 4465 710 4536 Ego,
761 4466 955 4532 inquit,
999 4464 1253 4517 obdurabo
1296 4480 1381 4514 cor
1430 4462 1566 4513 Plio-

81 4557 228 4622 monis.
246 4558 326 4612 Sic
350 4556 610 4612 interdum
643 4556 968 4609 familiariter
989 4559 1144 4608 etiam
1172 4555 1303 4622 apud
1329 4555 1566 4606 homines

83 4640 199 4709 hujus
221 4645 656 4710 elocutionisqvim
682 4647 1016 4705 assumimus,
1043 4645 1119 4696 sic
1150 4643 1406 4696 interdum
1436 4656 1564 4696 con-

83 4733 321 4788 tumacibus
343 4735 556 4789 famulis
592 4736 964 4801 exprobrarim;
994 4733 1440 4786 mansuetudinem
1473 4747 1566 4783 tto-

82 4828 224 4884 Stratn,
247 4823 309 4876 ita
334 4825 608 4879 dicentes:
646 4823 751 4890 Ego
782 4821 1022 4888 patientia
1055 4834 1167 4872 mea
1200 4831 1248 4872 te
1278 4820 1560 4886 pessimum

83 4902 174 4968 “id.
202 4923 287 4977 ego
307 4914 614 4967 remissione
655 4926 767 4964 mea
795 4912 1040 4962 malitiam
1071 4918 1207 4960 tuam
1239 4907 1562 4974 Superbiam-

82 5006 155 5052 ‘ille
187 5002 390 5067 nutrivi,
434 5016 536 5070 ego
578 5011 626 5054 te
674 5010 1032 5052 contumacem
1086 4996 1401 5062 indulgentia
1448 5009 1560 5047 mea

84 5081 265 5148 reddidi,
287 5103 377 5156 ego
401 5088 818 5143 dissimulatione
845 5101 957 5139 mea
980 5100 1069 5138 cor
1101 5093 1243 5137 tuutn
1263 5124 1277 5150 ,
1307 5092 1360 5135 ut
1382 5091 1561 5136 contra

83 5177 144 5217 me
173 5169 434 5228 obduretur
473 5177 723 5229 animavi.
751 5175 817 5231 Et
855 5175 953 5228 huc
979 5173 1134 5227 modo
1165 5171 1304 5240 quod
1332 5173 1561 5224 bonitate

86 5248 243 5310 Domini
262 5262 458 5318 virtutis
483 5274 564 5318 est
589 5264 963 5329 testimonium,
989 5264 1040 5316 in
1067 5262 1202 5316 servi
1230 5262 1560 5328 improbitate

86 5342 126 5392 lit
145 5346 314 5404 vitium.
335 5356 418 5408 Ait
446 5365 618 5408 autem
651 5369 822 5408 sermo
846 5354 1054 5407 divinus
1080 5372 1089 5405 :
1128 5353 1398 5419 Videasque
1425 5351 1561 5402 Plia-

87 5444 151 5481 τασ
171 5449 218 5488 εο
250 5444 374 5507 quod
409 5450 530 5496 data
573 5453 696 5497 esset
735 5445 949 5511 requies,
987 5444 1262 5512 ingravavit
1304 5459 1393 5493 cor
1417 5459 1560 5494 suum

1669 4465 1930 4532 potentia,
1959 4463 2051 4517 sed
2080 4469 2408 4530 contemptor
2433 4460 2657 4516 efficitur
2696 4462 2746 4513 in
2789 4463 2944 4515 multa
2982 4463 3072 4516 Dei
3110 4479 3200 4531 pa-

1667 4552 1865 4607 tientia.
1917 4553 2152 4619 Denique
2197 4553 2336 4604 inter
2388 4552 2614 4604 alternas
2661 4551 2802 4605 vices
2849 4552 3201 4620 castigationis

1669 4653 1718 4697 et
1748 4642 2070 4696 remissionis
2109 4641 2396 4708 ﬂagellatus
2427 4641 2750 4702 humiliatur,
2781 4643 3055 4695 exauditus
3092 4642 3194 4696 eri-

1669 4734 1837 4799 gitur,
1891 4731 2139 4782 liberatus
2190 4728 2432 4788 insultat,
2478 4727 2698 4779 afﬂictus
2744 4728 3095 4795 obtemperat,
3147 4741 3199 4782 et

1667 4821 1803 4873 ﬁlios
1846 4816 2156 4870 Israeliticos
2187 4826 2299 4883 post
2326 4815 2580 4867 decimam
2613 4814 2812 4881 plagam
2842 4818 3077 4869 emisisse
3105 4832 3197 4871 co-

1665 4911 1949 4977 gnoscitur.
1976 4905 2040 4958 ad
2069 4907 2286 4973 primum
2314 4918 2430 4958 cum
2462 4904 2699 4956 emittere
2742 4904 2973 4969 potuisse
3013 4907 3197 4960 volun-

1668 5010 1742 5048 tas
1780 5005 2036 5062 postretna
2068 5003 2307 5046 testatur.
2351 4993 2413 5045 Et
2438 5006 2556 5044 cum
2588 4993 2723 5044 inter
2775 4993 2973 5045 medias
3018 5009 3198 5047 corre-

1667 5087 1872 5152 ptiones
1902 5084 2206 5150 profiteatur
2236 5098 2248 5132 :
2289 5080 2464 5134 Justus
2502 5096 2572 5146 es,
2605 5079 2846 5143 Domine;
2885 5097 2973 5150 ego
3002 5098 3114 5135 vero
3152 5097 3199 5137 et

1665 5173 1876 5243 papulas
1905 5189 2040 5224 meus
2070 5174 2211 5240 impii
2242 5171 2432 5241 (Exod.
2463 5173 2535 5240 ix)
2556 5211 2570 5235 ,
2617 5185 2719 5224 non
2747 5185 2806 5224 se
2832 5185 2860 5223 a
2890 5171 3018 5233 Deo,
3052 5172 3140 5225 sed
3167 5186 3198 5225 a

1662 5261 1927 5314 voluntate
1955 5262 2164 5327 propria
2191 5260 2526 5327 depravatum
2549 5259 2886 5313 conscientia:
2915 5273 3020 5310 sua:
3049 5261 3197 5312 testis

1660 5349 1921 5403 ostendit:
1955 5359 2006 5402 et
2034 5359 2086 5402 tu
2116 5350 2277 5403 Deum
2325 5349 2464 5402 circa
2507 5348 2828 5401 Pharaonem
2875 5347 3062 5399 durum
3112 5351 3194 5402 vel

1663 5442 1890 5507 iniquutn
1942 5440 2101 5494 fuisse
2144 5442 2418 5509 praesumis
2460 5453 2719 5502 asserere,
2761 5451 2914 5503 quem
2959 5439 3095 5491 circa
3135 5455 3192 5494 se

88 5517 379 5611 (EIothnt).
407 5533 826 5588 Manifestissi'me
854 5535 952 5587 hoc
989 5535 1102 5588 loco
1131 5533 1324 5586 indulta
1357 5535 1562 5600 requies
1656 5529 1853 5598 justum
1878 5539 1928 5581 et
1953 5532 2094 5597 pium
2124 5532 2235 5599 ipse
2265 5532 2543 5600 sacrilegus
2576 5542 2678 5582 non
2711 5529 2873 5595 potuit
2899 5528 3195 5597 abnegare?

88 5619 156 5664 cur
176 5611 429 5676 Pharaonis
451 5622 725 5676 indurasse
745 5621 1102 5688 perscribitur.
1132 5622 1238 5676 Hoc
1258 5622 1395 5676 enim
1424 5621 1559 5688 quod

1660 5622 1916 5696 immitem
1964 5621 2123 5674 Deum
2168 5620 2431 5677 Christum
2479 5634 2593 5674 esse
2642 5616 2997 5684 consequitur,
3039 5633 3190 5688 quem
