3818 6226
632 312 729 364 315
1584 326 1621 344 ί

1817 311 1871 365 S.
1917 311 2152 368 FAUSTI
2194 314 2582 370 RIIEGIBNSIS
3716 326 3818 379 stsa

628 418 767 483 pium
797 423 951 469 etiam
998 417 1183 485 impius
1213 418 1504 472 conlitetur.
1541 417 1649 475 Hoc
1684 431 1809 485 ergo
1849 418 1956 486 agit
1986 420 2037 472 in
2070 419 2163 473 ho-
2192 424 2236 480 Α
2265 424 2385 490 gine
2414 424 2691 480 voluntatis
2739 427 2977 484 humanae
3021 446 3182 500 genus
3212 435 3561 503 prmscientiz
3607 412 3818 501 degit»;

629 507 855 560 minibus
886 508 1114 562 ctelestis
1145 505 1519 561 misericordia:
1560 505 1905 573 dispensatio,
1940 507 2161 575 quodin

628 595 782 649 terris
813 595 997 662 pluviae
1025 596 1439 663 supervenientis
1470 595 1657 649 infusio
1696 595 1797 648 :ad
1839 596 2036 664 copiosi
2062 597 2165 650 int-

627 683 735 734 bris
785 674 1026 748 illap-um
1066 684 1235 735 cultus
1280 692 1333 736 et
1384 684 1640 737 edomitus
1683 697 1869 751 cespes
1913 685 2166 752 multipli-

627 782 774 826 catur
808 774 1098 841 germinum
1144 774 1370 845 fetibus,
1396 789 1574 828 verum
1615 775 1840 828 incultus
1876 783 1929 828 et
1975 776 2166 829 crudus

627 864 895 917 inutilibus
940 864 1115 918 herbis
1155 866 1399 931 repletur,
1433 876 1485 919 et
1521 868 1779 931 sentibus,
1812 882 1875 920 ac
1912 869 1989 921 sic
2032 884 2165 923 unus

626 954 867 1023 idemque
904 954 1070 1007 imber
1104 954 1231 1008 duas
1276 970 1362 1008 res
1401 955 1636 1010 diversas
1677 963 1832 1021 atque
1878 957 2168 1011 contrarias

626 1045 641 1112 j
666 1054 767 1097 sxta
798 1046 1015 1098 cultura:
1042 1054 1126 1097 aut
1157 1043 1386 1098 studium
1413 1053 1679 1112 operatur,
1708 1054 1795 1096 aut
1822 1042 2027 1100 vitium.
2054 1043 2162 1099 Sic-

628 1142 683 1183 ut
727 1132 947 1198 legimus
994 1149 1007 1183 :
1051 1132 1205 1185 Terra
1250 1134 1381 1184 enim
1426 1146 1557 1200 ηερε
1613 1133 1881 1184 uenientem
1931 1149 2077 1197 super
2117 1151 2169 1187 se

628 1220 791 1273 bibens
816 1220 1036 1285 imbrem,
1069 1229 1113 1272 et
1141 1235 1379 1289 generum
1399 1220 1598 1271 herbam
1621 1234 1954 1287 opportunam
1971 1261 1983 1279 ,
2016 1220 2116 1273 illis
2136 1238 2167 1272 a

544 1316 547 1317 ⁷
628 1310 802 1374 quibus
831 1295 1031 1370 colitur,
1060 1309 1236 1377 accipit
1260 1309 1651 1361 ibinedictionem
1680 1325 1712 1360 a
1739 1308 1864 1362 Deo.
1894 1300 2167 1378 Proferens

628 1411 792 1452 autem
815 1401 986 1466 spinas
1012 1415 1071 1451 ac
1096 1399 1303 1451 tribulos
1327 1402 1536 1461 reprobo
1568 1408 1639 1450 est
1666 1409 1710 1451 et
1741 1399 2023 1451 maledictio
2052 1415 2169 1467 pro-

631 1492 793 1556 xima,
823 1494 969 1562 cujus
994 1493 1350 1543 consummatio
1379 1492 1430 1543 in
1452 1471 1834 1545 combustioitem
1863 1492 2044 1561 (Hebr.
2071 1493 2163 1562 vt).

630 1591 869 1654 Agnosce
894 1595 1085 1638 terram
1112 1584 1208 1636 sub
1246 1600 1349 1637 uno
1378 1583 1667 1652 eodemque
1698 1585 1864 1639 imbre
1891 1600 2030 1639 nunc
2058 1586 2164 1653 spi-

630 1690 721 1727 nas
749 1687 801 1728 et
829 1674 1049 1728 tribulos
1087 1674 1496 1742 germinantem,
1530 1689 1666 1727 nunc
1711 1674 1907 1729 fructus
1948 1676 2166 1731 benedi-

2268 522 2369 564 tur.
2398 512 2500 567 Sed
2528 523 2583 567 ut
2612 517 2770 581 aliqui
2808 518 3137 587 cogitationis
3173 536 3284 577 suae
3326 522 3584 591 pravitate
3618 526 3818 585 doceo-2

2268 611 2372 664 tur,
2397 612 2447 655 et
2480 613 2625 656 actus
2661 617 2784 657 suos
2814 607 2863 658 in
2894 610 3215 672 praescientia
3250 613 3518 666 mstiment
3548 610 3818 675 inchoari,

2269 697 2365 748 hoc
2408 697 2474 751 de
2520 700 2730 766 proprio
2772 702 2935 755 animi
2984 704 3139 767 vitio,
3184 706 3285 759 hoc
3329 706 3397 761 de
3443 706 3818 760 inemendabili

2266 784 2614 840 obstinatione
2663 788 2933 856 procedit,
2985 792 3109 845 dum
3168 794 3423 846 simulant
3478 792 3818 862 passiouibusi

2268 878 2542 946 reluctari,
2573 888 2627 933 et
2663 889 2846 950 putant
2886 896 2943 936 se
2968 897 3073 936 non
3113 898 3269 951 posse
3304 883 3445 953 quod
3477 884 3691 938 nolunt.
3720 884 3801 937 Le-

2241 982 2383 1035 «gem
2421 969 2601 1023 dicunt
2645 983 2763 1024 esse
2815 970 3152 1025 immutabilis
3200 973 3326 1026 mali
3375 971 3803 1026 consuetudinem

2268 1057 2621 1126 delinquendi.
2650 1057 2753 1123 Sed
2793 1058 2966 1112 adhuc
2999 1054 3131 1113 dicis
3165 1060 3287 1129 quia
3328 1073 3491 1129 opera
3526 1073 3595 1114 ac
3637 1061 3801 1114 volun.

2272 1154 2402 1198 tates
2432 1145 2722 1211 hominum,
2749 1146 2815 1199 de
2844 1154 2971 1201 nutu
2994 1158 3048 1201 et
3074 1148 3299 1215 impulsu
3330 1148 3686 1218 prascientie
3712 1163 3818 1227 oua

2270 1234 2414 1288 lestis
2463 1235 2730 1302 incipiant.
2779 1235 2891 1289 Non
2936 1237 3007 1291 ita
3050 1248 3151 1292 est.
3195 1238 3306 1293 Hoc
3352 1240 3529 1307 potius
3570 1244 3818 1307 agnosce,i

2269 1322 2407 1391 quod
2436 1325 2758 1390 prmscientia
2786 1325 2877 1379 Dei
2901 1325 2968 1379 de
2995 1328 3208 1381 materia
3236 1327 3587 1382 humanorum
3615 1338 3818 1382 actuuml

2271 1421 2439 1465 sumat
2474 1412 2769 1466 exordium.
2800 1413 2932 1480 Quid
2961 1414 3026 1468 de
3067 1415 3217 1469 nobis
3244 1418 3494 1484 praescire
3524 1431 3588 1469 ac
3628 1432 3806 1486 praer-

2270 1500 2453 1553 dinare
2480 1500 2667 1555 debeat
2707 1502 2864 1569 Deus,
2893 1512 3145 1569 quantum
3178 1502 3409 1570 pertinet
3441 1503 3509 1556 ad
3555 1502 3803 1563 fu'urum,

2272 1590 2321 1643 in
2376 1588 2613 1657 profectu
2672 1589 2897 1644 hominis
2949 1590 3258 1660 defectuque
3312 1592 3581 1645 consistit.
3630 1590 3818 1657 Aeeipej

2275 1678 2403 1731 illud
2440 1679 2763 1746 exemplum,
2804 1694 2907 1747 quo
2955 1680 3277 1748 praescientia
3323 1682 3413 1734 Dei
3454 1694 3556 1749 pro
3598 1676 3818 1767 humana!

632 1766 893 1820 ctionibns
922 1764 1137 1819 idoneos
1178 1766 1556 1833 proferentem.
1602 1766 1799 1820 Eodem
1844 1769 2000 1823 modo
2043 1770 2165 1823 dum
2198 1762 2246 1821 B
2270 1779 2327 1819 se
2356 1766 2559 1819 actione
2588 1768 2866 1822 convertit.
2896 1768 2974 1821 Ad
3002 1769 3402 1823 decumbentem
3432 1768 3713 1823 Ezechiam
3738 1762 3818 1833 re;

628 1855 983 1908 misericordia
1038 1854 1128 1909 Dei
1180 1863 1450 1922 exspectat
1501 1865 1552 1907 et
1604 1855 1804 1923 parcit,
1858 1857 2166 1911 emendatur

630 1942 897 2007 obedienc,
926 1942 1210 1997 obduratur
1238 1943 1589 2011 impaenitens.
1614 2010 1615 2013 η

1231 2050 1453 2107 CAPUT
1492 2052 1553 2106 ll.

631 2141 777 2201 Quod
806 2144 1120 2217 praescientia
1154 2143 1250 2217 Dei
1290 2161 1378 2197 nec
1404 2146 1471 2198 ad
1489 2149 1662 2217 justo,
1701 2165 1789 2202 nec
1823 2156 1893 2206 ad
1915 2154 2169 2207 contraria

886 2212 1127 2264 humanas
1152 2212 1393 2266 uiolenter
1416 2212 1586 2284 urgeat
1610 2217 1905 2273 vo.’untates.

699 2297 1080 2351 Pi-tcscientiam
1112 2307 1167 2353 et
1192 2301 1697 2368 predestinationem
1726 2308 1816 2361 Dei
1846 2309 1981 2365 male
2010 2311 2168 2365 intel-

629 2388 796 2449 ligunt
854 2399 1148 2445 astruentes
1203 2394 1341 2460 quod
1390 2394 1510 2450 inde
1559 2399 1905 2456 humanorum
1957 2413 2167 2459 actuum

629 2492 784 2537 causa
833 2470 1092 2534 nascatur.
1136 2482 1364 2539 Primum
1402 2487 1524 2552 quid
1566 2505 1629 2543 es
1674 2504 1778 2560 quo
1825 2496 2047 2563 pendeat
2087 2499 2166 2551 vel

628 2567 906 2631 procedat,
940 2570 1234 2635 perspicere
1262 2574 1536 2630 debemus.
1560 2579 1674 2633 Non
1705 2595 1978 2651 prepterea
2012 2587 2168 2643 homo

628 2656 971 2723 quodcunque
1024 2656 1256 2712 facturus
1304 2670 1417 2731 est,
1477 2669 1597 2732 quia
1639 2685 1756 2722 eum
1806 2682 2048 2728 coactura
2101 2679 2168 2731 sit

630 2749 953 2812 przescientis
1003 2751 1315 2818 auctoritas,
1360 2756 1452 2809 sed
1499 2759 1662 2825 magis
1708 2761 1813 2814 Deo
1861 2765 2166 2830 praesciendi

629 2835 817 2902 ingerit
848 2837 1155 2902 qualitatem
1188 2838 1403 2895 libertas
1445 2846 1668 2910 praesciti
1711 2848 1937 2903 hominis
1980 2865 2043 2905 ac
2071 2867 2165 2906 vo-

628 2921 818 2975 luntas.
851 2922 987 2990 Ergo
1016 2938 1117 2977 non
1146 2926 1210 2979 de
1238 2927 1482 2983 violentia
1526 2935 1845 2999 praevidendi
1885 2938 2169 3007 imponitur

628 3010 827 3063 homini
863 3026 1019 3065 causa
1059 3015 1338 3081 peccandi,
1374 3020 1465 3073 sed
1498 3023 1660 3091 magis
1698 3023 1766 3077 de
1807 3034 2167 3085 consecmuris

628 3100 897 3152 lanuuinum
930 3101 1129 3154 meritis
1153 3103 1285 3157 ordo
1311 3108 1545 3161 exoritur
1581 3089 1959 3175 praenoscendi.
1989 3116 2162 3172 Gene-

2269 3112 2539 3168 mutatam,
2564 3113 2656 3158 aut
2682 3105 2953 3159 veritatem
2982 3104 3238 3159 convince
3266 3104 3571 3158 mentitam.

627 3187 749 3238 ralis
786 3186 959 3255 itaque
986 3191 1338 3258 prjescientia,
1376 3210 1492 3261 quas
1517 3197 1582 3250 de
1610 3209 1745 3254 statu
1793 3206 1969 3257 mundi
2003 3208 2162 3262 totius

626 3273 760 3339 apud
799 3274 960 3327 Deum
992 3286 1194 3342 manet,
1228 3279 1291 3332 de
1333 3285 1562 3348 potentia
1611 3290 1861 3353 nascitur,
1890 3292 1983 3345 sed
2026 3297 2163 3349 circa

626 3369 819 3415 statum
859 3363 1083 3417 hominis
1121 3367 1392 3433 qualitates
1429 3378 1483 3423 et
1528 3374 1725 3438 species
1770 3382 2161 3446 praenoscendi,

630 3452 697 3503 de
743 3452 952 3507 humani
994 3462 1141 3507 actus
1188 3457 1509 3524 inspectione
1554 3473 1839 3517 mutuatur.
1882 3468 1984 3521 Sed
2030 3471 2164 3524 inter

633 3540 730 3592 ista
749 3580 765 3603 ,
804 3541 912 3595 Deo
942 3544 1225 3609 respondes
1271 3559 1324 3598 et
1362 3548 1491 3602 dicis
1516 3567 1528 3600 :
1556 3551 1600 3603 Ο
1629 3552 1873 3619 Domine,
1904 3562 2166 3624 quomodo

629 3627 820 3682 bonum
847 3629 1238 3696 apprehendere
1261 3634 1427 3699 valui,
1459 3653 1609 3703 quem
1640 3650 1693 3691 tu
1721 3643 1909 3695 malum
1940 3647 2164 3699 futurum

629 3732 745 3769 es~,e
791 3718 1080 3784 praescisti?
1130 3734 1233 3772 non
1282 3722 1350 3773 ita
1396 3733 1493 3776 est.
1538 3726 1689 3779 Aliud
1742 3739 1823 3781 est
1871 3734 2007 3798 quod
2060 3736 2168 3788 vult

631 3806 797 3868 Deus,
847 3806 982 3858 aliud
1026 3816 1106 3859 est
1149 3809 1285 3875 quod
1328 3813 1583 3879 permittit
1624 3815 1781 3868 Deus.
1829 3818 1943 3872 Vult
1993 3822 2167 3891 itaque

627 3896 817 3949 bonum
836 3937 851 3959 ,
873 3906 925 3950 et
943 3901 1195 3965 permittit
1217 3903 1429 3968 malum,
1458 3909 1663 3973 prmscit
1694 3918 2001 3981 utrumque:
2029 3918 2164 3983 justa

627 3985 857 4041 bonitate
897 3988 1134 4056 adjuvat,
1178 3991 1368 4059 injuste
1399 4010 1493 4062 pro
1522 4000 1719 4054 arbitrii
1766 4004 2005 4061 libertate
2050 4024 2164 4077 per-

626 4073 803 4127 mittit.
848 4074 920 4127 De
968 4090 1064 4130 suo
1102 4086 1182 4131 est
1217 4082 1354 4147 quod
1398 4082 1488 4135 dat
1533 4087 1753 4153 gratiam
1777 4130 1791 4152 ,
1818 4093 1882 4145 de
1915 4104 1999 4147 tuo
2028 4073 2165 4159 quod

630 4162 905 4225 praenoscit
934 4164 1203 4219 oll‘ensam.
1239 4167 1303 4220 Et
1346 4170 1467 4225 inde
1495 4181 1577 4227 est
1604 4177 1741 4242 quod
1784 4181 1922 4233 circa
1961 4183 2165 4251 iniquos

628 4250 1002 4304 incessabiliter
1028 4253 1289 4309 invenitur
1316 4259 1593 4325 prohibere
1616 4278 1731 4330 qua:
1756 4268 1998 4331 providit.
2024 4270 2164 4325 Nun-

627 4355 782 4407 quam
812 4359 965 4408 prava
997 4342 1261 4399 hominum
1290 4350 1458 4400 studia
1489 4355 1795 4418 prteciperet
1840 4348 1902 4408 ad
1949 4361 2163 4413 meliora

627 4429 887 4489 cenverti,
918 4432 957 4480 si
988 4444 1048 4482 ea
1092 4432 1249 4484 sciret
1280 4448 1381 4483 non
1425 4448 1576 4499 posse
1609 4442 1827 4502 mutari;
1856 4452 1909 4493 et
1939 4445 2055 4497 ideo
2083 4461 2165 4500 re-

630 4513 905 4578 spondebit
934 4516 1022 4566 tibi
1069 4529 1448 4584 consequenter
1501 4523 1674 4575 divina
1727 4530 2094 4591 providentia:
2124 4539 2167 4588 Ο

637 4596 804 4661 homo,
859 4614 960 4652 non
1002 4612 1050 4655 te
1082 4604 1235 4656 talem
1285 4606 1382 4659 l'eci
1434 4610 1636 4676 qualem
1688 4624 1736 4667 te
1784 4615 2012 4672 futurum
2050 4636 2168 4677 esse

631 4690 888 4756 praescivi.
914 4692 1107 4746 Bonum
1132 4702 1182 4748 te
1212 4710 1304 4761 pro
1328 4698 1543 4763 justitite
1570 4717 1696 4754 mea:
1723 4705 1833 4772 lege
1864 4708 2099 4773 fonnavi,
2118 4721 2170 4765 et

630 4792 697 4830 ne
717 4779 907 4831 malum
924 4785 1214 4849 sequereris
1231 4786 1497 4849 admonui,
1522 4791 1712 4842 malum
1739 4803 1786 4846 te
1812 4810 1902 4860 pro
1920 4810 2167 4851 consecu-

632 4884 746 4924 tura
776 4874 1092 4927 voluntatum
1120 4884 1321 4929 tuarum
1353 4877 1623 4943 iniquitate
1660 4886 1892 4948 praevidi.
1929 4887 2025 4940 Ubi
2062 4904 2162 4940 non

631 4966 939 5033 compulsio,
965 4967 1054 5020 sed
1086 4974 1359 5028 consensio
1394 4973 1643 5037 peccandi
1676 4976 2086 5041 deprehenditur
2115 4982 2164 5032 in

629 5056 869 5120 querela;
908 5070 1007 5107 non
1040 5066 1239 5119 auctor,
1272 5058 1361 5109 sed
1396 5060 1761 5122 praevaricator
1799 5064 1849 5116 in
1880 5066 2027 5132 culpa
2066 5078 2161 5119 est.

629 5146 680 5195 Si
708 5144 771 5196 ad
802 5144 1075 5209 factorem,
1109 5147 1298 5213 inquit,
1333 5166 1362 5199 o
1390 5149 1565 5207 homo,
1598 5153 1827 5217 respicit,
1860 5156 2025 5207 bonus
2050 5170 2166 5209 esse

633 5232 864 5297 potuisti,
891 5233 934 5287 si
965 5234 1028 5286 ad
1060 5237 1482 5301 prmcognitorem
1506 5280 1518 5301 ,
1553 5248 1601 5290 tu
1650 5256 1729 5291 me
1770 5256 1861 5304 pro
1895 5252 2158 5308 gestorum

634 5329 835 5372 tuorum
874 5323 1057 5375 ordine
1087 5333 1139 5375 ut
1169 5322 1233 5374 de
1273 5334 1320 5374 te
1368 5325 1555 5375 malum
1605 5342 1980 5390 pra-noscerem
2022 5346 2163 5383 com-

633 5415 823 5477 pulisti.
862 5417 962 5469 Sed
1010 5417 1231 5469 revolvis
1275 5428 1322 5469 et
1368 5417 1535 5469 dicis:
1572 5422 1893 5483 prmscientia
1936 5434 1987 5475 et
2031 5439 2161 5489 prte—

629 5503 902 5556 tlestinatio
965 5506 1305 5557 humanorum
1368 5518 1571 5559 actuum
1630 5523 1785 5576 atque
1848 5514 2152 5565 meritorum

633 5590 849 5658 pra-ﬁgit
886 5604 936 5644 et
960 5596 1151 5645 excitat
1180 5609 1376 5647 causas.
1412 5595 1519 5647 Non
1550 5598 1616 5649 ita
1645 5609 1747 5663 est,
1781 5601 1940 5667 magis
1969 5602 2031 5655 de
2060 5604 2155 5655 ori-

2268 1868 2387 1921 gem
2442 1868 2582 1907 mors
2637 1854 2869 1909 defertur
2911 1856 2961 1909 in
3016 1856 3177 1910 verbo
3222 1849 3389 1920 trisﬁ,
3430 1856 3568 1910 vatis
3611 1855 3818 1910 veridicii

2267 1942 2572 1995 annuntiata
2626 1957 2877 2010 responso
2926 1945 2994 1997 ita
3055 1945 3321 1998 dicentis:
3365 1945 3565 1998 Ordine
3618 1942 3818 2015 ιοιιιιπιξ

2270 2043 2434 2099 tuam,
2465 2050 2580 2085 nam
2608 2048 2718 2086 cras
2743 2034 2966 2086 morieris
2997 2034 3046 2103 (1
3072 2034 3199 2105 Reg.
3229 2051 3311 2087 xu
3330 2035 3370 2103 ).
3399 2035 3467 2092 At
3497 2035 3591 2089 ille
3615 2049 3818 2105 coma;

2268 2134 2359 2173 sus
2399 2122 2464 2173 ad
2495 2120 2671 2174 ﬂetum
2690 2160 2705 2185 ,
2732 2121 2992 2175 ordinavit
3018 2122 3229 2175 domum
3261 2137 3440 2187 suam,
3469 2122 3600 2191 quis
3647 2122 3809 2175 humi~

2267 2210 2412 2264 liavit
2457 2213 2684 2263 animam
2736 2226 2905 2264 suam.
2958 2211 3215 2278 Propheta
3264 2211 3477 2279 quidem
3530 2210 3818 2279 explorata}

2268 2299 2560 2352 sanctitatis
2602 2299 2865 2367 agnoscit,
2915 2299 3007 2353 sed
3036 2298 3336 2368 desperatio
3382 2313 3477 2367 spe
3524 2298 3818 2368 repetitum}

2270 2388 2453 2442 Oratio
2484 2388 2748 2441 interdicit
2774 2389 3015 2452 oraculo,
3054 2389 3265 2442 resolVit
3306 2388 3613 2456 dvprecatio
3638 2386 3818 2456 delini-l

2282 2478 2515 2531 tionem:
2548 2476 2675 2531 lides
2718 2478 2872 2546 plena
2916 2474 3045 2532 dicti
3098 2487 3310 2544 superat
3360 2476 3665 2531 veritatem.
3709 2474 3805 2527 lae-

2270 2566 2531 2620 vitabilem
2560 2566 2879 2620 denuntiatae
2911 2565 3094 2620 mortis
3121 2578 3613 2621 causamestretna
3664 2565 3805 2619 vincit

2266 2654 2506 2710 deﬂentis
2536 2656 2831 2709 inﬁrmitas.
2864 2655 3116 2710 Humiliat
3158 2670 3217 2711 se
3261 2655 3521 2725 fragilitas
3557 2656 3803 2717 humans.

2266 2752 2319 2795 et
2344 2743 2444 2796 vim
2476 2743 2753 2812 quamdam
2777 2745 2970 2814 patitur
3003 2744 3179 2799 divina
3210 2750 3497 2799 sententia.
3528 2746 3683 2801 Sicut
3708 2747 3803 2799 ait:

2269 2831 2494 2902 Regnum
2529 2832 2765 2886 caelorum
2804 2834 2902 2886 vim
2938 2834 3127 2903 patitur
3162 2832 3377 2899 (Matth.
3404 2832 3508 2903 XI).
3541 2832 3803 2887 Omnino-

2266 2920 2347 2973 dis
2373 2921 2657 2975 moriturus
2687 2920 2893 2986 fuisset,
2917 2922 3017 2976 nisi
3042 2923 3255 2976 territus
3277 2921 3656 2990 supplicasset.
3679 2908 3818 2990 El‘gel

2268 3020 2440 3065 utrum
2489 3013 2648 3077 velis,
2690 3024 2783 3068 aut
2834 3013 3101 3083 praelium
3154 3013 3528 3068 necessitatem
3573 3010 3803 3068 conﬁtere

2883 3234 3105 3289 CAPUT
3141 3235 3204 3289 ιιι

2417 3343 2549 3407 Quia
2574 3344 2713 3395 aliud
2737 3352 2809 3396 est
2837 3345 3089 3410 praescire,
3116 3346 3257 3398 aliud
3287 3348 3675 3414 prwdestinars.

2336 3470 2616 3534 Apostolus
2664 3471 2736 3523 ait
2774 3490 2787 3523 :
2830 3472 2964 3535 Quos
3018 3474 3281 3537 prcsdvit,
3325 3484 3371 3526 et
3411 3476 3798 3545 prcdestiam’t,

2265 3557 2545 3620 conformes
2588 3559 2696 3623 ﬁeri
2723 3546 2955 3626 imaginis
2992 3559 3113 3613 Filii
3152 3563 3232 3613 sui
3272 3562 3454 3629 (Rom.
3483 3565 3637 3634 VIII).
3668 3568 3799 3619 Aliud

2264 3652 2346 3696 est
2374 3646 2635 3711 praescire,
2668 3647 2806 3697 aliud
2849 3650 3241 3714 pmdestinare.
3272 3650 3617 3710 Praesrientia
3647 3658 3799 3724 itaque

2264 3735 2491 3801 gerenda
2539 3738 2854 3801 praenoscit,
2905 3741 3233 3804 postmodum
3278 3744 3681 3809 predeuistatio
3719 3762 3795 3800 reo

2265 3821 2537 3889 tribuenda
2564 3824 2830 3879 describit.
2861 3827 2948 3879 Illa
2979 3828 3228 3895 pracvidct
3255 3832 3462 3894 metita,
3489 3832 3614 3886 hac
3634 3847 3801 3901 pmor-

2263 3912 2406 3966 dinat
2434 3914 2670 3981 praemia.
2703 3914 3037 3971 Prceseientia
3076 3918 3141 3972 ad
3180 3921 3506 3988 potentiam,
3539 3923 3797 3992 pradoni-

2262 4002 2405 4055 natio
2448 4002 2511 4055 ad
2541 4002 2796 4070 justitiam
2844 4008 3088 4074 pertinet.
3139 4003 3476 4064 Prmscientia
3529 4013 3604 4068 de
3644 4012 3797 4067 alieno

2262 4093 2498 4145 subsistit
2530 4103 2677 4160 actu,
2715 4096 3101 4163 praedestinatio
3128 4109 3301 4154 autem
3343 4101 3411 4156 de
3442 4102 3652 4170 judicio
3688 4119 3793 4165 suo;

2264 4184 2353 4235 illa
2398 4183 2596 4238 facinus
2627 4187 2949 4251 manifestat,
2995 4190 3093 4243 iSta
3135 4193 3477 4260 condemnat;
3523 4197 3617 4252 illa
3645 4198 3791 4257 testis

2266 4271 2375 4323 haec
2417 4263 2575 4338 judex
2632 4284 2731 4326 est.
2777 4276 2907 4329 Cum
2959 4277 3045 4331 illa
3100 4283 3517 4342 pronuntiaverit
3573 4300 3791 4347 mnsam.

2266 4369 2389 4411 tunc
2423 4364 2725 4426 pronuntiat
2755 4363 2854 4415 ista
2894 4368 3229 4420 sententiam.
3267 4369 3309 4421 A
3340 4373 3675 4437 ι)ηωίωὼ
3699 4387 3795 4441 qu

2266 4456 2385 4499 sunt
2432 4458 2607 4500 nostra
2638 4450 2944 4515 produntur,
2975 4467 3003 4503 a
3036 4455 3505 4519 prtedestinatitine
3550 4474 3670 4528 qua
3694 4468 3794 4513 sunt

2270 4545 2646 4599 praeparantur.
2694 4541 2768 4590 Ac
2800 4538 2878 4591 sic
2907 4540 3007 4592 nisi
3053 4556 3143 4607 pro
3163 4542 3383 4597 scientia
3431 4547 3790 4615 exploraverit,

2270 4627 2656 4688 prmdestinatio
2686 4627 2752 4680 uil
2784 4628 3036 4683 decernit.
3066 4631 3213 4685 Oculi
3252 4644 3429 4688 autem
3468 4637 3649 4693 vicem
3686 4651 3795 4705 ρης

2268 4713 2496 4764 scientiae
2536 4713 2700 4766 virtus
2729 4725 2965 4783 exercet,
2999 4728 3050 4770 et
3082 4720 3219 4786 quod
3258 4733 3317 4773 se
3344 4725 3593 4789 aspectui
3619 4726 3791 4780 obtuli“-

2271 4802 2376 4862 rit,
2432 4801 2531 4854 hoc
2582 4801 2796 4856 videbit.
2847 4806 3083 4873 Nunquid
3142 4807 3333 4862 fecisse
3376 4810 3642 4880 creditur,
3677 4814 3793 4884 quid

2270 4890 2675 4958 deprehendisse
2712 4894 3073 4960 cognoscitur?
3110 4895 3240 4949 Cum
3268 4906 3445 4952 autem
3472 4903 3624 4958 oculi
3655 4916 3713 4959 ea
3735 4920 3793 4951 τ-

2270 4981 2456 5046 deant,
2489 4996 2591 5034 non
2620 4996 2735 5049 quae
2766 4982 2861 5049 ipsi
2895 4983 3208 5039 intrinsecus
3238 4996 3556 5054 operantur.
3584 4992 3791 5060 actique

2267 5070 2341 5122 eis
2377 5072 2701 5124 extrinsecus
2735 5071 3040 5139 oll‘eruntur,
3082 5074 3125 5127 si
3170 5085 3474 5142 peccantem
3517 5081 3789 5152 que-piam

2271 5158 2405 5212 forte
2449 5162 2813 5227 conspexerint
2836 5204 2849 5228 ,
2888 5178 2989 5216 non
3032 5166 3219 5231 opinor
3254 5167 3507 5232 videntis.
3540 5170 3639 5227 sed
3672 5185 3791 5225 tam-

2276 5248 2527 5303 mittentis
2566 5250 2814 5318 ﬂagitium
2855 5253 3208 5320 jndlcabitur:
3240 5255 3311 5307 ita
3360 5260 3575 5333 nongad
3612 5273 3793 5333 prasto-

2265 5339 2478 5403 secntis,
2506 5340 2595 5392 sed
2628 5340 2691 5393 ad
2738 5344 3041 5410 praecogniti
3084 5345 3364 5411 pertinebit
3407 5320 3787 5406 ηὲἰωόοω

2264 5426 2531 5481 delictum.
2559 5429 2646 5482 Sic
2674 5437 2726 5483 et
2763 5432 2898 5486 Deus
2932 5448 2989 5485 ea
3019 5443 3141 5488 ante
3181 5434 3321 5489 diem

2262 5513 2380 5575 det,
2412 5530 2525 5584 quae
2573 5534 2672 5570 non
2705 5534 2732 5571 a
2771 5535 2858 5583 se,
2891 5523 2981 5576 sed
3018 5526 3086 5576 ab
3133 5525 3347 5580 homine
3385 5526 3633 5586 facienda
3662 5530 3785 5582 sull-

2262 5604 2327 5657 Et
2353 5606 2482 5659 sicut
2514 5609 2729 5661 materia
2757 5613 3027 5667 existentis
3063 5612 3223 5668 efficit
3262 5625 3319 5670 ut
3346 5632 3469 5673 eam
3492 5617 3635 5674 oculi
3658 5610 3785 5670 add
