3818 6226
96 284 164 337 817

1049 297 1055 303 ·
1099 280 1185 333 DE
1221 279 1471 335 GRATIA
1512 279 1650 342 DEI.
1691 279 1862 345 ETC.,
1903 282 2023 337 LIB.
2068 284 2133 339 II.

3101 278 3203 335 ttlii

93 388 438 455 contempletur.
485 399 588 441 non
637 396 810 443 autem
866 388 1048 443 oculus
1096 390 1214 445 facit
1255 400 1313 445 ut
1349 405 1438 446 res
1484 391 1558 444 vi-
1586 394 1635 453 Α
1661 400 1727 446 rit
1756 393 1926 459 jntus
1964 392 2051 462 qui
2089 394 2202 447 sine
2248 393 2459 461 proprio
2502 392 2721 447 crimine
2763 408 2791 444 a
2847 391 3203 446 misericordia

91 480 215 535 danda
245 486 478 533 nascatur
518 495 532 530 :
564 478 631 533 ita
660 487 713 531 et
752 480 1081 547 praescientia
1115 481 1204 536 Dei
1241 497 1303 538 ea
1340 499 1458 552 qua:
1497 485 1563 539 de

92 568 297 622 hominum
344 569 544 630 meritis
591 577 830 622 secutura
884 580 1036 636 sunt,
1066 586 1170 626 non
1214 582 1269 626 ut
1320 573 1567 627 eveniant

88 658 229 726 exigit,
255 656 339 711 sed
376 667 627 711 eventura
672 657 965 724 praecurrit.
998 658 1061 713 Et
1097 662 1216 728 quia
1262 648 1431 715 sacri's
1458 661 1561 714 elo-

88 749 187 817 quiis
208 748 353 802 moris
384 755 466 802 est
511 752 566 800 ut
611 762 705 815 per
746 757 1064 815 assumptum
1100 764 1464 818 quamcunque
1492 751 1565 803 si-

86 835 376 892 militudinem
405 835 703 890 asserenda:
726 837 802 890 rei
829 837 1068 905 aperiant
1096 839 1392 903 veritatem,
1434 842 1569 892 sicut

87 924 295 978 interdum
330 924 415 978 vel
447 937 610 991 grano
648 924 864 994 sinapis,
905 926 987 981 vel
1033 926 1290 982 fermento
1331 927 1569 983 mulieris

84 1014 366 1083 evangelicae,
409 1013 493 1069 vel
535 1026 741 1083 sugente
788 1013 963 1070 missae
1007 1017 1059 1072 in
1103 1030 1270 1084 mare,
1310 1025 1363 1071 et
1409 1032 1563 1086 quam

86 1103 199 1170 plura
222 1102 335 1156 talia
359 1116 574 1171 regnmu
603 1104 858 1159 calorum
902 1105 1120 1175 legimus
1152 1108 1475 1175 comparari,
1500 1107 1570 1161 ita

83 1202 119 1245 cl
141 1182 569 1262 nos‘distinguere
610 1192 884 1260 cupientes
913 1192 1105 1262 futura,
1137 1195 1362 1251 instituti
1407 1210 1573 1264 genus

83 1283 295 1352 colligitur
329 1283 663 1350 praesciendi.
696 1284 846 1350 Quod
891 1284 934 1341 si
974 1285 1218 1354 praescire
1253 1286 1573 1353 compellere

82 1380 166 1434 est,
193 1371 267 1437 qui
294 1370 549 1439 praevidet
582 1381 942 1440 peccatorem,
972 1387 1099 1440 ergo
1122 1371 1235 1439 ipse
1269 1387 1422 1426 causa
1454 1388 1573 1441 pec-

82 1458 159 1510 cati
192 1460 296 1513 est?
327 1458 544 1513 Praescit
583 1459 898 1514 adulterium
952 1461 1108 1523 Deus,
1139 1474 1266 1528 ergo
1304 1460 1414 1529 ipse
1455 1477 1573 1515 ossa

82 1555 119 1596 et
160 1546 395 1601 medullas
456 1536 661 1613 ignibus
720 1545 937 1601 obsceni
994 1546 1183 1601 furoris
1244 1548 1573 1601 inﬂammat?

82 1632 253 1688 Pruscit
298 1634 435 1689 Deus
484 1633 839 1702 homicidam,
889 1635 1121 1705 nunquid
1167 1636 1278 1703 ipse
1326 1637 1574 1694 bestiales

1668 484 2002 550 repelluntur.
2027 481 2176 547 Quod
2203 481 2249 535 si
2274 481 2428 535 ambo
2471 481 2546 535 rei
2591 489 2712 533 sunt
2741 481 2792 534 in
2825 489 3031 542 natura,
3059 489 3113 534 et
3151 480 3205 534 in

1668 569 1767 624 isto
1792 570 1991 637 iustitia
2021 570 2417 637 periclitabitur,
2455 569 2694 638 qui‘sine
2736 570 2925 623 merito
2964 568 3210 636 indignus

1663 660 1894 730 eligitur,
1933 670 1986 716 et
2034 662 2087 714 in
2132 661 2222 714 illo
2258 658 2643 725 misericordia,
2672 661 2759 725 qui
2796 658 3034 726 petitioni
3087 658 3204 711 sine

1668 752 1867 818 peccati
1912 750 2108 818 judicio
2152 752 2448 819 deputatur.
2494 750 2605 815 Qua
2653 749 2792 803 enim
2847 748 3204 802 misericordia

1668 838 1953 894 honoratur
1978 839 2349 906 otiosus?__qua
2375 838 2575 906 jnstitia
2615 824 2889 891 damnatur
2926 838 3210 890 innoxius?

1667 927 1844 993 Itaque
1872 928 1995 979 dum
2024 925 2263 995 imperite
2304 925 2438 979 tollit
2471 924 2664 978 homini
2709 925 3023 988 libertatem,
3052 926 3209 993 impie

1669 1014 1777 1069 Deo
1805 1014 2050 1082 probatur
2084 1027 2274 1081 negare
2306 1013 2579 1081 justitiam.
2604 1012 2661 1066 Si
2690 1011 2832 1065 dicas
2860 1014 2980 1080 quia
3009 1022 3210 1066 tantum

1671 1098 1969 1157 misericors
2014 1103 2067 1156 in
2093 1102 2366 1169 acquisita,
2405 1111 2459 1156 et
2501 1102 2668 1154 solum
2707 1100 2877 1168 justus
2922 1101 2975 1153 in
3004 1101 3212 1168 perdito

1671 1200 1785 1255 est,
1816 1190 1865 1242 in
1909 1198 2129 1256 utraque
2166 1202 2388 1258 persona
2433 1188 2651 1256 abrupte
2681 1189 2893 1255 negabis
2941 1197 3213 1256 utramque

1671 1280 1934 1329 virtutem.
1963 1276 2092 1329 Nam
2121 1292 2218 1330 nec
2248 1278 2297 1328 iu
2329 1276 2425 1329 hoc
2452 1277 2552 1329 erit
2594 1278 2831 1344 mquitas,
2858 1277 2899 1329 si
2926 1277 3085 1345 eligat
3109 1292 3210 1331 non
3250 1298 3265 1315 τ

1675 1365 1983 1432 probatum;
2014 1379 2108 1417 nec
2134 1366 2186 1417 in
2218 1365 2307 1423 illo
2334 1364 2557 1429 bonitas,
2585 1366 2629 1419 si
2659 1368 2843 1434 perdat
2874 1368 3213 1422 immeritum.

1674 1451 1777 1505 Nos
1806 1460 1979 1505 autem
2010 1453 2274 1521 geminum
2320 1454 2419 1505 hoc
2458 1453 2507 1505 in
2558 1453 2649 1506 Dei
2693 1456 2940 1522 operibus
2985 1455 3213 1519 bonum,

1674 1541 2005 1606 inseparabili
2036 1552 2332 1597 consertum
2365 1542 2589 1596 fatemur
2621 1546 2893 1614 amplexu;
2925 1546 3060 1599 sicut
3089 1547 3216 1615 legi-

1676 1645 1793 1684 mus
1816 1647 1829 1682 :
1863 1630 2257 1683 Miaericordiam
2284 1641 2329 1685 et
2354 1633 2608 1701 judicium
2633 1634 2846 1686 cantabo
2872 1635 2977 1696 tibi,
3004 1634 3217 1688 Domine

80 1729 218 1776 motus
252 1722 564 1791 perturbatis
600 1723 844 1777 sensibus
877 1724 1138 1794 suggerit?
1167 1726 1285 1794 Ipse
1325 1726 1389 1779 ad
1430 1743 1576 1793 pera-
1611 1723 1650 1778 Β
1681 1719 1847 1791 (Psal.
1876 1720 1949 1791 c).
1980 1722 2045 1774 Et
2082 1721 2309 1776 iterum:
2344 1722 2632 1777 Misericors
2675 1724 2920 1778 Dominus
2958 1734 3003 1777 et
3020 1729 3213 1795 justus;

78 1808 263 1874 gendum
308 1811 507 1864 facinus
555 1810 785 1879 gladium
825 1823 1054 1867 cruentae
1096 1815 1285 1869 mentis
1332 1815 1571 1868 exacuit?

80 1896 256 1951 Prescit
302 1898 557 1967 impium,
603 1913 731 1969 ergo
774 1900 888 1969 ipse
931 1901 996 1955 ad
1050 1903 1265 1969 profana
1318 1902 1569 1955 sacrificia

78 1987 274 2054 spiritum
322 1989 586 2043 dementis
634 1990 889 2060 instigat?
932 1989 1075 2045 Itane
1125 2006 1343 2059 quarum
1399 2007 1570 2045 terum

78 2078 187 2131 ultor
206 2087 314 2146 est,
353 2094 535 2134 earum
577 2088 631 2136 et
672 2089 860 2135 auctor
897 2094 1017 2136 esse
1054 2080 1347 2135 credendus
1382 2082 1498 2135 est?
1525 2091 1575 2134 et

77 2166 183 2219 inter
214 2166 318 2223 hac
355 2167 423 2222 ad
461 2169 655 2225 malum
699 2184 982 2239 perurgere
1016 2169 1328 2237 iudicandus
1369 2180 1449 2223 est
1485 2184 1570 2223 ca-

76 2254 198 2320 ptivae
235 2256 514 2314 voluntatis
559 2270 870 2323 assensum,
910 2257 999 2326 qui
1038 2272 1134 2311 nec
1173 2257 1385 2312 diabolo
1426 2272 1575 2311 com-

76 2341 233 2407 pellere
258 2343 494 2410 permisit
518 2343 771 2399 invitum?
800 2344 1053 2399 Voluntas
1081 2354 1161 2398 est
1185 2358 1303 2414 quas
1330 2353 1578 2413 operatur

76 2430 312 2499 delictum,
352 2434 597 2487 voluntas
624 2443 706 2488 est
735 2449 851 2503 qua
891 2444 1125 2489 tueretur
1159 2435 1432 2489 auxilium.
1474 2436 1574 2490 Sed

73 2520 207 2574 dicis:
237 2520 450 2575 Invenio
472 2522 559 2575 ubi
590 2522 700 2578 sola
732 2523 895 2591 gratia
920 2524 1034 2576 sine
1059 2524 1309 2578 societate
1336 2523 1578 2577 humana:

74 2608 312 2665 voluntatis
340 2619 613 2680 operetur.
656 2610 786 2666 Nam
827 2610 877 2664 in
920 2611 1190 2665 Bethleem
1232 2612 1401 2665 omnis
1431 2612 1577 2666 inno-

74 2696 261 2749 centium
304 2697 531 2766 populus
574 2705 679 2751 tam
722 2697 931 2753 beatam
975 2686 1196 2753 mortem
1226 2715 1292 2755 ex
1326 2700 1436 2756 sola
1487 2701 1579 2755 Dei

74 2783 493 2845 praedestinatione
521 2786 884 2856 consequitur.
914 2786 1026 2842 Non
1068 2788 1137 2843 ita
1166 2798 1264 2844 est.
1292 2788 1423 2843 Nam
1471 2798 1579 2843 tum

73 2871 251 2929 forsitan
285 2877 452 2931 solius
487 2878 667 2947 gratiae
704 2885 999 2932 verteretur
1040 2880 1306 2947 operatio,
1342 2881 1387 2933 si
1430 2880 1579 2933 inno-

72 2963 205 3017 centis
229 2965 496 3033 sanguinis
533 2980 637 3022 non
682 2965 1071 3021 intercessisset
1106 2966 1311 3020 eﬂ'usio.
1340 2966 1488 3031 Quod
1534 2970 1578 3020 si

1673 1820 1717 1861 et
1764 1809 1893 1863 Deus
1943 1819 2109 1863 noster
2156 1811 2463 1865 miserebitur
2506 1810 2683 1881 (Psal.
2714 1812 2859 1881 xw).
2887 1815 2948 1867 Et
2988 1814 3213 1866 iterum:

1675 1899 1959 1954 Bliaericora
2005 1910 2049 1953 et
2097 1902 2386 1965 miserator,
2445 1914 2495 1956 et
2532 1905 2699 1972 justus
2749 1904 2993 1957 Dominus
3038 1903 3216 1971 (l’sal.

1672 1989 1817 2059 οη).
1849 1991 1976 2043 Nam
2003 1991 2303 2046 misericors
2329 2000 2442 2055 est,
2476 2000 2530 2046 et
2557 1993 2609 2045 in
2641 1992 2869 2060 perditos
2894 2008 3024 2059 quas
3051 1992 3220 2061 inqui-

1673 2079 1736 2128 rit
1761 2087 1814 2131 et
1841 2078 2024 2131 invitat
2047 2088 2300 2142 errantes,
2340 2081 2426 2149 qui
2458 2081 2544 2135 diu
2574 2082 2797 2135 sustinet
2832 2083 3215 2151 delinquentes.

1676 2165 1734 2217 Et
1766 2168 1900 2219 sicut
1923 2168 2078 2220 salem
2120 2185 2265 2222 suum
2296 2172 2417 2223 oriri
2457 2170 2578 2238 facit
2606 2188 2756 2239 super
2787 2172 2939 2226 bonas
2967 2183 3011 2226 et
3036 2175 3219 2237 malas,

1674 2263 1720 2305 et
1744 2254 1869 2321 pluit
1895 2271 2044 2322 super
2062 2259 2231 2323 justas
2258 2267 2303 2308 et
2333 2258 2548 2326 injustas
2574 2259 2783 2325 (Matth.
2817 2262 2918 2328 ιιι),
2952 2263 3021 2314 ita
3051 2269 3221 2315 utros-

1674 2357 1776 2409 que
1815 2341 2169 2398 indiiTerenler
2216 2346 2409 2398 lumine
2454 2347 2671 2399 rationis
2709 2348 2974 2415 implevit,
3015 2348 3214 2402 honore

1680 2430 1917 2497 imaginis
1940 2445 2048 2483 sua:
2088 2431 2279 2493 induit,
2312 2434 2375 2504 ad
2402 2435 2617 2501 gratiam
2660 2435 3035 2503 redemptionis
3063 2450 3219 2504 gene-

1678 2519 1858 2573 ral‘ter
1887 2522 2143 2573 evocavit.
2172 2522 2317 2576 Itane
2345 2524 2643 2578 misericors
2678 2526 2729 2578 in
2760 2525 2851 2579 illo
2878 2542 2980 2579 non
3022 2526 3136 2591 fuit,
3168 2526 3221 2580 in

1678 2622 1830 2675 quem
1870 2618 2011 2662 tanta
2041 2598 2335 2678 congessit,
2363 2625 2516 2679 quem
2547 2612 2612 2666 de
2654 2613 2887 2682 neglecta
2930 2624 2984 2668 et
3022 2615 3219 2683 perdita

1682 2698 2038 2751 misericordia
2063 2699 2313 2764 judicavit
2333 2700 2351 2752 ἲ
2372 2702 2485 2755 Jam
2516 2701 2635 2753 illud
2664 2703 2878 2756 minoris
2902 2703 3094 2771 negotii
3120 2715 3221 2765 est,

1679 2795 1736 2839 ut
1770 2800 1889 2854 erga
1936 2784 2241 2853 acquisitos,
2280 2789 2413 2840 sicut
2452 2788 2875 2855 misericordem,
2910 2792 2981 2843 ita
3020 2792 3217 2857 justum

1679 2887 1794 2925 esse
1822 2873 2117 2926 doceamus.
2164 2871 2366 2937 Justus,
2406 2874 2649 2942 inquam,
2692 2885 2745 2930 et
2786 2878 2923 2932 circa
2968 2892 3058 2932 eos
3082 2876 3215 2947 quas

1679 2960 1893 3027 suscipit
1939 2969 2300 3025 revertentes,
2346 2977 2474 3031 quos
2522 2979 2624 3017 non
2664 2965 2859 3019 deserit
2896 2956 3217 3035 laborantes,

73 3063 149 3101 una
173 3058 286 3105 tunc
312 3052 406 3106 fuit
434 3053 793 3107 innocentium
821 3068 998 3120 causa,
1028 3069 1122 3109 cur
1146 3069 1248 3107 non
1277 3054 1446 3107 omnis
1474 3054 1580 3107 illic
1607 3052 1650 3113 C
1684 3061 1811 3114 quos
1838 3048 2023 3115 dignos
2051 3048 2212 3101 efﬁcit
2236 3050 2492 3115 libertate,
2527 3052 2745 3107 fideliter
2771 3057 3078 3111 servientes.
3106 3058 3222 3111 Ila:-

72 3138 265 3191 salvatur
292 3139 548 3203 infantia?
573 3140 807 3194 Abillius
831 3142 969 3195 enim
997 3141 1248 3209 temporis
1274 3142 1437 3210 gloria
1466 3154 1579 3193 om-

72 3228 131 3277 oés
167 3237 282 3282 satas
319 3228 542 3283 alterius
581 3242 738 3282 sexus
767 3229 936 3283 aliena
979 3236 1078 3283 est.
1108 3229 1163 3284 Si
1194 3229 1273 3283 vis
1309 3230 1579 3298 praedesti-

72 3315 259 3371 nationis
294 3317 582 3386 specialem
628 3330 722 3388 per
760 3316 989 3387 singulos
1030 3318 1152 3371 facit
1194 3316 1574 3384 conditionem,

71 3416 142 3455 cur
168 3404 242 3459 hic
277 3418 466 3460 omnes
499 3405 651 3475 pueri
683 3405 907 3460 diversis
950 3405 1152 3461 dierum
1195 3406 1278 3461 vel
1322 3408 1578 3461 mensium

70 3493 352 3558 temporibus
383 3493 496 3547 nati
541 3508 697 3547 unam
729 3494 967 3549 obtinent
1007 3492 1343 3549 felicitatem?
1374 3495 1427 3549 Si
1456 3509 1580 3549 vero

69 3581 323 3642 promiscua
352 3582 405 3637 in
432 3596 627 3653 genere
656 3582 888 3637 humano
924 3584 1197 3653 electionis
1224 3586 1355 3639 ratio
1385 3587 1577 3653 agitur,

68 3680 138 3720 cur
162 3672 220 3723 ab
246 3672 342 3727 hoc
368 3688 594 3728 munere
616 3674 787 3728 omnis
816 3682 982 3730 status
1014 3676 1259 3743 puellaris
1288 3676 1578 3743 excipitur?

68 3756 141 3810 llic
178 3774 293 3830 ergo
338 3761 542 3817 decreti
588 3770 731 3816 sorte
775 3772 1043 3827 cessante,
1083 3777 1225 3817 mors
1264 3764 1440 3829 pueris
1486 3778 1579 3829 pro

67 3846 221 3901 diaboli
264 3850 488 3903 infertur
542 3850 746 3917 furore,
792 3864 932 3904 mors
972 3865 1099 3903 vero
1144 3851 1438 3905 beatissima
1483 3865 1580 3917 pro

68 3932 135 3988 Dei
160 3934 348 3990 honore
386 3936 678 3991 confertur.
726 3936 839 3990 Non
884 3950 1009 4003 ergo
1047 3951 1139 3990 eos
1190 3937 1579 4004 praedestinatio

67 4023 191 4077 morti
216 4024 443 4091 addixit,
477 4023 573 4078 sed
613 4037 786 4078 causa:
814 4026 1023 4079 occasio
1064 4014 1404 4079 consecravit.
1439 4026 1579 4079 Hanc

67 4112 208 4177 itaque
258 4113 603 4179 parvulorum
648 4104 1107 4178 interfectionem,
1156 4128 1259 4166 non
1306 4113 1579 4181 dispositio

68 4195 163 4265 Dei,
196 4200 284 4255 sed
326 4202 577 4271 impietas
606 4197 889 4256 ordinavit
934 4204 1147 4258 inimici.
1190 4204 1327 4259 Deus
1369 4214 1575 4270 autem,

66 4288 131 4352 qui
153 4291 295 4346 etiam
326 4292 485 4346 malis
514 4292 781 4345 hominum
813 4293 945 4347 bene
976 4296 1156 4360 utitur,
1191 4293 1441 4362 perempti
1472 4295 1579 4362 glo-

1680 3139 1869 3188 reticus
1898 3146 2070 3189 autem
2104 3138 2221 3191 ideo
2247 3140 2384 3192 circa
2416 3142 2580 3193 malos
2611 3155 2761 3210 negat
2802 3146 3217 3209 misericordem,

1679 3224 1797 3291 quia
1844 3239 1947 3277 non
1992 3227 2159 3279 credit
2202 3228 2428 3281 oblatam
2462 3230 2621 3283 fuisse
2665 3234 2846 3285 salutis
2886 3238 3086 3300 capiam
3138 3238 3219 3289 his

1679 3314 1765 3381 qui
1793 3312 2110 3367 delabuntur
2140 3315 2189 3367 in
2229 3326 2469 3369 mortem.
2498 3317 2618 3371 Ideo
2644 3321 2781 3373 circa
2809 3321 2974 3374 bonos
3005 3338 3106 3375 non
3137 3340 3219 3375 as-

1680 3400 1807 3453 serit
1832 3400 2050 3468 justum,
2080 3402 2199 3470 quia
2242 3403 2363 3456 nihil
2393 3406 2469 3457 eis
2510 3407 2736 3460 mstimat
2777 3423 2872 3477 pro
2913 3410 3093 3463 humili
3124 3412 3219 3465 de—

1682 3489 1889 3543 votione
1914 3489 2180 3545 collatum.
2214 3492 2511 3547 Misericors
2547 3509 2671 3563 ergo
2712 3505 2813 3561 est,
2842 3499 2959 3565 quia
2991 3507 3043 3552 et
3070 3501 3218 3553 malis

1683 3574 1873 3644 ingerit
1920 3576 2137 3630 rationis
2181 3578 2535 3641 intellectum,
2568 3591 2619 3635 et
2664 3583 2909 3638 bonitatis
2954 3585 3216 3641 affectum.

1680 3664 1860 3719 Justus
1886 3680 2027 3731 vero,
2058 3667 2176 3734 quia
2214 3668 2473 3721 obedienti
2514 3673 2755 3737 proponit
2795 3675 3091 3739 praemium;
3128 3676 3216 3743 ju-

1680 3762 1811 3816 stus,
1839 3755 1955 3819 quia
2001 3756 2197 3807 nullum
2228 3757 2395 3809 salvat
2440 3759 2677 3812 invitum.
2720 3760 2898 3826 Itaque
2937 3763 3217 3829 Apostolus

1680 3840 1953 3908 magniﬁce
1979 3840 2042 3892 ad
2070 3840 2263 3895 donum
2289 3845 2469 3910 gratim
2494 3845 2721 3899 ofﬁcium
2750 3848 2939 3901 labaris
2959 3850 3212 3918 adiungit,

1678 3928 1749 3982 ita
1776 3930 1955 3984 dicens
1986 3949 1998 3984 :
2039 3931 2364 3985 Laborautem
2400 3935 2670 4003 agricolam
2709 3945 2901 4005 Oportet
2937 3938 2998 3989 de
3042 3940 3219 4005 fructi-

1678 4021 1768 4074 bus
1797 4023 2022 4091 accipere
2049 4022 2099 4093 (I
2126 4022 2257 4076 Tim.
2289 4023 2365 4092 ιι).
2401 4026 2535 4078 Ecce
2578 4027 2838 4094 quomodo
2864 4028 2962 4081 sibi
2992 4029 3217 4083 admira-

1679 4109 1771 4163 bili
1820 4113 2133 4164 commercio
2180 4112 2355 4164 divina
2409 4121 2461 4166 et
2517 4114 2740 4168 humana
2802 4116 3085 4170 sociantur.
3136 4120 3215 4172 Ad

1680 4200 2024 4254 obedientiam
2056 4200 2279 4267 pertinet
2317 4201 2482 4265 labor,
2514 4201 2710 4255 fructus
2753 4218 2877 4257 vcro
2922 4206 3113 4260 laboris
3150 4211 3215 4260 ad

1678 4292 1912 4358 gratiam.
1967 4291 2032 4344 Et
2081 4292 2266 4345 iterum
2301 4309 2313 4344 :
2351 4292 2700 4363 Unusquisque
2737 4296 2990 4363 propriam
3034 4313 3219 4350 merce-

67 4376 169 4431 Iiam
202 4381 264 4435 de
303 4382 511 4436 scelere
541 4381 844 4448 perimentis
878 4391 1141 4451 operatur.
1172 4382 1439 4437 Contraria
1465 4382 1579 4451 qni-
1602 4381 1651 4441 D
1677 4380 1785 4432 dem
1816 4382 2021 4449 accipiet
2062 4384 2329 4434 secundum
2372 4398 2515 4435 suum
2543 4382 2763 4435 laborem
2794 4383 2837 4452 (1
2866 4383 2980 4437 Cor.
3008 4384 3104 4453 tt);
3135 4400 3217 4439 se-

65 4464 159 4518 dem
194 4462 419 4525 maliti"
450 4469 667 4538 iisponit
711 4470 975 4537 inventor,
1004 4472 1094 4525 sed
1124 4470 1371 4525 bonitatis
1400 4461 1579 4525 auctor

66 4552 103 4603 in
128 4556 299 4611 melius
323 4556 551 4612 consilia
572 4556 791 4611 adversa
816 4558 1098 4626 componit.

634 4687 856 4743 CAPUT
893 4687 977 4740 IV.

68 4764 336 4842 Coutraghoc
349 4775 493 4842 quod
524 4775 731 4827 dicunt:
760 4792 778 4823 ι
802 4774 866 4826 In
903 4776 1020 4827 istos
1058 4776 1337 4828 misericors
1363 4786 1433 4827 est
1462 4791 1584 4842 quos

120 4841 333 4911 acquirit,
364 4841 425 4896 in
463 4843 585 4895 illos
618 4846 789 4911 justus
814 4852 881 4897 est
910 4860 1032 4909 quos
1072 4843 1299 4911 reliquit,
1332 4863 1350 4894 ι
1381 4841 1491 4894 cum
1537 4852 1586 4894 et

122 4906 238 4959 circa
266 4912 427 4965 malos
474 4906 779 4977 misericors,
809 4923 853 4964 et
883 4906 1017 4963 circa
1058 4906 1209 4964 bonos
1239 4913 1388 4963 etiam
1415 4912 1584 4979 justus

120 4987 358 5041 αρρατεαι-

120 5080 164 5134 Si
202 5083 429 5141 hominis
460 5094 659 5140 statum
691 5088 854 5153 Deus,
884 5091 1017 5145 sicut
1051 5088 1378 5159 blasphemat
1407 5091 1587 5157 impie-

69 5174 147 5235 ως,
171 5186 266 5227 non
294 5176 571 5246 aequitate,
600 5176 693 5229 sed
722 5187 974 5244 potestate
1001 5178 1263 5247 diSponit,
1293 5179 1382 5232 ille
1409 5179 1583 5233 tortas

69 5260 125 5311 sis
155 5264 233 5329 qui
261 5265 494 5332 pulsavit
531 5263 849 5332 excluditur,
881 5276 933 5323 et
961 5266 1049 5321 ille
1084 5269 1171 5335 qui
1211 5284 1311 5321 non
1351 5270 1590 5337 quaesit-it

72 5351 337 5409 attrahitur.
364 5357 446 5409 Ac
464 5352 545 5407 sic
573 5366 671 5407 nec
690 5354 828 5407 circa
855 5355 1080 5411 salvatos
1102 5359 1401 5412 misericors
1428 5357 1590 5413 fuisse

74 5440 319 5511 Videbitur,
352 5443 550 5514 quibus
580 5455 686 5497 non
715 5443 861 5496 dedit
906 5456 961 5498 ut
999 5460 1061 5501 ex
1096 5448 1269 5503 ofﬁcio
1294 5448 1590 5502 misericor—

74 5529 185 5592 diam
212 5541 575 5600 mererentur;
606 5547 705 5592 nec
731 5534 869 5591 circa
900 5538 1128 5605 perditos
1155 5541 1400 5595 :estiumri
1434 5554 1585 5607 pote-

1681 4471 1906 4524 cundum
1937 4472 2070 4538 quod
2104 4473 2151 4525 in
2198 4471 2477 4540 Evangelia
2499 4458 2661 4525 dicit:
2690 4471 2813 4523 Cum
2841 4474 3054 4539 feceritis
3089 4474 3217 4536 Itwc,

1684 4564 1853 4628 dicite,
1884 4562 2243 4615 Servilnutiles
2269 4577 2456 4625 sumus,
2490 4562 2623 4628 quod
2652 4562 2908 4613 debuimus
2928 4563 3108 4626 faccre,
3148 4563 3223 4629 fc-

1684 4650 1839 4699 cimus
1872 4648 2019 4717 (Luc.
2050 4648 2198 4713 xm).
2230 4647 2455 4699 Adverte
2482 4647 2598 4712 quia
2637 4662 2737 4698 non
2778 4647 3006 4698 excludit
3048 4649 3221 4712 operis

1688 4738 1937 4799 studium,
1963 4736 2053 4789 sed
2075 4736 2338 4803 operanlis
2363 4736 2573 4802 requirit
2593 4736 2924 4802 obsequium;
2957 4750 3053 4791 nec
3072 4737 3222 4791 labo-

1690 4839 1799 4878 rem
1838 4825 2101 4877 servitutis
2143 4831 2374 4886 recusat,
2408 4824 2497 4877 sed
2538 4824 2878 4878 humilitatem
2920 4826 3108 4880 mentis
3148 4827 3225 4880 in-

1690 4916 1884 4967 sinuat.
1913 4914 2105 4966 Vitium
2134 4928 2260 4981 ergo
2287 4929 2388 4981 quo
2420 4914 2648 4967 laborem
2683 4915 3069 4982 imperitissime
3090 4916 3255 4991 refu-,.

1691 5002 1930 5072 giendum
1961 5012 2128 5068 putas,
2162 5016 2264 5056 non
2294 5004 2344 5055 in
2375 5017 2553 5071 opere,
2582 5003 2671 5058 sed
2703 5005 2756 5056 in
2784 5006 2941 5056 corde
2966 5003 3223 5056 consistit.

1693 5090 1837 5144 Totis
1864 5102 1987 5156 ergo
2014 5089 2213 5143 viribus
2253 5091 2455 5157 laboro,
2482 5092 2573 5144 sed
2605 5091 2850 5159 quidquid
2892 5090 2958 5143 de
2999 5104 3226 5157 superna

1695 5178 1925 5247 largitate
1956 5191 2258 5245 percepero,
2282 5182 2479 5248 gratim,
2511 5195 2614 5232 non
2645 5178 2911 5231 industriae
2935 5178 3238 5242 deputabo;-

1694 5268 2003 5326 bertetit-ium
2049 5270 2269 5337 vocabo,
2323 5286 2425 5324 non
2474 5271 2733 5337 pretium;
2776 5268 2967 5320 donum
2998 5268 3229 5322 testabor

1688 5374 1836 5425 esse,
1868 5374 1971 5415 non
2001 5359 2265 5424 debitum;
2295 5361 2764 5414 remunerationem
2790 5397 2804 5421 ,
2856 5371 2957 5410 non
3000 5357 3228 5411 retribu-

1692 5455 1907 5507 tionem.
1950 5452 2023 5504 Ita
2066 5465 2181 5504 cum
2212 5466 2277 5505 ex
2312 5452 2486 5507 ofﬁcio
2529 5450 2719 5520 aliquid
2759 5447 2987 5516 agimus,
3032 5461 3228 5515 nequa-

1693 5560 1845 5613 quam
1885 5558 1977 5598 nos
2020 5544 2274 5612 imputare
2321 5545 2425 5599 Deo
2468 5556 2771 5613 possumus,
2813 5538 2933 5609 quia
2979 5537 3229 5593 solvimus
