3818 6226
594 210 695 274 819

1760 212 1817 271 S.
1857 207 2093 266 FAUSTI
2130 206 2523 264 RIIEGIENSiS

595 327 733 396 quod
760 327 1030 397 debemus.
1056 327 1133 383 Tu
1162 342 1283 381 vero
1310 326 1499 381 divinat
1526 340 1590 379 ne
1618 323 1850 378 invideas
1880 319 2121 385 bonitati,
2148 324 2203 381 Α
2227 331 2331 377 tate
2352 310 2647 388 discedere,
2674 329 2729 378 et
2749 322 2816 379 ad
2836 315 3003 379 levem
3030 322 3332 379 tentationis
3345 331 3528 377 astuta
3548 320 3724 376 inﬁrma

594 417 639 468 si
667 430 797 485 opus
823 415 958 482 quod
998 432 1025 468 a
1064 430 1148 470 me
1182 415 1274 469 illo
1312 414 1590 484 adiuvante
1626 414 1759 467 bene
1779 419 1979 481 gestum
2010 419 2120 474 est,

595 505 676 557 vel
701 506 856 559 etiam
883 512 1092 572 accepta
1126 502 1478 579 perdiderint?
1507 502 1615 556 Hoc
1643 514 1844 570 genere
1880 513 1978 553 nec
2002 511 2128 551 con-

596 595 723 647 verti
769 605 861 647 eos
915 588 1408 661 permittunt‘mala
1464 588 1843 661 praecedentis,
1894 600 1991 641 nec
2037 599 2125 639 sa-

596 696 731 735 nari.
2084 694 2095 699 ⁴

936 824 945 837 ,
1199 770 1421 825 CAPUT
1459 770 1521 823 ν.

594 857 781 911 Contra
816 858 911 921 hoc
942 858 1077 925 quod
1118 857 1469 912 dicunt:Non
1508 866 1609 911 tam
1652 858 1804 911 voluit
1835 873 1985 925 quam
2027 872 2127 925 no_n

664 927 823 995 potuit
849 922 1015 979 salvus
1041 942 1153 996 esse,
1166 928 1251 993 qui
1276 927 1441 994 periit,
1456 928 1609 996 juxta
1628 927 1758 994 quod
1780 922 1992 995 legimus
2015 939 2033 977 :
2062 922 2127 975 Et
2158 942 2170 955 ε

661 1009 760 1063 non
786 1003 1011 1054 poterant
1038 994 1255 1049 credere.

666 1122 806 1176 inter
832 1123 957 1176 bace
984 1106 1102 1174 cuni
1130 1121 1359 1177 Joannes
1381 1122 1697 1190 evangelista
1720 1130 2124 1177 commemoret:

599 1202 875 1279 Propterea
926 1228 1026 1265 non
1077 1222 1301 1281 poterant
1340 1215 1559 1280 credere,
1602 1214 1721 1283 quia
1772 1215 1949 1268 iterum
2000 1215 2163 1267 dixit

595 1298 761 1354 Isaias
791 1314 809 1352 :
838 1300 1114 1354 Esca'cavit
1150 1301 1319 1355 oculos
1351 1316 1555 1365 eorum,
1585 1310 1632 1354 et
1666 1302 1914 1354 induravit
1952 1315 2124 1354 eorum

594 1404 681 1442 cor
717 1387 890 1457 (Joan.
923 1403 1021 1452 xu;
1053 1387 1161 1443 Isa.
1187 1390 1283 1456 vr),
1328 1387 1428 1443 boc
1472 1389 1588 1442 loco
1628 1388 1851 1443 elocutio
1879 1388 2123 1442 conclusa

593 1477 671 1531 sic
698 1483 925 1547 resonat,
948 1477 1095 1546 quasi
1120 1476 1199 1533 eis
1222 1491 1325 1531 non
1350 1475 1596 1531 cred-udi
1619 1476 1903 1530 necessitas
1928 1474 2124 1544 imponi

595 1563 829 1619 videatur
878 1566 1074 1621 invitis.
1126 1564 1230 1619 Sed
1282 1579 1345 1621 ex
1392 1564 1495 1618 illis
1535 1576 1744 1617 causam
1788 1563 1872 1616 vel
1919 1562 2124 1630 culpam

2226 409 2404 465 radice
2414 410 2659 467 deficere.
2670 411 2953 469 Videamus
2963 427 3096 481 quos
3105 426 3292 467 sanare
3304 413 3595 476 tentaverit,
3609 416 3726 466 eicis

2225 513 2406 567 parum
2441 514 2536 567 pro
2558 503 2895 569 consequenti
2926 502 3290 558 incredulitate
3315 503 3582 571 profuerit.
3610 502 3724 565 Ecce

2224 587 2484 655 servojlli
2514 588 2567 641 in
2601 588 2879 659 Evangelia
2903 592 3106 659 magnis
3132 590 3324 647 debitis
3351 598 3406 645 et
3430 591 3610 644 anima
3632 590 3723 643 las-

2223 675 2475 743 guoribus
2515 690 2808 745 Oppresso,
2855 678 3037 733 decem
3071 678 3229 733 millia
3280 679 3505 739 talenta.
3551 692 3656 746 qua
3683 681 3721 732 ei
3794 700 3795 746 ξ

2225 763 2441 817 remissa
2464 763 2790 831 videbantur,
2824 781 2916 835 per
2942 768 3138 821 crimen
3164 768 3390 835 propria
3416 767 3618 819 malitia
3642 767 3720 819 ad-
3794 763 3795 835 ξ

2220 849 2374 918 jectis
2425 851 2746 908 cruciatibus
2789 852 3084 922 exiguntur.
3128 854 3228 910 Ubi
3288 865 3344 910 et
3378 852 3721 908 advertendum

2224 946 2305 992 est
2330 939 2593 1007 quomodo
2634 941 2885 1010 acquisita
2914 942 3228 1010 perduntur,
3272 952 3328 997 et
3354 942 3595 998 beneﬁcia
3630 943 3719 1012 iam

2223 1026 2409 1083 collata
2432 1037 2757 1083 revocantur.
2786 1030 2888 1085 Sed
2918 1038 2968 1085 et
2992 1030 3082 1086 ille
3101 1031 3320 1099 depulso
3339 1046 3371 1086 a
3394 1045 3457 1091 se
3485 1032 3720 1085 immundo

2224 1117 2405 1185 spiritu
2435 1118 2498 1171 ad
2531 1126 2733 1185 tempus
2749 1119 2935 1188 legitur
2964 1119 3123 1176 fuisse
3148 1132 3385 1186 sanatus,
3412 1122 3474 1175 de
3493 1136 3596 1191 quo
3617 1121 3720 1175 dicit

2223 1218 2397 1260 sermo
2417 1207 2623 1262 divinus
2651 1225 2665 1260 :
2697 1208 2820 1263 Cum
2842 1220 3005 1265 autem
3029 1212 3316 1265 immundus
3342 1212 3542 1282 spiritus
3569 1213 3719 1264 exierit

2224 1295 2286 1349 ab
2304 1295 2520 1363 homine,
2539 1299 2845 1365 perambulat
2862 1315 2950 1371 per
2963 1301 3076 1355 loca
3092 1301 3258 1367 arida,
3276 1317 3500 1369 atterens
3512 1303 3718 1370 req-ient.

2220 1393 2267 1436 et
2282 1400 2384 1437 non
2408 1386 2696 1450 inveniens;
2716 1395 2834 1440 tunc
2852 1388 2971 1441 dicit
2993 1404 3011 1442 :
3032 1389 3268 1443 Revertar
3293 1390 3347 1442 in
3370 1390 3564 1442 domum
3589 1405 3720 1442 nteant

2224 1474 2354 1527 unde
2378 1475 2526 1527 exivi.
2554 1473 2621 1529 Et
2649 1476 2846 1530 veniens
2863 1476 3048 1531 inuenit
3064 1486 3336 1542 vacantem,
3358 1477 3519 1543 scopis
3542 1476 3721 1528 munda-

2229 1572 2330 1615 tam
2354 1572 2399 1615 et
2420 1573 2648 1617 ornatam
2668 1563 2819 1634 (Luc.
2842 1567 2958 1632 xn),
2982 1566 3032 1621 id
3053 1575 3157 1631 est,
3186 1573 3456 1622 vacuatam
3481 1565 3722 1619 virtutibus

594 1653 974 1711 incredulitatis
1025 1661 1261 1708 exortam
1308 1652 1360 1706 in
1408 1650 1848 1719 consequentibus
1888 1649 2125 1705 lectionis
2154 1636 2279 1702 Bet
2328 1650 2643 1704 vanitatibus
2694 1651 3053 1720 adimpletam.
3098 1651 3243 1707 Tunc
3283 1653 3419 1707 cadit
3465 1662 3509 1706 et
3546 1652 3722 1707 muniit

594 1744 722 1797 ordo
749 1743 1043 1796 manifestat
1074 1743 1140 1796 ita
1169 1743 1349 1796 dicens
1388 1758 1401 1792 :
1441 1740 1788 1795 Verumtamen
1815 1748 1859 1791 et
1887 1755 1951 1792 es;
1986 1739 2127 1807 prin-

594 1834 785 1901 cipibus
814 1833 955 1884 multi
982 1831 1296 1884 crediderunt
1332 1830 1385 1881 in
1416 1843 1529 1881 eum
1549 1870 1563 1895 ,
1599 1828 1684 1880 sed
1710 1835 1908 1895 propter
1944 1811 2129 1878 Phari-

594 1935 717 1972 sa’os
736 1935 834 1971 non
854 1917 1234 1984 conﬁtebantur,
1260 1925 1313 1966 ut
1339 1914 1401 1967 de
1423 1927 1676 1982 synagoga
1694 1928 1791 1964 non
1810 1912 2141 1987 ejicerrntur,

595 2008 888 2061 Dilexerunt
908 2007 1038 2061 enim
1058 2005 1273 2076 gloriam
1297 2004 1549 2057 hominum
1573 2006 1727 2071 magis
1751 2017 1897 2070 quam
1918 2002 2127 2071 gloriam

596 2096 691 2148 Dei
721 2095 927 2163 (Joann.
960 2096 1074 2164 ιιι).
1110 2095 1364 2149 Absoluta
1409 2094 1491 2148 hic
1528 2094 1760 2157 indicat,
1789 2094 1926 2146 sicut
1971 2101 2023 2146 et
2059 2094 2127 2147 de

594 2188 807 2241 Simone
831 2186 1080 2255 legimus,
1127 2186 1285 2240 etiam
1330 2184 1626 2238 inﬁdelibus
1654 2184 1759 2236 vim
1806 2182 2127 2236 credulitatis

595 2275 757 2330 fuisse
791 2291 820 2329 c
843 2278 1033 2331 -liatam
1077 2293 1088 2327 :
1120 2275 1306 2344 quibus
1342 2274 1477 2327 sicut
1504 2272 1719 2326 facultas
1743 2271 1989 2325 credendi
2030 2271 2128 2323 ad-

596 2364 722 2428 fuit,
769 2365 838 2417 ita
872 2365 1113 2417 voluntas
1139 2363 1301 2418 defuit
1347 2360 1650 2416 conﬁtendi.
1691 2360 1838 2425 Quod
1876 2359 2122 2421 credunt,

597 2456 779 2523 gratia:
810 2453 1021 2521 largitas
1058 2461 1167 2516 est;
1188 2451 1324 2518 quod
1353 2450 1725 2518 professionem
1760 2448 1973 2500 creditis
2019 2460 2125 2499 non

596 2542 1013 2603 accommodant,
1040 2539 1228 2593 mentis
1258 2539 1563 2607 improbitas
1590 2546 1669 2591 est
1684 2544 1706 2598 ;‘
1728 2545 1781 2590 et
1808 2536 2054 2603 impletur
2076 2538 2127 2591 in

596 2632 673 2682 eis
698 2645 713 2681 :
743 2628 843 2694 Qui
871 2636 1034 2680 autem
1070 2643 1169 2680 non
1194 2626 1362 2691 habet,
1391 2627 1538 2679 etiam
1556 2625 1694 2695 quod
1716 2625 1857 2678 habet
1877 2623 2128 2691 auferetur

552 2722 555 2729 ‘
596 2721 657 2769 ab
682 2734 739 2771 eo
787 2716 974 2787 (Matth
1022 2718 1114 2783 tv).
1159 2712 1291 2769 Ecce
1331 2714 1591 2783 quomodo
1620 2714 1812 2767 bonum
1841 2714 2127 2767 voluntatis

596 2817 649 2859 t-t
675 2806 791 2860 lidei
831 2804 1055 2858 admixta
1092 2805 1283 2857 malitia
1329 2804 1661 2869 depravavit,
1689 2805 1824 2857 sit-ut
1868 2804 1971 2857 alio
2011 2804 2127 2857 loco

596 2896 648 2946 in
674 2896 857 2947 eodem
888 2892 1172 2960 Evangelio
1206 2893 1316 2959 ipse
1344 2891 1592 2945 Dominus
1620 2890 1747 2944 dicit
1796 2908 1810 2944 :
1860 2890 2120 2956 Quomodo

2184 1798 2187 1807 ι
2224 1746 2410 1805 septem
2442 1736 2571 1792 alios
2597 1740 2802 1805 spiritus
2827 1756 2994 1796 secum
3030 1744 3291 1814 nequiores
3330 1758 3411 1808 se,
3439 1752 3485 1795 et
3512 1743 3721 1796 intrauit

2226 1826 2451 1887 habitant
2469 1827 2542 1881 ibi
2562 1867 2576 1891 ,
2617 1835 2665 1880 ct
2694 1829 2828 1911 [lunt
2854 1831 3119 1884 nouissima
3143 1832 3361 1885 hominis
3404 1832 3540 1884 illius
3576 1832 3721 1899 pejora

2224 1913 2492 1982 prioribus.
2525 1914 2660 1970 Ecce
2684 1900 2767 1969 cui
2796 1917 3070 1971 sanitatem
3092 1918 3336 1975 collatam
3361 1932 3478 1973 esse
3500 1934 3599 1972 non
3622 1932 3721 1986 pro-
3794 1900 3795 1967 ξ

2225 2004 2337 2057 fuit.
2388 2003 2441 2056 In
2488 2019 2643 2072 quem
2689 2003 3040 2073 multiplicatis
3084 2007 3237 2063 malis
3279 2009 3493 2061 nocivus
3535 2007 3722 2074 languor
3794 2016 3795 2074 ξ

2225 2091 2455 2145 incubuit
2486 2101 2539 2145 et
2567 2093 2805 2147 increvit.
2839 2092 2943 2149 Sed
2971 2105 3024 2151 et
3050 2096 3152 2150 alio
3177 2096 3291 2151 loco
3330 2097 3375 2149 is
3416 2098 3500 2163 qui
3526 2106 3631 2164 post
3654 2109 3723 2149 ac-
3758 2130 3761 2131 ν

2223 2189 2424 2246 coptam
2458 2182 2694 2235 notitiam
2724 2184 2978 2249 teritatis,
3022 2184 3072 2239 id
3098 2197 3205 2250 est,
3234 2196 3351 2254 post
3377 2186 3606 2241 collatam
3632 2189 3722 2249 (ve-

2225 2268 2454 2337 ritatem)
2494 2270 2592 2323 sibi
2620 2284 2799 2325 curam
2840 2272 3052 2338 salutis,
3096 2275 3403 2343 sanguinem
3458 2273 3720 2329 testamenti

2224 2356 2481 2423 pollutum
2504 2358 2745 2423 duxerat,
2778 2360 2829 2413 in
2855 2376 2959 2428 quo
2980 2362 3331 2416 sanctiﬁcatus
3356 2370 3437 2417 est
3453 2406 3465 2429 ,
3492 2362 3541 2415 id
3562 2370 3652 2422 est,
3677 2362 3717 2412 in

2223 2458 2326 2511 quo
2354 2452 2564 2499 sanatus
2597 2456 2697 2513 est,
2727 2447 2963 2515 graviora
2993 2448 3181 2503 mereri
3224 2449 3475 2519 supplicia
3500 2448 3721 2516 Apostolo

2222 2540 2503 2586 attestante
2535 2533 2870 2601 perhibetur.
2914 2534 3004 2591 Sic
3042 2538 3215 2607 itaque
3250 2540 3414 2607 gratia
3458 2540 3507 2592 in
3546 2539 3721 2605 culpam

2223 2620 2462 2684 vertitur,
2490 2621 2591 2675 nisi
2615 2622 2852 2676 custodia
2883 2625 3246 2693 subsequatur.
3278 2625 3383 2680 Sed
3409 2628 3459 2680 in
3488 2627 3566 2681 Itis
3591 2641 3721 2680 evan-

2224 2708 2408 2775 gelista
2452 2708 2724 2763 Matthaus
2763 2710 2884 2763 dum
2928 2711 3274 2766 incrassatum
3322 2728 3442 2780 cor,
3488 2714 3722 2768 obturatas

2223 2810 2375 2851 aures
2395 2838 2409 2862 ,
2440 2798 2749 2869 clausosque
2777 2799 2957 2854 oculos
2984 2800 3048 2857 ad
3079 2802 3283 2870 culpam
3313 2801 3533 2857 hominis
3559 2803 3719 2863 refert,

2221 2902 2316 2941 cur
2342 2903 2443 2941 non
2488 2898 2799 2944 sanarentur
2824 2891 3085 2957 apertiore
3137 2906 3323 2963 sensu,
3379 2901 3433 2947 et
3472 2892 3720 2946 dilucidata

599 2981 801 3035 potestis
827 2995 909 3032 vos
936 2979 1149 3043 credere,
1168 2981 1250 3046 qui
1270 2979 1483 3046 gloriam
1506 2978 1569 3031 ab
1586 2978 1790 3032 inuicem
1810 2976 2055 3043 accipitis,
2074 2986 2119 3029 et
2146 2948 2190 3011 Ο
2221 2979 2420 3030 ratione
2444 2977 2732 3043 perdocuit,
2761 2948 2883 3031 dum
2918 2978 3176 3049 (inquam)
3200 2948 3331 3034 dicit
3360 2998 3374 3032 :
3412 2978 3719 3033 Inerassatsm

599 3073 807 3140 gloriam
858 3085 968 3139 qua:
1009 3086 1038 3121 a
1066 3069 1171 3122 solo
1196 3079 1268 3121 est
1303 3067 1408 3121 Deo
1444 3084 1544 3121 non
1571 3068 1794 3136 queritis
1828 3066 2000 3137 (Joan.
2026 3065 2119 3136 v)?

604 3159 758 3212 Vides
794 3172 915 3226 ergo
944 3158 1059 3225 quia
1088 3158 1222 3210 sicut
1253 3155 1545 3223 suppressis
1574 3156 1747 3211 causis
1787 3154 2121 3208 absconditur

599 3248 810 3312 veritas,
837 3248 913 3300 ita—
944 3245 1231 3299 manifestis
1260 3254 1555 3297 removetur
1578 3243 1898 3298 obscuritas?
1925 3258 2038 3310 quae
2068 3244 2118 3295 in

599 3336 743 3387 laico
788 3332 1411 3389 testimonio-densibres
1454 3332 1609 3399 paulo
1656 3329 1871 3384 nebulas
1918 3330 2123 3382 videtur

598 3424 857 3476 obducere
882 3461 897 3482 ,
948 3423 1068 3472 dum
1103 3433 1192 3472 eos
1237 3433 1368 3486 quos
1415 3418 1622 3485 propria
1660 3417 1891 3485 nequitia
1933 3416 2121 3469 surdos

598 3524 871 3575 caecosque
920 3506 1243 3569 reddidi-rat,
1273 3508 1303 3557 a
1340 3506 1444 3557 Deo
1482 3504 1665 3557 asserit
1692 3505 2015 3565 obctccatos,
2059 3516 2124 3555 ne

601 3600 733 3651 i'urte
763 3609 1015 3649 converso
1060 3595 1123 3647 ad
1157 3594 1315 3647 Deum
1351 3591 1509 3646 corde
1548 3598 1813 3643 sanentur.
1855 3590 2030 3656 Itaque
2066 3598 2123 3643 ut

600 3688 860 3756 paululum
893 3686 1191 3739 differamus
1216 3684 1351 3751 quod
1380 3682 1653 3736 Matthtcus
1688 3680 1916 3749 apertius
1947 3674 2123 3733 elocu-

600 3787 681 3829 tus
706 3787 783 3830 e\t
822 3776 964 3843 juxta
994 3773 1153 3840 ipsius
1179 3771 1434 3825 sermonis
1465 3771 1686 3839 rigorem
1707 3809 1722 3834 ,
1747 3768 1833 3836 qui
1860 3781 1924 3822 ex
1947 3767 2122 3821 verbis

600 3868 864 3933 propheta:
903 3863 1156 3915 austerius
1184 3862 1408 3929 percutit
1429 3859 1646 3927 legentis
1674 3857 1901 3910 auditum
1920 3896 1934 3921 ,
1966 3856 2121 3909 altius

598 3956 921 4023 requiramus
946 3967 1105 4021 quare
1136 3952 1233 4003 hoc
1255 3951 1369 4003 loco
1395 3950 1533 4002 nolle
1556 3958 1761 4016 putetur
1791 3946 2039 4000 Dominus
2062 3952 2123 3999 ut
2189 3963 2297 3999 —me
2340 3958 2648 4015 spreverunt.
2698 3949 2761 4000 Et
2805 3949 2991 4003 iterum
3036 3966 3050 4000 :

596 4054 862 4107 sanentur,
884 4043 933 4095 id
951 4052 1024 4094 est
1036 4081 1049 4103 ,
1070 4056 1133 4094 ne
1152 4048 1510 4092 ntontenianea
1523 4036 1865 4091 conversione
1880 4043 2119 4103 suscepta

600 4134 800 4186 collatis
828 4130 1088 4183 benefit-iis
1123 4129 1420 4193 abutantur,
1449 4128 1576 4178 iram
1595 4166 1609 4188 ,
1634 4140 1751 4178 cunt
1774 4124 1975 4192 probati
2003 4120 2118 4174 fue-

600 4222 730 4282 rint,
761 4230 1049 4283 susecptam
1076 4215 1367 4282 neglexisse
1394 4228 1454 4264 ac
1480 4212 1739 4277 respuisse
1784 4211 2004 4263 recidiva
2036 4208 2119 4260 in-

600 4310 842 4361 ﬁrmitate
866 4305 1193 4362 medicinam,
1224 4302 1356 4351 sicut
1378 4299 1463 4350 ille
1489 4297 1551 4348 ad
1574 4312 1724 4363 quem
1747 4297 1855 4362 ipse
1874 4298 2119 4348 Dominus

598 4396 826 4463 loquitur
858 4411 869 4443 :
900 4391 1013 4442 Jam
1041 4406 1188 4440 sanus
1214 4391 1372 4458 [actus
1391 4402 1472 4445 es,
1502 4386 1602 4437 noli
1629 4400 1855 4453 peccare,
1886 4399 1945 4435 ne
1980 4383 2117 4433 dcte-

600 4485 704 4535 rius
734 4481 817 4532 tibi
845 4480 1029 4543 aliquid
1055 4478 1321 4544 contingat.
1366 4475 1593 4527 Adverte
1619 4474 1845 4526 bonitate
1885 4474 2121 4524 sanitatis

602 4570 815 4637 impium
839 4566 1166 4634 prmgravari.
1199 4565 1283 4615 Sic
1306 4562 1503 4615 Pharao
1527 4562 1799 4623 insultasse
1829 4560 2119 4624 deprchen-

600 4659 737 4710 ditnr
788 4654 1158 4709 misericordia:
1209 4653 1298 4705 Dei
1327 4692 1341 4712 .
1386 4667 1535 4717 quem
1567 4650 1799 4703 addictus
1853 4650 2115 4715 plagarum

598 4747 986 4813 resipiscentem
1015 4752 1068 4795 et
1094 4751 1512 4799 convertentem,
1546 4749 1597 4792 et
1625 4740 1982 4793 liutniliantcm
2030 4753 2116 4801 se,

594 4838 800 4905 quoties
836 4849 1020 4887 sanare
1063 4833 1222 4881 voluit
1248 4869 1260 4891 ,
1304 4830 1469 4881 toties
1500 4830 1811 4882 deteriorem
1856 4842 1972 4880 esse
2004 4834 2121 4891 post

596 4927 968 4981 humanitatem
990 4920 1276 4974 clementia:
1298 4918 1654 4985 deprehendit.
1674 4919 1841 4983 Quare
1864 4916 2120 4985 (inquam)

592 5021 721 5073 istos
748 5030 935 5070 sanare
962 5009 1288 5065 dissimulat?
1310 5023 1373 5059 ne
1398 5009 1521 5059 fiant
1547 5008 1721 5075 utique
1742 5008 1876 5061 illius
1899 5007 2117 5070 similes,

591 5109 671 5172 qui
699 5120 847 5172 supra
868 5112 1062 5172 petrosa
1090 5100 1358 5151 sentinatus
1380 5105 1469 5157 est,
1501 5095 1550 5148 id
1576 5106 1671 5156 cst,
1699 5098 1782 5163 qui
1809 5098 1873 5147 ad
1904 5111 2118 5150 momen-

590 5205 690 5245 tum
718 5209 827 5243 cum
848 5191 1032 5258 gaudio
1057 5188 1259 5253 suscipit
1287 5185 1503 5243 verbum,
1526 5186 1609 5249 qui
1634 5187 1698 5234 ad
1726 5194 1915 5249 tempus
1944 5183 2117 5243 credit,

590 5292 635 5330 el
664 5284 712 5331 in
742 5289 957 5346 tempore
986 5274 1268 5330 tentationis
1300 5273 1479 5324 recedit
1502 5272 1706 5338 (Matth.
1736 5274 1829 5338 tv).
1870 5272 2001 5335 Quid
2042 5280 2119 5321 cst

596 5379 1008 5420 tuumcutaneam
1030 5366 1295 5429 suscipere
1317 5364 1610 5421 Sanitatem,
1634 5363 1681 5414 id
1706 5371 1803 5427 est,
1832 5362 1894 5413 ad
1922 5370 2119 5425 tempus

596 5456 828 5519 tredcre,
860 5464 911 5509 ct
932 5457 984 5509 in
1008 5466 1239 5523 tempore
1261 5450 1559 5504 tentationis
1585 5465 1674 5517 pro
1707 5454 1860 5504 animi
1894 5452 2120 5503 iui‘nieib

2218 3076 2288 3117 est
2314 3079 2398 3116 cor
2427 3066 2595 3133 populi
2616 3065 2796 3135 hujus,
2826 3074 2870 3118 et
2904 3066 3107 3120 auribus
3142 3069 3354 3137 graviter
3381 3068 3659 3127 audierunt,
3686 3078 3720 3117 et

2219 3151 2393 3204 oculos
2420 3168 2537 3206 suos
2565 3154 2867 3212 clauserunt.
2894 3153 3076 3209 Nonne
3104 3154 3193 3209 tibi
3217 3155 3417 3210 videtur
3437 3156 3571 3209 velut
3590 3156 3721 3207 inter-

2220 3240 2545 3306 rogantibus,
2583 3254 2676 3293 cur
2703 3242 2943 3295 videntes
2972 3252 3076 3294 non
3108 3242 3346 3300 videant.
3382 3250 3436 3295 et
3481 3242 3721 3295 audientes

2222 3341 2323 3380 non
2345 3328 2656 3394 intelligant,
2688 3329 2982 3382 evidentem
3005 3331 3242 3396 protinus
3270 3329 3718 3383 dedisse‘rationetn

2221 3415 2285 3467 de
2310 3417 2479 3467 causis
2501 3426 2710 3496 propter
2734 3430 2859 3483 quas
2880 3431 2982 3469 non
3007 3413 3209 3469 videant
3235 3432 3403 3482 neque
3423 3418 3718 3485 intelligant!

2221 3503 2339 3570 quia
2379 3505 2562 3559 audire
2593 3514 2645 3568 et
2671 3504 2868 3570 videre,
2900 3504 3076 3569 idest,
3114 3506 3407 3573 intelligere
3440 3516 3493 3561 et
3537 3505 3718 3561 obedire

2222 3592 2513 3645 noluerunt.
2530 3592 2657 3658 Quia
2676 3592 2883 3660 (inquit)
2902 3609 3001 3645 non
3022 3609 3192 3647 omnes
3209 3595 3439 3647 obediunt
3462 3594 3715 3662 Evangelia,

2221 3680 2336 3745 quia
2386 3687 2490 3732 tota
2535 3680 2616 3731 die
2655 3679 2873 3746 expandi
2911 3694 3087 3734 manus
3121 3696 3254 3735 meas
3280 3681 3347 3734 ad
3378 3680 3609 3751 populum
3640 3695 3718 3731 nos

2221 3766 2493 3820 credentem
2521 3775 2569 3822 et
2607 3769 3055 3834 contradicentem;
3082 3769 3216 3823 sicut
3248 3770 3405 3824 etiam
3430 3784 3522 3838 per
3542 3782 3599 3825 se
3631 3766 3716 3835 iam

2221 3858 2466 3912 Dominus
2505 3858 2733 3927 loquitur
2763 3876 2776 3910 :
2808 3856 2969 3912 Filios
2989 3860 3097 3913 alui
3120 3867 3167 3914 et
3194 3861 3429 3926 exaltari,
3459 3859 3552 3928 ipsi
3582 3866 3716 3911 autem

3102 3949 3349 4014 Quoniam
3389 3947 3717 4018 deri-liquerunt

2218 4050 2390 4087 venam
2433 4052 2673 4103 aquarum
2698 4037 2973 4089 viventium'
3002 4035 3287 4091 Dominum.
3332 4037 3397 4092 Et
3437 4038 3489 4092 in
3532 4032 3717 4092 Actibus

2223 4124 2588 4188 Apostolorum
2627 4142 2639 4177 :
2676 4125 2907 4179 Videntes
2944 4124 3155 4195 (inquit)
3194 4126 3398 4189 Iudici,
3430 4126 3596 4196 repleti
3622 4132 3717 4177 sitat

2222 4210 2362 4273 zelo,
2408 4220 2454 4261 et
2487 4212 2887 4264 contradicebant
2915 4211 2993 4265 Itis
3028 4229 3139 4279 qua
3175 4227 3206 4265 a
3236 4212 3403 4266 Paulo
3439 4213 3712 4267 dicebantur.

2224 4298 2611 4361 blasphemantes
2635 4299 2761 4350 uiam
2786 4297 2989 4350 Domini
3006 4299 3140 4368 (Act.
3163 4300 3301 4366 xm).
3329 4300 3395 4353 Et
3414 4301 3593 4353 iterum
3613 4313 3627 4349 :
3646 4294 3715 4347 1ης

2224 4387 2377 4437 stabat
2433 4385 2641 4453 (inquit)
2670 4387 2814 4437 verba
2853 4384 3047 4437 Paulus
3071 4428 3085 4452 ,
3117 4388 3382 4453 testiﬁcata
3425 4385 3611 4439 Judcis
3634 4396 3716 4434 esst

2224 4475 2469 4528 Christum
2507 4475 2701 4530 Jesum.
2733 4476 3189 4529 Contradicentibus
3231 4486 3275 4529 et
3306 4470 3715 4544 blasphemulibu

2221 4564 2468 4614 excutiens
2495 4564 2779 4614 vestimenta
2821 4580 2911 4615 sua
2953 4564 3078 4615 dix't
3108 4580 3127 4616 :
3156 4564 3372 4634 Sanguis
3412 4575 3569 4619 uester
3596 4575 3715 4631 sapa

2222 4663 2366 4722 caput
2393 4663 2599 4705 vestrum
2635 4655 2754 4716 erit;
2800 4654 3011 4705 mundus
3036 4668 3127 4719 ego
3151 4668 3214 4706 ea:
3251 4653 3344 4705 hoc
3363 4654 3473 4722 jans
3501 4653 3714 4723 adgesta

2218 4746 2395 4795 cadam
2426 4744 2557 4813 (:‘it‘l.
2592 4748 2757 4805 xvttt).
2808 4743 3263 4796 Contradicetttibus
3302 4744 3519 4813 (inquit)
3552 4744 3643 4795 illis
3680 4750 3715 4791 et

2221 4830 2686 4897 blasphemantibus.
2718 4831 2846 4883 Vide
2873 4834 3131 4898 quomoio
3162 4830 3388 4884 remedia
3425 4832 3613 4900 ingerit‘
3630 4841 3715 4881 ωε·

2219 4920 2396 4982 ditius,
2422 4928 2471 4971 ct
2510 4929 2714 4973 recusat
2749 4930 2993 4987 aegrotus.
3041 4920 3269 4987 Quorum
3310 4920 3552 4976 duritiam
3588 4919 3714 4972 etiam

2221 5007 2402 5060 beatus
2448 5010 2738 5075 Stephanus
2776 5010 2883 5075 pari
2917 5009 3223 5062 auctoritate
3269 5008 3507 5076 increpat
3538 5007 3713 5063 diem.

2233 5095 2568 5148 ‘ncircumcisi
2620 5097 2769 5147 corde
2817 5106 2862 5147 et
2906 5096 3142 5157 auribus,
3181 5112 3267 5149 vos
3308 5111 3502 5164 semper
3538 5093 3713 5159 ερεωή

2234 5197 2395 5238 arcto
2442 5188 2684 5238 restitistis
2732 5186 2860 5251 (Act.
2895 5186 3006 5254 vn).
3055 5186 3189 5241 Ecce
3233 5199 3398 5253 quare
3431 5186 3599 5238 videre
3633 5193 3713 5233 tm

2226 5284 2439 5340 possunt
2467 5291 2479 5324 :
2512 5276 2627 5340 quia
2670 5275 2879 5339 Spiritui
2912 5285 3092 5327 sancto
3116 5275 3407 5337 resistunt,
3453 5282 3599 5341 atque
3626 5276 3715 5320 1⁵⁸

2226 5363 2415 5413 clausis
2436 5372 2617 5427 Sponte
2642 5364 2803 5414 oculis
2830 5364 2998 5413 lumen
3023 5362 3257 5415 veritatis
3280 5362 3578 5429 excludunt.
3596 5352 3712 5421 ρεαδ

2232 5463 2359 5515 erga
2383 5450 2431 5501 in
2464 5448 2741 5514 Evangelia
2770 5450 3000 5516 sequitur
3026 5459 3079 5502 et
3104 5449 3230 5503 dicit
3263 5467 3275 5502 :
3324 5450 3406 5504 Ne
3428 5442 3555 5515 forte
3590 5441 3713 5497 eali!
