3818 6226
50 308 115 362 821

1052 296 1138 350 DE
1175 292 1425 351 GRATIA
1468 289 1575 347 DEI
1592 330 1608 356 ,

1651 289 1824 354 uo,
1864 285 1989 341 LIB.
2008 258 2092 339 λιι.
2298 304 2301 305 ~
3078 269 3180 326 sas
3221 342 3225 349 .

49 417 209 474 rideant,
228 418 267 462 ιι
285 408 485 462 auribus
505 408 739 473 audiant,
756 416 799 461 et
815 406 964 461 corde
982 402 1297 475 intelligant;
1320 419 1527 457 conver-
1552 413 1605 469 Α
1629 410 1683 454 et
1710 398 2007 454 Iudaeorum
2026 393 2490 465 prmsumptionem
2507 380 2814 444 omnimodo
2836 386 3185 471 comprimere

48 514 181 569 tantur,
202 509 239 553 et
256 515 413 552 senem
433 514 516 553 eos
540 497 716 568 (Joan.
739 498 860 567 xu),
879 511 945 551 ne
972 496 1173 565 possint
1191 496 1426 550 converti
1450 503 1530 547 at-

48 609 118 661 que
134 591 292 658 sanari,
307 588 544 644 obdurati
567 587 739 644 cordis
762 589 941 642 vilium
961 596 1013 642 et
1032 602 1182 656 prem
1204 585 1401 655 peccati
1423 592 1525 637 est.

52 685 120 749 Ne,
132 684 283 752 inquit,
296 690 645 735 convertantur
657 691 703 733 et
718 695 886 734 senem
901 679 1005 732 eos".
1021 679 1133 732 Non
1152 677 1235 731 hic
1252 676 1531 730 sanitatem

52 774 284 829 volentibus
331 770 600 841 denegat,
644 770 735 823 sed
786 769 1205 823 contradicentes
1244 780 1301 821 se
1342 755 1533 819 isanare

50 865 174 927 nolle;
191 863 235 915 id
252 873 344 925 est,
366 875 472 915 non
493 859 685 913 debere
708 858 1026 927 pronuntiat.
1049 856 1129 910 Ad
1146 854 1524 909 conferendum

52 953 282 1008 remedium
318 949 707 1019 promptissima
735 958 815 1002 est
846 948 1054 1003 bonitas
1078 944 1305 1009 medici,
1335 944 1424 997 sed
1459 943 1536 995 in-

52 1040 330 1110 temperantia
356 1037 672 1093 contradicit
708 1036 925 1091 infirmi.
956 1036 1086 1090 Nam
1116 1036 1205 1103 qui
1234 1035 1302 1087 ita
1346 1032 1540 1087 intelli-

50 1130 223 1199 gendum
258 1136 402 1198 putat
424 1168 440 1194 ,
496 1127 636 1197 quod
669 1140 761 1182 eos
803 1140 992 1181 sanare
1019 1124 1278 1191 noluerit,
1317 1121 1541 1177 absolvit

52 1220 259 1273 hominem
283 1227 335 1273 et
361 1218 582 1272 damnat
621 1225 912 1271 auctorem.
947 1214 1130 1269 Nullus
1154 1228 1281 1281 ergo
1301 1212 1542 1268 exrrludi-

52 1320 110 1359 tur
129 1324 152 1360 a
171 1308 420 1361 beneﬁciis
450 1307 576 1373 Dei,
603 1305 692 1375 qui
726 1306 946 1375 primum
976 1305 1042 1359 de
1067 1304 1319 1373 neglectis
1346 1303 1545 1357 beneli-

52 1395 426 1464 tiisjudicandus
449 1407 556 1450 est.

597 1482 816 1540 CAPUT
858 1483 940 1535 Vl.

54 1579 153 1643 Quid
171 1577 375 1645 sitquod
404 1577 498 1640 ait,
528 1575 651 1645 Cum
682 1573 813 1626 enim
832 1572 1055 1645 nondum
1080 1571 1288 1641 egissent
1312 1570 1426 1622 boni
1454 1567 1548 1621 ali-

565 1644 687 1711 quid
710 1649 797 1694 aut
832 1642 971 1694 mali.

1629 491 1874 557 studeat,
1904 489 1994 557 qui
2039 486 2277 555 improbo
2316 486 2382 539 de
2420 481 2549 553 legis
2576 468 3187 551 operibusintumesce-
3234 484 3237 485 ⁷

1633 581 1778 643 bant,
1814 596 1916 632 non
1949 582 1999 631 in
2029 578 2228 646 origine
2254 576 2522 630 seniorum
2555 574 2774 627 lsmaele
2806 572 2888 643 vel
2921 572 3059 625 Esau
3097 562 3201 624 de?

1631 679 1832 723 cretum
1863 668 2019 722 fatale
2050 666 2343 731 constituit,
2373 664 2466 718 sed
2494 664 2545 716 in
2576 661 2945 716 benedictione
2969 660 3111 712 Isaac
3135 651 3194 712 et

1632 758 1793 813 Jacob
1810 758 2121 813 electionem
2144 756 2323 826 populi
2340 754 2558 809 minoris
2574 752 2827 817 ostendit,
2842 763 2891 804 et
2911 761 3192 819 propterea
3232 738 3243 817 ξ

1636 851 1891 902 minorem
1936 848 2118 915 majori
2157 861 2258 901 non
2292 847 2431 900 velut
2457 845 2688 914 putentia
2718 844 2836 907 Dei,
2858 843 2950 897 sed
2982 842 3078 912 p'ro
3112 842 3195 913 ju-

1638 938 1777 992 stitia
1816 936 2067 1006 prattulit.
2092 930 2315 990 Perinde
2344 935 2479 988 enim
2508 933 2832 999 impietatem
2863 922 3190 993 Juda'ozum,

1641 1030 1778 1083 sicut
1816 996 2191 1083 ebedientiam,
2225 1025 2459 1095 gentium
2506 1023 2848 1092 prievidebat.
2901 1022 3029 1087 Quia
3068 1038 3197 1089 ergo

1640 1119 1813 1173 dicit:
1858 1115 1981 1171 Cum
2025 1117 2157 1171 ertim
2200 1116 2423 1169 nondum
2460 1118 2672 1184 egissent
2700 1113 2817 1167 boni
2866 1114 3061 1180 aliquid
3109 1122 3198 1164 aut

1645 1207 1788 1271 muli,
1811 1224 1909 1260 non
1927 1224 1988 1260 ex
2011 1207 2237 1277 operibus
2261 1245 2274 1269 ,
2304 1206 2390 1259 sed
2415 1222 2476 1258 ea:
2498 1213 2700 1258 vocante
2722 1205 2907 1257 dictum
2937 1213 3009 1255 est
3026 1244 3040 1268 ,
3080 1204 3199 1271 quia

1647 1296 1808 1365 major
1836 1299 2006 1350 serviet
2040 1298 2238 1359 ηιῐηινὶ,
2268 1310 2333 1349 ex
2370 1306 2591 1349 vocante
2621 1294 2829 1364 quidem
2863 1294 3057 1348 dictum
3093 1301 3197 1356 est,

1650 1406 1750 1443 non
1779 1402 1951 1443 tamen
1981 1390 2044 1442 ad
2078 1370 2584 1457 compellendos'vel
2615 1385 2945 1457 repellendos
2965 1426 2979 1450 ,
3004 1385 3097 1440 sed
3136 1385 3199 1437 ad

1646 1480 1882 1533 creditur
1921 1494 1944 1529 s
1969 1488 2021 1531 et
2048 1495 2150 1529 non
2183 1477 2479 1531 credituros
2500 1472 2695 1530 dictum
2720 1492 2838 1532 esse
2867 1477 3209 1530 manifestum.

1648 1580 1747 1630 est,
1778 1579 1832 1620 ut
1860 1568 2038 1620 divina
2063 1567 2159 1619 sibi
2184 1567 2703 1634 constantejustitia,
2733 1568 2797 1618 ad
2829 1567 3058 1620 hominis
3086 1582 3202 1635 per-

1650 1658 1815 1712 tineat
1865 1643 2183 1712 voluntatem
2235 1658 2316 1711 vel
2360 1671 2606 1722 renuere,
2639 1658 2721 1711 vel
2751 1658 3035 1711 observare
3064 1671 3206 1725 prae.

100 1755 223 1807 illum
252 1768 373 1807 vero
415 1752 651 1820 Apostoli
695 1766 905 1807 sensum
938 1752 1071 1803 intra
1102 1750 1309 1819 gentilis
1352 1749 1547 1804 decreti
1582 1751 1622 1809 Β
1652 1762 1826 1820 cepta.
1864 1750 1993 1805 Cum
2024 1766 2150 1820 ergo
2176 1750 2325 1804 audis
2348 1792 2361 1816 ,
2392 1765 2453 1805 ea;
2482 1758 2689 1801 vocante
2714 1749 2899 1801 dictum
2942 1756 3031 1813 est,
3076 1749 3202 1801 invi-

53 1857 211 1896 arctare
230 1852 483 1896 conantur
503 1841 793 1908 angustias,
819 1840 954 1908 quod
982 1839 1110 1894 dicit
1140 1855 1155 1892 :
1187 1838 1549 1892 Promissionis

54 1932 223 2003 (inquit)
241 1933 436 1986 verbum
457 1932 551 1985 hoc
569 1941 638 1985 est
662 1949 679 1987 :
704 1931 995 1986 Secundum
1020 1930 1111 1983 hoc
1133 1940 1325 1998 tempus
1339 1930 1551 1992 veniam,

54 2032 85 2073 et
101 2024 174 2074 erit
201 2022 338 2077 Sara:
364 2022 526 2089 ﬁlius.
558 2020 679 2074 Non
717 2023 878 2074 solum
904 2034 1100 2084 autem,
1131 2020 1217 2072 sed
1245 2030 1290 2073 et
1336 2019 1557 2072 Rebecca

54 2128 97 2164 ex
120 2127 203 2165 uno
232 2111 494 2165 concubitu
525 2111 707 2173 habens
738 2108 889 2164 Isaac
919 2119 1110 2177 patrem
1144 2116 1390 2160 nostrum.
1434 2106 1557 2160 Cum

55 2202 150 2253 enim
172 2202 383 2254 nondum
405 2202 512 2254 nati
534 2201 761 2269 fuissent,
785 2209 871 2251 aut
896 2198 1088 2267 aliquid
1108 2197 1319 2267 egissent
1338 2196 1451 2248 boni
1472 2206 1559 2247 aut

55 2290 160 2355 mali,
183 2301 230 2343 ut
250 2288 524 2344 secundum
550 2289 835 2343 electionem
864 2288 1174 2359 propositum
1202 2285 1295 2339 Dei
1316 2295 1557 2351 maneret,

57 2395 128 2429 non
145 2395 197 2432 ea:
213 2381 469 2448 operibus,
496 2380 585 2433 sed
611 2395 674 2432 ea:
695 2388 896 2431 vocante
918 2378 1105 2430 dictum
1135 2384 1224 2436 est,
1257 2378 1373 2444 quia
1396 2379 1562 2445 major

57 2470 191 2520 serviet
231 2471 411 2523 minori
428 2508 444 2535 ,
475 2470 605 2521 sicut
633 2469 874 2536 scriptum
903 2477 971 2519 est
999 2482 1016 2519 :
1039 2465 1195 2520 Jacob
1222 2466 1396 2529 dilexi,
1421 2464 1561 2517 Esau

58 2566 182 2608 autem
201 2559 309 2611 odio
330 2558 485 2610 habui
510 2556 685 2624 (Rom.
710 2572 793 2622 lx;
820 2555 945 2609 Μαι.
976 2553 1034 2623 ι).
1060 2555 1114 2609 In
1148 2556 1228 2608 his
1258 2554 1432 2608 verbis
1466 2555 1565 2606 hoc

58 2648 140 2699 \‘ult
176 2650 382 2718 intelligi
427 2648 699 2718 gentilitia:
737 2648 1091 2718 persuasionis
1120 2647 1393 2714 impietas,
1426 2644 1564 2714 quod

57 2737 162 2792 Deus
184 2739 374 2809 absque
396 2740 507 2793 ullo
541 2740 677 2794 inter
712 2739 903 2794 malum
926 2747 980 2793 et
1011 2740 1201 2793 bonum
1221 2740 1566 2793 moderatoris

56 2836 273 2895 examine,
288 2846 391 2884 non
405 2830 593 2883 ordine
607 2830 953 2898 regentis,sed
966 2830 1081 2898 jure
1092 2829 1409 2884 dominantis
1423 2829 1567 2881 illum

57 2917 203 2974 aﬁectu
219 2921 428 2990 dignum
450 2920 651 2983 reddat,
668 2921 804 2975 bunc
823 2920 963 2985 odio,
980 2920 1121 2973 illum
1137 2918 1357 2988 recipiat
1372 2920 1567 2982 studio,

59 3012 163 3061 hunc
192 3012 433 3064 excludat
459 3009 700 3077 imperio.
735 3010 796 3063 Et
826 3009 969 3063 inter
994 3010 1124 3063 duos
1153 3008 1405 3078 perditos,
1430 3010 1568 3061 nulla

1656 1849 1849 1894 tantem
1883 1840 2111 1908 intellige
2131 1880 2145 1903 ,
2184 1855 2288 1893 non
2319 1847 2616 1907 cogentem.
2651 1840 2775 1891 Item
2805 1837 2928 1891 dum
2953 1839 3079 1892 dicit
3106 1855 3204 1891 non

1656 1946 1717 1983 ea:
1747 1930 1975 1998 operibus
1994 1969 2008 1993 ,
2051 1933 2241 1982 asserit
2283 1929 2420 1983 circa
2452 1943 2544 1983 eos
2573 1944 2676 1981 non
2710 1930 2839 1996 legis
2860 1943 3025 1996 opera
3046 1970 3061 1994 ,
3092 1946 3208 1996 qua:

1659 2020 1838 2085 utique
1867 2020 2097 2072 nondum
2125 2018 2444 2083 advenerat,
2467 2019 2559 2073 sed
2599 2021 2755 2073 etiam
2781 2028 2902 2072 ante
2936 2020 3103 2086 legem
3133 2019 3209 2071 di-

1659 2111 1792 2162 vina:
1836 2108 2217 2162 misericordia:
2262 2123 2321 2162 ac
2362 2108 2734 2173 munificentiae
2772 2109 2909 2161 dona
2964 2108 3210 2177 viguisse.

1662 2197 1783 2250 Non
1815 2190 1874 2251 ea;
1902 2198 2156 2263 operibus,
2188 2198 2372 2265 inquit.
2408 2198 2572 2252 Audis
2598 2197 2726 2267 legis
2766 2212 2926 2264 Opera
2971 2198 3169 2251 destrui
3197 2239 3211 2261 ,

1662 2297 1714 2339 et
1744 2295 1799 2338 tu
1828 2298 2105 2353 prop;erea
2142 2287 2321 2353 inepto
2346 2300 2508 2339 sensu
2555 2287 2710 2340 etiam
2753 2289 2847 2339 sub
2894 2287 3072 2353 gratiae
3102 2289 3212 2354 lege

1663 2377 1919 2441 viventes,
1952 2377 2082 2430 alios
2108 2377 2221 2430 sine
2247 2377 2495 2444 Operibus
2522 2376 2701 2443 gratiae
2732 2377 2904 2429 credis
2931 2391 3085 2445 posse
3110 2381 3214 2429 sal-

1664 2466 1806 2528 vari,
1847 2467 1978 2535 alios
2008 2466 2163 2519 etiam
2192 2480 2308 2518 cum
2340 2465 2587 2534 operibus
2631 2465 2944 2533 prohibente
2992 2470 3213 2522 naturali

1668 2572 1802 2609 nexu
1828 2566 1879 2610 et
1904 2557 2019 2626 lege
2040 2557 2181 2610 fatali
2199 2557 2356 2624 janua
2379 2557 2560 2610 salutis
2582 2558 2835 2610 excludis.
2861 2558 3017 2609 Jacob
3040 2559 3211 2622 dilexi,

1670 2645 1808 2699 Esau
1830 2647 1944 2698 odio
1973 2648 2145 2699 habui.
2171 2647 2445 2713 Quomodo
2470 2650 2555 2703 hic
2582 2652 2725 2716 juxta
2751 2651 2896 2718 pravi
2926 2664 3111 2704 sensus
3137 2653 3216 2704 in-

1671 2747 1952 2805 terpretem
2008 2740 2145 2792 circa
2189 2739 2419 2792 nondum
2467 2749 2618 2793 natos
2671 2742 2928 2794 sententia
2985 2745 3216 2797 caelestis

1669 2829 1936 2883 exeritur?
1960 2829 2067 2882 Nec
2093 2844 2213 2883 reus
2236 2832 2377 2884 enim
2402 2845 2519 2884 esse
2538 2842 2708 2898 potest
2736 2835 2963 2885 nondum
2989 2837 3215 2902 genitus,

1673 2934 1771 2973 nec
1790 2920 2011 2973 dileczus
2041 2936 2053 2972 :
2087 2920 2215 2973 nihil
2246 2920 2385 2973 enim
2416 2930 2645 2974 meretur
2676 2923 2903 2975 nondum
2934 2925 3215 2992 productus

1675 3010 1726 3062 in
1760 3009 1959 3074 lucem;
2001 3010 2091 3062 sed
2124 3011 2257 3063 sicut
2293 3011 2342 3061 in
2382 2998 2618 3063 futurum
2662 3014 2830 3075 adhuc
2877 3025 2988 3067 erat
3035 3032 3217 3069 eorum

58 3100 365 3153 consideratio
397 3100 623 3165 laboris,
650 3100 788 3152 nulla
831 3100 1121 3153 devotionis
1169 3098 1445 3162 habeatur,
1476 3097 1565 3150 sed
1596 3087 1637 3145 C
1672 3103 1898 3167 reposita
1929 3100 2289 3167 conve:satio,
2314 3100 2381 3153 ita
2412 3100 2581 3155 futura
2611 3104 2939 3169 prwscientis
2975 3107 3213 3169 tiﬂ'ensio,

60 3202 161 3239 unus
179 3188 284 3242 sine
303 3189 512 3241 ratiooe
538 3188 867 3241 cessantibus
884 3189 1069 3241 ofticiis
1095 3197 1409 3250 assumatur,
1437 3187 1571 3239 alter

60 3278 144 3331 sine
159 3279 467 3333 discretiOne
488 3277 785 3329 damnetur.
803 3276 875 3328 Ac
892 3278 966 3328 sic
994 3275 1115 3327 dum
1142 3276 1191 3326 in
1206 3276 1457 3327 alterutro
1479 3288 1573 3327 nec

61 3369 197 3421 meriti
217 3371 395 3423 existit
420 3368 661 3432 materia,
686 3380 781 3419 nec
799 3364 992 3425 delicti,
1013 3363 1243 3417 aufertur
1263 3364 1477 3415 omnino
1499 3357 1521 3413 f
1551 3390 1574 3399 -

62 3461 315 3533 turilrau~a
354 3459 563 3530 judicii.
591 3456 740 3523 QUUd
786 3457 828 3510 si
870 3456 981 3509 haec
1014 3470 1189 3509 rerum
1220 3464 1322 3507 tam
1363 3454 1573 3523 indigna

60 3543 258 3604 confusio
278 3551 437 3603 etiam
461 3564 491 3602 a
513 3562 671 3603 sensu
694 3546 933 3600 humanae
953 3546 1141 3600 mentis
1163 3547 1329 3600 al.ena
1352 3559 1451 3609 esr,
1472 3546 1576 3599 sol-

63 3636 219 3691 licitius
257 3642 590 3710 requiramus
625 3638 748 3707 quid
787 3637 975 3691 divinae
1005 3639 1300 3702 conveniat,
1326 3639 1577 3705 Apostolo

62 3726 353 3796 disserente,
397 3728 653 3798 justitite,
700 3731 833 3783 inter
857 3728 986 3781 duos
1012 3728 1231 3796 populos
1265 3728 1578 3783 constitutus

62 3816 322 3873 Judazorum
352 3822 541 3873 doctor
561 3826 616 3871 et
643 3818 897 3887 gentium,
926 3818 1048 3871 dum
1078 3818 1148 3870 ita
1179 3818 1251 3870 ait
1282 3834 1295 3869 :
1324 3819 1443 3884 quia
1469 3834 1579 3869 ma-

58 3906 121 3973 ;‘or
144 3910 304 3960 serviet
336 3910 523 3959 minori
552 3904 705 3975 (Gen.
738 3908 879 3971 xxv),
914 3905 963 3957 in
988 3906 1195 3957 seniore
1222 3904 1388 3957 Judaei
1431 3919 1577 3957 arro-

60 3996 199 4057 gantia
240 3996 579 4063 reprobatur,
615 3995 664 4045 in
690 3994 899 4059 juniore
929 3993 1056 4047 fides
1092 3992 1301 4060 gentilis
1342 3994 1573 4061 eligitur.

62 4078 334 4150 ltaqueipse
358 4082 465 4137 sibi
493 4080 707 4133 obducit
729 4082 1033 4148 ignorantiae
1065 4082 1308 4144 nebulas,
1342 4083 1431 4150 qui
1474 4097 1575 4135 non

62 4178 142 4220 tam
167 4171 449 4238 Seripturis
470 4171 668 4223 sanctis
689 4171 896 4237 sequaci
926 4184 1082 4224 sensu
1108 4184 1165 4223 se
1194 4172 1574 4238 accommodat,

40 4271 186 4322 quam
212 4260 517 4328 Scripturas
539 4264 748 4310 sanctas
775 4258 841 4310 ad
868 4258 1191 4312 intellectum
1214 4274 1362 4313 suum
1387 4260 1581 4314 violen-

61 4352 121 4396 ter
142 4348 395 4401 attrahere
426 4355 481 4401 et
506 4346 889 4414 praesumptive
913 4346 1096 4399 nititur
1131 4348 1422 4415 applicare,
1448 4357 1501 4402 et
1531 4349 1579 4413 id

1674 3189 1844 3243 futura
1876 3190 2257 3256 praenuntiatur
2286 3192 2491 3244 cluetio.
2537 3192 2663 3246 Nam
2697 3193 2869 3247 divina
2897 3200 3219 3263 providentia

1680 3278 1809 3329 s’cnt
1837 3278 2235 3343 novitjudicare
2257 3278 2322 3331 de
2344 3280 2525 3345 gestis,
2558 3281 2627 3332 ita
2650 3280 2821 3335 adhuc
2851 3288 3093 3350 gerendis
3124 3291 3223 3341 scit

1660 3364 2037 3433 prajndicare.
2069 3365 2233 3419 Nemo
2268 3366 2442 3434 itaque
2464 3376 2609 3441 putet
2640 3366 2774 3435 q‘uod
2804 3371 3054 3426 fratribus
3091 3390 3222 3428 non-

1675 3455 1798 3507 dum
1828 3455 1962 3507 natis
1991 3455 2315 3508 diversorum
2346 3456 2628 3511 necessitas
2660 3461 2726 3512 sit
2758 3462 2972 3528 prrctixa
3010 3468 3222 3519 merito-

1679 3561 1814 3610 rum,
1842 3560 1958 3599 cum
1992 3546 2089 3600 hoc
2133 3558 2249 3615 post
2277 3549 2593 3602 transactam
2629 3551 2745 3605 visre
2776 3553 3013 3607 militiam
3041 3557 3104 3609 de
3146 3558 3222 3611 eis

1679 3634 1959 3689 Malachias
2004 3641 2253 3703 propheta
2280 3648 2689 3701 commemoret;
2740 3650 2789 3693 et
2838 3642 2903 3696 de
2961 3649 3222 3711 praeterito

1678 3740 1864 3779 eorum
1920 3732 2058 3777 Statu
2097 3724 2329 3787 divinum
2371 3725 2600 3791 proferat
2656 3728 2926 3783 manifesta
2980 3735 3226 3800 aequitate

1676 3814 1946 3883 judicium.
1970 3814 2129 3866 Iacob
2158 3815 2341 3877 dilexi,
2376 3814 2513 3867 Esau
2536 3830 2703 3868 autem
2734 3822 2847 3871 odio
2875 3823 3041 3874 habui.
3090 3828 3223 3889 Quid

1679 3902 1868 3953 mirum
1908 3910 1988 3953 est
2019 3904 2059 3953 si
2086 3903 2286 3967 justitia
2308 3902 2483 3970 diligat
2519 3902 2901 3971 innocentiam,
2933 3920 2985 3962 et
3016 3926 3226 3981 respuat

1680 3988 2047 4055 iniquitatem,
2100 3990 2235 4056 apud
2285 4005 2437 4058 quam
2476 3992 2630 4045 etiam
2664 3992 2835 4047 futura
2892 3995 3021 4050 facta
3068 4008 3225 4054 sunt?

1679 4077 1830 4141 Quod
1884 4087 2058 4131 autem
2106 4078 2277 4131 minor
2306 4081 2583 4149 majoriex
2623 4084 2733 4150 lege
2782 4090 3131 4154 praeponitur,
3176 4106 3229 4147 et

1682 4167 1843 4221 Jacob
1868 4168 2106 4235 neglecto
2132 4169 2291 4222 fratre
2316 4170 2565 4238 diligitur,
2593 4172 2711 4224 hinc
2732 4175 2883 4239 paulo
2912 4179 3228 4237 tardioribus

1682 4258 1976 4312 obscuritas
2016 4259 2280 4322 nascitur,
2322 4261 2459 4328 quod
2503 4265 2759 4327 prolatum
2802 4265 3097 4323 dilectionis
3147 4277 3228 4327 vel

1685 4349 1789 4400 odii
1817 4348 2175 4402 testimonium
2200 4348 2429 4403 nondum
2454 4352 2585 4405 nalis
2611 4352 2860 4410 fratribus
2886 4359 3229 4428 arbitrantur,

60 4434 136 4486 sibi
158 4452 242 4503 pro
278 4444 436 4505 captu
467 4449 569 4487 suo
592 4434 780 4489 omissa
813 4435 1219 4504 prmcedentium
1249 4439 1329 4491 vel
1360 4452 1581 4505 sequen-
1610 4413 1657 4470 Π
1686 4439 1808 4493 dum
1838 4449 1890 4493 et
1940 4441 2209 4495 evidentes
2239 4456 2410 4496 causae
2449 4444 2638 4510 quibus
2687 4464 2816 4501 unus
2868 4413 3226 4521 displicuerit:

60 4522 160 4577 tium
188 4528 389 4581 ratione
421 4524 727 4594 persoadet,
754 4525 889 4579 unde
910 4526 1113 4595 penitus
1136 4526 1275 4594 loqui
1298 4527 1582 4594 Apostolus

61 4627 141 4667 non
163 4616 397 4671 instituit.
433 4616 586 4682 Quod
610 4618 651 4669 si
678 4616 743 4669 ad
774 4617 985 4685 capituli
1008 4618 1170 4684 ipsius
1195 4618 1261 4670 de
1286 4632 1389 4684 quo
1412 4616 1583 4684 agitur

58 4716 264 4759 recurras
290 4706 598 4771 exordium,
626 4719 781 4759 omne
804 4706 998 4772 absque
1029 4705 1130 4758 ulla
1157 4704 1461 4757 difficultate
1491 4704 1583 4756 de-

61 4790 249 4847 clinabis
275 4797 613 4863 ambiguum.
644 4794 699 4847 Si
746 4795 992 4862 magister
1017 4794 1247 4863 gentium
1292 4794 1357 4846 de
1404 4794 1581 4861 genesi

62 4877 296 4937 hominum
335 4895 577 4939 tractare
606 4884 871 4950 cmpisset,
902 4892 953 4935 et
974 4883 1173 4935 diceret
1196 4882 1393 4933 homini
1425 4882 1582 4933 totius

63 4966 157 5019 Vita:
182 4985 390 5025 cursum
417 4971 628 5039 origine
658 4972 990 5040 praefinitum,
1021 4980 1071 5023 et
1102 4971 1265 5039 magis
1287 4969 1579 5022 necessitati

61 5056 313 5125 Subdtum,
337 5075 502 5129 quam
530 5060 697 5112 libero
719 5060 935 5113 arbitrio
957 5059 1118 5113 fuisse
1135 5058 1493 5125 commissum,
1520 5072 1583 5111 eo

61 5148 168 5209 quod
190 5148 441 5203 Dominus
472 5149 711 5202 omnium
741 5165 833 5215 pro
862 5153 1133 5216 potestatis
1175 5162 1303 5202 nutu
1333 5150 1582 5213 violento,

62 5250 142 5299 quo
167 5238 369 5293 decreto
400 5239 542 5291 alios
588 5238 907 5303 relinqueret
933 5240 997 5292 ad
1031 5240 1373 5307 perditionem
1400 5280 1414 5304 ,
1456 5240 1585 5293 alios

60 5323 242 5387 eligeret
275 5328 339 5380 ad
371 5330 628 5387 salutem,
685 5333 805 5379 tono
835 5328 1054 5382 forsitan
1095 5331 1235 5384 velut
1291 5345 1380 5395 per
1424 5332 1581 5390 lineas

63 5410 403 5480 decurrentes,
437 5414 677 5468 colorem
708 5413 845 5467 hunc
892 5418 1065 5484 iniqua
1108 5421 1377 5486 persuasio
1424 5427 1588 5489 possit

62 5514 285 5559 asserere.
315 5506 449 5560 Cum
486 5516 611 5557 vero
638 5502 915 5571 Apostolus
942 5511 1313 5574 promissioncs
1369 5512 1492 5579 Dei,
1535 5522 1587 5566 et

65 5595 356 5652 iocationem
389 5595 633 5664 gentium
673 5596 823 5651 altius
853 5600 1092 5667 repetitis
1125 5611 1264 5655 tcxal
1298 5603 1580 5672 exemplis,

1686 4533 1819 4585 alter
1840 4531 2093 4599 placuerit
2116 4534 2527 4599 supprimuntur.
2560 4536 2611 4587 ln
2638 4538 2715 4589 his
2742 4552 2867 4606 ergo
2897 4541 3098 4596 duobus
3127 4561 3230 4599 non

1686 4622 2024 4687 naturtejura
2058 4623 2353 4675 hominibus
2378 4626 2731 4692 praefiguntur,
2764 4631 2853 4681 sed
2884 4632 2951 4684 de
2982 4634 3081 4685 tide
3103 4650 3229 4701 gen.

1688 4709 1813 4760 tirxm
1836 4718 1888 4761 ct
1917 4708 2224 4761 inﬁdelitate
2245 4710 2543 4765 Judmornm
2565 4716 2779 4779 iustitiae
2801 4726 2989 4771 statuta
3016 4737 3232 4777 narran-

1688 4805 1790 4848 tur.
1822 4796 1935 4848 Non
1966 4798 2105 4849 enim
2138 4798 2234 4851 hoc
2268 4801 2379 4851 loco
2405 4801 2549 4865 juxm
2582 4803 2805 4857 litteram
2846 4822 3081 4874 personae
3112 4828 3230 4881 Spe—

1684 4884 1891 4936 cialiter
1916 4898 2317 4964 germanorum,
2353 4889 2443 4941 sed
2473 4904 2645 4942 rerum
2684 4906 2857 4946 causae
2892 4912 2952 4951 ac
2985 4906 3230 4969 mysteria

1686 4973 2073 5039 describuntur,
2108 4976 2315 5029 dicente
2346 4978 2565 5033 Domino
2612 4998 2621 5031 :
2672 4983 2796 5035 Dure
2830 4998 2995 5054 gentes
3031 5002 3145 5041 sunt
3182 4996 3232 5044 in

1686 5073 1821 5116 utero
1850 5074 1955 5127 tuo,
1987 5074 2031 5115 et
2068 5066 2169 5119 duo
2190 5070 2359 5137 populi
2389 5071 2447 5122 de
2470 5081 2633 5125 ventre
2662 5080 2746 5125 tuo
2771 5076 3049 5129 dividentur
3078 5082 3229 5146 (Gen.

1686 5152 1837 5221 xxv).
1881 5153 2028 5217 Quod
2057 5156 2098 5207 si
2137 5156 2201 5208 de
2227 5160 2434 5223 pra'lixa
2483 5162 2596 5227 lege
2626 5164 2840 5229 originis
2892 5177 3230 5233 tractaretur,

1689 5239 1809 5307 quid
1835 5253 1966 5305 opus
1988 5251 2100 5293 erat
2131 5252 2183 5295 ut
2211 5246 2423 5311 majoris
2449 5257 2499 5299 et
2532 5250 2744 5301 minoris
2772 5260 2975 5305 mtatem
3000 5258 3135 5321 quod
3168 5264 3231 5311 ad

1690 5344 1798 5382 rem
1828 5342 1929 5382 non
1964 5332 2274 5398 pertinebat,
2302 5336 2569 5399 insereret,
2595 5338 2691 5389 nisi
2715 5341 2833 5403 quia
2862 5342 2995 5407 apud
3022 5342 3232 5401 Judazo-

1688 5436 1799 5475 rum
1834 5423 2126 5489 prosapiam
2158 5416 2363 5492 semper
2390 5428 2439 5479 in
2462 5426 2681 5481 duorum
2706 5430 2977 5484 vocatione
3008 5440 3230 5504 populo-

1690 5526 1803 5564 rum
1833 5510 2026 5564 seniori
2059 5512 2317 5579 iuniorem
2350 5516 2655 5571 antefertur.
2692 5516 2745 5570 in
2776 5533 2872 5585 qua
2906 5530 3077 5577 tamen
3109 5542 3227 5593 par-

1692 5602 1816 5656 tium
1848 5602 2145 5661 diversitate
2180 5607 2330 5660 mulli
2363 5616 2412 5661 ct
2436 5609 2498 5662 de
2540 5608 2731 5663 ludes
2761 5613 3002 5678 reprobis
3028 5617 3219 5685 eligunt
