3818 6226
1755 307 1815 362 S.
1853 305 2091 362 FAUSTI
2131 303 2526 363 RHEGIENSIS

3634 320 3728 380 εει

555 436 669 491 tur,
696 433 752 479 et
774 433 844 480 de
870 425 1052 480 electis
1077 423 1315 494 gentibus
1341 423 1709 490 reprobantur.
1737 429 1794 474 ut
1835 419 2103 488 inteillgas
2128 422 2175 475 Δ
2207 420 2462 484 perfectio
2491 421 2650 486 dedit,
2678 436 2782 490 quo
2809 425 3084 482 erutliente
3114 427 3332 494 justitise
3371 443 3594 489 sectator
3628 451 3728 491 est-

559 516 614 568 in
635 523 859 584 utroque
881 515 1073 584 populo
1087 514 1284 583 justum
1306 512 1533 580 judiccm
1556 526 1658 566 non
1679 511 1887 566 decreta
1909 510 2096 564 obser-

559 620 708 671 vare,
737 606 828 659 sed
855 605 1057 659 merita.
1086 605 1189 658 Sed
1215 604 1345 657 dicis
1369 619 1384 655 :
1412 601 1538 655 Cum
1565 603 1731 654 adhuc
1755 617 1854 652 non
1885 601 2105 670 egissent

561 695 754 764 aliquid
774 695 890 747 boni
926 704 1014 746 aut
1049 695 1197 765 mali,
1223 695 1327 762 jam
1357 691 1629 761 prtulinitis
1657 691 1896 761 partibus
1942 691 2108 758 depu-

565 794 759 840 tentur.
780 785 916 850 Q-tid
943 784 1132 837 mirum
1155 783 1198 836 si
1224 797 1444 850 quorum
1471 789 1622 836 actus
1644 780 1903 849 prtevidit,
1923 792 2105 833 eorum

565 875 737 929 exitus
756 862 1116 943 praesignavit?
1144 873 1208 929 Et
1236 872 1355 927 ideo
1380 871 1517 927 sicut
1537 887 1627 926 eos
1655 884 1870 925 cursum
1902 867 2109 922 vivendi

566 980 666 1035 pro
687 967 906 1020 arbitrio
932 966 1145 1033 proprio
1172 964 1524 1032 disposituras
1545 976 1664 1016 esse
1691 959 1971 1016 constabat
1996 999 2010 1024 ,
2041 958 2112 1012 ita

565 1072 664 1125 pro
692 1059 785 1113 Dei
807 1057 1037 1130 potentia
1067 1063 1484 1123 praenoscuntur,
1519 1068 1612 1121 pro
1634 1051 1836 1120 justitia
1863 1048 2115 1117 prmordi-

567 1156 778 1210 lantur,
809 1146 909 1200 hoc
931 1153 1100 1204 totum
1119 1145 1186 1201 de
1204 1145 1283 1198 eis
1309 1141 1633 1211 praidicitnr,
1670 1149 1774 1192 non
1804 1137 2112 1205 praeﬁnitur.

566 1235 625 1293 In
658 1235 825 1290 Iacob
871 1250 1001 1305 ergo
1047 1234 1215 1289 ﬁdelis
1247 1232 1471 1300 populus
1502 1229 1835 1288 describitur,
1882 1228 1934 1280 in
1975 1226 2112 1279 Esau

567 1327 874 1381 incredulus
895 1310 1201 1394 designatur
1219 1365 1236 1388 ,
1277 1325 1345 1378 de
1365 1323 1554 1392 quibus
1577 1321 1810 1388 utrisque
1832 1319 1911 1371 (ita
1943 1316 2073 1370 di-it
2101 1341 2116 1376 ε

574 1415 713 1482 Quid
732 1431 853 1484 ergo
875 1416 1132 1479 dicemus,
1159 1414 1295 1483 quod
1327 1421 1497 1482 gentes
1523 1425 1635 1478 qua:
1679 1425 1777 1461 non
1805 1407 2123 1461 sectaban'ur

572 1507 817 1580 iustitiam
863 1504 1294 1574 apprehendat-unt
1334 1501 1618 1571 justitiam,
1651 1498 1907 1571 justitiam
1958 1503 2120 1547 autem

572 1608 689 1661 qua
713 1609 775 1645 ea:
800 1592 903 1659 ﬁde
927 1600 1000 1644 est
1021 1609 1042 1655 ;
1071 1589 1234 1644 Israel
1267 1605 1382 1643 vero
1407 1597 1596 1642 sectam
1627 1588 1783 1656 legem
1799 1583 2039 1655 justitiw,
2066 1581 2119 1632 in

576 1684 732 1750 legal
747 1681 962 1751 iustitia:
988 1695 1089 1732 non
1107 1679 1344 1748 peruenit.
1380 1677 1588 1743 Quare?
1615 1676 1732 1741 quia
1772 1689 1870 1726 non
1902 1687 1963 1725 ea:
1988 1670 2088 1737 ﬁde
2106 1708 2120 1724 .

574 1737 665 1823 se;
685 1737 831 1839 quasi
849 1785 911 1822 ex
928 1737 1178 1846 operibus.
1210 1737 1542 1834 Oﬂ‘enderunt
1562 1737 1694 1818 enim
1718 1763 1770 1816 in
1793 1760 2010 1825 lapidem
2036 1762 2111 1823 of—
2143 1737 2187 1796 Β

576 1859 817 1926 {adonis
856 1858 1031 1927 (Rom.
1063 1855 1162 1925 ιι).
1202 1856 1333 1909 Dum
1369 1854 1582 1916 dicitur,
1631 1867 1733 1904 non
1759 1867 1823 1903 ea:
1856 1848 2114 1916 operibus,

574 1948 723 2002 vides
739 1948 860 2017 quia
889 1947 1021 2014 legis
1048 1958 1206 2015 opera
1235 1944 1599 2006 destruantur,
1631 1949 1683 1996 et
1707 1939 1847 2009 quod
1881 1934 2119 2008 gentibus

577 2037 877 2093 ohe-dirutis
920 2037 1058 2089 viam
1086 2034 1295 2102 aperuit
1325 2035 1389 2087 ad
1428 2029 1840 2086 misericordiam
1870 2046 1882 2081 :
1925 2027 2121 2082 Judtnis

579 2141 708 2177 vero
731 2125 1036 2193 praecedens
1065 2122 1313 2192 iniquitas
1354 2131 1407 2177 et
1444 2119 1782 2176 incredulitas
1810 2116 2123 2187 pratparavit

509 2223 512 2226 ’
581 2214 874 2270 eﬂ'eusam‘l
916 2212 1036 2266 Non
1078 2229 1141 2265 ea:
1174 2211 1404 2280 operibus
1448 2209 1682 2281 (inquit),
1723 2208 1808 2261 sed
1833 2223 1892 2260 ea:
1919 2213 2122 2259 uocante

585 2303 774 2354 dictum
793 2312 883 2354 est.
914 2300 1026 2353 Non
1056 2301 1176 2353 illos
1202 2299 1328 2353 dicit
1357 2297 1579 2365 propriis
1609 2295 1854 2363 operibus
1892 2307 2117 2351 vacuos.

583 2390 679 2443 sed
719 2396 875 2457 negat
897 2403 963 2442 ex
988 2388 1238 2455 cperibus
1266 2385 1577 2454 legisfuisse
1599 2385 1847 2438 salvatus.
1889 2383 2039 2435 Absit
2068 2388 2125 2432 ut

585 2481 807 2547 propoi
836 2479 923 2532 hic
946 2479 1213 2536 damnatio
1237 2476 1454 2547 originis
1485 2477 1792 2539 mstimetur,
1821 2473 1909 2527 ubi
1934 2485 2125 2543 vocan-

584 2573 655 2626 tis
678 2570 974 2639 benignitas
993 2578 1049 2624 et
1067 2568 1480 2635 obtemperantis
1503 2565 1766 2618 humilitas
1792 2563 2123 2631 praedicatur,

585 2668 644 2713 et
668 2659 758 2711 ubi
783 2659 902 2712 lidei
926 2658 1134 2711 divitias
1153 2657 1392 2710 doctrina
1416 2653 1674 2726 generalis
1698 2652 1942 2716 inculcat,
1966 2666 2028 2705 ac
2049 2652 2126 2705 lu-

589 2763 715 2801 men
741 2746 1068 2800 credulitatis
1096 2745 1342 2798 insinuat.
1379 2743 1491 2796 Non
1519 2756 1643 2811 ergo
1671 2756 1730 2796 se
1762 2742 1858 2795 hoc
1880 2743 1996 2795 loco
2029 2741 2128 2794 ini-

592 2835 808 2904 quitatis
836 2836 1082 2897 assertio,
1111 2849 1227 2901 qua}
1250 2836 1299 2888 in
1332 2835 1442 2904 ipsa
1470 2832 1771 2887 conditione
1801 2840 2001 2897 partem
2033 2830 2121 2883 hu,

595 2925 736 2980 mani
756 2927 962 2993 generis
993 2925 1289 2985 damnattm
1318 2924 1643 2992 loquebatur,
1668 2923 1966 2976 interserat.
1993 2919 2128 2995 Ca‘u-

595 3031 684 3069 sas
723 3031 848 3070 vero
900 3032 992 3070 cur
1040 3015 1198 3070 Jacnh
1227 3016 1468 3069 dilexerit
1520 3014 1689 3078 Deus,
1731 3023 1783 3066 et
1828 3011 1964 3066 Esau
2009 3011 2130 3065 odio

597 3106 860 3170 habuerit,
889 3106 1158 3159 evidenter
1183 3106 1448 3159 Geneseos
1475 3102 1731 3172 expressit
1756 3101 2000 3167 historia,
2029 3115 2133 3168 quo

599 3194 857 3262 intelligas
884 3209 987 3246 non
1009 3194 1122 3247 sine
1150 3208 1366 3261 operum
1397 3192 1756 3255 discussione,
1789 3204 1884 3243 nec
1907 3190 2022 3243 sine
2051 3204 2140 3243 ra-

599 3286 743 3337 tione
769 3285 1038 3351 perspicua
1063 3282 1310 3335 divinitus
1343 3283 1730 3349 pronuntiatum
1754 3287 1806 3332 ut
1834 3278 1970 3330 Esau
1991 3277 2134 3338 odio,

597 3374 759 3426 Iacob
785 3386 960 3432 autem
981 3373 1264 3427 dilectione
1295 3372 1386 3428 Dei
1410 3373 1598 3440 dignus
1631 3371 1933 3424 haberetur.
1967 3370 2138 3434 Appa-

600 3471 819 3526 ruernnt
858 3463 1009 3538 pl'tne
1062 3463 1113 3514 in
1153 3462 1254 3514 vita
1293 3461 1455 3514 Iacob
1497 3460 1764 3512 evidentes
1808 3471 1981 3511 cauete
2024 3470 2138 3522 qua:

601 3553 849 3617 judicium
881 3553 1084 3604 Domini
1108 3562 1308 3606 rectum
1341 3549 1657 3604 omnimodis
1685 3552 1922 3599 asserant
1946 3585 1961 3606 ,
2004 3545 2143 3597 sicut

604 3641 732 3693 Cain
758 3640 948 3692 dicitur
976 3654 991 3689 :
1021 3638 1126 3692 Sub
1149 3647 1195 3690 te
1223 3640 1316 3689 erit
1345 3637 1592 3704 appetitus
1617 3637 1725 3702 ejus
1759 3641 1805 3685 et
1835 3641 1887 3683 tu
1916 3631 2144 3682 domina-

605 3733 733 3785 beris
759 3731 896 3784 ἔπεια
925 3728 1075 3796 (Gen.
1105 3725 1200 3794 tv).
1231 3727 1344 3781 Non
1375 3726 1706 3794 superposuit
1732 3721 1928 3776 homini
1961 3735 2145 3788 pecca-

608 3829 738 3882 tum,
768 3820 868 3871 sub
895 3817 992 3869 hac
1021 3817 1365 3869 ordinationis
1407 3830 1514 3868 sua:
1559 3815 1705 3881 lege,
1752 3811 1842 3864 sed
1889 3809 2140 3864 subdidit.

612 3909 746 3961 Ecce
787 3908 1050 3975 pissimus
1095 3904 1390 3958 moderator
1435 3917 1740 3971 generosam
1786 3915 1902 3954 esse
1930 3899 2145 3966 cupiens

608 3996 860 4048 iactemua
883 4009 1064 4060 suam,
1095 3995 1250 4046 etiam
1280 4000 1398 4056 post
1426 3990 1626 4043 ruinam
1657 3989 1956 4042 inclinatam
1976 4031 1990 4052 ,
2021 3987 2144 4040 licet

611 4086 837 4138 hominis
863 4087 1185 4137 vo!untatem
1213 4083 1370 4141 totius
1399 4079 1655 4146 passionis
1681 4088 1733 4130 et
1772 4076 2146 4144 concupiscen-

611 4177 718 4240 tia,
757 4189 859 4226 non
891 4160 1135 4230 famuiatm
1174 4172 1320 4236 jubet
1351 4183 1485 4231 esse,
1512 4167 1603 4221 sed
1641 4167 1906 4218 dominam
1935 4180 1950 4227 ;
1991 4163 2146 4216 sedu-

609 4270 771 4319 ctoris
813 4267 893 4318 vel
920 4264 1202 4316 amictiam
1246 4263 1325 4312 vel
1366 4261 1624 4320 repulsam
1652 4257 1701 4308 in
1730 4270 1883 4308 manu
1918 4251 2145 4305 hominis

613 4354 816 4421 posuit,
852 4353 917 4404 ad
955 4365 1109 4412 quem
1160 4349 1275 4414 ejus
1310 4346 1562 4413 judicium
1603 4345 1898 4395 collocavit.
1928 4340 2147 4393 Videtur

615 4441 824 4510 quidem
867 4439 1139 4502 utriusque
1168 4431 1652 4501 aperis‘appctilum
1681 4427 1939 4481 electione
1985 4425 2145 4489 ipsius

616 4527 944 4596 permisisse,
974 4524 1064 4577 sed
1088 4523 1206 4574 ideo
1233 4532 1289 4572 ut
1315 4518 1433 4571 mali
1467 4515 1673 4568 licentia
1715 4515 1834 4566 boni
1859 4513 2006 4565 lieret
2033 4512 2143 4576 glo-

615 4619 711 4668 ria.
738 4614 842 4668 Sed
881 4613 971 4665 sub
997 4623 1053 4664 te-
1066 4613 1160 4664 erit
1188 4611 1434 4677 appetitus
1460 4610 1566 4677 ejus
1587 4647 1602 4670 ,
1648 4616 1693 4656 et
1728 4614 1778 4655 tu
1815 4603 2145 4655 dominoberis

613 4706 769 4759 illius.
801 4703 949 4756 Nulla
1001 4703 1245 4768 Ieccandi
1287 4701 1597 4752 necessitate
1625 4694 1972 4755 concluditur,
1996 4693 2146 4759 cujus

613 4794 912 4856 discretioni
941 4790 1360 4847 committitur'ut
1383 4795 1595 4855 peccato
1617 4785 1886 4852 superiore
1906 4783 2147 4836 libertate

613 4884 929 4938 dominetur.
968 4883 1144 4950 Degen
1163 4896 1203 4933 -r
1231 4893 1356 4931 vero
1382 4880 1608 4937 animus,
1635 4875 1722 4942 qui
1745 4889 1861 4927 cum
1893 4871 2146 4926 beneﬁcio

618 4976 711 5028 Dei
757 4974 824 5026 de
859 4982 1072 5039 peccato
1111 4979 1284 5038 potest
1312 4968 1580 5019 victoriam
1621 4965 1903 5030 consequi,
1950 4963 2146 5015 mavutt

612 5080 731 5117 eum
774 5062 971 5115 odensa
1001 5061 1092 5113 Dei
1130 5073 1312 5112 servus
1351 5070 1465 5108 esse
1493 5055 1711 5120 peccati.
1743 5053 1867 5118 Quae
1909 5067 2027 5103 eum
2078 5054 2145 5102 ita

610 5158 737 5218 sint,
771 5161 887 5220 post
914 5149 1068 5218 primi
1095 5147 1320 5200 hominis
1351 5142 1852 5212 praevaricationem,
1877 5156 1978 5193 non
2006 5152 2148 5192 mors

608 5243 831 5308 arbitrii,
861 5240 954 5292 sed
982 5237 1290 5298 inﬁrmitas;
1324 5248 1420 5287 nec
1452 5231 1864 5298 impossibilitas,
1893 5230 1982 5283 sed
2011 5228 2146 5280 diffi—

608 5333 774 5384 cultas
796 5329 1061 5402 proposito
1085 5328 1263 5379 labore
1293 5323 1567 5378 successit.
1602 5321 1702 5374 Sed
1726 5329 1777 5374 et
1802 5321 1934 5373 Abel
1958 5321 2147 5372 divinis

612 5423 820 5485 placere
847 5420 1215 5486 conspectibus
1240 5456 1253 5478 ,
1287 5430 1377 5481 per
1403 5414 1613 5464 insitum
1643 5426 1670 5464 a
1696 5410 1803 5462 Deo
1829 5409 2148 5474 generaliter

614 5515 827 5572 bonum,
858 5510 907 5562 id
949 5519 1049 5572 est,
1095 5523 1187 5574 per
1212 5505 1432 5572 propria:
1461 5501 1649 5554 meruit
1677 5499 1957 5551 voluntatis
1985 5497 2140 5551 alicu-

613 5611 741 5652 tum.
771 5599 863 5650 llic
907 5615 1030 5666 ergo
1059 5601 1139 5651 cui
1169 5610 1453 5662 cognomen
1491 5594 1615 5660 justi
1643 5592 1986 5645 immaculata:
2029 5593 2144 5641 vitae

2205 519 2388 574 sterct,
2436 513 2534 564 nisi
2559 526 2678 566 eum
2711 513 2794 568 lex
2844 515 3132 575 visceribus
3166 522 3422 591 inscripta
3449 526 3728 582 domuisset?

2205 612 2293 653 aut
2319 602 2457 656 unde
2482 605 2762 670 placiturus
2785 604 2900 660 ‘Deo
2925 607 3151 675 hostias,
3192 621 3245 666 et
3276 628 3371 679 per
3403 615 3570 682 ignem
3597 621 3728 674 etuti-

2208 699 2292 744 tus
2314 692 2665 746 absumendas
2707 693 2773 747 de
2797 694 3037 762 adipibus
3067 691 3122 753 et
3151 701 3395 765 primitiis
3436 707 3617 760 scisset
3647 710 3728 759 eli-

2208 795 2354 848 gere,
2375 782 2472 834 nisi
2499 783 2648 847 lidee,
2671 777 2788 852 quae
2810 803 2926 840 cum
2945 800 3234 866 amatorem
3255 794 3504 848 virtutum
3529 797 3723 860 fecerat.

2211 871 2538 938 inspirasset,
2568 874 2704 928 sit-ut
2754 877 2971 946 legimus
3003 896 3017 932 :
3058 879 3190 962 [fide
3226 886 3496 954 plurimam
3535 861 3728 943 hostium

2211 963 2333 1016 Abel
2354 979 2503 1032 quam
2529 964 2651 1018 Cain
2677 965 2882 1033 obtulit,
2913 972 3242 1027 testimonium
3261 978 3544 1045 perhibente
3571 999 3726 1035 mane-

2210 1059 2347 1110 ribus
2371 1060 2479 1126 ejus
2508 1058 2611 1114 Deo
2638 1059 2817 1127 (Hebr.
2845 1060 2938 1130 at).
2969 1061 3118 1128 Quod
3159 1081 3488 1138 nequaquam
3511 1076 3728 1134 obtinere

2217 1147 2500 1214 potuisset,
2540 1149 2639 1201 nisi
2680 1152 2744 1202 ad
2777 1150 2984 1206 Domini
3022 1149 3215 1218 donum
3244 1159 3426 1216 famuli
3447 1167 3729 1222 accessisset

2216 1236 2547 1304 ohscquinm.
2592 1237 2659 1290 Et
2682 1247 2735 1290 tu
2769 1238 2896 1292 nihil
2916 1254 3033 1293 eum
3073 1245 3405 1304 ordinatione
3431 1251 3524 1306 Dei
3557 1253 3731 1310 habere

2215 1327 2417 1395 judicas
2442 1330 2728 1397 proprium,
2760 1331 2909 1398 cujus
2927 1311 3195 1388 devotioni
3224 1336 3317 1391 Dei
3341 1342 3576 1407 perhibet
3604 1351 3732 1399 testi-

2220 1417 2487 1470 monium?
2533 1415 2691 1472 Vides
2744 1418 2939 1472 bonum
2978 1422 3303 1478 credulitatis
3340 1442 3446 1481 non
3493 1432 3730 1486 novellum

2220 1522 2338 1562 esse
2368 1507 2720 1576 privilegium,
2751 1510 2842 1563 sed
2873 1519 3155 1578 vetustum,
3179 1522 3235 1566 et
3277 1514 3417 1570 inter
3442 1518 3548 1586 ipsa
3575 1523 3731 1574 mundi

2220 1597 2564 1652 coalescentis
2583 1599 2802 1652 exordia
2832 1609 3062 1656 mentem
3089 1603 3317 1659 hominis
3338 1606 3476 1661 sicut
3496 1609 3733 1664 intellectu

2222 1694 2376 1754 atque
2400 1686 2632 1753 ratione,
2661 1688 2731 1740 ita
2758 1689 2914 1741 etiam
2945 1690 3050 1745 fide
3077 1706 3106 1743 a
3135 1705 3343 1748 summo
3370 1708 3582 1752 auctore
3604 1700 3736 1752 dela-

2224 1775 2362 1827 tam?
2393 1775 2574 1843 Itaque
2597 1775 2704 1844 jam
2753 1788 2859 1830 tum
2896 1779 3042 1833 dedit
3076 1782 3266 1835 animm
3294 1784 3531 1839 notitiam
3573 1803 3732 1852 suam,

2223 1863 2431 1930 quando
2467 1865 2514 1917 ei
2543 1866 2878 1920 committere
2903 1868 3144 1934 dignatus
3166 1879 3248 1925 est
3280 1870 3557 1943 imaginem
3583 1890 3733 1930 suam.

2809 1975 3032 2047 CAPUT
3065 1972 3176 2034 ‘vu.

2223 2063 2302 2115 Ad
2335 2066 2478 2134 cujus
2510 2037 2774 2132 imaginem
2809 2076 2856 2119 et
2885 2041 3260 2186 similitudinem
3300 2075 3490 2140 primus
3518 2078 3655 2130 homo
3685 2082 3738 2130 sit

2865 2152 2955 2186 con
2998 2147 3114 2186 ttus.

2865 2147 3114 2190 conditus.

2292 2221 2394 2274 Sed
2424 2223 2590 2276 dicis:
2620 2223 2750 2291 Quid
2781 2225 2907 2278 mihi
2940 2226 3006 2280 ad
3034 2227 3327 2282 libertatem
3365 2232 3562 2286 arbitrii
3583 2235 3741 2300 jnngis

2225 2309 2500 2376 imaginem
2555 2312 2663 2370 Dei.
2713 2327 2832 2365 cum
2878 2313 2965 2368 ille
3003 2315 3232 2371 eximius
3274 2320 3517 2376 conditor
3560 2323 3742 2378 inlutus

2225 2399 2482 2478 secuturis
2507 2400 2714 2453 steculis
2753 2411 2807 2455 et
2832 2405 3149 2472 redemptor,
3181 2407 3246 2459 ad
3283 2408 3427 2462 illam
3454 2413 3612 2481 magis
3631 2415 3743 2466 ima-

2225 2488 2399 2551 ginem
2449 2486 2632 2542 fecerit
2670 2490 2953 2555 hominem,
3008 2508 3163 2562 quam
3209 2510 3304 2563 per
3349 2497 3601 2566 virginem
3643 2511 3742 2554 erat

2227 2586 2590 2645 assumpturus
2617 2595 2680 2634 ex
2713 2582 2958 2636 homine?
2992 2568 3266 2640 Persuasio
3295 2587 3411 2642 haec
3438 2604 3468 2642 a
3507 2591 3743 2659 plerisque

2229 2669 2506 2734 profertur,
2548 2671 2640 2724 sed
2686 2672 2829 2724 omni
2877 2674 3080 2727 ratione
3118 2675 3365 2740 nudatur,
3406 2679 3524 2747 quia
3569 2680 3741 2747 prioris

2229 2757 2372 2809 initia
2422 2757 2696 2824 imaginem
2756 2759 2920 2812 multo
2975 2763 3281 2828 posterioris
3340 2766 3556 2822 induere
3618 2769 3744 2821 nullo

2230 2846 2386 2897 modo
2417 2855 2647 2912 possunt.
2698 2848 2802 2900 Aut
2828 2850 3092 2915 quomodo
3122 2853 3354 2905 nondum
3384 2858 3542 2910 creati
3578 2858 3746 2910 simili-

2233 2935 2460 2987 tudinem
2508 2936 2550 2987 is
2596 2934 2685 3003 qui
2736 2935 2933 3002 primus
2984 2937 3260 2992 creabatur
3299 2942 3578 3010 acciperet.
3629 2943 3746 2997 later

2235 3025 2347 3078 haec
2377 3024 2578 3077 facilius
2601 3025 2701 3078 hoc
2728 3026 2871 3079 credi
2904 3028 3090 3094 possit,
3120 3039 3178 3081 ut
3204 3029 3269 3081 ad
3290 3032 3574 3086 secundum
3601 3033 3746 3086 Adam

2238 3115 2432 3183 primus
2461 3115 2540 3168 Ad
2561 3129 2627 3167 tm
2673 3115 2948 3181 imaginem
2980 3131 3149 3184 suam,
3201 3134 3296 3185 pro
3325 3121 3527 3176 ordinis
3549 3138 3611 3178 ac
3637 3132 3747 3176 tem-

2239 3203 2378 3271 poris
2417 3203 2619 3257 ratione
2657 3206 3055 3258 transmitteret.
3097 3204 3306 3260 Minime
3333 3219 3507 3264 autem
3539 3210 3648 3266 ﬁeri
3673 3227 3748 3278 po-

2239 3303 2370 3346 terat
2395 3302 2449 3346 ut
2477 3295 2649 3362 imago
2679 3295 2907 3347 nondum
2933 3296 3206 3350 existentis
3242 3298 3549 3352 substantia:
3571 3300 3748 3354 dicere-

2241 3390 2322 3434 tur
2347 3383 2391 3433 is
2420 3383 2506 3448 qui
2546 3392 2667 3434 ante
2691 3389 2767 3434 tot
2794 3382 2984 3436 saecula
3015 3381 3366 3438 formabatur:
3394 3395 3447 3438 et
3473 3387 3749 3455 imprudens

2239 3471 2458 3520 assertio
2483 3468 2808 3533 probaretur,
2837 3475 2894 3522 ut
2919 3469 3054 3522 sicut
3079 3471 3262 3528 dicunt
3300 3472 3652 3530 similitudinis
3673 3490 3751 3528 au-

2241 3564 2436 3610 ctorem
2466 3571 2529 3609 ex
2572 3557 2771 3625 virgine
2813 3559 3213 3626 procreandum,
3262 3562 3613 3629 antiquissii
3650 3579 3751 3633 pro-

2245 3645 2448 3710 toplasti
2480 3658 2700 3711 persona
2731 3645 3067 3710 praecederet.
3099 3647 3212 3700 Huc
3240 3649 3443 3701 accedit
3472 3648 3610 3716 quod
3639 3651 3752 3701 mul-

2245 3744 2350 3785 tum
2379 3747 2464 3785 res
2488 3733 2576 3784 illa
2602 3732 2899 3809 humiliaret
2926 3734 2976 3786 in
3019 3735 3226 3788 homine
3259 3737 3441 3802 prima:
3465 3736 3753 3791 innocentiae

2243 3822 2422 3882 decus,
2469 3820 2513 3873 si
2544 3820 2904 3874 immaculatus
2930 3821 2993 3873 ad
3023 3822 3291 3889 exemplar
3333 3823 3474 3876 illius
3496 3823 3754 3893 ﬁngeretur

2243 3911 2327 3977 qui
2359 3908 2620 3976 peccaturi
2648 3918 2761 3961 erat
2788 3910 3018 3963 maculas
3046 3920 3352 3974 curaturus;
3381 3921 3576 3965 utcum
3602 3919 3753 3965 trans-

2243 3997 2444 4062 gressio
2473 3996 2701 4049 nondum
2723 3993 2991 4061 existeret,
3016 3997 3120 4062 jam
3147 4005 3320 4051 tamen
3351 3998 3753 4068 transgressionis

2243 4085 2445 4150 culpam
2490 4083 2646 4136 futuri
2677 4084 3038 4137 intercessoris
3065 4085 3228 4137 forma
3257 4088 3548 4153 prteferret.
3587 4087 3754 4141 Conse-

2245 4185 2410 4238 quens
2429 4171 2603 4238 itaque
2624 4187 2726 4223 non
2747 4180 2862 4231 erat
2883 4183 3294 4239 consummatum
3316 4184 3473 4242 atque
3491 4174 3752 4243 perieulum

2247 4260 2309 4310 ad
2338 4259 2615 4324 imaginem
2646 4259 2806 4323 Illius,
2838 4273 2931 4325 per
2957 4275 3110 4328 quem
3138 4275 3355 4315 necesse
3381 4272 3495 4315 erat
3519 4262 3752 4331 perdito

2174 4375 2224 4432 ι)
2251 4346 2499 4410 reparari,
2518 4358 2584 4398 ne
2612 4345 2711 4398 sub
2727 4347 2939 4398 nomine
2961 4349 3166 4400 venturi
3193 4349 3383 4402 medici
3409 4351 3520 4416 ipso
3549 4359 3754 4415 tempore

2252 4434 2418 4487 felicis
2442 4433 2663 4496 exordii,
2681 4433 3042 4500 supplantaudi
3067 4437 3333 4488 videretur
3356 4436 3504 4489 ruina
3532 4437 3754 4506 prodicit

2254 4523 2308 4575 Id
2335 4537 2458 4589 ergo
2488 4522 2675 4574 rationi
2705 4521 2867 4589 magis
2890 4523 3149 4590 congruit,
3181 4533 3237 4575 ut
3261 4525 3312 4576 in
3358 4525 3593 4588 homine,
3613 4526 3688 4578 cui
3713 4525 3752 4574 in

2255 4613 2363 4679 ipsa
2393 4609 2732 4664 similitudine
2757 4625 2785 4662 a
2817 4610 2920 4662 Deo
2961 4613 3140 4677 gratiae
3173 4625 3264 4663 res
3293 4611 3518 4664 traditur
3562 4627 3660 4666 non
3682 4626 3754 4664 Ita-

2254 4712 2401 4766 turte,
2454 4702 2622 4768 imago
2653 4698 2751 4751 hoc
2779 4699 2949 4766 potius
2979 4708 3326 4763 nuncupetnr,
3375 4699 3513 4763 quod
3553 4715 3584 4753 a
3611 4701 3756 4768 priore

2252 4804 2305 4848 et
2347 4792 2614 4860 superiore
2662 4788 2960 4854 suscipitur.
3020 4789 3081 4839 Et
3125 4788 3192 4841 de
3237 4790 3454 4842 veritate
3499 4788 3752 4842 similitudo

2252 4883 2412 4936 fuisse
2453 4881 2640 4934 collata
2682 4877 2886 4944 plenius
2928 4875 3212 4944 judicetur,
3259 4891 3416 4943 quam
3455 4885 3627 4931 tamen
3656 4889 3750 4930 cata

2252 4973 2356 5022 lilio
2386 4968 2603 5021 naturali
2636 4975 2779 5032 pater
2801 4966 2918 5034 jure
2960 4965 3328 5017 communicat.
3359 4963 3560 5019 Deinde
3651 4963 3750 5018 illud

2251 5061 2519 5112 sollicitius
2563 5057 2933 5111 advertendum
2984 5063 3084 5118 est,
3132 5054 3269 5123 quod
3310 5053 3569 5110 Dominus
3605 5061 3754 5109 uester

2252 5151 2402 5201 .lesus
2425 5148 2661 5200 Christus
2688 5148 2736 5198 in
2762 5149 2927 5212 primo
2948 5152 3184 5210 tempore
3207 5143 3273 5196 de
3297 5138 3397 5196 suo
3423 5143 3638 5202 meliora
3651 5155 3752 5196 cos-

2255 5238 2388 5289 tttlit.
2421 5236 2472 5287 ln
2503 5234 2732 5288 secundo
2761 5242 2933 5287 autem
2962 5233 3028 5287 de
3051 5244 3228 5287 nostro
3249 5233 3522 5287 deteriora
3535 5231 3749 5298 suscepit.

2257 5328 2310 5375 Et
2345 5334 2614 5392 pr0pterea
2637 5322 2843 5389 quando
2865 5337 2926 5374 ex
2950 5321 3110 5374 nihilo
3133 5334 3228 5373 nos
3254 5321 3482 5387 paravit,
3511 5319 3750 5390 imaginem

2253 5428 2398 5464 suam
2429 5414 2593 5464 factor
2621 5411 2882 5477 apposuit.
2921 5409 3136 5475 Quando
3167 5425 3287 5462 vero
3315 5425 3412 5464 nos
3450 5410 3752 5479 perditos“!-

2256 5504 2471 5571 parztvit,
2509 5504 2723 5552 fortnam
2752 5502 2888 5551 servi
2916 5501 3182 5551 restitutor
3221 5500 3531 5566 assumpsit,
3557 5493 3753 5552 sint!“

2252 5592 2532 5663 Aposloius
2573 5609 2582 5641 :
2625 5587 2858 5641 Formam
2888 5591 3009 5641 servi
3053 5588 3296 5646 accipiens
3336 5587 3388 5639 in
3415 5582 3752 5640 similitudine!
