3818 6226
68 296 154 352 sas
498 264 501 267 ’
921 349 925 358 λ
1115 285 1200 341 DE
1237 283 1483 340 enarra
1523 279 1589 334 ot

1709 280 1879 349 ETC.,
1924 286 2044 340 ΗΒ.
2086 287 2145 341 ll.

3120 281 3223 340 826

69 406 298 458 hominum
318 397 996 470 [delus,¢llsabituinventus
1018 408 1070 448 ut
1089 395 1471 464 homo(PItilip.
1497 393 1577 460 tt).
1611 394 1657 448 Δ
1686 397 2048 461 substantiam,
2095 400 2210 453 sine
2254 400 2443 468 quibus
2481 407 2747 469 utcunth
2793 409 2965 468 potest
3003 400 3142 454 vitali
3173 400 3225 454 in

69 493 196 560 Quod
221 492 262 550 si
288 491 349 544 ad
378 489 522 545 illam
553 487 838 542 exterioris
870 486 1091 539 hominis
1117 487 1346 554 speciem
1376 486 1581 538 formati

69 597 244 649 sumus,
285 582 338 634 in
381 581 532 648 cujus
578 578 847 642 membris,
891 580 1053 643 visus,
1105 578 1334 644 auditus,
1378 587 1582 647 gustus,

67 677 290 729 odoratus
317 683 370 728 et
397 682 567 728 tactus
593 683 695 735 est,
725 672 848 739 quid
878 674 978 727 er't
1026 671 1239 724 honoris
1265 679 1354 723 aut
1380 671 1582 738 gratiae,

68 771 101 819 si
127 767 185 817 de
209 765 295 816 illa
319 763 688 832 participemus
714 761 958 827 imagine,
983 774 1138 827 quam
1167 758 1316 812 nobis
1343 773 1410 812 ex
1436 766 1584 825 parte

69 856 265 907 innima
297 864 626 905 communem
654 850 847 900 scimus
877 861 994 900 esse
1039 861 1156 899 cum
1203 846 1430 912 pecude?
1461 843 1586 898 Gra-

70 945 132 994 vis
167 955 286 1009 ergo
319 955 496 993 eorum
538 952 688 991 error
731 948 808 989 est
856 937 949 1001 qui
999 936 1318 988 arbitrantur
1362 933 1584 1002 primum

70 1031 312 1090 hominem
352 1029 498 1095 juxta
546 1029 689 1081 illum
720 1029 806 1096 qui
837 1036 949 1080 erat
987 1026 1270 1078 sumendus
1307 1039 1376 1079 ex
1405 1023 1585 1086 Maria,

67 1123 120 1175 ab
159 1121 465 1184 incorporea
511 1118 764 1171 Trinitate
801 1118 1165 1184 compositum.
1213 1116 1390 1184 Neque
1447 1115 1586 1170 enim

71 1214 204 1264 l'ster
231 1211 314 1264 vel
344 1209 571 1277 Spiritus
596 1217 810 1262 sanctus
833 1217 980 1260 veste
998 1207 1171 1260 carnis
1198 1216 1250 1260 et
1273 1206 1452 1264 habitu
1477 1213 1590 1258 erat

69 1304 271 1357 hom'nis
320 1300 635 1365 induendas,
677 1309 732 1353 ut
773 1299 837 1352 ad
881 1299 994 1366 ejus
1020 1298 1168 1366 quasi
1209 1296 1447 1365 imaginis
1477 1310 1587 1349 suae

68 1392 272 1459 speciem
309 1405 370 1445 ac
401 1390 653 1443 facturam
688 1388 842 1457 primi
884 1386 1108 1440 hominis
1139 1386 1448 1440 lineamenta
1479 1384 1580 1458 dis-

70 1490 281 1545 poneret,
328 1493 389 1531 ac
430 1478 662 1531 membra
711 1479 1015 1545 plasmaret,
1060 1483 1114 1526 ut
1160 1473 1327 1541 possit
1369 1471 1582 1524 dicere:

71 1569 324 1622 Faciamus
367 1569 630 1620 hominem
676 1565 741 1617 ad
784 1565 1063 1632 imaginem
1093 1570 1150 1614 et
1193 1559 1584 1614 similitudinem

69 1674 200 1727 quam
225 1656 484 1724 sumpturi
510 1669 691 1709 sumus
715 1670 777 1707 ex
810 1652 1041 1720 Virgine.
1071 1650 1296 1717 Ideoque
1320 1663 1383 1702 ex
1416 1649 1586 1701 Deita-

71 1753 122 1800 tis
143 1745 479 1802 similitudine
504 1746 768 1798 derivatur
788 1740 1037 1812 quidquid
1068 1740 1264 1792 homini
1287 1739 1514 1791 Trinitas
1536 1739 1586 1791 in

68 1853 324 1890 Commune
354 1837 586 1904 largitur.
633 1834 739 1887 Nec
783 1834 860 1885 sic
911 1831 1120 1899 quidem
1177 1830 1374 1896 primus
1433 1827 1588 1879 homo

69 1927 256 1982 secundi
304 1925 434 1978 Adae
497 1923 792 1990 suscepisse
858 1921 1153 1989 imaginem.
1200 1917 1302 1970 dici
1374 1925 1586 1984 posset,

69 2019 202 2068 etiam
227 2017 270 2066 si
303 2015 466 2067 Filius
497 2012 587 2065 Dei
613 2011 756 2065 solus
789 2011 1052 2062 hominem
1088 2006 1426 2061 condidisset.
1456 2003 1587 2056 Cum

71 2119 175 2156 vero
193 2104 332 2156 unita
363 2102 593 2155 Trinitas
616 2101 786 2153 dicat:
807 2097 1075 2151 Faciamus
1102 2096 1349 2148 hominem
1373 2095 1438 2146 ad
1462 2095 1589 2145 inta-

70 2195 208 2261 ginem
251 2203 296 2246 et
342 2191 724 2244 similitudinem
769 2196 989 2241 nostram
1036 2183 1182 2253 (Gen.
1225 2185 1356 2252 vni),
1404 2183 1588 2250 plurali

69 2284 327 2352 singulare.
349 2292 402 2334 et
426 2282 676 2346 singulari
693 2277 891 2348 plurale
914 2275 1260 2344 permiscens;
1287 2285 1340 2328 et
1368 2274 1584 2326 iterum:

71 2373 124 2425 Et
144 2377 251 2443 [erit
278 2373 415 2426 Deus
437 2371 687 2424 hominem
706 2369 774 2421 ad
794 2367 1170 2421 similitudinem
1194 2380 1357 2428 suam,
1379 2366 1442 2414 ad
1463 2364 1590 2415 ima-

70 2464 208 2530 ginem
239 2461 338 2514 Dei
364 2461 478 2524 fecit
519 2459 687 2522 illum,
721 2457 876 2510 toties
908 2455 1037 2524 legis
1071 2453 1337 2507 hominem
1366 2453 1430 2504 ad
1459 2452 1588 2504 ima-

71 2553 217 2618 ginem
240 2551 329 2603 Dei
351 2549 652 2610 conditum;
678 2554 732 2599 et
753 2558 853 2613 qua
877 2544 1185 2597 auctoritate
1205 2549 1385 2595 contra
1413 2539 1587 2593 divina

71 2641 248 2709 eloquia
275 2637 554 2708 praesumis
581 2649 820 2690 asserere
839 2633 996 2702 juxta
1019 2631 1156 2686 servi
1183 2629 1403 2684 formam
1426 2631 1588 2683 fu'sse

72 2729 429 2798 compositum?
458 2730 590 2782 Cum
617 2741 742 2795 ergo
770 2727 944 2793 imago
973 2724 1085 2777 haec
1111 2737 1140 2774 a
1168 2721 1328 2776 Patre
1352 2729 1404 2774 et
1433 2719 1585 2785 Filio,

72 2831 113 2874 ct
126 2822 312 2887 Spiritu
342 2829 526 2874 sancto
542 2816 867 2878 conferatur,
883 2816 1081 2882 absque
1103 2813 1262 2867 dubio
1287 2812 1442 2864 trium
1471 2825 1586 2879 per-

75 2927 292 2964 sonaruttl
330 2923 432 2962 una
466 2906 716 2960 Divi..itas
759 2906 929 2971 primo
964 2902 1158 2956 homini
1196 2916 1306 2954 sua:
1347 2896 1587 2967 imaginis

75 2927 292 2964 sonorum
330 2923 432 2962 ulla
466 2920 716 2960 UtVI..llas
759 2921 837 2971 νη
897 2920 929 2957 0
965 2920 1158 2956 uomtnt
1196 2920 1306 2954 sua:
1348 2920 1582 2967 "ﬂagitiis

75 2999 220 3050 irihuit
246 2997 577 3064 dignitatem.
610 2995 737 3060 Quae
777 2920 894 3046 cum
925 2993 994 3044 ita
1034 2990 1156 3054 sint,
1189 2990 1360 3042 inesse
1388 2988 1582 3040 homini

75 3091 126 3140 lc
155 3094 513 3141 ta'teuuatam
543 3085 824 3138 voluntatis
856 3082 1080 3149 propriae
1109 3080 1402 3133 libertatem
1435 3078 1584 3129 ruini-

76 3191 141 3229 me
177 3176 456 3236 dubitabis,
504 3173 549 3225 si
594 3173 816 3240 primam
865 3170 1106 3236 gratiam,
1155 3182 1255 3236 qua
1303 3183 1332 3219 a
1376 3169 1480 3220 Deo
1508 3175 1589 3219 est

77 3266 352 3325 honoratus,
393 3262 704 3330 inspexeris.
736 3258 911 3325 Imago
936 3273 1062 3324 ergo
1101 3257 1190 3309 Dei
1217 3255 1424 3316 dicitur,
1469 3255 1588 3322 quia

76 3353 113 3404 ri
133 3353 450 3421 indulgenter
477 3364 537 3404 ac
558 3349 833 3414 dignanter
854 3346 1076 3400 inseruit
1096 3346 1288 3399 veritas
1310 3345 1584 3412 justitiam,

76 3441 528 3509 ratiusapieutiam,
552 3439 853 3507 perenuitas
880 3440 1248 3491 aiter-nitatem.
1267 3435 1341 3488 De
1365 3425 1591 3502 iiiiagine

79 3527 151 3580 Dei
193 3537 288 3592 est,
339 3528 482 3596 quod
533 3527 790 3594 intelligit.
840 3525 977 3593 quod
1019 3535 1217 3578 rectum
1256 3526 1413 3591 sapit,
1455 3525 1588 3589 quod

78 3618 190 3671 inter
207 3619 398 3671 malum
427 3626 482 3670 et
515 3618 708 3670 bonum
731 3616 927 3684 judicio
955 3615 1293 3669 examinante
1324 3615 1590 3667 discrimi-

80 3717 166 3758 nat.
190 3707 394 3761 Etcum
424 3706 516 3761 Dei
539 3705 773 3768 bonitas,
819 3703 1200 3764 misericordia,
1233 3703 1477 3768 patientia
1514 3713 1588 3752 at-

79 3808 162 3861 que
201 3795 394 3864 iustitia
452 3795 539 3857 sit,
597 3802 791 3860 quanto
839 3793 1058 3858 quisque
1109 3792 1274 3856 magis
1315 3790 1486 3854 justus
1530 3803 1591 3841 ac

81 3885 254 3950 patiens
279 3883 561 3946 invenitur,
595 3891 739 3935 tanto
768 3881 933 3947 magis
967 3880 1076 3931 Deo
1109 3879 1296 3930 similis
1334 3878 1591 3944 approba-

83 3983 164 4024 tur.
189 3972 344 4042 Cujus
373 3976 555 4039 utique
579 3967 885 4027 similitudo.
919 3982 1022 4019 non
1053 3966 1102 4019 in
1129 3966 1376 4027 vultibus,
1422 3965 1512 4017 scd
1539 3965 1589 4016 in

83 4063 324 4116 virtutibus
367 4059 686 4128 possidetur.
735 4058 800 4110 Et
848 4067 1122 4125 propterea
1149 4055 1216 4109 de
1243 4055 1352 4108 Deo
1377 4053 1590 4115 dicitur,

83 4149 276 4214 subtilis,
327 4149 576 4215 simplex,
625 4146 881 4199 sincerus.
935 4143 1162 4210 Simplex
1217 4142 1414 4210 utique,
1472 4144 1592 4210 quia

84 4236 187 4290 nihil
205 4238 272 4292 illi
301 4238 636 4293 extrinsecus
661 4235 1004 4303 adjectitium,
1029 4235 1154 4286 nihil
1185 4233 1396 4286 aliunde
1428 4233 1591 4286 colla-

87 4337 189 4392 tum,
232 4329 322 4384 sed
353 4329 405 4382 in
444 4327 760 4395 illovirtus,
802 4326 1052 4390 essentia,
1100 4333 1255 4392 atque
1301 4323 1590 4376 substantia

84 4425 164 4468 est.
192 4419 261 4473 Ae
286 4419 364 4473 sic
392 4419 533 4471 Deus
576 4416 713 4485 quod
752 4414 932 4479 habet,
975 4423 1084 4477 est;
1135 4413 1290 4466 homo
1329 4427 1453 4466 vero
1485 4415 1594 4466 haec

85 4503 196 4558 dona
221 4508 313 4562 nisi
344 4507 628 4573 acceperit,
675 4519 774 4558 non
806 4504 982 4557 habet.
1025 4503 1153 4556 Cum
1197 4518 1322 4572 ergo
1350 4503 1486 4556 Deus
1509 4503 1594 4570 ju-

86 4603 176 4649 sms
197 4611 253 4651 ac
287 4597 515 4666 justitia,
569 4596 870 4650 misericors
898 4605 950 4646 et
977 4594 1367 4659 misericordia,
1404 4595 1518 4662 pius
1544 4605 1598 4646 ct

88 4684 225 4744 pietas
249 4687 336 4750 sit,
368 4689 527 4739 homo
554 4686 729 4752 justus
753 4699 870 4737 esse
897 4693 1086 4750 potest,
1122 4683 1320 4749 juStitia
1348 4699 1464 4737 es~e
1493 4699 1596 4735 non

90 4779 254 4836 potest;
280 4776 582 4827 misericors
600 4787 719 4826 esse
746 4782 934 4838 potest,
967 4772 1324 4825 misericOrdia
1352 4786 1468 4824 esse
1492 4786 1595 4830 non

92 4871 116 4923 ρ
145 4867 262 4927 test;
293 4863 410 4928 pios
438 4877 555 4916 esse
583 4871 773 4929 potest,
806 4861 968 4930 pietas
987 4876 1104 4916 esse
1131 4878 1233 4915 non
1261 4871 1446 4930 potest,
1478 4863 1596 4928 quia

94 4961 176 4999 non
200 4951 496 5003 naturaliter
521 4951 676 5003 habet
699 4950 818 5014 ista,
841 4951 932 5004 sed
955 4951 1187 5019 largiter.
1222 4950 1379 5005 Verbi
1410 4951 1596 5018 gratia,

95 5034 164 5086 ille
200 5050 376 5092 aurum
424 5048 524 5100 est,
575 5037 734 5091 homo
777 5053 903 5092 vero
945 5040 1251 5092 deauratum
1296 5053 1392 5091 vas
1431 5039 1597 5091 videri

93 5133 263 5188 potest;
302 5135 354 5180 et
397 5125 450 5178 in
479 5125 689 5180 homine
715 5127 880 5194 gratia
912 5137 1011 5191 est,
1041 5129 1177 5196 quod
1201 5129 1253 5180 in
1285 5129 1391 5180 Deo
1415 5137 1593 5186 natura

96 5220 184 5273 est;
230 5223 281 5266 et
324 5217 378 5268 in
411 5216 511 5270 hoc
539 5227 771 5270 creatum
802 5225 902 5280 est,
952 5218 1089 5285 quod
1131 5219 1182 5270 in
1224 5217 1314 5269 illo
1353 5218 1601 5284 probatur

98 5299 361 5366 ingenitum.
420 5305 484 5357 Et
526 5307 644 5358 ideo
677 5306 827 5372 juxta
860 5307 994 5359 hanc
1030 5309 1283 5360 rationem
1313 5307 1476 5373 magis
1507 5308 1603 5359 du-

99 5389 188 5454 plex
211 5404 364 5446 status
390 5394 619 5447 hominis
643 5404 880 5463 apparet,
919 5399 1000 5448 cui
1041 5396 1152 5448 haec
1181 5398 1246 5448 ita
1277 5397 1597 5461 inseruntur,

102 5485 143 5530 ut
162 5494 448 5548 separentur
477 5484 666 5550 smpius
690 5495 744 5537 et
772 5485 1093 5540 auferantur.
1135 5486 1322 5538 Errant
1361 5502 1485 5553 ergo
1511 5488 1598 5554 qui

101 5564 311 5630 iustitiam
368 5573 699 5640 reliquasque
745 5573 965 5626 virtutes
1012 5575 1198 5628 animae
1256 5583 1434 5642 putant
1480 5590 1596 5629 esse

1686 498 1868 541 natura
1899 503 1992 543 sua
2020 492 2192 558 vigore
2218 491 2528 554 subsistere,
2552 490 2666 544 sine
2688 489 2874 558 quibus
2909 501 2957 542 et
2987 489 3227 543 diabolus

1686 580 1738 632 in
1766 588 1948 632 natura
1989 595 2083 634 sua
2124 596 2335 635 manere
2378 580 2719 648 dignoscitur.
2767 581 3045 635 Manifes=e
3086 583 3227 634 enim

1687 671 2021 724 invenlun'ur
2048 673 2307 738 apposita,
2346 672 2468 727 dum
2497 672 2665 741 culpis
2695 672 3079 726 invenientibus
3103 688 3230 724 exu-

1687 767 1862 813 untur.
1915 761 2094 813 Solum
2139 776 2263 814 vero
2289 761 2563 815 arbitrium
2595 773 2648 814 et
2677 762 2818 816 immv
2841 762 3064 826 rtalitas,
3112 776 3230 830 qua:

1686 853 1846 902 etiam
1875 850 2025 902 malis
2054 851 2206 903 insita
2243 860 2342 914 est,
2371 868 2475 903 non
2502 852 2753 914 aufertur,
2784 852 2905 906 licet
2933 852 3158 920 dignitas
3177 859 3231 905 et

1689 939 1956 993 beatitudo
2004 940 2410 1006 immortalitatis
2463 944 2631 1008 possit
2680 940 2895 996 auferri.
2966 941 3228 1004 Quantum

1687 1045 1814 1098 ergo
1840 1031 1904 1083 ad
1935 1031 2228 1084 libertatem
2280 1031 2478 1084 arbitrii
2517 1040 2572 1085 et
2602 1031 3043 1085 immortalitatem
3066 1032 3229 1096 perti-

1689 1127 1798 1178 net,
1829 1120 2106 1186 lmag-nem
2146 1121 2254 1182 Dei,
2305 1120 2424 1174 licet
2442 1133 2559 1172 esse
2585 1129 2637 1171 et
2667 1121 2717 1172 in
2758 1134 2815 1172 se
2852 1121 3226 1181 decoloratam,

1686 1211 1844 1262 etiam
1877 1210 1995 1262 mali
2027 1210 2218 1262 habere
2262 1218 2499 1277 possunt,
2541 1208 2935 1262 similitudinem
2981 1210 3078 1262 nisi
3107 1209 3231 1262 boui

1690 1298 2005 1353 haberenon
2030 1309 2268 1367 possunt.
2299 1299 2426 1365 Quae
2452 1315 2573 1352 cum
2601 1299 2669 1353 ita
2699 1303 2826 1366 sint,
2867 1315 2961 1354 cur
2990 1300 3233 1353 homines

1687 1388 1910 1456 imagine
1935 1397 1987 1441 et
2010 1388 2347 1441 similitudine
2388 1388 2476 1442 Dei
2510 1391 2761 1446 decorati.
2804 1390 2972 1457 angeli
3016 1405 3108 1444 seu
3141 1389 3231 1442 filii

1690 1475 1778 1529 Del
1801 1476 2085 1529 meruerint
2113 1476 2420 1543 nuncupari,
2466 1477 2545 1529 vel
2577 1478 2754 1544 paucis
2783 1478 2952 1531 adhuc
2977 1478 3232 1544 exemplis

1689 1573 2053 1633 praestringere
2082 1580 2178 1617 nos
2208 1574 2433 1632 oportet,
2465 1567 2644 1634 quanti
2675 1575 2795 1620 ante
2823 1568 2989 1634 legem
3019 1569 3228 1630 litterae,

1689 1653 1959 1707 erudiente
2005 1654 2119 1721 lege
2146 1663 2365 1717 natoue,
2405 1669 2521 1722 quae
2556 1655 2720 1720 prima
2754 1659 2828 1720 (ut
2859 1636 3110 1722 diximus)
3139 1655 3227 1707 Doi

1625 1715 1665 1773 Β
1689 1743 1850 1810 gratia
1882 1752 1982 1805 est,
2001 1742 2252 1794 νιοειὶὺυιτι
2283 1743 2466 1795 salutis
2493 1742 2826 1801 intraverint,
2852 1759 2943 1808 per
2959 1715 3228 1796 Christum

1687 1832 1752 1898 ad
1780 1833 1886 1898 ipsi
1921 1835 2038 1883 Vita:
2064 1835 2350 1900 penetralia
2378 1833 2720 1900 perducendi.
2755 1833 2856 1887 Sed
2898 1834 2996 1886 hoc
3024 1848 3231 1902 quoque

1688 1923 1741 1976 in
1773 1924 1888 1976 loco
1913 1923 2037 1976 Abel
2069 1938 2272 1975 morum
2300 1937 2360 1976 ac
2397 1920 2699 1975 meriturum
2727 1923 3069 1977 similitudine
3105 1923 3231 1976 sub-

1688 2013 1919 2075 stitutus,
1973 2012 2108 2066 unde
2165 2011 2376 2078 profana
2429 2011 2604 2064 fratris
2657 2012 2889 2065 instituta
2936 2021 3227 2078 resiluerct,

1690 2104 1810 2156 inde
1854 2102 2070 2155 meliora
2106 2103 2358 2169 potuisset
2405 2102 2621 2169 eligere,
2676 2102 2776 2155 nisi
2824 2118 2940 2156 eum
2991 2103 3043 2156 in
3093 2092 3230 2158 viam

1687 2203 1882 2245 rectam
1915 2178 2215 2244 intellectus
2238 2202 2289 2243 et
2321 2193 2454 2245 ratio
2484 2192 2783 2256 direxisset,
2824 2207 2923 2259 qua
2954 2192 3086 2245 duce
3111 2207 3232 2244 sano

1686 2293 1799 2341 etas
1826 2282 2133 2352 traditiones
2163 2291 2214 2332 et
2246 2280 2604 2347 pratdicabiles
2631 2281 2935 2348 disciplinas
2960 2283 3098 2334 velut
3126 2283 3230 2335 ha:-

1688 2373 1989 2426 reditarium
2033 2386 2219 2423 munus
2258 2371 2545 2423 transmisit
2574 2370 2640 2422 ad
2670 2381 2926 2439 posteros,
2979 2382 3033 2426 ut
3065 2387 3227 2438 auge-

1687 2462 1856 2515 lurum
1881 2459 1966 2513 vel
1997 2459 2218 2511 filiorum
2243 2458 2333 2510 Dei
2371 2458 2581 2510 nomine
2609 2472 2703 2524 per
2730 2467 2921 2510 mtotas
2949 2472 3230 2510 censeren-

1688 2559 1773 2604 tur
1802 2550 2014 2604 azta'es?
2035 2550 2159 2615 Quis
2179 2549 2381 2602 dubitet
2409 2549 2710 2602 innumeras
2736 2549 2850 2614 ejus
2879 2549 3098 2603 familias
3120 2550 3229 2603 Deo

1687 2642 1925 2709 placitas,
1974 2640 2216 2693 libertate
2253 2638 2453 2692 arbitrii
2493 2637 2759 2708 prmditas,
2791 2648 2843 2692 et
2888 2653 2950 2693 ex
2988 2639 3230 2708 gentibus

1688 2732 1850 2785 fuisse
1877 2732 2118 2790 salvatus,
2151 2730 2216 2781 de
2241 2729 2428 2796 quibus
2453 2731 2598 2794 pauci
2627 2725 2928 2789 admodum,
2972 2729 3063 2781 sed
3090 2730 3228 2783 .clari

1687 2829 1842 2886 atque
1869 2818 2080 2886 p-rtecti
2111 2816 2173 2866 ad
2211 2815 2643 2868 illuminationem
2686 2817 2863 2870 saeculi
2907 2816 3066 2870 sacris
3103 2832 3226 2884 pro-

1685 2910 1717 2961 d
1743 2922 1877 2960 intur
1903 2907 2156 2973 eloquiis?
2202 2904 2346 2958 Unde
2384 2905 2522 2957 enim
2555 2906 2733 2959 Enoch
2763 2921 2881 2958 cum
2914 2906 3021 2959 Deo
3044 2907 3230 2960 ambu-

1684 2993 1816 3056 lare,
1845 2995 1925 3046 vel
1959 2992 2068 3046 Deo
2096 2991 2302 3058 placere
2329 2993 2601 3060 potuisset,
2633 2992 2732 3045 nisi
2762 3008 2878 3045 eum
2908 2994 2990 3047 lex
3017 2995 3230 3048 visceri-
3284 3018 3287 3022 ·

1690 3084 1787 3136 bus
1815 3081 1982 3135 infusa
2023 3089 2226 3135 secreto
2263 3080 2562 3146 magisterio
2604 3081 2969 3147 il'uminasset,
3013 3083 3065 3136 in
3113 3093 3230 3138 tan-

1690 3181 1820 3233 tum,
1867 3178 1923 3224 ut
1971 3169 2096 3223 nihil
2130 3179 2399 3222 terrenum
2439 3169 2650 3237 sapiens
2694 3172 3056 3226 mirabilitera
3084 3182 3227 3228 terra

1692 3263 1798 3314 Deo
1827 3271 2127 3315 assumente
2167 3260 2472 3325 raperetur?
2513 3259 2608 3325 Qui
2640 3259 2763 3312 dum
2813 3261 2930 3314 fidei
2963 3263 3145 3315 merito
3174 3263 3224 3316 in

1689 3354 1852 3420 prima
1906 3352 2081 3405 smculi
2130 3350 2265 3403 illius
2310 3359 2464 3402 aetate
2499 3358 2721 3401 cmteras
2748 3349 3033 3413 antecellit,
3072 3351 3224 3405 fidem

1693 3445 1854 3509 ipsum
1875 3457 1991 3493 cum
2018 3441 2132 3506 lrge
2158 3451 2354 3490 naturm
2385 3439 2479 3491 sibi
2510 3439 2750 3492 traditam
2779 3439 2938 3494 fuisse
2958 3440 3223 3508 perdocet.

1691 3533 1836 3586 Sient
1863 3531 2113 3599 legimus:
2148 3527 2277 3582 Fide
2308 3527 2476 3580 Enocli
2508 3529 2778 3581 translatus
2804 3537 2895 3591 est,
2935 3540 2989 3581 ut
3030 3546 3126 3581 non
3156 3533 3227 3581 vi-

1692 3621 1828 3672 deret
1868 3630 2093 3672 mortem.
2154 3620 2279 3669 Ante
2312 3617 2686 3669 translationem
2726 3619 2856 3670 enim
2895 3619 3230 3671 testimonium

1694 3709 1866 3760 habuit
1894 3710 2060 3776 placui
2090 3724 2140 3760 se
2166 3707 2283 3758 Deo.
2335 3706 2457 3759 Siue
2497 3707 2596 3770 [ide
2626 3715 2791 3761 autem
2831 3708 3132 3774 impossibile
3157 3717 3228 3760 cst

1692 3796 1885 3863 placere
1931 3796 2053 3844 Deo.
2106 3793 2316 3846 Credere
2358 3802 2523 3843 autem
2573 3801 2764 3858 oportet
2811 3793 3119 3843 accedentem
3162 3793 3229 3843 ad

1695 3885 1872 3945 Deum,
1923 3885 2038 3949 quia
2083 3890 2173 3943 est,
2221 3892 2265 3932 et
2306 3879 2668 3942 inquirentibus
2704 3896 2756 3931 se
2795 3881 2859 3930 sit
2894 3893 3230 3935 remunerator

1694 3973 1871 4040 (Hebr.
1905 3971 1999 4031 χι).
2045 3969 2150 4022 Nisi
2198 3967 2543 4020 voluntariam
2577 3967 2909 4019 devotionem
2957 3977 3009 4019 et
3051 3969 3224 4021 inten-

1695 4065 1887 4125 tionem
1918 4061 2195 4128 qiiarreret,
2225 4058 2703 4111 remunerationem
2754 4055 2949 4109 homini
2994 4042 3096 4110 non
3137 4057 3229 4111 de-

1695 4153 1873 4210 ferret.
1912 4159 1966 4204 et
2008 4149 2106 4202 nisi
2136 4149 2181 4201 ei
2223 4145 2412 4212 aliquid
2448 4147 2588 4213 prius
2635 4147 2770 4200 unde
2814 4147 2976 4213 possit
3024 4150 3230 4213 plaCcre

1695 4245 1978 4300 tribuisset.
2013 4240 2143 4295 Dum
2176 4249 2344 4292 autem
2371 4237 2514 4298 dicit,
2560 4246 2676 4289 ante
2699 4239 3071 4288 translationem
3103 4239 3232 4289 enim

1697 4333 2025 4388 testimonium
2062 4330 2245 4391 (tabuit,
2296 4329 2543 4392 placuisse
2580 4327 2708 4387 Deo,
2752 4326 2964 4379 dubiutn
3007 4343 3109 4378 non
3152 4336 3232 4379 est

1695 4421 1831 4490 quod
1865 4421 2008 4486 prius
2039 4419 2138 4470 vita
2167 4418 2514 4478 examinctur,
2541 4426 2593 4467 et
2626 4417 2702 4468 sic
2739 4415 2927 4468 electio
2951 4416 3235 4482 subsequa-

1698 4523 1800 4564 tur.
1825 4511 1877 4566 ln
1907 4507 2243 4576 persuasione
2271 4504 2744 4572 praedestinationis
2773 4504 2922 4558 facile
2951 4505 3236 4557 declinabi-

1698 4610 1782 4654 tur
1802 4615 1949 4653 error
1970 4596 2243 4657 accedens,
2281 4596 2323 4646 si
2351 4593 2702 4662 interrogetur
2729 4608 2884 4646 causa
2914 4593 3228 4657 princedens.

1698 4687 2068 4753 lnquirentibus
2113 4699 2166 4734 se
2210 4691 2548 4734 remunerator
2597 4682 2683 4745 sit,
2715 4678 2849 4736 cum
2895 4696 3083 4748 magno
3131 4695 3234 4734 non

1698 4777 1847 4830 deest
1872 4773 2091 4827 crimine
2141 4785 2242 4828 non
2279 4770 2553 4836 quaerenti,
2600 4771 2728 4838 quia
2761 4769 2903 4822 dedit
2951 4772 3087 4823 unde
3130 4784 3232 4821 non

1699 4864 1858 4934 possit
1883 4860 2091 4928 inquiri.
2139 4858 2354 4926 Qualem
2401 4868 2749 4925 quantamque
2779 4858 2935 4910 homo
2969 4873 2996 4911 a
3031 4859 3135 4910 Deo
3161 4858 3233 4910 le-

1697 4968 1813 5021 gem
1841 4950 2006 5019 prima
2033 4947 2328 5000 conditione
2356 4947 2663 5014 susceperit,
2699 4947 2924 5013 perfeCta
2947 4948 3099 5003 etiam
3123 4946 3231 5000 Nve

1697 5040 1894 5110 iustitia
1921 5036 2226 5099 declaravit,
2256 5037 2372 5105 quia
2404 5039 2661 5103 generalia
2699 5037 2812 5090 fidei
2850 5039 2981 5092 dona
3021 5037 3233 5104 speciali

1702 5131 1750 5186 in
1783 5143 1838 5182 se
1867 5127 2039 5180 studio
2067 5126 2312 5178 virtutum
2360 5136 2588 5179 sectator
2618 5128 2862 5184 excoluit.
2913 5127 3070 5193 Cujus
3102 5135 3234 5177 tem~

1703 5231 1826 5286 pore
1857 5230 1972 5267 cum
2012 5213 2332 5280 corrupisset
2360 5216 2531 5272 omnis
2579 5229 2702 5269 caro
2725 5215 2858 5270 viam
2902 5227 3045 5267 suam
3077 5226 3236 5279 super

1701 5318 1916 5369 terrain,
1955 5303 2218 5357 damnatio
2258 5313 2432 5360 secuta
2481 5319 2582 5358 non
2632 5314 2792 5367 esset,
2848 5303 2944 5360 nisi
2989 5304 3237 5369 praevari-

1699 5395 1835 5448 catio
1879 5408 1943 5448 ex
1988 5393 2204 5448 arbitrio
2247 5393 2474 5447 hominis
2515 5394 2888 5463 pra‘ccssissct.
2940 5389 3080 5449 Sicut
3109 5406 3235 5459 ergo

1699 5484 1848 5549 culpa
1878 5496 2085 5548 poenam
2131 5490 2381 5546 meretur,
2429 5483 2496 5535 ita
2541 5483 2693 5551 culpa
2739 5495 2942 5550 poenam
2990 5489 3228 5546 teStatur,

1699 5591 1812 5643 que
1845 5588 1938 5641 pro
1965 5573 2208 5642 arqui'ate
2234 5575 2575 5629 moderatoris
2613 5573 2849 5628 infertur.
2894 5572 3024 5627 Dum
3055 5584 3232 5628 autent
