3818 6226
473 277 573 331 ω

1672 262 1730 317 S.
1772 256 2015 317 FAUSTI
2052 254 2449 312 RIIEGIENSIS

3586 246 3692 301 3'33

474 386 600 439 dicit
641 396 816 435 sermo
858 378 1062 432 divinus
1118 398 1129 428 :
1176 375 1354 428 Omnis
1392 391 1511 428 caro
1554 379 1847 443 corruperat
1888 370 2016 431 viam
2046 373 2093 429 Α
2125 362 2405 423 hilominus
2428 362 2662 434 potuisse
2686 372 2780 429 per
2807 355 3059 413 studium.
3106 359 3266 415 Certe
3292 353 3490 409 nullum
3519 353 3579 407 in
3602 352 3691 407 illa

477 476 617 515 suam
640 458 790 530 (Cen.
822 457 915 525 vr),
956 454 1253 523 iniquitates
1282 452 1421 505 illius
1447 450 1697 520 temporis
1726 465 1831 503 non
1858 450 2027 518 itnpo-

478 552 591 603 sita:
630 546 947 609 definitioni,
994 542 1087 598 sed
1132 542 1443 596 voluntaria:
1492 542 1715 609 imputat
1761 539 2022 606 pravitati.

484 640 670 706 Legem
698 638 874 703 itaque
919 634 1106 688 littera:
1133 634 1332 701 absque
1357 630 1518 686 dubio
1560 629 1791 685 ccelestis
1817 628 2029 696 dispen-

483 727 615 781 satio
642 740 743 780 non
773 723 1023 787 dedisset,
1055 722 1157 775 nisi
1205 721 1371 790 legem
1403 729 1603 774 naturae
1646 717 2031 786 inlet‘pellasset

481 831 645 885 usque
671 815 734 869 ad
764 816 892 868 iram
919 811 1099 868 diluvii
1128 812 1376 881 perducta
1401 810 1777 880 transgressio.
1806 807 2030 873 Ideoque
2058 848 2059 851 η

484 908 596 959 haec
635 903 716 958 lex
750 902 937 973 Moysi,
982 900 1102 971 Qum
1142 901 1307 969 prima
1354 899 1607 963 creditur,
1644 888 1758 967 ’jam
1804 892 2029 949 secunda

482 1010 577 1053 est.
607 997 750 1067 Opus
780 999 951 1064 itaque
980 994 1232 1050 naturalis
1256 993 1388 1062 legis
1407 992 1460 1044 in
1491 990 1738 1046 cordibus
1764 986 2030 1041 hominum

485 1089 538 1143 fu
562 1102 648 1142 sse
669 1102 767 1141 con
799 1088 923 1154 crEp‘
938 1099 1046 1147 um,
1065 1084 1226 1136 etiam
1249 1079 1584 1135 beatissimus
1599 1077 1836 1147 pontifex
1850 1076 2033 1145 Augu-

485 1177 654 1231 stinus
681 1172 991 1230 doctissimo
1026 1182 1271 1224 sermone
1313 1167 1664 1235 prosequitur,
1706 1166 1777 1219 ita
1812 1164 2028 1218 dicens:

488 1266 783 1332 Utrumque
809 1261 966 1315 simul
1002 1259 1167 1312 currit
1204 1258 1255 1311 in
1287 1258 1387 1309 isto
1423 1255 1577 1309 alveo
1614 1263 1771 1321 atque
1806 1260 2035 1306 torrente

486 1352 698 1421 generis
733 1350 966 1412 humani,
1013 1350 1204 1400 malum
1247 1344 1385 1413 quod
1415 1358 1445 1397 a
1469 1350 1683 1412 parente
1712 1342 1957 1402 trahitur,
1984 1348 2038 1393 et

495 1446 686 1495 bonum
715 1439 854 1508 quod
883 1454 908 1489 a
940 1446 1149 1491 creante
1171 1436 1435 1488 tribuitur.
1468 1434 1595 1487 Item
1625 1431 1821 1485 nullius
1842 1431 2035 1498 quippe

491 1534 671 1584 vitium
716 1531 785 1582 ita
830 1537 1009 1581 contra
1059 1535 1298 1579 naturam
1346 1532 1456 1589 est,
1520 1531 1577 1576 ut
1622 1530 1822 1576 naturae
1866 1519 2041 1573 deleat

490 1624 645 1676 etiam
696 1627 930 1673 extrema
978 1616 1218 1684 vestigia.
1273 1614 1403 1668 Nam
1451 1613 1572 1666 hinc
1605 1620 1660 1664 et
1700 1609 1839 1678 quod
1878 1608 2037 1663 etiam

2128 469 2280 513 astate
2308 456 2479 509 fatalis
2504 453 2812 510 constitutio
2837 453 3009 509 locum
3036 451 3240 508 habuit.
3269 448 3399 505 Nam
3420 449 3549 518 quia
3572 448 3695 501 Imi-

2130 548 2344 601 versatis
2371 536 2539 599 fuerat
2566 545 2837 613 praemissa
2866 541 3233 612 transgressio,
3266 536 3589 593 un'versalis
3608 540 3690 589 est

2128 643 2307 687 secuta
2353 632 2641 685 damnatio.
2691 631 2966 698 Quomodo
3008 630 3141 683 dicis
3187 626 3329 696 quod
3381 632 3691 679 assumatur

2130 737 2263 778 unus
2294 729 2346 777 et
2374 722 2507 775 alios
2550 720 2913 788 relinquatur?
2962 718 3091 772 Vide
3118 713 3570 787 quemadmodqu
3602 727 3692 766 ex-

2130 820 2283 877 cepta
2326 810 2455 879 justi
2502 809 2717 876 familia,
2764 818 2904 863 totus
2950 808 3094 863 orbis
3141 814 3363 874 cogente
3403 801 3693 871 iniquitate

2133 898 2356 953 deletur.
2407 896 2539 951 lllud
2568 911 2696 966 ergo
2727 897 2864 965 quod
2895 897 3091 950 asseris
3130 894 3359 965 speciale
3386 893 3691 949 decretum.

2132 986 2428 1041 excluditur
2459 1000 2553 1053 per
2578 980 2824 1055 generale
2850 980 3125 1053 judicium.
3151 982 3217 1038 Et
3241 982 3331 1051 qui
3365 996 3458 1051 pro
3490 981 3695 1047 impro-

2134 1077 2296 1132 bitate
2324 1075 2622 1141 damnatur,
2656 1075 2846 1129 bonum
2878 1074 3050 1129 facere
3079 1073 3311 1142 potuisse
3336 1071 3691 1127 convincitur.

2706 1206 2929 1263 CAPUT
2969 1208 3099 1275 Vill.

2140 1300 2213 1353 De
2240 1316 2297 1353 eo
2325 1300 2459 1368 quod
2485 1301 2680 1354 natura:
2726 1299 2880 1366 legem
2922 1299 2974 1351 in
3023 1299 3184 1364 primo
3221 1299 3415 1351 homine
3457 1304 3693 1368 ωςεηιδι

2204 1366 2469 1430 interiisse,
2494 1385 2580 1422 nec
2603 1385 2691 1436 per
2712 1376 2934 1435 posteros
2964 1368 3197 1438 viguisse,
3222 1383 3373 1434 usque
3400 1368 3471 1417 ad
3506 1366 3689 1420 Satra-

2208 1438 2330 1491 toris
2354 1438 2639 1491 adventum.

2209 1526 2313 1582 Sed
2339 1526 2470 1581 dicis
2499 1526 2753 1579 naturalia
2778 1525 2910 1578 bona
2933 1522 3394 1580 commemoranda
3417 1537 3527 1577 non
3553 1536 3688 1581 esse,

2140 1617 2257 1683 quia
2286 1625 2406 1670 ante
2449 1615 2728 1668 adventum
2773 1613 2968 1668 Christi
3020 1628 3347 1682 nequaquam
3396 1621 3589 1680 gentes
3629 1611 3691 1664 ad

492 1712 632 1779 impii
660 1710 886 1776 cogitant
913 1719 1130 1767 teterna,
1174 1719 1236 1757 ac
1264 1700 1601 1772 praedicanda
1626 1700 1787 1754 etiam
1834 1699 1884 1750 in
1912 1712 2039 1765 prm-
2071 1706 2113 1764 Β
2141 1704 2363 1757 Salutem
2398 1703 2711 1770 pertinuisse
2742 1703 3073 1756 manifesmm
3101 1713 3199 1757 est.
3246 1700 3346 1768 Qui
3373 1704 3616 1753 naturam
3643 1699 3690 1750 in

491 1800 624 1852 senti
650 1796 844 1850 saecqu
877 1795 993 1862 jura
1020 1792 1365 1851 consumunt,
1409 1799 1462 1844 et
1490 1790 1653 1843 mu'ta
1692 1796 1835 1841 recte
1863 1799 2039 1854 repre-

501 1885 770 1947 hendunt,
814 1893 1061 1950 recteque
1106 1880 1319 1932 laudant
1364 1879 1418 1930 in
1464 1877 1736 1929 hominum
1783 1874 2038 1928 muribus.

494 1975 693 2039 Quibus
720 1988 779 2024 ea
808 1971 1020 2024 tandem
1051 1969 1249 2037 regulis
1276 1967 1531 2032 iudicant,
1570 1965 1667 2018 nisi
1696 1963 2040 2027 naturalibus,

497 2063 549 2113 in
581 2060 766 2129 quibus
794 2060 972 2111 vident
1016 2054 1459 2124 quemadmodum
1504 2054 1725 2121 quisque
1756 2054 1928 2106 vivere
1953 2052 2043 2107 dc-

497 2152 639 2214 beat,
666 2150 823 2202 etiam
851 2147 896 2202 si
922 2134 1019 2202 nec
1047 2148 1143 2214 ipsi
1176 2147 1363 2201 eodem
1391 2144 1546 2199 mod.»
1574 2142 1785 2197 vivant?
1814 2142 1961 2209 Quod
1992 2149 2047 2195 et

497 2239 777 2308 Apostolus
798 2237 863 2290 ad
888 2236 1149 2290 Romanos
1167 2234 1461 2289 evidentius
1493 2243 1807 2300 proteStatur
1830 2232 2043 2285 dicens:

499 2326 766 2383 Revelatur
792 2327 922 2379 enim
960 2327 1036 2378 ira
1070 2324 1164 2378 Dei
1190 2326 1252 2378 de
1271 2324 1393 2378 caelo
1423 2340 1569 2393 super
1598 2339 1791 2375 omnem
1821 2323 2048 2391 impieta-

498 2430 593 2471 tem
622 2428 666 2471 et
691 2419 987 2483 iniustitiam
1020 2416 1274 2469 hominum
1294 2430 1467 2469 eorum
1498 2415 1578 2481 qui
1607 2413 1860 2464 veritatem
1884 2412 1937 2462 in
1963 2411 2046 2461 in-

498 2507 693 2579 justitia
709 2506 947 2567 de:inent,
965 2504 1085 2572 quia
1105 2504 1235 2570 quod
1252 2514 1421 2555 notum
1438 2512 1511 2553 est
1530 2501 1621 2552 Dei
1644 2501 1960 2565 manifestum
1978 2508 2049 2551 est

498 2598 618 2648 illis.
665 2594 798 2647 Deus
844 2596 971 2645 enim
1017 2592 1119 2645 illis
1168 2593 1501 2659 manifestavit
1540 2608 1556 2674 ς
1600 2593 1869 2643 invisibilia
1920 2592 2049 2643 enim

500 2688 657 2755 ipsius
680 2702 710 2736 a
736 2694 964 2737 creatura
995 2685 1165 2736 mundi
1213 2700 1299 2749 per
1325 2700 1380 2735 ea
1409 2699 1520 2753 qua
1549 2687 1685 2752 facta
1715 2691 1831 2735 sunt
1857 2682 2052 2735 intelle-

502 2788 584 2827 εἷα
626 2775 1023 2843 conspiciuntur.
1075 2772 1384 2841 Sempiterna
1424 2788 1616 2840 quoque
1658 2774 1765 2840 ejus
1804 2774 1959 2824 virtus
2005 2783 2065 2839 et.

503 2865 754 2925 divinitas,
786 2870 838 2913 ut
877 2864 974 2913 sint
1005 2858 1381 2913 inexcusabiles.
1420 2860 1550 2922 Quia
1577 2876 1687 2912 cum
1716 2861 2053 2928 cognovissent

506 2954 685 3013 Deum,
712 2967 807 3002 non
836 2952 956 3001 sicut
982 2948 1137 3000 Deum
1165 2949 1588 3016 gloriﬁcaverunt,
1607 2958 1691 2999 aut
1723 2949 1912 3016 gratias
1942 2962 2049 3014 ege-

505 3048 643 3102 runt,
676 3056 698 3091 s
731 3041 761 3089 d
788 3048 1087 3089 evanuerunt
1117 3040 1168 3089 in
1197 3038 1577 3106 cogitationibus
1604 3039 1726 3099 suis,
1750 3047 1795 3090 ct
1820 3038 2053 3088 obscura—

506 3142 611 3182 tum
640 3137 711 3180 est
741 3126 975 3191 insipiens
1000 3142 1083 3177 cor
1111 3143 1301 3178 eorum.
1336 3127 1567 3179 Dicentcs
1595 3128 1725 3179 enim
1754 3143 1805 3179 se
1833 3143 1939 3179 esse
1966 3142 2051 3178 sa-

507 3222 714 3285 pientes.
746 3215 883 3269 stulti
915 3216 1031 3284 {acti
1061 3226 1193 3277 sunt,
1226 3225 1271 3267 et
1302 3224 1613 3268 mutaverunt
1649 3216 1860 3285 gloriam
1886 3218 2052 3266 incor-

507 3308 752 3374 ruptibilis
793 3303 886 3358 Dei
932 3306 980 3356 in
1034 3305 1410 3357 similitudinem
1452 3305 1686 3374 imaginis
1720 3302 2053 3373 corruptibilis

509 3398 725 3451 hominis
757 3396 926 3461 (liam.
958 3397 1017 3462 l).
1052 3394 1157 3447 Nisi
1207 3395 1343 3447 enim
1381 3410 1410 3447 a
1456 3396 1569 3463 lege
1610 3396 1701 3447 Dei
1754 3394 2055 3449 recessiset

513 3489 771 3544 voluntas.
805 3485 931 3535 iram
967 3485 1051 3535 Dei
1096 3498 1198 3535 non
1230 3484 1481 3537 sensisset
1522 3486 1781 3551 impietas.
1830 3484 1893 3535 Et
1936 3498 2051 3533 cum

511 3577 681 3627 dlCJlI
718 3575 845 3637 Quia
884 3573 1015 3637 quod
1054 3580 1223 3622 notum
1261 3583 1330 3623 est
1366 3570 1475 3633 Dei,
1525 3573 1840 3637 manifestum
1887 3580 1957 3620 est
2003 3570 2053 3619 :‘u

511 3666 646 3725 illis;
682 3662 810 3715 Deus
840 3662 965 3711 cnim
996 3660 1095 3711 illis
1123 3660 1473 3727 uranifestavit,
1507 3658 1773 3711 evidenter
1802 3658 1901 3710 hoc
1947 3656 2055 3709 ds-

511 3754 655 3815 serit,
685 3768 774 3820 per
803 3752 1058 3803 internam
1090 3750 1376 3803 duelrinam
1409 3749 1609 3817 paginis
1639 3748 1829 3801 mentis
1871 3747 2055 3799 inscri-

514 3855 675 3911 ptam,
706 3841 1028 3896 manifestam
1061 3841 1161 3893 illis
1190 3855 1306 3894 esse
1335 3839 1577 3893 debuisse
1602 3839 1837 3891 notitiam
1867 3838 1977 3901 Dei,
2006 3849 2055 3890 et

514 3951 606 4002 per
654 3946 905 3988 ereatura:
971 3932 1406 4001 magnificentiam
1473 3942 1763 3985 creatorem
1830 3931 2055 3998 potuisse

514 4024 775 4092 cognosci.
826 4023 1214 4077 lnexcusab‘des
1242 4022 1431 4089 quippe
1475 4020 1612 4088 apud
1643 4020 1805 4074 Deum
1842 4036 1941 4072 non
1971 4034 2056 4072 es-

513 4128 652 4175 seni,
694 4111 791 4173 nisi
834 4122 884 4165 et
912 4111 1240 4165 extrinsecus
1268 4120 1321 4162 et
1349 4110 1662 4163 intrinsecus
1691 4110 1895 4176 capiam
1943 4122 2053 4174 pcr-

515 4201 767 4267 cipiendar.
809 4200 1040 4252 veritatis
1070 4198 1396 4259 habuissent,
1444 4198 1724 4264 adjicienle
1770 4196 2057 4263 Apostolo:

522 4290 674 4353 Quia,
704 4288 887 4353 inquit,
917 4302 1030 4337 cum
1054 4286 1392 4352 cognovissent
1422 4282 1599 4344 Deum,
1626 4300 1723 4335 non
1754 4286 1875 4335 sicut
1902 4283 2059 4335 Deum

2144 1795 2291 1848 bonis
2318 1792 2429 1846 suis
2463 1802 2617 1860 negat
2666 1792 2936 1859 pricdica'i
2978 1793 3192 1854 debere.
3243 1791 3412 1845 nescit
3457 1788 3695 1854 profecto

2144 1884 2310 1951 ipsum
2344 1892 2538 1935 natura:
2565 1892 2830 1938 auctorem
2855 1896 2971 1935 esse
3000 1882 3083 1949 qui
3109 1882 3293 1949 gratia:
3322 1890 3422 1934 est.
3468 1879 3583 1933 Hoc
3608 1877 3691 1945 qui

2145 1972 2629 2040 imprudentissimo
2659 1979 2833 2039 negat,
2883 1980 3037 2037 negat
3083 1980 3280 2023 natura:
3324 1969 3523 2021 bonum
3553 1975 3695 2021 extra

2147 2063 2234 2117 Dei
2264 2063 2548 2131 Opificium,
2573 2074 2623 2117 et
2652 2072 2741 2115 aut
2771 2078 2959 2116 nomen
2991 2064 3127 2129 quod
3158 2078 3275 2115 esse
3297 2063 3592 2114 arbitratur
3612 2069 3691 2111 aut

2146 2150 2329 2205 fatum.
2372 2152 2503 2204 Cum
2557 2167 2680 2205 vero
2728 2152 2838 2218 ipse
2880 2153 2945 2204 sit
2987 2152 3227 2205 conditor
3270 2151 3358 2216 qui
3403 2161 3695 2217 reparator.

2146 2256 2280 2295 unus
2309 2239 2551 2306 idemque
2578 2242 2626 2291 in
2652 2240 2924 2307 utriusque
2965 2241 3141 2307 operis
3173 2240 3435 2306 praeconio
3463 2238 3697 2291 celebra-

2148 2337 2249 2381 tur.
2272 2327 2397 2381 iure
2426 2330 2596 2395 itaque
2624 2328 2897 2394 utriusque
2921 2329 2995 2381 rei
3023 2342 3211 2385 munus
3239 2342 3440 2388 assero,
3470 2325 3594 2394 quia
3619 2340 3696 2376 mc

2147 2417 2255 2470 scio
2287 2417 2358 2469 illi
2389 2417 2583 2471 debere
2610 2418 2745 2486 quod
2775 2428 2926 2471 natus
2953 2433 3088 2481 sum,
3134 2420 3215 2471 cui
3246 2418 3415 2471 debeo
3443 2416 3587 2484 quod
3618 2430 3697 2468 re-

2148 2515 2300 2559 natus
2330 2520 2463 2560 sum.
2500 2507 2561 2559 Et
2597 2517 2871 2575 propterea
2904 2523 3005 2560 non
3037 2508 3155 2559 ideo
3185 2507 3385 2574 negabo
3411 2506 3698 2558 conditoris

2148 2594 2283 2647 dona
2313 2597 2429 2660 quia
2465 2595 2687 2662 perdidi,
2721 2596 2810 2648 sed
2844 2580 3014 2658 priora
3062 2596 3177 2651 ideo
3220 2595 3570 2663 sequentibus
3601 2610 3697 2645 non

2148 2685 2453 2751 exaequabit,
2497 2686 2616 2749 quia
2649 2687 3001 2753 multipliciter
3032 2687 3081 2738 in
3113 2686 3298 2739 melius
3329 2696 3573 2753 reparata
3612 2701 3695 2736 su-

2150 2775 2313 2834 εροιιί.
2345 2774 2600 2827 Extollam
2629 2775 2880 2829 beneficia
2904 2775 3270 2839 creantis,sed
3302 2776 3351 2827 in
3385 2776 3697 2828 immensum

2153 2867 2425 2932 praeferam
2466 2865 2790 2918 redimentis.
2839 2865 2944 2919 Nec
2987 2864 3084 2916 hoc
3125 2864 3329 2931 quidem
3362 2865 3588 2917 videbor
3628 2864 3698 2915 in-

2153 2965 2354 3013 cautus,
2388 2955 2429 3007 si
2462 2954 2730 3022 profitear,
2776 2970 2859 3021 qur
2882 2953 2912 3005 d
2946 2954 3225 3019 aliquoties
3268 2955 3320 3006 in
3345 2952 3698 3019 dispositioni-

2079 3032 2119 3091 C
2154 3044 2252 3099 bus
2281 3045 2493 3108 nostris,
2543 3060 2644 3095 non
2678 3043 2888 3111 quidem
2918 3044 2969 3096 in
3012 3047 3132 3095 vitte
3163 3052 3353 3095 nostra:
3383 3042 3696 3110 primordiis,

2155 3134 2246 3189 sed
2276 3124 2524 3193 duntaiat
2556 3135 2604 3187 in
2634 3134 2839 3200 mediis,
2877 3132 3070 3203 gratias
3097 3132 3349 3201 speciales
3389 3141 3445 3184 et
3473 3147 3538 3185 ex
3563 3146 3697 3184 acce-

2154 3224 2297 3277 denti
2329 3225 2560 3291 largitate
2603 3224 2895 3291 venientes,
2946 3223 3187 3276 voluntas
3233 3231 3433 3284 nostra,
3486 3222 3595 3273 Deo
3638 3220 3698 3271 ita

2155 3312 2449 3373 ordinante,
2486 3311 2765 3376 przecedat.
2801 3312 2981 3364 Utrum
3012 3311 3080 3362 ita
3110 3309 3195 3369 sit,
3238 3323 3384 3361 sacra
3416 3308 3697 3375 interroge—

2159 3413 2273 3451 mus
2299 3398 2528 3467 eloquia.
2561 3398 2801 3465 Legimus
2842 3398 2891 3449 in
2924 3396 3205 3464 Evangelio
3230 3395 3496 3449 dicentem
3539 3395 3701 3447 Domi-

2158 3503 2279 3539 num
2308 3488 2469 3550 :Quid
2498 3486 2583 3536 tibi
2611 3487 2679 3536 vis
2701 3486 2919 3552 faciam?
2949 3494 3000 3538 et
3026 3486 3245 3538 iterum:
3272 3483 3356 3535 Vis
3376 3486 3497 3552 ﬁeri
3523 3484 3695 3538 sanat?

2161 3574 2315 3627 ‘v’ides
2360 3574 2476 3641 quia
2522 3588 2621 3625 non
2675 3573 2917 3625 tribuitur
2949 3588 3136 3625 munus
3182 3573 3385 3639 salutis,
3438 3574 3540 3626 nisi
3570 3573 3697 3640 prius

2160 3664 2511 3730 interrogetur
2542 3661 2863 3715 desiderium
2896 3661 3197 3714 voluntatis.
3247 3661 3350 3715 Sed
3402 3669 3599 3713 etcum
3623 3674 3697 3710 re-

2160 3756 2300 3808 uitur
2329 3752 2391 3805 ad
2421 3753 2759 3821 baptismum,
2794 3753 2934 3820 prius
2956 3752 3251 3805 accedentis
3274 3751 3525 3804 voluntas
3548 3752 3630 3819 inq
3650 3753 3699 3800 :i-

2160 3844 2309 3907 ritur,
2343 3850 2397 3895 ut
2419 3843 2779 3908 regenerantis
2806 3841 2973 3911 gratia
3002 3842 3365 3909 subsequatur.
3426 3840 3493 3894 Et
3514 3841 3566 3893 in
3591 3854 3696 3893 cen-

2161 3933 2367 3985 turione
2408 3931 2675 3998 Cornelio,
2726 3934 2844 3999 quia
2876 3932 3140 3999 praecessit
3184 3930 3431 3984 voluntas
3475 3929 3695 3998 gratiam.

2162 4024 2275 4076 ideo
2306 4024 2555 4090 praevenit
2576 4030 2628 4075 et
2653 4024 2818 4091 gratia
2847 4022 3318 4085 regenerationem.
3350 4020 3502 4075 Nihil
3529 4022 3626 4082 hic,
3652 4028 3698 4070 ut

2162 4112 2366 4178 Opinor,
2407 4112 2610 4164 redolet
2661 4111 3102 4178 prresumptionis,
3147 4123 3264 4162 cum
3300 4116 3353 4163 et
3391 4109 3501 4162 hoc
3549 4110 3697 4177 ipsum

2164 4204 2546 4255 incessabiliter
2579 4218 2833 4267 asseram,
2865 4203 3004 4269 quod
3039 4203 3147 4254 Deo
3178 4204 3341 4266 ipsam
3375 4203 3599 4257 debeam
3624 4214 3697 4253 vo-

2166 4296 2435 4352 luntatem,
2491 4293 2779 4357 presertim
2826 4306 2944 4344 cum
2986 4294 3033 4343 in
3066 4292 3304 4344 omnibus
3345 4292 3472 4356 ejus
3498 4292 3699 4345 motibus

517 4376 614 4441 glor
630 4376 942 4439 iﬁcaverunt.
975 4372 1163 4436 lmpios
1185 4384 1311 4435 ergo
1332 4370 1467 4421 etde
1498 4369 1761 4419 intellectu
1786 4384 1887 4434 quo
1913 4369 2042 4419 abus

2164 4380 2228 4431 ad
2258 4395 2390 4445 opus
2417 4382 2596 4445 gratiae.
2625 4380 2867 4443 referam,
2922 4381 3005 4432 vel
3038 4380 3385 4432 inchoationis
3426 4381 3587 4443 initia,
3632 4378 3698 4429 vel

519 4470 638 4515 sunt
685 4461 930 4520 damnat,
979 4472 1201 4524 quorum
1252 4455 1554 4521 injustitiatn
1605 4457 1657 4505 in
1706 4466 2059 4521 contemptum

521 4548 813 4604 Divinitatis
855 4558 1078 4611 accusat.
1123 4547 1328 4600 Famosi
1373 4555 1545 4598 autem
1592 4545 1873 4597 exundatio
1922 4555 2061 4595 vasta

518 4642 718 4701 diluvii,
750 4639 869 4707 quid
896 4639 1030 4691 aliud
1065 4638 1162 4690 nisi
1195 4638 1464 4691 arbitrium
1498 4638 1704 4689 humani
1734 4636 1941 4706 generis
1972 4650 2063 4702 per

519 4744 719 4790 reatum
753 4733 977 4784 damnati
1009 4732 1150 4783 orbis
1175 4731 1439 4784 asseruit?
1487 4736 1558 4782 Ae
1588 4732 1663 4783 sic
1693 4729 1803 4783 Nec
1834 4727 2060 4797 perfecta

519 4825 711 4895 justitia
757 4832 1074 4890 spontaneos
1116 4822 1290 4873 smcnli
1336 4821 1471 4873 illius
1509 4830 1560 4872 et
1591 4820 1819 4871 ostendit
1853 4828 1903 4871 et
1939 4833 2066 4870 con-

521 4916 782 4972 demnavit
808 4928 1029 4977 errores,
1078 4914 1211 4964 sicut
1246 4911 1462 4977 legimus
1490 4929 1501 4962 :
1538 4910 1669 4962 Fide
1700 4911 1808 4962 Noe
1830 4925 2065 4975 responso

521 5014 721 5075 accepto
761 5005 820 5054 de
861 5003 937 5054 his
978 5018 1090 5069 qua;
1114 5001 1276 5052 adhuc
1328 5016 1425 5051 non
1455 5001 1769 5061 videbantur,
1816 5007 2062 5057 metuens,

522 5094 702 5161 aptavit
728 5106 895 5141 arcam
926 5090 975 5140 in
999 5087 1208 5140 salutem
1238 5088 1415 5140 domus
1446 5103 1550 5139 sua:
1577 5104 1594 5139 :
1626 5104 1712 5156 per
1734 5103 1881 5154 quam
1923 5087 2067 5137 dam-

524 5185 656 5235 navit
682 5182 938 5245 mundum,
988 5181 1284 5250 etjustititc,
1333 5196 1441 5245 qua:
1480 5198 1565 5247 per
1594 5182 1743 5248 ﬁdem
1769 5191 1863 5243 est,
1910 5182 2066 5232 Irwres

526 5284 594 5324 est
641 5274 893 5325 institutus
941 5271 1121 5341 (Hebr.
1164 5276 1256 5335 χι).
1298 5271 1469 5347 Quare
1515 5274 1883 5327 condemnavit
1919 5289 2069 5326 mun-

529 5358 685 5410 dum?
714 5361 829 5425 quia
862 5360 1005 5425 sequi
1036 5359 1219 5410 mundi
1254 5359 1555 5424 improbitas
1583 5362 1799 5425 justitite
1828 5366 2069 5430 neglexe-

532 5447 595 5496 rit
620 5448 932 5513 exemplum.
979 5448 1053 5499 Ac
1092 5449 1166 5499 sic
1199 5448 1542 5501 inobedientis
1585 5462 1799 5503 accusat
1841 5462 2066 5513 reatum,

530 5540 585 5584 et
609 5531 797 5597 placuit
826 5551 915 5602 per
945 5537 1271 5607 obsequium,
1320 5545 1371 5591 et
1401 5539 1564 5606 arguit
1596 5540 1699 5591 alio
1752 5541 1958 5606 placere
1986 5540 2065 5595 ni-

2169 4468 2633 4519 consummatiouis
2660 4478 2914 4519 extrema.
2943 4467 3200 4521 Abraham
3220 4482 3439 4536 quoque
3466 4483 3528 4522 ex
3554 4469 3697 4521 Inedia

2168 4556 2455 4622 gentilitate
2482 4556 2839 4623 progrediens,
2872 4573 2974 4610 non
3004 4558 3171 4610 solum
3199 4546 3317 4610 eum
3347 4558 3503 4609 omni
3534 4556 3696 4609 familia

2169 4660 2257 4696 sua
2287 4645 2348 4695 ad
2380 4646 2595 4696 salutem
2631 4656 2861 4708 Vt;C.‘lll.ll‘,
2916 4647 3004 4700 sed
3054 4648 3209 4700 etiam
3251 4638 3393 4715 pater
3453 4646 3697 4698 multarum

2170 4732 2385 4799 gentium
2412 4734 2707 4786 testimonio
2755 4736 2913 4798 ipsius
2956 4735 3189 4788 veritatis
3222 4734 3482 4789 efficitur.
3528 4730 3696 4790 Dellei

2173 4820 2401 4872 bonitate
2428 4830 2509 4872 est
2538 4818 2673 4888 quod
2708 4832 2942 4885 voratur,
2966 4823 3030 4876 de
3060 4824 3264 4891 propria
3287 4820 3694 4893 voluntati:un

2173 4917 2441 4977 promptus
2466 4911 2785 4976 obequatur.
2809 4910 2906 4963 Job
2930 4927 3134 4981 quoque
3154 4914 3268 4965 sine
3287 4912 3462 4966 animi
3489 4912 3695 4967 libertate

2174 5000 2490 5051 incumbenti
2534 5000 2581 5050 in
2629 5014 2686 5052 se
2718 5003 2851 5053 hosti
2895 5018 2995 5055 non
3031 5005 3260 5069 potuisse
3307 5002 3588 5067 obsistere,
3618 5000 3694 5055 sed

2170 5086 2339 5155 jungit
2382 5091 2715 5155 magnilnlem
2762 5092 2935 5145 cordis
2979 5108 3099 5145 cum
3147 5093 3341 5145 auxilio
3386 5093 3691 5161 protectoris.

2176 5181 2251 5232 Ac
2288 5179 2363 5232 sic
2397 5179 2593 5247 justitia
2635 5185 3019 5235 remunerantis
3063 5182 3409 5235 devotionem
3450 5182 3692 5252 pugnandi

2175 5272 2417 5323 ostendit.
2456 5271 2506 5323 in
2554 5271 2771 5337 spiritali
2814 5272 2966 5335 bello,
3015 5273 3086 5324 i'a
3132 5271 3195 5322 ad
3229 5271 3467 5326 hominis
3494 5271 3691 5326 laborem

2176 5362 2383 5414 videtur
2411 5364 2668 5428 pertinere
2696 5364 2989 5423 conﬂictus,
3032 5361 3167 5414 sient
3196 5361 3257 5413 ad
3292 5361 3464 5415 Deum
3484 5352 3692 5416 refertur

2167 5461 2412 5503 eventus.
2466 5450 2674 5503 Amicos
2724 5467 2929 5520 quoque
2972 5450 3068 5503 Job
3115 5465 3179 5502 ex
3220 5452 3474 5517 gentibus
3516 5446 3690 5500 venisse

2176 5537 2402 5591 nondum
2433 5538 2768 5605 promulgata:
2798 5540 2924 5605 legis
2950 5536 3196 5596 ostendit.
3249 5546 3302 5590 et
3346 5537 3471 5590 dum
3495 5549 3583 5602 pro
3604 5530 3689 5583 03'
