3818 6226
1064 244 1147 298 ne
1185 242 1433 300 GBATIA
1474 240 1607 306 DEI,
1649 224 1817 309 cm,
1858 242 1979 297 us.
2020 242 2083 295 ιι.

3064 237 3164 294 830

99 372 147 415 ιο
166 356 248 412 iob
266 353 595 425 pmcipiente
625 351 844 407 Domino
872 352 1213 420 supplicasse,
1242 361 1298 407 et
1320 351 1532 407 exaudi-
1558 354 1612 411 Δ
1636 351 1688 405 in
1711 350 1892 406 eadem
1921 349 2149 420 Epistola
2177 349 2302 404 dicit
2330 366 2346 403 :
2375 347 2500 401 Cum
2526 348 2656 402 enim
2683 340 2846 417 gentes
2873 361 2986 416 qua:
3012 346 3166 417 legem

72 442 121 507 is
142 461 239 502 esse
260 452 591 507 memoratur,
625 442 705 495 bis
728 457 936 511 quoque
963 441 1132 496 adhuc
1156 443 1208 497 in
1247 443 1536 511 gentilitate

59 514 301 597 sinentibus
320 534 465 589 salus
493 532 775 586 indubitata
801 531 1095 585 confertur.
1125 531 1307 586 Rahab
1332 546 1537 600 quoque

85 632 290 681 stantum
334 621 558 676 nationis
608 619 877 688 gentilitite
919 618 1035 683 fuit,
1090 630 1146 674 ut
1189 634 1253 672 ex
1300 620 1539 688 gentibus

74 704 383 782 isngreganda
409 720 585 779 typum
610 707 877 774 praeferret
906 707 1176 762 Ecclesia.
1220 708 1341 761 Haec
1380 708 1539 761 etiam

116 802 307 854 salutem
334 812 452 852 cum
482 796 623 849 omni
648 796 805 849 domo
836 809 929 849 sua
960 795 1060 847 nde
1083 804 1333 863 operante
1371 794 1540 849 susci-

101 900 183 942 tur.
211 885 390 953 Deque
418 883 635 956 legimus
659 899 671 935 :
704 878 834 934 Fide
860 880 1034 934 Raltub
1062 883 1300 935 meretrix
1325 896 1422 934 non
1457 896 1543 948 pe-

51 970 123 1053 ti!
143 993 236 1029 cum
260 973 548 1028 incredulis.
572 972 720 1029 Unde
746 974 829 1026 hic
848 980 992 1053 extra
1019 974 1186 1041 legem
1216 970 1371 1041 positi
1390 984 1545 1024 ερρυ-

51 1056 601 1129 hutnriucrcdulitatis
632 1078 646 1113 :
676 1061 778 1116 nisi
819 1061 941 1127 quia
980 1060 1147 1129 legem
1191 1070 1413 1123 naturae,
1466 1056 1546 1111 cui

95 1150 159 1207 les
178 1130 342 1218 juncta
372 1159 476 1211 est,
515 1162 731 1204 servare
758 1149 1071 1204 noluerunt!
1114 1148 1264 1202 Unde
1305 1146 1547 1215 obiicitur

70 1234 373 1306 icnednlitas,
422 1240 521 1293 nisi
560 1239 679 1307 quia
716 1240 767 1290 in
811 1249 1049 1306 promptu
1079 1236 1440 1292 fuit'credendi
1470 1235 1546 1289 fa.

51 1326 224 1396 huius?
257 1326 428 1382 Liberi
454 1328 627 1396 itaque
652 1328 851 1381 arbitrii
883 1327 1016 1381 ratio
1055 1326 1179 1379 facit
1213 1338 1267 1379 ut
1306 1340 1551 1379 remune-

62 1428 174 1487 retur
196 1418 405 1471 credens
449 1425 503 1471 et
542 1417 816 1469 damnetur
848 1413 1163 1468 incredulus.
1212 1413 1455 1480 Legimus
1492 1412 1545 1465 in

59 1505 165 1568 Ebro
188 1505 483 1559 Geneseos:
515 1502 755 1556 Nondum
783 1504 913 1555 enim
936 1502 1185 1565 completa
1211 1508 1323 1554 sunt
1354 1509 1553 1568 peccata

64 1594 419 1665 mandemus
440 1607 459 1643 :
478 1591 717 1660 pradicit
734 1590 981 1643 Dominus
1009 1588 1143 1642 lilios
1169 1588 1325 1642 lsrael
1340 1588 1391 1640 in
1415 1598 1550 1641 terra

1638 460 1737 497 non
1765 443 1943 497 habent
1970 442 2260 496 naturaliter
2287 456 2398 510 qua:
2416 440 2537 509 legis
2559 446 2672 491 sunt
2699 436 3166 508 faciunt(liom.n).

1636 530 1750 585 Non
1785 544 1912 597 ergo
1956 528 2151 583 recenti
2182 528 2484 595 magisterio
2528 528 2590 580 ad
2621 526 3166 595 comprehendendam

1640 622 1807 689 legem
1840 621 1929 674 Dei
1967 620 2210 674 credatur
2238 618 2486 682 imbutus,
2511 617 2598 685 qui
2626 616 2675 670 id
2698 617 2833 684 quod
2862 616 3171 670 naturaliter

1641 710 1796 763 habet
1827 712 1877 763 in
1910 709 2062 777 primi
2103 708 2279 777 utique
2326 690 2551 761 hominis
2581 706 2881 760 conditione
2913 704 3165 772 percepit.

1643 797 2059 869 Immaturerunt,
2102 796 2266 865 inquit
2300 794 2600 864 Apostblus,
2630 797 2841 864 giarium
2872 795 3173 863 incorrupti—

1644 890 1755 957 bilis
1788 888 1879 941 Dei
1917 889 1970 941 in
2005 886 2383 942 similitudinem
2429 885 2680 951 imaginis,
2727 893 2773 936 et
2818 883 3092 945 volucrum,
3126 889 3173 933 et

1644 979 2044 1045 quadrupedum,
2074 984 2122 1029 et
2151 976 2453 1041 serpentium
2480 973 2662 1043 (Ilum.
2693 970 2763 1040 1);
2798 972 2926 1023 Dum
2974 970 3174 1035 imprae

1630 1067 1774 1119 tdens
1799 1064 2001 1133 abiecta
2024 1073 2079 1118 et
2097 1064 2307 1131 indigna
2329 1070 2625 1123 veneratur,
2644 1060 2890 1114 debuisse
2919 1073 2977 1113 se
3002 1057 3174 1112 omni-

1649 1155 1817 1207 modis
1837 1155 2030 1206 cultum
2058 1151 2377 1220 dignioribus
2405 1152 2696 1219 proﬁtetur.
2729 1149 2957 1216 Dumque
2981 1149 3177 1217 lignum

1648 1240 1918 1295 adorat‘et
1966 1240 2220 1307 lapidem,
2267 1240 2318 1292 in
2368 1250 2611 1307 promptu
2652 1238 2833 1293 habuit
2870 1245 2928 1290 ut
2971 1244 3181 1307 saperet

1649 1328 1868 1381 adorare
1906 1327 2230 1380 terrestrium
2260 1337 2309 1379 et
2344 1326 2633 1379 ccelestium
2676 1323 3022 1379 condituram.
3052 1324 3181 1377 Nam

1651 1414 1773 1467 dum
1800 1413 1954 1465 homo
1984 1412 2257 1465 colendum
2287 1426 2405 1465 esse
2434 1412 2626 1480 aliquid
2657 1411 2861 1480 probat,
2890 1413 3003 1480 ipse
3031 1413 3183 1465 intel-

1642 1503 1817 1558 lectus
1836 1502 2041 1557 colendi
2072 1501 2269 1554 crimen
2300 1500 2587 1554 conditoris
2630 1500 2879 1553 ostendit.
2911 1501 3187 1566 Quomodo

1636 1582 1792 1644 enim
1816 1590 2079 1656 religionis
2123 1589 2303 1642 habuit
2352 1589 2603 1642 censum?
2652 1587 2937 1641 invenisset
2988 1575 3186 1655 alisque

119 1681 231 1747 miti
257 1677 622 1738 humiliandos,
645 1684 799 1743 atque
830 1677 950 1731 inde
968 1674 1031 1729 ad
1054 1674 1343 1743 perdendus
1364 1674 1548 1742 impias
1580 1679 1624 1737 Β
1649 1682 1806 1736 dubio
1840 1682 2024 1745 Deum,
2056 1681 2100 1733 si
2130 1679 2424 1747 inquirendi
2451 1693 2713 1745 apponere
2760 1679 3010 1731 voluisset
3060 1678 3186 1731 aﬂ'e-

85 1768 258 1821 atioues
298 1775 348 1818 et
395 1764 755 1832 percipiendas
797 1764 1077 1829 promissas
1112 1764 1263 1817 sedes
1308 1762 1359 1815 in
1388 1764 1550 1830 signis
1592 1800 1611 1813 .

112 1853 350 1908 miraculis
370 1851 692 1917 educendos,
716 1852 809 1906 sed
838 1852 936 1905 hoc
965 1852 1107 1919 prius
1135 1852 1245 1905 lteri
1270 1868 1373 1903 non
1400 1865 1554 1917 posse

49 1942 265 2011 instatur,
294 1958 450 2011 quam
474 1950 657 2011 gentes
684 1956 813 2008 quas
841 1943 918 1996 eis
957 1942 1238 1995 traditurus
1263 1951 1397 2005 erat,
1436 1955 1557 2008 pec-

55 2030 255 2111 lptorum
280 2033 697 2087 “arescentium
727 2032 1105 2097 magnitudine.
1130 2030 1344 2099 ﬂagellis
1369 2030 1557 2082 debitis

59 2122 201 2203 homo
234 2122 451 2187 iaciant,
498 2134 547 2176 et
577 2121 788 2177 extendi
822 2121 873 2174 in
912 2135 970 2176 se
1008 2135 1222 2174 manum
1259 2119 1557 2172 aﬂlictionis

51 2210 274 2279 iexttemte
295 2215 674 2267 cottsummatae
720 2210 1005 2279 iniquitatis
1050 2210 1186 2263 mole
1224 2210 1555 2277 compellant.

62 2298 141 2357 ilbi
178 2310 504 2369 exspectatur
542 2300 899 2368 multiplicatio
939 2311 1291 2368 peccatorum,
1336 2298 1561 2366 pravitas

112 2390 256 2456 guitur
274 2390 629 2443 voluntatum.
653 2388 752 2452 Qui
778 2388 959 2457 gentili
983 2388 1219 2441 absoluto
1242 2403 1270 2439 a
1295 2391 1405 2455 lege
1432 2403 1561 2455 pra:-

62 2478 169 2545 δειριὶ
195 2476 411 2543 imponit
439 2490 535 2542 pro
571 2476 818 2542 aequitate
860 2476 1192 2538 sententiam.
1226 2475 1391 2543 legem
1416 2482 1562 2527 natu-

62 2564 121 2629 ξω
154 2567 308 2631 arguit
353 2564 514 2619 fuisse
573 2565 856 2628 calcatum;
901 2567 1158 2634 simulque
1203 2566 1565 2635 longanimitas

59 2653 330 2709 inminentis
360 2653 622 2721 justitiam
665 2653 912 2722 probatur
949 2655 1285 2710 manifestare
1313 2657 1563 2709 damnan-

80 2741 136 2799 ἵει.
175 2741 328 2798 Nemo
370 2745 512 2797 enim
557 2756 755 2795 moram
796 2757 859 2796 ex
886 2742 1245 2797 moderatione
1272 2746 1562 2813 praemittit,

66 2830 136 2899 Qui
173 2847 228 2884 ex
277 2831 735 2898 prmdestinatione
789 2829 973 2895 punire
1013 2831 1260 2896 disponit.
1326 2831 1566 2883 Nondum

75 2911 244 2987 linquit)
275 2921 479 2987 impleta
531 2926 643 2970 sunt
676 2928 880 2985 peccata
909 2918 1327 2973 Am‘orrhaorum.
1362 2921 1487 2972 Dum
1516 2920 1564 2971 in

1656 1783 1816 1834 ctum,
1844 1770 2047 1823 dicente
2091 1762 2350 1823 Domino:
2382 1766 2596 1832 Quaerite
2638 1775 2685 1820 et
2733 1767 3006 1820 invenietis.
3056 1764 3187 1819 Cum

1656 1860 1793 1914 enim
1827 1875 1972 1912 mens
2004 1860 2227 1911 humana
2259 1857 2322 1910 ad
2354 1857 2631 1913 videndum
2652 1920 2653 1923 η
2674 1859 2853 1913 ocu‘os
2897 1857 3183 1921 aperuerit,

1654 1951 1827 2002 statim
1877 1963 1933 2000 sc
1984 1946 2300 2001 desideranti
2349 1947 2561 2015 quarsita
2596 1946 2680 2000 lux
2729 1944 2935 2013 ingerit.
2966 1944 3190 2010 Ideoque

1657 2038 1739 2091 lex
1771 2038 1911 2090 in.us
1942 2038 2137 2090 incerta
2167 2036 2344 2090 docuit
2367 2035 2781 2096 venerationem,
2808 2035 2900 2088 sed
2925 2034 3191 2103 negligen-

1658 2130 1723 2182 tia
1751 2141 1800 2183 et
1830 2128 2152 2181 contumacia
2179 2118 2427 2181 invenire
2454 2141 2555 2178 non
2585 2126 2771 2179 meruit
2803 2125 3095 2178 veritatem.
3129 2124 3191 2175 Et

1620 2206 1621 2209 ¹
1658 2228 1931 2285 propterea
1962 2218 2085 2267 dum
2128 2230 2185 2269 se
2226 2216 2443 2267 tnortnis
2472 2216 2764 2272 simulacris
2804 2223 2857 2265 et
2906 2212 3084 2280 ﬁguris
3112 2213 3190 2264 in-

1659 2307 1990 2362 scusibiiibu.
2016 2307 2313 2370 ligmentum
2346 2304 2559 2355 caeleste
2602 2302 2906 2367 prosternit,
2942 2300 3185 2367 iniuriam

1662 2411 1764 2448 non
1792 2395 1957 2447 solum
1978 2391 2283 2456 factori,sed
2313 2400 2364 2445 et
2388 2392 2439 2444 in
2468 2406 2524 2443 se
2549 2392 2755 2443 factum
2784 2404 2891 2441 sua:
2918 2388 3110 2450 intulit,
3137 2398 3190 2440 et

1663 2485 2030 2538 erubescendis
2074 2482 2407 2550 semetipsum
2457 2480 2809 2541 contumeliis,
2842 2480 3064 2547 propria:
3089 2480 3186 2531 int-

1663 2588 1864 2626 memor
1891 2559 2255 2639 generositatis
2303 2570 2494 2638 affecit,
2538 2581 2690 2633 atque
2730 2584 2797 2621 ex
2847 2584 3025 2621 errore
3074 2569 3188 2636 ipso

1664 2675 1869 2729 poenam
1891 2660 2087 2726 recepit
2119 2659 2332 2721 erroris,
2358 2659 2491 2711 sicut
2517 2659 2585 2710 ait
2614 2658 2889 2723 Apostolus
2915 2674 2926 2705 :
2964 2654 3027 2707 Et
3058 2673 3189 2708 mer-

1666 2750 1828 2802 cedem
1856 2766 1999 2812 quam
2021 2750 2240 2814 aportnit
2261 2750 2443 2800 erroris
2472 2753 2549 2800 sui
2577 2748 2627 2799 in
2648 2748 2921 2815 semetipsis
2942 2749 3189 2813 recipien-

1668 2850 1754 2892 tcs.
1778 2839 1839 2890 Et
1861 2842 1985 2890 sicut
2016 2855 2111 2890 non
2135 2839 2461 2903 probaverunt
2482 2838 2637 2889 Deum
2658 2838 2833 2890 habere
2868 2838 2917 2888 in
2943 2838 3191 2902 notitiam,

1669 2929 1873 2980 tradidit
1900 2943 1982 2979 eos
2016 2926 2145 2977 Deus
2171 2929 2221 2977 in
2250 2929 2511 2990 reprobum
2542 2943 2738 2979 sensum
2773 2928 2790 2997 (
2817 2926 2957 2979 Rom.
2991 2944 3018 2978 ν
3039 2931 3076 2993 ).
3103 2929 3193 2981 llic

59 2995 351 3081 ipladtudine
391 3013 727 3073 peccatorum
768 2995 1216 3058 commemoratur
1261 3006 1561 3073 perditionis

1667 3017 1872 3071 rebellis
1897 3031 2080 3069 sensus
2109 3026 2292 3082 sponte
2322 3028 2617 3081 corruptus,
2650 3002 2751 3069 non
2779 3018 3032 3070 violenter
3051 3018 3194 3070 abla-

74 3088 211 3158 tausa,
238 3094 472 3148 aufertur
501 3094 723 3161 praeﬁxae
754 3094 1076 3147 necessitatis
1105 3094 1316 3146 invidia.
1364 3095 1561 3147 Divinre

59 3182 149 3247 [hoc
172 3183 275 3236 loco
300 3183 569 3251 patientiae
607 3194 830 3249 agnosce
865 3184 1126 3235 virtutem.
1168 3182 1489 3235 Liberandus
1512 3192 1565 3236 et

64 3270 379 3345 fsubrersurus
408 3270 597 3337 impias
622 3279 822 3337 gentes,
855 3270 1073 3337 pepulus
1104 3270 1257 3323 Israel
1288 3272 1489 3324 interim
1514 3274 1563 3324 in

76 3356 287 3433 iervilute
308 3346 586 3421 retinetur,
604 3359 769 3411 donec
795 3359 1035 3425 iniquitas
1063 3358 1289 3425 gentium
1307 3361 1567 3427 complea-

86 3458 153 3502 tu.
179 3451 368 3503 ‘l‘andiu
394 3451 647 3502 ultionem
678 3448 825 3503 affert
865 3450 935 3501 ira
963 3449 1164 3516 judicii,
1195 3450 1421 3518 quandiu
1450 3465 1566 3502 cre-

59 3536 163 3597 iutat
194 3540 240 3590 in
266 3536 545 3609 cumulum
586 3551 826 3593 mensura
860 3537 1077 3603 peccati.
1125 3538 1191 3590 Ut
1226 3546 1568 3589 concurrente

66 3614 150 3701 bibi
175 3624 394 3679 bonitate
438 3633 496 3679 et
526 3612 800 3678 severitate
832 3625 931 3677 sub
966 3640 1067 3678 uno
1104 3628 1391 3692 eodemque
1434 3637 1567 3679 tem-

59 3711 193 3777 Borr,
231 3713 347 3768 hinc
385 3712 651 3766 absolutio
680 3711 795 3777 lilii,
834 3711 953 3764 inde
978 3713 1221 3765 contritio
1263 3727 1567 3767 exerceatur

59 3785 256 3885 ῗῇυίηιίοί.

627 3886 843 3941 CAPUT
900 3886 985 3939 IX.

76 3973 224 4035 Contra
250 3973 339 4045 hoc
364 3973 506 4041 quod
520 3973 719 4045 dicunt,
747 3974 862 4045 quia
890 3984 1002 4025 ante
1026 3977 1198 4042 gratia:
1221 3983 1413 4041 tempus
1433 3980 1572 4045 agni-

234 4043 297 4094 tio
318 4040 472 4095 unius
508 4040 600 4093 Dei
627 4042 852 4111 gentibus
878 4040 1102 4095 concessu
1127 4060 1224 4097 non
1249 4040 1414 4111 fuerit.

126 4148 174 4199 in
186 4151 355 4217 grandi
373 4148 957 4218 profundoignorantice
980 4151 1273 4206 volutantur
1292 4154 1375 4220 qui
1396 4152 1581 4207 dicunt

59 4228 187 4309 [Quod
212 4239 355 4292 unius
379 4237 474 4291 Dei
512 4236 744 4288 notitiam
773 4238 963 4291 habere
986 4254 1087 4291 non
1111 4242 1369 4307 potuerint
1392 4250 1574 4309 gentes

1666 3115 1748 3158 tus
1774 3112 1875 3158 est.
1907 3103 2046 3157 Sicut
2073 3103 2279 3172 (inquit)
2326 3119 2423 3154 non
2453 3104 2778 3168 probaverunt
2822 3104 2975 3155 Deum
3015 3104 3194 3155 habere

1664 3194 1715 3246 in
1764 3193 2013 3255 notitiam,
2045 3192 2247 3242 tradidit
2276 3206 2359 3242 eos
2391 3189 2525 3241 Deus
2572 3191 2621 3241 in
2660 3192 2922 3258 reprobum
2972 3206 3187 3241 sensum.

1664 3282 1758 3347 Qui
1785 3295 1875 3347 pro
1902 3281 2070 3332 causis
2103 3277 2506 3341 prmccdentibus
2538 3278 2931 3345 derclinquitur,
2954 3293 3053 3330 non
3086 3279 3191 3332 lato

1669 3370 1943 3436 premitur,
1973 3347 2063 3419 s‘ed
2085 3366 2281 3433 judicio
2308 3362 2632 3432 reprobatnr.
2667 3365 2812 3429 Quod
2851 3367 2894 3417 si
2934 3366 3189 3429 requiras,

1667 3459 1802 3512 unde
1849 3458 2069 3509 indoctis
2119 3456 2413 3509 nationibus
2470 3458 2520 3507 in
2570 3456 2655 3508 illa
2710 3457 2934 3521 ingenita
2990 3454 3195 3507 feritate

1668 3546 1971 3615 peccatum?
2001 3543 2145 3598 Undc
2177 3543 2272 3595 nisi
2305 3560 2396 3611 per
2443 3544 2601 3595 animi
2654 3555 2857 3595 motuin
2905 3544 3195 3609 meritisque

1668 3633 2015 3687 consensum?
2048 3631 2277 3695 Denique
2318 3633 2541 3697 pecudes
2582 3638 2632 3682 ct
2674 3630 2821 3681 bruta
2853 3631 3131 3682 animantia
3167 3646 3194 3683 a

1669 3733 1880 3789 peccato
1907 3720 2218 3772 omnimodis
2241 3720 2399 3771 libera
2426 3728 2565 3779 sent,
2596 3721 2709 3783 quia
2750 3702 3074 3771 discretionis
3106 3734 3197 3772 ne-

1666 3809 1791 3870 scia,
1824 3818 1874 3859 et
1903 3808 2113 3859 ratioois
2140 3808 2311 3870 ignara
2356 3814 2495 3857 sunt.
2536 3805 2611 3855 Tu
2641 3805 2948 3856 deteriorem
2998 3806 3195 3869 pecude

1668 3896 1926 3947 hominem
1954 3892 2099 3945 facis.
2121 3891 2224 3943 Cur
2251 3892 2387 3956 enim
2415 3892 2461 3943 ei
2497 3892 2741 3957 relinquis
2772 3898 3037 3957 peccatum
3064 3933 3076 3955 ,
3108 3892 3193 3943 cui

1670 3984 1807 4036 tollis
1828 3981 2128 4042 arbitrium;
2154 3990 2242 4031 aut
2269 3978 2313 4031 si
2340 3994 2458 4030 cum
2497 3978 2672 4030 subdis
2705 3987 2934 4043 peccato,
2959 3979 3061 4029 noli
3092 3978 3197 4045 pri-

1669 4088 1791 4125 vare
1818 4069 2031 4137 judicio.
2052 4054 2164 4119 Non
2196 4080 2317 4133 ergo
2341 4066 2619 4117 mentiatur
2638 4066 2878 4132 iniquitas
2904 4065 3023 4128 sibi,
3056 4066 3215 4117 novit-

1670 4161 1789 4230 quid
1820 4164 1865 4212 in
1898 4158 2102 4210 occulto
2131 4156 2328 4209 homini
2361 4156 2563 4209 dederit
2588 4156 2822 4223 cognitor
2851 4155 3195 4215 occultorum.

1677 4252 1735 4301 Et
1766 4249 1881 4301 ideo
1918 4246 2122 4315 quando
2148 4246 2212 4298 ab
2242 4259 2303 4298 eo
2332 4245 2552 4311 quisque
2597 4260 2686 4306 pro
2721 4245 2853 4295 maio
2884 4257 3041 4309 Opere
3082 4259 3199 4296 θοι-η

59 4318 171 4403 βηιε
189 4323 467 4379 salum!“
503 4324 803 4389 εάνθηιυωο
828 4341 943 4379 cum
971 4329 1248 4394 APOSWUS
1272 4339 1472 4382 θεδϐΐθῐ
1503 4331 1577 4382 ττι-
1605 4318 1649 4373 Ῑ)
1680 4338 1863 4403 ripitur
1893 4345 1944 4388 et
1972 4335 2367 4395 condemnatur,
2400 4335 2587 4385 borium
2623 4332 2792 4385 facere
2822 4334 3047 4399 potuisse
3072 4348 3200 4387 con-

61 4412 239 4483 gtnrem
252 4413 430 4466 mundi
447 4427 539 4479 per
553 4412 761 4465 factum
777 4428 883 4466 sua:
898 4416 1326 4480 magniﬁcentiam
1346 4420 1574 4483 potuisse

89 4505 385 4569 tognosci,ita
424 4502 695 4556 dicendo:
731 4503 874 4567 Quod
904 4513 1072 4557 notum
1107 4516 1177 4559 est
1214 4507 1325 4571 Dei,
1358 4511 1566 4575 manife-

63 4592 175 4663 [ltnm
201 4603 266 4645 est
288 4597 334 4647 in
355 4594 496 4657 illis;
524 4592 788 4645 inuisibilia
813 4596 940 4645 enim
966 4597 1072 4663 ejus
1092 4612 1123 4647 a
1143 4607 1370 4649 creatura
1399 4599 1572 4650 mundi

65 4683 143 4753 per
171 4696 223 4731 ea
247 4698 351 4748 quia
379 4688 519 4750 facta
548 4688 663 4734 sunt
692 4683 937 4734 intellecta
966 4687 1355 4753 mnspiciuntur,
1383 4687 1569 4751 sempi-

63 4760 189 4838 ᾔτηη
220 4783 409 4837 quoque
450 4772 610 4822 uirtus
648 4772 755 4838 ejus
782 4780 826 4822 et
865 4772 1117 4834 divinitus,
1158 4784 1211 4824 ut
1248 4775 1343 4824 sint
1372 4775 1572 4824 inexcu-

67 4853 219 4923 pubiles
245 4854 263 4923 (
285 4855 431 4907 Rem.
459 4856 529 4922 ι).
563 4856 832 4919 Quomodo
864 4869 915 4909 tu
947 4860 1269 4911 excusabiles
1310 4858 1438 4909 dicis
1463 4897 1479 4923 ,
1506 4874 1570 4911 eo

65 4939 185 5012 “eod
206 4942 353 4995 alieni
380 4943 583 4995 fuerint
610 4957 638 4993 a
671 4947 968 4998 caelestibus
988 4947 1158 5009 donis,
1185 4961 1313 5012 quos
1340 4946 1475 4999 Deus
1502 4961 1567 4999 ex

65 5030 546 5100 Fitcinexeusabiles
577 5044 913 5097 pratcstatur,
938 5036 1072 5100 quod
1102 5034 1250 5085 abusi
1284 5036 1571 5100 probantur

59 5117 284 5185 acceptis,
330 5130 383 5173 et
433 5118 640 5185 opilicis
690 5120 1055 5173 sublimitatem
1106 5124 1218 5173 sine
1267 5122 1569 5176 diilicultate

65 5206 185 5276 pira
209 5210 512 5275 potuissent,
554 5208 597 5259 si
624 5222 753 5273 Opus
784 5210 1194 5276 interrogassent
1223 5210 1241 5258 ?
1272 5209 1445 5275 Longe
1492 5222 1573 5263 est

105 5294 228 5348 scab
250 5297 386 5351 omni
419 5297 625 5349 ratione
651 5307 800 5361 atque
825 5298 1031 5361 pietate,
1059 5306 1110 5349 ut
1153 5297 1305 5347 homo
1340 5297 1404 5349 ad
1446 5312 1570 5365 cog-

92 5374 355 5439 inscendum
388 5387 554 5439 Deum
607 5401 770 5451 nuper
801 5398 1005 5454 putetur
1033 5387 1285 5449 eruditus,
1317 5387 1399 5439 cui
1447 5390 1567 5440 uni-

79 5472 225 5555 [crsus
257 5480 321 5533 ab
348 5478 570 5534 exordio
615 5492 785 5529 rerum
834 5480 975 5531 testis
1010 5487 1089 5530 est
1120 5477 1354 5539 mundus,
1384 5488 1431 5529 et
1455 5479 1570 5531 ideo

1675 4427 1912 4478 vincitur.
1945 4425 2120 4489 Magna
2149 4434 2227 4474 est
2256 4437 2380 4488 ergo
2410 4424 2483 4473 vis
2513 4421 2669 4472 animi
2702 4422 2751 4473 in
2784 4432 3055 4487 utramque
3087 4437 3202 4488 par-

1680 4525 1804 4577 tem,
1846 4514 1964 4564 dum
1997 4522 2046 4563 et
2096 4526 2249 4577 super
2280 4511 2622 4575 honestatem,
2655 4510 2916 4576 fundatur,
2969 4522 3017 4564 et
3047 4528 3203 4578 super

1678 4601 2002 4653 inhonestatc
2028 4596 2382 4649 confunditur;
2409 4597 2471 4649 Et
2498 4599 2614 4651 ideo
2641 4598 2830 4651 dicitur
2859 4616 2949 4665 per
2976 4601 3203 4666 prephe—

1678 4700 1780 4741 tam
1812 4704 1825 4738 :
1854 4687 2116 4750 Palpebro:
2144 4689 2252 4754 ejus
2277 4688 2579 4751 interrogant
2625 4688 2753 4751 ﬁlios
2794 4689 3064 4747 hominum,
3102 4691 3202 4737 Uo-

1678 4776 1838 4825 minus
1864 4773 2131 4838 interrogat
2172 4776 2369 4841 justum
2415 4783 2458 4823 et
2508 4774 2711 4839 impium
2742 4774 2915 4843 (Psal.
2952 4793 2977 4827 x
2999 4777 3037 4843 ).
3070 4776 3203 4839 Quid

1678 4874 1761 4912 me
1782 4858 1971 4925 iudicis
2001 4866 2152 4910 natus
2198 4858 2483 4926 interrogat
2517 4861 2581 4913 de
2610 4873 2844 4927 peccato,
2875 4864 2915 4914 si
2943 4867 3049 4914 sure
3077 4862 3203 4913 deli-

1676 4950 1885 5001 nitionis
1918 4958 1999 5001 est
2027 4949 2164 5015 quod
2194 4949 2460 5018 délinquo.
2486 4952 2662 5018 itaque
2692 4953 2774 5017 qui
2806 4950 3202 5016 tinxitsingilla-

1677 5038 1764 5089 tim
1794 5035 1950 5089 corda
1980 5037 2269 5102 hominum,
2298 5041 2407 5090 vias
2430 5040 2693 5091 hominum
2737 5048 2787 5091 et
2825 5040 3035 5090 emerita
3076 5051 3201 5089 con-

1674 5125 2007 5177 scientiarum
2048 5134 2280 5178 sccretus
2322 5126 2587 5178 discussor
2617 5127 2917 5190 interrogat.
2949 5122 3049 5174 Sed
3080 5122 3121 5173 si
3152 5133 3203 5176 te

1674 5221 1726 5266 ct
1766 5214 1875 5278 ipse
1916 5212 2183 5274 discutias,
2214 5214 2257 5266 si
2307 5215 2518 5279 quando
2549 5214 2598 5265 in
2630 5214 2891 5265 sinistram
2938 5210 3202 5263 declinare

1679 5304 1905 5366 voluisti,
1932 5318 2104 5355 nonne
2134 5303 2333 5371 trepida
2371 5303 2684 5356 conscientia
2717 5316 2779 5353 ne
2824 5314 3063 5366 peccares
3105 5300 3201 5353 ad-

1680 5392 1906 5444 monuit?
1928 5390 2106 5442 Nonne
2138 5400 2208 5455 te,
2245 5392 2387 5444 velut
2415 5407 2597 5465 censor
2626 5389 2881 5449 occultus,
2914 5388 3076 5439 tristis
3107 5403 3199 5441 co-

1678 5483 1854 5547 gitalio
1884 5482 2183 5546 castigavit?
2210 5481 2281 5534 Ac
2311 5483 2385 5536 sic
2418 5486 2650 5536 homines
2676 5482 2872 5544 Scipsos
2906 5481 3067 5533 latere
3096 5490 3200 5532 non
