3818 6226
552 242 643 300 851

1677 244 1682 248 “
1754 237 1806 293 3.
1845 235 2081 292 FAUSTI
2122 233 2535 292 IlllEGlENSlS.
3618 237 3698 294 ετξ

549 360 788 421 possunt,
817 353 1148 405 testimonium
1167 349 1403 405 reddente
1422 348 1526 403 illis
1546 347 1872 409 conscientia,
1894 353 1939 399 et
1958 345 2086 398 inter
2113 348 2162 404 Λ
2194 343 2401 397 Darium
2423 345 2538 409 quis
2570 343 2640 397 ita
2663 344 2728 398 de
2755 343 2861 398 Deo
2887 343 3088 398 sentire
3116 351 3167 396 et
3196 343 3373 412 eloqui
3402 343 3590 408 docuit,
3621 347 3699 399 nisi

550 458 602 494 se
627 441 1002 509 cogitationibus
1030 437 1372 494 accusantibus
1398 446 1485 491 aut
1517 435 1664 488 etiam
1684 431 2086 502 defendentibus.

553 530 690 583 Inter
719 531 828 582 haec
856 530 898 584 si
925 528 1163 596 requiras
1206 527 1292 580 tibi
1332 533 1401 580 slt
1424 525 1639 580 libertas
1665 521 1866 579 arbitrii
1901 519 2087 587 po~ita,

551 617 638 671 tibi
684 619 750 674 sit
796 617 1032 673 voluntas
1076 616 1301 670 hominis
1343 615 1648 680 constituta,
1677 620 1730 666 et
1772 612 1859 664 ubi
1895 611 1990 663 nisi
2037 610 2088 662 in

552 705 840 768 intellectu,
868 706 917 760 in
952 695 1170 758 ratione~
1195 714 1350 772 atque
1379 701 1673 767 sapientia?
1707 700 1833 764 Qum
1873 711 1991 770 cum
2017 697 2087 749 ita

552 799 679 857 sint,
709 795 850 863 prius
888 807 1104 846 necesse
1148 792 1364 846 habebis
1398 789 1596 842 homini
1637 802 1832 855 negare
1878 785 2086 853 sapieno

555 884 701 944 tiam.
734 887 939 940 auferre
976 883 1255 945 rationem,
1279 889 1340 934 ut
1386 879 1620 932 adimere
1666 877 1884 930 liberam
1915 874 2091 927 valeas

552 971 890 1028 voluntatem.
911 970 1264 1036 Quamobrem
1296 967 1340 1022 si
1367 967 1576 1037 quando
1604 965 1852 1020 delictum
1881 964 2088 1032 aliquod

551 1060 721 1117 anima
751 1060 884 1116 intra
907 1058 1233 1112 domicilium
1255 1070 1405 1110 suum
1433 1055 1636 1123 captiva
1665 1053 1972 1117 meditatur,
1997 1068 2084 1107 re-

551 1151 782 1204 clamant
806 1148 856 1202 ei
897 1148 1268 1215 cogitationum
1306 1154 1530 1209 secreta,
1575 1143 1893 1199 interdicunt
1921 1144 1967 1196 ei
2011 1144 2087 1196 in-

553 1227 811 1290 trinsecus
842 1235 1010 1289 ofﬁcia
1051 1248 1177 1295 sua,
1209 1233 1300 1288 sed
1340 1232 1478 1288 vires
1506 1232 1767 1287 subtrahit
1811 1231 2087 1286 resistendi

552 1324 874 1380 consuetudo
904 1322 1178 1393 peccandi.
1227 1321 1332 1378 Sed
1385 1321 1630 1382 revolvis,
1679 1330 1732 1377 et
1776 1321 1908 1376 dicis
1949 1322 2086 1388 quod

556 1412 679 1466 mali
717 1422 769 1466 et
813 1412 899 1482 qui
941 1411 1003 1464 ad
1045 1409 1389 1484 perditionem
1423 1408 1698 1467 trahuntur
1732 1424 1837 1466 non
1875 1423 2092 1477 accepe-

554 1502 659 1555 riut
689 1500 889 1556 arbitrii
918 1501 1232 1556 libertatem.
1257 1500 1486 1553 Primum
1532 1500 1668 1553 scire
1692 1500 1944 1554 debemus
1971 1499 2087 1567 quia

554 1589 767 1648 libertas
786 1588 1012 1656 arbitrii,
1039 1588 1229 1657 duplici
1259 1588 1546 1643 ministerio
1578 1589 1790 1656 prtedita
1819 1598 1922 1653 est,
1952 1602 2089 1641 nunc

2193 434 2271 485 vis
2301 431 2520 485 rationis
2547 447 2598 486 et
2630 433 2780 500 legis,
2815 446 2934 486 cum
2963 432 3146 486 Daniel
3195 432 3358 484 Deum
3391 434 3698 488 conversione
3774 487 3775 498 χ

2192 535 2348 589 posse
2395 519 2586 587 placari
2637 521 3052 577 edocuit?Unde
3092 521 3186 574 fuit
3236 519 3378 589 quod
3424 520 3578 574 Deum
3600 538 3696 577 cum

2189 609 2489 667 conditione
2515 611 2764 678 cognovit
2794 611 2966 665 irasci.
2996 610 3108 663 Non
3140 611 3282 663 enim
3315 625 3499 678 magna
3534 612 3608 664 illa
3633 614 3693 664 ci-
3774 675 3775 684 χ

2189 699 2323 751 vitas
2346 698 2492 754 donte
2517 699 2812 754 eruditione
2851 699 3089 766 resipuit,
3115 713 3214 752 nec
3253 698 3370 764 ejus
3413 699 3608 751 monitis
3632 699 3693 749 in-

2191 787 2452 839 tellectum
2477 787 2714 853 petendae
2727 786 2908 841 salutis
2929 787 3261 852 accepit,nec
3287 785 3466 837 docuit
3487 785 3694 851 populum
3774 767 3775 778 “

2191 875 2470 944 propheta,
2500 875 2591 929 sed
2623 877 2802 930 terruit
2831 893 2844 928 :
2877 891 2970 929 nec
3007 873 3420 929 misericordiam
3469 876 3691 943 promisit.

2188 967 2280 1019 sed
2331 966 2706 1023 immutabilem
2751 967 3064 1020 sententiam
3115 967 3409 1031 nuntiavit,
3458 977 3508 1021 et
3553 975 3694 1021 tamen

2189 1054 2314 1107 urbs
2343 1054 2430 1108 illa
2463 1054 2639 1124 (sicut
2690 1054 2940 1128 scriptum
2967 1053 3081 1120 est)
3127 1064 3308 1107 contra
3354 1057 3492 1121 spent
3517 1055 3562 1107 in
3585 1070 3695 1123 spent
3774 1113 3775 1120 η

2187 1145 2397 1197 credidit
2415 1145 2585 1210 (Rom.
2612 1143 2707 1214 tv),
2722 1151 2876 1213 atque
2887 1144 2995 1211 ipsa
3015 1143 3223 1198 sibimet
3238 1143 3467 1198 remedia
3479 1142 3695 1212 quodam-

2190 1235 2346 1287 modo
2407 1234 2682 1289 interdicta
2733 1235 2973 1299 promisit
3015 1235 3235 1287 multum
3281 1234 3529 1302 placitura
3575 1234 3691 1293 Deo.

2190 1324 2391 1377 etiamsi
2410 1323 2666 1392 promissa
2681 1323 3106 1390 quaesisset.Qu:e
3122 1323 3335 1392 quidem
3350 1307 3584 1389 remedia,
3597 1322 3693 1375 ideo

2191 1415 2449 1471 interdum
2480 1430 2508 1469 a
2538 1415 2762 1471 Domino
2790 1414 3206 1483 supprimuntur,
3230 1421 3296 1465 ut
3327 1412 3586 1466 violentius
3619 1426 3690 1465 ac-

2190 1507 2378 1571 quisita
2424 1515 2721 1561 serventur.
2766 1505 3040 1573 Simulque
3095 1503 3404 1571 interposita
3459 1502 3691 1555 obtinendi

2191 1595 2517 1659 difficultate,
2543 1594 2668 1647 dum
2698 1594 3055 1648 munificentia
3077 1592 3440 1652 absconditur,
3463 1590 3574 1644 fides
3592 1605 3692 1656 pro-
3774 1611 3775 1620 ι

554 1681 618 1733 ad
649 1680 894 1740 salutem.
942 1693 1079 1738 nunc
1123 1679 1186 1732 ad
1219 1678 1563 1746 perditionem
1614 1679 1692 1732 sui
1722 1687 1956 1752 prompta
1985 1688 2084 1731 est.
2123 1674 2164 1737 Β
2195 1682 2363 1745 batur,
2409 1691 2684 1736 exercetur
2712 1682 2956 1742 ambitu-1,
2990 1680 3351 1734 manifestatur
3380 1678 3595 1744 aﬂ'ectus,
3626 1688 3691 1731 to-

556 1773 659 1826 Scd
692 1775 916 1841 opponis
944 1773 1084 1842 quod
1111 1773 1392 1828 voluntatis
1419 1773 1632 1829 libertas
1660 1774 1784 1827 solis
1811 1774 2094 1830 liberandis

557 1879 693 1922 conn
715 1871 821 1915 etat
842 1901 857 1925 ,
889 1869 943 1914 et
987 1861 1040 1914 in
1085 1861 1461 1928 redemptionis
1490 1861 1744 1913 beneficio
1774 1861 2090 1914 constitutis.

557 1949 667 2002 Non
701 1949 771 2004 ita
818 1957 919 2002 est.
960 1949 1223 2004 Liberalio
1261 1947 1326 2001 ad
1363 1947 1554 1999 donum
1593 1948 1772 2016 gratia:
1801 1957 1854 2002 et
1880 1949 1944 2002 ad
1975 1965 2093 2016 pro-

561 2038 793 2105 positum
845 2034 1224 2090 consentientis
1268 2038 1494 2103 pertinet
1520 2036 1637 2090 vita:
1666 2053 1680 2087 :
1709 2037 1922 2090 iibertas
1967 2053 2093 2092 vero

554 2127 754 2187 arbitrii
785 2140 888 2180 non
919 2135 998 2178 est
1027 2140 1112 2182 res
1141 2125 1437 2181 accedentis
1467 2126 1857 2190 munificentize,
1885 2128 1974 2182 sed
2004 2144 2094 2182 na-

555 2225 703 2267 turre.
734 2214 1103 2280 Quaerentibus
1149 2215 1307 2278 illam,
1340 2216 1419 2269 vel
1457 2216 1723 2284 tribuitur,
1752 2218 1834 2272 vel
1875 2233 2090 2273 conser-

551 2290 721 2370 vatur,
760 2304 917 2360 etiam
964 2320 1066 2357 non
1113 2305 1497 2372 requirentibus
1536 2307 1633 2360 ista
1685 2307 1974 2360 confertur.
2004 2308 2091 2362 Illa

551 2391 949 2446 renascentibus
991 2393 1339 2456 ministratur,
1367 2391 1819 2447 itanascentihus.
1855 2392 2094 2445 Libertas

553 2477 619 2530 ad
651 2479 816 2532 solam
851 2479 939 2530 Dei
970 2479 1200 2551 pertinet
1237 2479 1620 2545 operationem,
1664 2479 1906 2532 liberatio
1932 2489 1986 2534 et
2028 2481 2090 2533 ad

552 2565 749 2618 subditi
805 2565 1032 2617 hflmillls
1077 2565 1411 2620 servitutem.
1448 2566 1533 2623 Illa
1581 2568 1729 2620 bonis
1767 2569 2087 2634 confirmata,

551 2654 649 2705 ista
675 2661 729 2708 et
753 2652 903 2706 malis
929 2653 1081 2704 insita
1113 2661 1211 2706 est.
1239 2652 1328 2706 illa
1371 2653 1637 2724 acquisiis
1668 2662 1721 2709 et
1747 2669 2091 2724 perseveran-

553 2744 690 2796 tibus
730 2743 1001 2810 competit,
1023 2742 1118 2796 ista
1133 2751 1192 2795 et
1222 2741 1438 2810 perditis
1459 2746 1709 2811 suppetit.
1739 2743 1830 2798 Illa
1855 2746 2090 2800 conden-

552 2831 638 2897 tis,
670 2832 764 2884 ista
797 2840 852 2885 et
872 2832 1171 2886 obedientis
1200 2841 1299 2885 est.
1345 2832 1434 2890 illa
1464 2836 1733 2901 potentiae,
1756 2834 1854 2888 ista
1879 2843 1960 2889 est
1988 2837 2089 2887 mi-

551 2919 870 2974 sericordiae.
906 2921 994 2974 Illa
1025 2921 1241 2990 originis
1275 2929 1329 2975 et
1361 2924 1590 2990 generis,
1617 2923 1712 2984 ista
1743 2932 1824 2978 est
1863 2923 2092 2978 muneris

551 3021 602 3061 et
630 3010 856 3063 virtutis.

1187 3077 1408 3132 CAPUT
1446 3076 1514 3131 Χ.

823 3161 1004 3217 Gentes
1043 3164 1198 3218 Deum
1236 3165 1530 3218 naturaliter
1560 3167 1808 3232 sapuisse.

624 3279 694 3334 Pl«
717 3279 814 3332 nus
866 3279 1061 3347 Spiritu
1115 3291 1296 3332 sancto
1347 3279 1598 3347 pr0pheta
1663 3280 1864 3344 Daniel,
1918 3280 2090 3333 sciens

555 3368 717 3422 Deum
756 3369 808 3423 iu
850 3385 1005 3422 sensu
1049 3370 1274 3421 hominis
1310 3370 1594 3436 appetitum
1625 3370 1742 3421 boni
1787 3369 1975 3420 malive
2000 3382 2091 3434 po-

551 3460 742 3521 suisse,
759 3461 825 3511 ita
845 3458 1324 3510 Nabuchodonosor
1344 3458 1625 3524 alloquitur
1647 3457 1828 3509 dicens
1856 3473 1867 3507 :
1895 3454 2088 3519 Quam-

553 3549 718 3602 obrem
765 3548 1028 3598 consilium
1076 3561 1236 3596 meum
1264 3547 1453 3612 placeat
1498 3546 1605 3610 tibi,
1633 3562 1662 3596 ο
1682 3561 1790 3604 rex,
1820 3555 1864 3596 et
1891 3552 2091 3610 peccata

553 3647 639 3687 tua
668 3635 989 3703 eleemosyttt's
1011 3633 1218 3696 redime,
1245 3642 1289 3684 et
1316 3633 1598 3697 iniquitates
1625 3642 1734 3684 tuas
1757 3632 2090 3684 miserationi-

553 3725 640 3776 bus
667 3739 940 3791 pauperum
964 3721 1129 3791 (Dan.
1156 3737 1192 3773 l\
1217 3722 1259 3790 ).
1296 3720 1357 3773 Et
1378 3732 1598 3789 peccata,
1630 3720 1811 3788 inquit,
1837 3731 1923 3774 tua
1966 3721 2088 3773 elee-

551 3809 773 3882 rttosynis
800 3812 1006 3864 redime.
1038 3812 1310 3865 l’t-mtixum
1342 3809 1502 3866 videri
1526 3824 1627 3864 non
1653 3818 1823 3879 potest
1843 3809 2088 3879 quidquid

552 3903 733 3954 redimi
764 3909 950 3962 potest.
983 3909 1016 3952 Α
1051 3901 1272 3954 sanitate
1315 3901 1490 3968 itaque
1520 3916 1623 3955 non
1664 3900 1980 3961 excluditur,
2007 3900 2089 3952 cui

553 3992 844 4045 remedium
897 3991 1259 4060 persuadetur.
1292 3991 1564 4060 Simulque
1593 3993 1640 4046 ei
1668 3992 1939 4044 arbitrium
1987 4005 2088 4044 non

553 4091 772 4150 negatur
800 4083 948 4146 cujus
984 4095 1271 4134 consensus
1312 4081 1554 4150 exigitur.
1588 4081 1757 4134 Liberi
1788 4081 1944 4133 animi
1974 4079 2091 4139 ofﬁ-

553 4170 689 4220 cium
716 4184 818 4223 non
840 4169 1032 4230 amisit,
1052 4170 1135 4233 qui
1159 4168 1406 4236 probatur
1429 4175 1695 4234 suscipere
1717 4171 1946 4236 potuisse
1968 4183 2094 4222 con-

554 4257 748 4307 silium.
779 4260 816 4311 Α
847 4260 1012 4307 salute
1064 4258 1266 4312 alienus
1297 4271 1401 4308 non
1434 4257 1715 4321 invenitur,
1744 4255 1826 4308 cui
1871 4257 2087 4308 materia

557 4346 740 4397 salutis
773 4345 1043 4410 ingeritur.
1075 4343 1138 4398 Et
1167 4345 1250 4395 cui
1277 4343 1431 4395 oll‘ert
1453 4343 1705 4410 propheta
1734 4345 2090 4411 comparandx‘
2126 4331 2171 4387 Π

558 4435 895 4503 indulgentia:
923 4435 1274 4500 occasionem,
1310 4436 1484 4488 inesse
1522 4435 1882 4500 eigvoluntatis
1908 4437 2094 4490 asse'it

560 4534 888 4594 potestatem.
920 4525 1020 4579 Sed
1047 4535 1096 4578 et
1126 4527 1223 4578 hoc
1251 4527 1386 4596 quod
1423 4527 1658 4580 Baltasar
1685 4526 1898 4596 gentilis
1920 4528 2094 4594 argui—

563 4626 664 4676 tur,
703 4613 908 4666 diccute
957 4614 1206 4682 prOpheta
1239 4632 1251 4667 :
1289 4614 1534 4667 Laudasti
1575 4616 1693 4668 deos
1739 4626 2014 4684 argenteos,
2050 4626 2095 4667 et

558 4719 754 4766 aureos,
787 4712 830 4755 et
852 4703 1060 4772 ligneas,
1091 4713 1136 4753 et
1165 4705 1403 4772 lapideos,
1435 4716 1480 4756 et
1507 4704 1662 4756 Deum
1690 4707 1740 4757 in
1763 4710 1906 4778 cujus
1943 4721 2094 4760 manu

560 4797 712 4864 ﬂatus
744 4804 856 4845 tuus
888 4803 956 4846 est
978 4810 1073 4845 rica
1105 4795 1323 4846 laudasti
1352 4795 1520 4861 (Dan.
1551 4795 1635 4862 v).
1668 4795 1830 4848 Vides
1860 4796 1979 4863 quia
2013 4795 2096 4847 hic

560 4886 848 4953 alienigena
878 4885 1034 4939 Deum
1071 4895 1123 4938 et
1151 4886 1287 4939 scire
1333 4888 1496 4952 potuit
1524 4898 1574 4940 et
1605 4887 1837 4952 laudare,
1882 4888 1971 4941 sed
2004 4901 2093 4940 ηο-

562 4975 688 5028 luit?
729 4976 900 5032 lnesse
942 4975 1138 5029 homini
1167 4976 1493 5029 intellectum
1539 4977 1628 5030 Dei
1671 4981 1863 5044 pariter
1887 4990 1942 5034 et
1982 4980 2095 5033 cul-

566 5075 672 5117 tum
714 5065 831 5118 ideo
876 5065 1126 5132 ptOpheta
1170 5066 1500 5132 memoravit,
1532 5069 1648 5132 quia
1687 5069 1852 5137 legem
1898 5081 2098 5124 naturae

565 5156 842 5210 indiscrete
863 5158 996 5210 intra
1020 5155 1187 5210 omnis
1216 5157 1442 5210 hominis
1466 5172 1676 5212 sensum
1706 5161 1879 5227 vigere
1904 5177 2097 5230 cogno-

566 5250 658 5300 vit.
684 5251 747 5303 Et
773 5261 1042 5317 propterea
1086 5266 1203 5304 cum
1240 5250 1456 5314 prml'ato
1490 5251 1964 5306 Nabuchodonosor
1991 5257 2095 5320 regi

564 5337 741 5394 Daniel
770 5341 874 5393 vim
902 5341 1086 5392 somnii
1114 5341 1421 5399 revelasset.
1448 5340 1609 5396 Deum
1642 5356 1698 5396 se
1725 5357 1826 5396 non
1859 5344 2099 5409 ignorare

565 5430 845 5496 quamlibet
875 5431 1117 5497 profanus
1159 5429 1410 5493 ostendit,
1444 5431 1511 5482 ita
1560 5431 1777 5486 dicens:
1810 5431 1935 5484 Vere
1966 5430 2100 5483 Deus

564 5528 718 5570 uester
758 5519 892 5574 Deus
926 5523 1130 5571 deorum
1177 5529 1264 5578 est,
1311 5529 1353 5570 et
1408 5519 1644 5572 Dominus
1694 5540 1883 5591 regum.
1919 5523 2019 5577 Sed
2050 5531 2102 5574 cl

2193 1778 2407 1838 tumque
2437 1770 2534 1823 hoc
2579 1770 2633 1823 in
2666 1771 2876 1823 homine
2907 1770 3040 1837 ignis
3070 1769 3286 1822 interior
3308 1783 3338 1821 a
3369 1768 3472 1822 Deo
3517 1768 3689 1828 insitus,

2193 1859 2336 1912 etab
2367 1857 2580 1921 homine
2616 1873 2733 1910 cum
2774 1858 2865 1914 Dei
2904 1858 3066 1926 gratia
3095 1859 3322 1908 nutritus
3347 1865 3592 1923 operatur.
3614 1857 3692 1906 Ds-

2197 1949 2361 2001 tendit
2389 1947 2559 2015 itaque
2585 1961 2714 2015 gens
2745 1947 2830 1999 illa
2861 1960 2922 1998 ea
2949 1960 3062 2012 qum
3089 1944 3242 1996 saluti
3272 1944 3493 1995 hominis
3516 1955 3692 2003 corripe.

2196 2046 2330 2103 tunt,
2353 2039 2461 2105 ipsa
2493 2037 2834 2088 ordinatione
2859 2035 3069 2085 facturae
3112 2032 3274 2084 Deum
3306 2032 3438 2082 intra
3467 2029 3692 2081 hominem

2156 2150 2174 2180 ν
2193 2130 2502 2188 collocasse,
2531 2136 2584 2180 et
2607 2138 2727 2178 ante
2752 2138 2963 2176 munera
2995 2121 3382 2187 Redemptoris.
3404 2119 3532 2172 circa
3562 2119 3689 2170 ratio-
3774 2189 3775 2192 η

2196 2210 2418 2270 nobilem
2444 2223 2737 2267 creaturam
2791 2224 2999 2277 semper
3028 2210 3258 2262 auctoris
3293 2208 3430 2259 dona
3465 2207 3689 2275 viguisse;

2193 2319 2222 2356 a
2263 2303 2531 2356 conditore
2568 2302 2776 2368 quidem
2813 2315 3020 2352 summa
3051 2296 3289 2365 prtescita
3333 2312 3424 2362 per
3464 2303 3687 2354 naturam,
3774 2321 3775 2362 ᾖ

2194 2393 2286 2446 sed
2315 2390 2667 2445 confirmanda
2699 2405 2789 2457 per
2823 2389 3062 2456 gratiam.
3099 2387 3196 2439 Per
3223 2388 3466 2454 gratiam.
3497 2385 3689 2450 inquam,
3774 2395 3775 2448 ξ

2192 2482 2244 2536 in
2281 2481 2427 2549 cujus
2461 2489 2696 2547 tempore
2720 2479 3097 2547 prmteritorum
3137 2476 3278 2529 salus
3325 2481 3437 2527 erat
3475 2485 3689 2539 gonsum-
3774 2467 3775 2498 ‘

2196 2574 2382 2628 manda
2414 2571 2743 2633 saeculorum,
2775 2570 2894 2635 quia
2925 2567 3050 2621 nihil
3091 2566 3155 2620 ad
3204 2567 3488 2634 perfectum
3515 2561 3692 2615 adduxit
3774 2555 3775 2570 ‘

2193 2664 2273 2718 lex
2306 2661 2388 2715 vel
2415 2661 2623 2723 litterae,
2661 2661 2743 2712 vel
2773 2669 2990 2711 natura.
3024 2655 3267 2709 Ninivitis
3309 2668 3436 2722 ergo
3462 2651 3691 2706 evidenter
3774 2709 3775 2728 χ

2194 2751 2521 2804 manifestata
2552 2758 2629 2802 est
2667 2745 2957 2802 clementiae
2982 2755 3034 2798 et
3051 2744 3297 2798 bonitatis
3325 2743 3470 2810 plena
3497 2755 3581 2791 vox
3603 2738 3684 2790 ὓσ-
3774 2731 3775 2782 ἶ

2196 2841 2319 2893 mini
2349 2841 2421 2892 ita
2440 2838 2697 2891 dicentis:
2721 2838 2934 2901 Repente
2954 2835 3134 2900 loquar
3148 2833 3215 2884 ad
3225 2841 3418 2901 gentem
3433 2841 3474 2912 et
3497 2841 3691 2896 regnum:
3774 2843 3775 2912 Ξ

2195 2938 2249 2980 ut
2276 2928 2500 2992 evellam,
2529 2938 2574 2979 et
2603 2927 2875 2986 destruam,
2907 2935 2952 2976 et
2982 2924 3230 2976 eruditam
3285 2922 3344 2976 Si
3367 2906 3482 2990 gen}
3511 2919 3590 2971 illa
3611 2935 3688 2986 ρπ-

2117 2999 2162 3060 c
2195 3019 2452 3071 nitentium
2479 3019 2632 3085 egerit
2679 3033 2770 3085 pro
2808 3025 3008 3084 peccato
3047 3031 3158 3082 suo,
3193 3022 3238 3066 st
3283 3029 3372 3082 ego
3399 3012 3689 3082 pcn'tentism
3774 3003 3775 3068 ᾖ

2191 3124 2334 3177 agam
2378 3123 2524 3176 super
2569 3107 2699 3158 malo
2743 3105 2876 3172 quod
2926 3104 3122 3156 loctttus
3163 3119 3274 3155 sum
3321 3111 3375 3152 ut
3419 3102 3613 3169 facerent
3651 3097 3686 3146 si

2193 3195 2338 3266 (Jer.
2389 3196 2559 3260 xvtu).
2614 3193 2772 3260 Optat
2814 3193 2968 3258 jndes
3019 3192 3322 3244 misericors
3363 3186 3575 3266 (celestis
3613 3184 3686 3236 dc-

2191 3293 2332 3336 creta
2363 3284 2563 3337 consilii
2589 3285 2674 3348 pio
2703 3283 2976 3334 immutare
3015 3279 3312 3338 mendacio,
3335 3276 3378 3328 si
3415 3265 3526 3328 rcus
3555 3271 3669 3325 medi

2191 3374 2358 3424 cinam
2375 3371 2579 3426 festinet
2599 3369 2848 3422 adbibere
2865 3377 3102 3436 peccato,
3119 3368 3312 3418 invitus
3326 3365 3512 3418 homini
3527 3361 3690 3430 pendat

2191 3457 2541 3511 damnationis
2564 3456 2804 3522 imponit,
2827 3457 2913 3521 qui
2943 3454 3232 3508 remedium
3261 3451 3607 3506 satisfactioois
3624 3463 3689 3499 os-

2195 3549 2377 3614 tendit,
2405 3557 2459 3603 et
2499 3549 2696 3602 sedulae
2720 3547 3026 3615 obsequium
3058 3544 3323 3598 servitutis
3347 3550 3609 3610 exspectat.
3638 3539 3686 3590 Et
3774 3539 3775 3600 1

2194 3640 2311 3694 ideo
2353 3638 2579 3706 perfecta
2626 3638 2711 3690 illa
2755 3636 3102 3705 providentia.
3141 3648 3258 3701 quae
3299 3636 3351 3686 in
3397 3634 3494 3685 hoc
3529 3630 3687 3684 secqu

2193 3731 2439 3784 virtutum
2463 3729 2730 3783 exercitiis
2755 3727 3066 3790 delectatur,
3095 3723 3532 3778 ordinatissitnum
3561 3727 3682 3774 etst-

2193 3821 2385 3888 pieutia
2413 3834 2506 3872 sua
2546 3819 2906 3886 digui~simum
2933 3814 3187 3883 judicavit
3216 3821 3276 3867 ut
3313 3811 3562 3866 hominem
3585 3821 3685 3861 eoo.

2193 3909 2356 3962 ditum
2393 3907 2458 3961 ad
2503 3921 2668 3961 sacrae
2707 3907 2946 3975 imaginis
2974 3904 3284 3974 dignitatem
3318 3904 3404 3958 hic
3441 3901 3568 3972 prius
3590 3912 3683 3966 sgn-

2195 4000 2346 4052 nibus
2368 4006 2421 4051 et
2448 3995 2835 4051 conditionibus
2864 3994 3186 4062 exploraret,
3218 3993 3327 4047 illic
3355 4006 3475 4045 vero
3494 3988 3624 4042 donis
3647 3994 3684 4037 οι

2198 4088 2623 4141 retributiOuibus
2669 4087 2978 4148 adimpleret
3010 4103 3021 4135 :
3057 4092 3111 4135 ut
3156 4100 3275 4137 cum
3328 4084 3539 4138 famulus
3570 4077 3682 4132 exhi-

2200 4178 2396 4228 buisset
2421 4176 2471 4228 in
2491 4175 2667 4228 labore
2694 4173 3066 4233 obedientiam,
3089 4172 3340 4224 Dominus
3368 4165 3682 4225 ostenderem

2200 4262 2621 4316 remuneratione
2643 4261 2933 4328 justitiam;
2966 4270 3020 4310 ut
3055 4274 3172 4311 cum
3206 4259 3477 4311 infirmitas
3504 4257 3680 4308 humans

2198 4352 2469 4404 obtulisset
2516 4351 2765 4402 humilem
2817 4336 3169 4409 devotionem,
3203 4346 3506 4400 iueﬁahilem
3546 4341 3680 4394 divina

2199 4441 2716 4507 potentiaexerceret
2763 4438 3074 4505 largitatem.
3103 4437 3304 4504 .lngizer
3346 4449 3468 4503 ergo
3490 4433 3672 4485 laboran-

2196 4531 2339 4593 dum,
2368 4529 2456 4582 sed
2491 4543 2520 4580 a
2559 4531 2723 4596 gratia
2757 4543 2858 4581 non
2910 4527 3282 4590 recedendum,
3315 4537 3363 4579 et
3411 4519 3673 4579 dicendum:

2200 4619 2354 4682 Deus,
2372 4619 2422 4670 in
2439 4617 2751 4684 adiutorium
2771 4632 2932 4669 meum
2949 4615 3147 4668 intende
3167 4614 3184 4681 (
3202 4613 3346 4667 Psal.
3370 4628 3476 4666 uix
3490 4612 3526 4680 ).
3542 4607 3675 4676 Ipsum

2195 4722 2320 4774 ergo
2370 4707 2606 4772 adjutorit
2658 4705 2965 4759 vat-abidum
3010 4703 3292 4757 laborantis
3345 4701 3548 4772 requirit
3584 4695 3673 4749 olli-

2196 4799 2352 4850 eium.
2384 4796 2638 4863 Adjutorii
2689 4797 2862 4863 itaque
2899 4807 3073 4848 sermo
3101 4793 3236 4846 duos
3267 4793 3472 4857 indicat,
3498 4798 3675 4858 operan-

2198 4897 2300 4940 tem
2329 4893 2384 4938 et
2409 4893 2799 4951 coaperantem,
2820 4892 3076 4951 petentem
3105 4893 3158 4936 et
3187 4873 3670 4950 promittentetn,pui'

2197 4988 2398 5030 saniem
2411 4986 2464 5030 et
2480 4975 2822 5044 aperientem,
2836 4982 3152 5042 quterentem
3168 4975 3364 5041 pariter
3374 4981 3424 5028 et
3438 4967 3673 5025 retribuam-

2201 5081 2322 5123 tem.
2357 5069 2462 5122 lloc
2490 5069 2655 5121 solum
2705 5075 2940 5120 nostrum
2981 5075 3081 5126 est,
3114 5065 3283 5132 utqui
3331 5078 3422 5131 pro
3450 5057 3672 5125 fragilitate

2197 5160 2367 5212 idonei
2401 5174 2500 5211 non
2531 5169 2730 5218 sumus,
2772 5155 2952 5208 saltem
2994 5152 3261 5219 quiet-cudi
3293 5162 3344 5204 et
3373 5141 3672 5217 pulsaudiim-

2200 5252 2514 5317 portunitate
2547 5249 2862 5314 placeamus.
2894 5244 2994 5299 Ubi
3023 5245 3129 5296 erit
3154 5243 3403 5296 sedulitas
3431 5230 3672 5317 miserantis

2202 5311 2313 5397 Dei,
2359 5337 2400 5388 si
2434 5311 2560 5388 cum
2601 5347 2820 5401 persona
2862 5331 2990 5383 nihil
3033 5339 3297 5382 mereatur
3342 5326 3538 5395 indigni,
3563 5311 3672 5374 stall

2202 5426 2300 5478 hoc
2341 5423 2598 5478 desideria
2650 5420 2894 5473 accedant
2939 5418 3127 5471 otiosi?
3174 5418 3236 5470 Et
3275 5418 3388 5472 ideo
3428 5413 3522 5468 nisi
3553 5407 3669 5462 ebur

2201 5515 2389 5584 quendi
2413 5513 2644 5567 studium
2674 5509 2968 5564 ohedientia
3014 5507 3271 5562 indefessa
3304 5501 3585 5575 praetulerit,
3612 5490 3671 5545 Ιο-
