3818 6226
132 275 219 330 355

1173 260 1259 315 ne
1297 255 1550 314 διιλτιΑ
1592 250 1731 317 DEI,
1772 250 1940 317 sm,
1982 249 2103 303 LIB.
2148 250 2208 304 ιι.

3179 244 3279 295 835

131 398 231 439 cum
262 384 546 436 remanendi
589 371 787 443 justitia
820 388 922 427 non
955 372 1187 427 habebit.
1238 371 1303 422 Et
1347 376 1623 435 preptorea
1658 365 1703 420 Α
1734 361 1983 415 faciamus
2036 371 2286 413 astutum.
2320 358 2648 426 Simplicem,
2699 371 2764 409 ne
2816 356 3008 408 malum
3056 353 3279 407 callidus

129 488 278 528 sermo
304 470 501 523 divinus
541 468 593 521 in
638 480 730 533 spe
760 464 955 517 laboris
982 463 1061 516 sui
1108 462 1334 530 positum
1380 455 1634 510 describit

133 560 399 626 agricolam,
433 559 501 610 ita
524 557 700 608 dicens
724 570 739 605 :
768 551 897 604 Ecce
919 550 1145 620 agricola
1172 554 1418 616 exspecta}
1444 543 1631 612 pretio-

130 666 223 702 sam
236 660 365 700 Ierrte
384 648 618 715 fructum,
637 654 688 697 ut
701 643 908 707 recipiat
936 640 1279 708 temporivum,
1294 645 1339 689 et
1356 635 1632 688 serotinum

130 737 251 805 (Jac.
276 736 349 805 ν).
364 735 497 801 Quid
510 745 589 788 est
608 722 1120 799 temporivu'miqnid
1142 723 1634 781 serotinumiTem-

135 826 276 894 porivi
299 813 491 878 fructus
520 830 641 874 sunt
667 835 801 889 quos
822 817 1096 885 stipendiis
1139 812 1334 867 militiae
1362 810 1634 880 praesentis

129 916 432 985 acquirimus.
466 910 695 966 Semtini
724 920 847 963 sunt
873 922 1003 977 quos
1027 915 1144 975 post
1170 904 1439 957 emeritam
1468 901 1635 952 servi-

134 1014 273 1060 tatem
293 1004 340 1056 in
368 1002 505 1055 illius
535 1000 713 1053 steculi
738 996 1078 1051 retributione
1100 994 1385 1062 capiemus.
1410 989 1636 1054 Tempo-

130 1094 217 1149 rivi
238 1101 345 1149 sunt
371 1092 499 1145 ﬁdes
539 1101 697 1158 atque
723 1088 997 1142 sinceritas
1024 1085 1220 1147 cordis,
1252 1080 1633 1139 benevolentia,

134 1183 341 1251 corporis
388 1179 765 1248 temperantia,
812 1183 1141 1242 contemptus
1192 1170 1335 1237 mali,
1379 1171 1638 1237 appetitus
1678 1244 1679 1247 η

129 1272 257 1337 boui,
296 1269 641 1337 tranquillitas
678 1264 1113 1325 mansuetudinis,
1146 1261 1340 1330 paritas
1367 1259 1637 1311 castitatis.

130 1360 327 1415 Serotini
359 1359 557 1411 fructus
586 1364 708 1409 sunt
740 1354 1015 1420 acquisitio
1042 1366 1213 1405 rerum
1244 1345 1634 1407 immortalium,

128 1449 382 1503 haereditas
404 1447 721 1506 antestium,
752 1443 1039 1512 proprietas
1063 1453 1397 1492 :eternorum.
1420 1436 1491 1489 De
1519 1435 1639 1503 qui-

129 1540 216 1590 bus
242 1537 420 1589 dicitur
441 1550 459 1587 :
494 1534 601 1587 Nec
631 1533 801 1586 oculus
828 1532 973 1597 vidit,
1008 1544 1100 1581 nec
1142 1528 1279 1580 auris
1308 1526 1520 1586 audivit,
1553 1539 1641 1575 nec

128 1628 169 1678 in
188 1642 264 1678 cor
286 1625 497 1677 hominis
525 1622 770 1686 ascendit,
798 1637 908 1689 qua:
935 1618 1234 1689 prwparaait
1282 1615 1417 1667 Deus
1462 1614 1538 1665 Itis
1559 1612 1666 1679 qui‘

1735 452 2210 514 inferat;astutum
2254 463 2321 502 ne
2370 449 2609 501 incautus
2656 446 2908 498 incurrat.
2946 444 3277 497 lusinuemus

1731 543 1777 595 ei
1807 542 2049 595 allectum
2082 540 2223 605 boni,
2262 538 2587 592 intellectum
2639 536 2787 598 mali,
2820 544 2872 588 et
2908 536 3055 601 juxta
3086 534 3280 600 guber-

1733 634 2002 685 nationem
2035 640 2265 683 nostram
2299 628 2660 696 permittamus
2680 640 2797 676 eum
2831 625 2879 676 in
2915 638 3069 675 manu
3099 622 3273 698 consi-

1736 713 1791 778 lii
1821 726 1902 777 sui
1943 736 2003 776 ac
2033 722 2233 789 proprii
2264 722 2315 773 in
2356 719 2595 772 libertate
2635 715 2838 783 judicii.
2882 714 3094 767 Tractat
3138 715 3276 767 inter

1737 821 1850 874 hace
1879 832 2055 873 secum
2088 816 2364 883 sapientia,
2409 814 2490 867 cui
2529 813 2664 865 inest
2690 822 2742 861 et
2767 808 3113 877 praescientia.
3137 804 3272 871 Quid

1735 910 1959 979 agimus,
1979 907 2115 973 quod
2140 918 2259 958 eum
2288 920 2332 955 at
2349 903 2505 956 bitrio
2524 916 2620 953 suo
2643 899 2991 964 permittimus
3015 895 3274 948 liberum?

1736 999 1791 1050 In
1822 996 2020 1064 peccati
2049 995 2197 1047 devia
2248 990 2624 1058 prmnoscimus
2660 988 3018 1048 transiturum,
3062 992 3114 1036 et
3140 997 3279 1051 prmo

1737 1087 1880 1137 {503$
1907 1083 2043 1135 dona
2068 1082 2283 1135 factum
2312 1079 2687 1133 conversurum
2705 1090 2823 1130 esse
2847 1071 3195 1143 praevidemus
3211 1069 3275 1123 ad

1737 1173 2083 1224 instrumenta
2107 1169 2371 1237 nequitis.
2406 1168 2470 1220 Et
2502 1166 2620 1219 ideo
2645 1166 2686 1217 si
2716 1178 2845 1232 opus
2866 1164 2916 1216 in
2947 1178 3012 1217 eo
3038 1170 3273 1215 nostrum

1738 1261 1978 1313 volumus
2023 1273 2142 1313 esse
2191 1268 2521 1325 perpetuum,
2555 1254 2802 1307 tollamus
2846 1251 2895 1306 ei
2925 1252 2991 1306 de
3022 1259 3278 1318 potestate

1741 1357 2028 1415 peccatum.
2066 1349 2204 1401 Dicit
2219 1346 2458 1413 justitia:
2494 1345 2608 1397 Noo
2637 1344 2703 1395 ita
2743 1332 2841 1396 est.
2871 1340 2984 1395 Non
3028 1339 3282 1406 competit

1738 1437 1940 1503 legibus
1976 1435 2169 1488 nostris
2205 1445 2260 1485 ut
2290 1436 2334 1485 is
2360 1446 2514 1500 quem
2552 1447 2580 1483 a
2606 1431 2885 1484 contrariis
2927 1436 3135 1496 oportet
3165 1441 3286 1493 pro-

1739 1527 1872 1591 bari,
1903 1524 1971 1578 de
2001 1524 2200 1575 viribus
2246 1521 2354 1575 suis
2396 1537 2499 1574 non
2530 1521 2699 1588 possit
2726 1521 2959 1588 agnosci.
2992 1517 3104 1570 Non
3135 1532 3282 1568 com-

1746 1616 1897 1680 petit,
1922 1612 2273 1679 inquzthtoc
2293 1611 2493 1678 legibus
2519 1608 2739 1676 nostri,
2762 1618 2817 1661 ttt
2839 1622 2958 1661 eum
2989 1622 3142 1674 quem
3170 1606 3281 1673 glo-

128 1713 482 1784 diliguntillum
508 1713 569 1780 (1
599 1712 714 1763 Cor.
747 1709 843 1777 ιι).
884 1709 957 1762 De
982 1708 1168 1775 quibus
1195 1721 1281 1771 rer
1306 1704 1571 1772 apostolos
1591 1710 1643 1754 et
1672 1691 1720 1749 Β
1750 1706 1937 1757 ι’ἰῐιρειτὶ
1965 1706 2120 1757 etiam
2148 1718 2211 1756 ex
2247 1701 2425 1754 ofﬁcio
2462 1714 2558 1752 suo
2595 1699 2852 1761 volumus,
2904 1694 3180 1749 materiam
3229 1701 3282 1744 et

122 1814 360 1873 martyres
389 1803 579 1856 dicitur
597 1819 609 1851 :
627 1799 748 1853 Non
776 1807 893 1852 sunt
919 1798 1181 1866 condigna:
1206 1795 1462 1864 passiones
1490 1794 1644 1861 hujus

132 1892 341 1959 tauporis
377 1890 442 1942 ad
475 1892 699 1959 futuram
732 1889 944 1958 gloriam
979 1901 1089 1955 qua:
1129 1878 1425 1937 revelabitur
1460 1882 1513 1935 in
1554 1898 1647 1935 no-

131 1980 193 2032 bis
216 1980 234 2048 (
258 1978 394 2032 Rom.
423 1980 549 2046 vn).
572 1976 873 2045 Temporivi
918 1976 1091 2042 itaque
1128 1973 1327 2027 (ructus
1368 1973 1419 2024 in
1449 1970 1652 2023 virtuti-

130 2070 215 2122 bus
240 2078 373 2131 sunt,
396 2067 614 2121 seretiui
641 2066 694 2119 in
724 2065 1143 2120 remuneratione
1178 2063 1454 2117 virtutum.
1487 2060 1649 2113 Tem-

134 2161 279 2227 porivi
322 2169 442 2213 sunt
478 2172 612 2228 quos
657 2158 744 2211 hic
770 2170 928 2225 opera
976 2157 1189 2223 capiunt
1234 2154 1285 2206 in
1341 2152 1649 2220 prmceplis;

134 2249 327 2302 serotini
378 2262 510 2317 quos
564 2247 670 2300 illic
721 2257 843 2299 vota
891 2252 1279 2309 consequentur
1322 2242 1374 2294 in
1403 2240 1650 2309 prmtniis.

137 2339 374 2402 Quantum
401 2352 526 2405 ergo
550 2337 842 2389 delectetur
870 2336 1008 2388 Deus
1050 2333 1163 2386 ﬁeri
1205 2348 1430 2393 murum,
1462 2331 1513 2383 id
1551 2340 1652 2396 est,

140 2426 497 2479 validissimum
525 2434 707 2477 contra
739 2423 992 2476 oﬂ‘ensam
1018 2422 1105 2475 Dei
1144 2420 1539 2489 supp'icationis
1564 2419 1660 2473 ob-

147 2516 405 2579 staculum,
434 2514 571 2568 sicut
599 2513 721 2567 fecit
747 2513 835 2566 ille
855 2512 921 2566 de
949 2527 1054 2580 quo
1076 2512 1297 2579 legimus
1325 2527 1341 2564 :
1370 2510 1661 2578 Properavit

144 2606 257 2657 enim
277 2606 419 2656 homo
436 2604 544 2656 sine
566 2604 767 2667 querela
789 2601 1044 2669 deprecari
1063 2616 1152 2665 pro
1173 2603 1379 2669 papula,
1404 2604 1659 2669 proferens

142 2694 369 2745 servitutis
389 2707 490 2744 suae
518 2701 737 2752 scutum,
760 2692 939 2742 restitit
969 2692 1057 2742 ira:
1071 2700 1116 2741 ct
1137 2691 1289 2755 ﬁnem
1312 2691 1548 2757 imposuit
1574 2705 1662 2743 ne-

70 2840 77 2847 ,
142 2780 341 2843 restituti
368 2779 519 2849 (Sap.
543 2778 656 2849 xv).
689 2777 786 2842 Qui
811 2786 984 2841 staret,
1011 2778 1195 2846 inquit.
1214 2779 1469 2848 appositus
1490 2778 1679 2831 contra‘

143 2878 525 2941 me,pr0pterea,
561 2886 621 2922 ne
668 2870 1003 2936 disperderem
1045 2885 1154 2921 eam
1206 2868 1326 2937 (Es.
1378 2869 1527 2937 ut).
1562 2869 1657 2934 Qui

140 2960 351 3015 ostendit
363 2958 624 3026 quomodo
635 2959 748 3025 ejus
764 2959 836 3009 ira
852 2967 1141 3023 separetur,
1157 2957 1541 3023 quodammodo
1554 2957 1666 3023 pla-

1747 1807 1957 1846 causam
1989 1792 2170 1860 gloria
2212 1792 2559 1859 denegemus;
2592 1800 2649 1843 ut
2684 1802 2801 1841 cum
2844 1800 3001 1854 quem
3042 1786 3285 1849 cupimus

1750 1882 2010 1935 munerari
2058 1897 2147 1947 per
2179 1880 2372 1932 nudant
2417 1880 2659 1947 gratiam,
2694 1874 2946 1929 faciamus
2993 1876 3080 1926 de
3106 1872 3288 1923 labore

1750 1978 1961 2046 proprio
1988 1977 2059 2029 nil
2089 1977 2298 2029 mereri.
2334 1974 2569 2028 Exerant
2598 1972 2771 2041 potius
2801 1972 2851 2022 in
2884 1984 2948 2022 eo
2985 1967 3286 2033 singillatim

1750 2068 1908 2122 socia:
1936 2069 2047 2120 ist.e
2071 2080 2437 2133 germanmqne
2453 2065 2926 2126 virtutes,exerant
2948 2069 3120 2128 partes
3142 2067 3286 2110 suis.

1751 2157 2004 2211 Potent‘a:
2029 2160 2097 2209 sit
2126 2160 2261 2210 inter
2305 2164 2489 2209 cunt-ta
2541 2153 2787 2216 visibilia,
2820 2151 3110 2219 praesertim
3155 2149 3291 2200 inter

1756 2248 1934 2300 hostes
1980 2248 2333 2315 habitaturum
2362 2256 2544 2298 creare
2573 2242 2869 2306 Sublimem,
2909 2239 3177 2305 sa;.ienti:n
3207 2252 3293 2290 or-

1755 2336 1939 2390 dinare
1966 2335 2297 2403 prudentem,
2322 2332 2567 2384 bonitatis
2592 2330 2840 2398 adjuvare
2870 2337 3185 2389 certantem,
3220 2327 3293 2390 ju-

1760 2428 1918 2480 stitiae
1941 2440 2197 2479 coronare
2221 2424 2539 2477 vincentem.
2564 2422 2742 2474 Talem
2765 2434 2893 2487 ergo
2913 2419 3179 2471 hominem
3202 2430 3295 2484 pro

1760 2518 1983 2571 utilitate
2011 2517 2111 2580 suE,
2141 2530 2202 2569 ac
2226 2530 2317 2581 pro
2346 2512 2511 2566 nostri
2540 2511 2792 2579 dignitate
2823 2510 3099 2575 faciamus,
3134 2522 3290 2577 quem

1761 2608 1813 2660 in
1837 2606 2105 2661 dexteram
2132 2612 2332 2673 partem
2358 2616 2461 2657 non
2485 2603 2657 2655 trahat
2679 2602 2982 2663 necessitas,
3002 2599 3091 2653 sed
3118 2600 3298 2651 Vullm-

1762 2706 1873 2760 tas;
1896 2698 1982 2764 qui
2007 2693 2200 2748 malum
2228 2695 2430 2747 ratione
2455 2690 2732 2757 intelligat,
2753 2690 2945 2743 bonum
2970 2690 3158 2742 virtute
3183 2699 3299 2754 per-

1765 2785 1924 2838 ficiat.
1952 2770 2131 2836 Talem
2163 2784 2434 2843 iaciamus,
2462 2778 2548 2833 cui
2576 2779 2785 2832 bonitas
2821 2781 2873 2831 in
2912 2786 3118 2839 natura,
3150 2776 3301 2829 mali-

1766 2876 1832 2925 tia
1861 2887 1987 2927 vero
2015 2882 2161 2925 extra
2187 2880 2425 2923 naturam
2460 2869 2556 2929 sit;
2585 2869 2672 2936 qui
2703 2869 2895 2921 bonum
2926 2868 2977 2919 in
3011 2866 3299 2930 voluntate,

1767 2962 1957 3014 malum
1995 2961 2183 3014 habent
2214 2960 2265 3011 in
2302 2966 2594 3026 potestate;
2618 2958 2708 3025 qui
2749 2959 2941 3012 bonum
2993 2957 3301 3011 naturaliter

145 3060 275 3102 catus
300 3049 560 3102 irascitur.
593 3049 729 3100 lntcr
757 3046 888 3111 hinc,
919 3047 1216 3115 quicunque
1240 3062 1267 3098 a
1298 3046 1661 3113 potentissimo
1686 3020 1732 3082 (ἶ
1766 3048 1910 3111 velit,
1940 3048 2133 3101 malum
2164 3048 2437 3100 actuaiitcr
2465 3020 2657 3113 possit;
2684 3046 2771 3114 qui
2824 3049 3068 3100 mandata
3118 3057 3293 3100 nostra

146 3149 204 3188 ac
222 3137 505 3204 iustissimo
539 3138 811 3190 conditore
836 3136 904 3189 ita
924 3138 1115 3203 factum
1147 3136 1408 3188 hominem
1432 3135 1575 3199 dicit,
1606 3143 1663 3187 ut

144 3239 261 3279 unus
308 3226 359 3279 in
421 3226 689 3279 sinistram
737 3226 851 3278 sine
892 3228 1101 3292 proprio
1144 3225 1395 3288 crimine,
1437 3223 1659 3291 impulsu

146 3323 320 3368 tantum
364 3315 706 3382 pnescientia:
752 3314 1060 3381 deputetur;
1094 3314 1237 3367 alter
1282 3311 1333 3363 in
1386 3312 1658 3364 dexteram

154 3402 433 3456 indiscusds
474 3402 674 3455 meritis
705 3404 1018 3467 attrahatur,
1052 3400 1149 3453 hoc
1197 3409 1376 3467 aperte
1422 3414 1661 3453 asserere

146 3492 547 3559 deprehenditur,
575 3491 897 3544 inordinatus
945 3491 1025 3543 vel
1048 3480 1251 3557 iniquas
1283 3504 1399 3543 esse
1440 3490 1661 3557 disposi-

148 3582 293 3635 tiones
316 3594 369 3636 et
394 3582 609 3635 factoris
650 3592 705 3636 et
743 3582 954 3650 judicis.
988 3582 1092 3636 Sed
1131 3582 1230 3635 hoc
1270 3582 1383 3635 loco
1410 3582 1662 3635 sollicitus

147 3667 267 3723 iudat
307 3671 512 3724 auditor
550 3672 751 3725 auctori
790 3684 1017 3735 summo,
1046 3684 1165 3724 cum
1214 3670 1477 3725 hominem
1524 3674 1663 3739 plas-

149 3773 271 3813 mate
299 3754 624 3828 disponeret,
654 3761 873 3824 auctori,
918 3762 1148 3827 inquam,
1181 3776 1386 3812 summo
1429 3761 1480 3811 in
1510 3759 1664 3812 mini-

148 3848 335 3902 sterium
389 3858 444 3902 et
496 3849 774 3900 consilium
821 3848 1043 3900 hominis
1085 3848 1401 3912 fabricandi,
1440 3856 1661 3912 quatuor

148 3936 335 3986 astitere
387 3936 627 3987 virtutes.
679 3935 805 3997 Quae
856 3935 1112 4000 quatuor?
1158 3934 1397 3986 Potentia
1459 3935 1658 4001 utique,

150 4020 345 4087 bonitas,
376 4021 654 4088 sapientia,
683 4033 840 4087 atque
865 4022 1085 4088 iustitia.
1113 4022 1193 4073 Tu
1214 4021 1332 4073 vide
1359 4035 1512 4088 quam
1545 4022 1655 4074 Deo

150 4119 203 4161 ex
226 4110 297 4163 his
332 4121 559 4178 quatuor
584 4110 813 4164 defuisse
849 4125 1130 4178 pricsumas
1174 4125 1433 4163 asserere.
1479 4110 1659 4179 Itaque

151 4195 203 4253 id
230 4197 544 4251 intellectum
574 4198 869 4251 evidentius
897 4199 1262 4267 colligendum,
1294 4198 1585 4266 proferant,
1616 4199 1660 4253 si

152 4282 313 4348 placet,
336 4286 559 4353 singulae
594 4286 705 4339 ista:
726 4288 963 4350 virtutes,
993 4286 1141 4355 quasi
1174 4295 1420 4339 tractatus
1444 4294 1496 4339 et
1531 4286 1659 4338 alio»

150 4371 359 4429 cutiones
400 4390 544 4429 suas.
576 4376 809 4430 Potentia
852 4376 991 4430 dicit
1017 4392 1032 4430 :
1059 4375 1331 4432 Faciamus
1375 4384 1493 4443 post
1537 4376 1656 4429 εωιί

152 4475 339 4531 regnum
368 4467 420 4520 in
448 4467 690 4520 secundis
720 4466 1006 4521 mirabilem
1037 4477 1349 4529 creaturam,
1383 4483 1448 4521 ne
1474 4468 1525 4520 in
1553 4469 1654 4520 im-

152 4552 257 4613 perii
286 4557 448 4609 nostri
478 4556 958 4623 possessione,qn:e
986 4557 1148 4623 prima
1182 4568 1329 4621 sunt,
1365 4558 1474 4609 tunc
1502 4557 1659 4609 etiam

155 4638 400 4699 videantur
426 4655 680 4699 extrema.
710 4646 864 4699 Istam
898 4647 1191 4712 speciosam
1245 4648 1419 4701 mundi
1466 4647 1661 4700 machi-

152 4741 250 4781 nam
275 4747 717 4801 consummemus,
748 4746 803 4787 ut
830 4738 882 4788 in
914 4750 973 4789 ea
1004 4738 1262 4789 hominem
1306 4737 1577 4799 faciamus,
1609 4746 1661 4789 et

154 4820 467 4882 pneticiamus
500 4842 593 4894 per
619 4842 774 4895 quem
819 4828 1044 4881 mundus
1073 4829 1363 4893 ordinetur,
1396 4828 1662 4895 possidea-

156 4918 241 4976 tur,
266 4928 499 4971 ornetur.
558 4920 770 4974 Bonitas
808 4921 949 4974 dicat
990 4938 1003 4975 :
1038 4921 1137 4974 Fas
1180 4937 1280 4974 non
1322 4931 1405 4975 est
1447 4930 1503 4973 ut
1550 4922 1660 4975 sola

156 4996 391 5059 beneﬁciis
421 5008 619 5062 nostris
644 5010 879 5066 celestis
908 5011 1264 5077 perfruantur.
1294 5011 1564 5063 Faciamus
1608 5020 1660 5063 et

156 5082 198 5136 in
219 5095 342 5145 terra
371 5095 656 5157 hominem,
701 5097 839 5151 circa
888 5114 1045 5164 quem
1077 5098 1443 5153 abundantiam
1479 5100 1659 5167 gratia;

158 5188 323 5233 nostrae
365 5200 724 5249 exerceamus,
756 5190 892 5240 circa
937 5203 1088 5255 quem
1122 5191 1499 5243 benevolentiae
1544 5202 1657 5242 mu-

160 5279 263 5322 nera
287 5270 577 5336 dilatentus,
625 5274 674 5325 in
719 5288 873 5340 quem
915 5278 1122 5343 pietatis
1171 5279 1412 5341 ingen'tte
1452 5278 1661 5331 divitias

161 5357 519 5420 profundamus.
554 5364 817 5429 Sapientia
850 5366 987 5417 dicat
1015 5383 1026 5417 :
1059 5366 1167 5418 Non
1193 5369 1360 5419 solum
1385 5369 1657 5435 faciamus,

161 5444 237 5497 sed
255 5450 396 5503 etiam
423 5465 581 5506 sensu
616 5453 831 5505 rationis
861 5467 921 5506 ac
955 5453 1283 5506 discretionis
1316 5454 1657 5519 honoremus,

164 5535 412 5594 laudemur:
460 5541 655 5594 lumine
696 5542 1006 5608 repleamus,
1041 5543 1290 5597 faciamus
1341 5545 1651 5612 simplicem.

1686 4345 1738 4403 D

1760 3136 2022 3189 costodiat
2045 3134 2391 3198 voluntarius,
2420 3144 2473 3187 et
2503 3135 2783 3201 periclitari
2818 3150 2921 3189 non
2953 3135 3113 3202 possit
3159 3135 3296 3187 invi-

1763 3231 1875 3286 tus;
1903 3222 1984 3275 cui
2020 3222 2182 3289 prima
2216 3222 2311 3274 ista
2340 3222 2405 3275 sit
2442 3221 2607 3273 laudis
2643 3222 2872 3286 occasio,
2906 3231 2963 3275 ut
3000 3236 3217 3289 peccare
3242 3229 3297 3274 et

1762 3313 1925 3379 possit
1953 3321 2007 3365 et
2036 3313 2183 3365 nolit.
2218 3311 2459 3365 Sufﬁciat
2492 3320 2687 3375 autem,
2730 3310 2870 3379 quod
2911 3313 2960 3363 in
2998 3293 3301 3378 quadrupe-

1762 3408 1793 3460 d
1817 3407 1912 3460 bus
1936 3415 1988 3458 et
2011 3406 2175 3458 brutis
2194 3404 2523 3470 subjicienda
2557 3412 2675 3456 sunt
2707 3402 2929 3466 homini,
2955 3402 3060 3470 jam
3086 3400 3301 3455 ierimus

1763 3495 1863 3548 tale
1909 3494 2133 3557 animal,
2169 3493 2306 3561 quod
2349 3492 2469 3544 dum
2520 3505 2623 3544 non
2663 3500 2739 3544 est
2778 3491 3061 3544 obnoxium
3111 3491 3298 3557 cutpm,

1762 3586 1982 3639 fructum
2012 3600 2115 3638 non
2144 3592 2317 3652 potest
2346 3580 2543 3636 habere
2566 3582 2804 3648 juStitiw.
2837 3580 2980 3634 Hunc
3001 3593 3173 3634 autem
3203 3596 3304 3634 nt:u
3342 3562 3345 3565 l

1761 3682 1967 3739 oportet
1992 3687 2108 3727 csse
2138 3673 2351 3740 pecudis
2379 3673 2623 3734 similem,
2650 3671 2735 3725 cui
2766 3673 3095 3725 commissuri
3127 3686 3305 3725 sumus

1762 3777 1954 3814 nostra:
2001 3762 2240 3828 imaginis
2281 3761 2615 3834 dignitatem.
2666 3760 3056 3827 Interrogemus
3099 3773 3159 3811 ea
3190 3771 3306 3825 qu.e

1762 3850 1957 3918 peccati
1982 3849 2177 3912 nescia,
2197 3865 2257 3903 ac
2282 3849 2501 3903 rationis
2520 3850 2718 3916 ignara,
2741 3850 2936 3913 absque
2957 3848 3061 3900 ullo
3080 3848 3306 3916 pruden-

1762 3941 1841 3992 tia:
1892 3939 2090 3992 honore
2143 3939 2503 3991 formavimus.
2547 3936 2787 4003 Nunquid
2840 3937 3073 4002 proderit
3120 3938 3305 4003 pecudi

1759 4028 2063 4095 simplicitas
2090 4043 2203 4088 sua,
2236 4037 2327 4079 aut
2353 4027 2525 4081 arbori
2567 4026 2859 4080 fecunditas
2886 4024 3017 4095 sua!
3050 4024 3180 4095 Erga
3210 4025 3306 4079 ho-

1760 4117 1953 4170 minem
1982 4126 2215 4168 nostrum
2266 4129 2368 4165 non
2407 4114 2695 4181 poterimus
2744 4112 2883 4166 laudi
2915 4112 3155 4181 conferre
3194 4114 3305 4180 palo

1758 4220 1918 4268 mam,
1950 4204 1994 4258 si
2027 4203 2264 4256 VOIumll:
2294 4203 2592 4256 necessitati
2643 4204 2840 4255 servire
2869 4212 3130 4255 naturam.
3159 4203 3306 4255 ttunc

1760 4309 1883 4363 ergo
1910 4292 2210 4347 conditione
2247 4290 2534 4357 subditum,
2586 4291 2909 4344 discret‘one
2935 4292 3176 4355 uberum,
3215 4305 3305 4345 ra-

1766 4384 1906 4437 tione
1959 4380 2242 4451 peifectum
2270 4423 2284 4446 ,
2325 4383 2394 4436 ita
2424 4382 2670 4435 ordinare
2708 4396 2803 4436 nos
2846 4397 3051 4450 :cquum
3081 4392 3161 4436 est
3209 4384 3307 4437 sub

1765 4480 2022 4540 potestate
2069 4470 2353 4539 permissa,
2395 4478 2449 4524 et
2478 4471 2590 4537 lege
2638 4473 2937 4537 proposita,
2971 4480 3026 4525 ot
3070 4471 3305 4525 custodia

1766 4560 2041 4627 prmcep'i,
2074 4559 2244 4611 aditus
2290 4568 2343 4612 et
2389 4572 2545 4611 causa
2590 4559 2661 4611 sit
2703 4561 2923 4627 praemii.
2960 4564 3084 4613 nam
3112 4564 3153 4612 si
3185 4562 3304 4614 mali

1764 4650 1968 4712 c0piam
1998 4662 2059 4700 ac
2086 4646 2348 4699 licentiam
2381 4663 2481 4699 non
2510 4646 2774 4712 habuerit,
2809 4649 2927 4701 boni
2953 4650 3171 4716 gloriam
3203 4665 3306 4702 non

1765 4736 1993 4790 habebit.
2030 4735 2082 4790 Si
2107 4736 2260 4803 juxta
2296 4737 2712 4790 benevolentiam
2747 4748 2977 4792 nostram
3017 4755 3119 4792 non
3147 4742 3305 4793 etiam

1760 4840 1855 4878 suo
1884 4826 2055 4878 studio
2086 4829 2166 4876 vel
2196 4824 2376 4879 labore
2428 4826 2815 4894 prwdicabilem
2848 4826 3071 4880 tenuerit
3114 4829 3308 4881 sanita-

1762 4926 1888 4981 tem,
1922 4928 2023 4967 non
2073 4908 2191 4967 erit
2218 4916 2306 4967 inn
2333 4917 2550 4981 iccntia,
2584 4916 2675 4969 sed
2708 4917 2890 4968 inertia
2918 4933 2931 4981 ;
2973 4927 3024 4969 et
3053 4925 3300 4988 βτωιετβ..

1763 5006 2031 5073 prtpmium
2059 5003 2217 5070 perit,
2244 5005 2330 5057 ubi
2355 5011 2596 5059 merLtum
2623 5021 2723 5059 non
2750 5006 3015 5073 prmcedit.
3044 5005 3184 5060 Bona
3209 5021 3304 5057 uo-

1761 5106 1867 5149 stra
1898 5108 2003 5147 non
2027 5102 2197 5160 potest
2216 5108 2427 5149 servare
2455 5097 2543 5164 qui
2572 5098 2734 5153 nescit
2760 5099 3052 5163 acquirere.

1838 5182 1941 5237 Nisi
1966 5183 2119 5236 fuerit
2143 5185 2455 5238 obedientim
2479 5187 2746 5253 praemissa
2772 5187 2995 5249 devotio,
3021 5184 3200 5253 gratia:
3232 5183 3300 5235 vi-

1764 5273 1914 5327 lescit
1933 5274 2146 5327 oblatio.
2168 5273 2439 5343 Simulque
2456 5277 2765 5329 verecundia
2790 5289 3097 5329 remuneran
3125 5273 3167 5326 is
3195 5286 3225 5325 e
3258 5284 3301 5336 t,’

1764 5361 1807 5417 si
1839 5364 2123 5416 ltonore‘tur
2151 5365 2348 5417 otiosus
2370 5408 2384 5429 ,
2419 5367 2463 5418 si
2507 5375 2868 5419 remuneretur
2895 5366 3125 5432 ignavus.
3164 5364 3299 5429 Quin

1764 5454 1937 5517 potius
1982 5461 2296 5519 cooperante
2341 5454 2603 5520 adjutorio
2651 5455 2807 5507 etiam
2860 5466 2956 5504 suo
3004 5465 3165 5517 opere
3211 5454 3241 5502 ti
3285 5464 3301 5506 ι

1763 5543 1967 5620 dignus,
1996 5551 2047 5596 et
2069 5556 2185 5597 cum
2210 5544 2340 5597 bona
2370 5544 2691 5599 conscientia
2724 5544 2789 5599 sit
2814 5545 3013 5597 beatus.
3045 5540 3173 5593 Nam
3200 5544 3299 5596 nisi
