3818 6226
568 163 666 217 839

1775 156 1833 212 S.
1878 153 2116 210 FAUSTI
2159 152 2553 208 RHECIENSIS

3659 151 3746 206 860

635 273 764 324 Cum
807 282 976 322 antem
1018 271 1081 324 ad
1124 270 1286 323 Deum
1323 268 1591 332 ve..imus,
1635 269 1733 322 hoc
1776 277 1856 320 est
1898 265 2103 335 genitus
2132 261 2181 322 Α
2207 264 2480 329 dilexisse,
2523 273 2576 318 et
2605 263 2740 316 Esau
2771 263 2890 316 odio
2919 262 3160 316 nalinisse
3190 261 3524 316 describitur.
3552 261 3743 315 Οωιιιρ

567 360 705 428 quod
727 359 903 412 Justus
932 370 984 412 et
1005 359 1232 418 Justitia,
1277 357 1486 426 sapiens
1512 368 1565 410 et
1585 358 1864 422 sapientia,
1908 355 2109 407 miseri-

570 464 686 502 cors
732 459 783 500 et
823 434 1204 513 misericordia,
1245 447 1490 499 absolute
1529 461 1592 499 ex
1642 445 1748 499 Deo
1774 446 1916 512 justo
1957 453 2113 510 atque

568 537 803 601 rapiente
844 535 1132 588 secundum
1178 534 1480 600 ApOstolum
1513 533 1636 586 oriri
1669 529 2113 599 intelligimusju-

567 626 758 676 stitiam
800 633 957 689 atque
984 625 1318 689 Sapientiam.
1372 621 1437 674 Et
1479 624 1612 674 sicut
1641 634 1904 687 nunquam
1945 618 2115 683 jusms

565 713 679 766 sine
698 711 922 778 justitia,
946 725 1208 779 nunquam
1240 713 1450 778 sapit-ns
1473 714 1586 763 sine
1611 708 1868 775 sapientia
1897 704 2019 766 fuit;
2045 704 2058 756 i
2084 719 2111 756 a

567 800 733 854 Filius
759 815 821 854 es
859 803 1030 864 l’atre,
1072 799 1163 854 sed
1189 815 1451 868 nunquam
1479 806 1643 866 putuit
1674 811 1790 852 esse
1818 796 1931 848 sine
1961 793 2111 846 Filio.

638 890 854 959 Absque
892 889 1051 942 dubio
1090 889 1268 943 Ariani
1295 889 1617 941 Salvatorem
1659 895 1894 939 nostrum
1926 895 2114 950 negare

573 996 681 1032 non
721 980 934 1033 audent.
966 979 1071 1032 Sed
1101 980 1224 1032 dum
1256 980 1511 1029 minorem
1540 978 1740 1038 dicunt,
1775 975 1933 1026 Deum
1975 985 2115 1025 asse-

569 1085 690 1124 rere
724 1084 824 1122 non
858 1077 1094 1135 possunt.
1122 1068 1257 1120 Deus
1283 1065 1423 1118 enim
1448 1065 1752 1117 naturaliter
1777 1059 2114 1130 plenitudinis

572 1158 824 1226 dignitate
853 1156 1112 1218 subsistit,
1143 1164 1198 1208 et
1217 1168 1397 1219 earum
1423 1155 1660 1220 imp'etas
1689 1167 1846 1204 unum
1870 1165 1927 1204 se
1947 1149 2110 1206 Deum

572 1248 750 1298 coiere
779 1243 946 1308 prima
969 1241 1300 1296 ct-nl'essiOne
1327 1245 1569 1296 testatur.
1605 1239 1706 1294 Sed
1734 1239 1821 1305 qui
1855 1239 2111 1304 iuniorem

573 1348 666 1400 per
711 1346 829 1384 eum
866 1331 953 1399 qui
994 1339 1204 1398 putatur
1253 1330 1430 1382 senior
1455 1330 1587 1382 duos
1620 1327 1760 1391 'acit,
1788 1335 1840 1380 et
1872 1325 2006 1380 solid
2033 1337 2113 1378 ta-

573 1431 678 1474 tem
712 1421 924 1474 unitatis
966 1421 1262 1474 intersecat.
1296 1415 1424 1471 Nam
1453 1418 1622 1487 ipsum
1661 1431 1851 1470 nomen
1891 1413 2114 1468 minoris

574 1513 796 1562 alterum
837 1511 923 1577 qui
955 1508 1044 1561 illo
1089 1506 1154 1561 sit
1196 1507 1366 1574 major
1395 1503 1642 1559 ostendit.
1695 1504 1825 1568 Quis
1866 1502 1955 1555 illo
1980 1502 2114 1553 anti-

2217 353 2343 405 stari
2377 355 2426 405 in
2453 355 2680 419 peccatis
2701 354 2896 407 nostris
2925 363 2980 406 et
3009 354 3170 406 laztari
3215 354 3408 406 dicitur
3437 354 3487 405 iu
3513 355 3742 421 operibus
3780 357 3781 370 ‘

2219 445 2348 507 suis,
2388 454 2446 497 et
2473 445 2742 499 affectibus
2771 445 3046 511 subjacens
3071 445 3138 498 de
3163 458 3220 497 se
3251 443 3365 511 ipse
3387 443 3513 497 dicit
3541 459 3559 497 :
3595 441 3739 497 Parui-

2221 543 2287 587 tet
2333 549 2412 585 me
2449 533 2622 602 fecisse
2649 532 2895 586 Itominrm
2921 531 3072 602 (Gen.
3116 547 3187 596 γι,
3226 533 3306 599 7).
3343 533 3405 584 Et
3451 532 3514 584 de
3553 547 3740 585 summa

2219 623 2340 679 caeli
2383 624 2508 677 sede
2549 623 2851 689 pionuntiat
2890 640 2902 674 :
2953 621 3129 683 Saule,
3177 620 3300 689 quid
3342 638 3418 673 me
3455 623 3744 688 persequeris

2215 715 2351 782 (Act.
2379 728 2452 775 is,
2477 713 2568 780 4)?
2600 711 2726 765 Nam
2747 719 2801 766 et
2820 711 3185 780 compatientis
3212 713 3492 764 ostendere
3519 710 3740 761 aitet-tum

2211 801 2420 854 videtur
2448 817 2566 854 cum
2597 801 2762 854 dicit:
2797 798 3022 860 Esurioi,
3064 810 3110 851 et
3141 798 3351 850 dedistis
3391 798 3511 849 milii
3552 799 3739 848 manda-

2212 904 2360 950 care;
2389 889 2542 950 silici,
2573 897 2619 941 et
2644 889 2850 940 dedistis
2897 886 3018 937 mihi
3052 887 3213 938 bibere
3241 884 3454 954 (.llattlt.
3484 901 3602 950 ur,
3632 884 3738 948 δῖ),

2212 987 2266 1032 et
2294 977 2830 1043 reliquahujnsmodi
2859 991 2977 1041 qua:
3015 974 3283 1026 memoria:
3313 973 3638 1026 abundanter
3671 988 3740 1024 οε-
3780 1011 3781 1016 η

2212 1080 2455 1122 ουιιοιιιιι.

2281 1156 2553 1222 Quomodo
2594 1167 2754 1223 ergo,
2786 1155 2829 1208 si
2877 1151 3146 1222 quisquam
3193 1155 3442 1210 sacci-ds
3484 1155 3588 1204 ιιιυί
3615 1155 3734 1217 ἱμῑυξ

2213 1248 2503 1315 linguarum
2534 1247 2748 1300 scientia
2781 1245 3049 1312 prta-ditus,
3069 1256 3122 1299 et
3146 1247 3196 1299 in
3229 1245 3405 1297 medio
3433 1245 3733 1295 diversarum

2221 1340 2453 1404 gentium
2501 1324 2810 1390 tonstitutus
2838 1377 2853 1399 ,
2902 1335 3178 1390 Hebraeum
3223 1335 3476 1398 Hebraeo,
3528 1331 3738 1385 Graecum

2221 1423 2448 1488 Graeco,
2497 1424 2792 1478 Romanum
2851 1423 3086 1478 Romano
3139 1425 3489 1478 instructurus
3541 1423 3740 1483 all-quia

2230 1517 2517 1568 secundum
2549 1514 2868 1581 singulorum
2908 1513 3231 1566 intellectum
3273 1512 3434 1565 verba
3476 1512 3736 1568 Conﬁrmet,

574 1599 728 1666 quior
756 1602 842 1667 qui
893 1598 958 1650 de
998 1600 1174 1666 seipse
1211 1595 1550 1663 pronuntiat:
1583 1590 1692 1663 Ego
1732 1608 1842 1644 sum
1881 1593 2035 1659 alpha
2064 1593 2113 1642 et

2233 1613 2266 1654 it
2287 1603 2432 1668 juxta
2464 1595 2869 1669 unitiseujusque
2897 1616 3108 1654 sensum
3139 1601 3247 1654 oris
3271 1599 3350 1652 sui
3379 1607 3587 1665 coaptet
3624 1599 3735 1648 allu-

571 1703 763 1755 cmega,
789 1687 978 1752 primus
999 1681 1055 1736 ei
1077 1685 1368 1736 novissimus
1392 1681 1523 1751 (Isa.
1550 1695 1697 1744 xuv;
1729 1679 1883 1748 Apoc.
1921 1679 1994 1744 t)?
2013 1677 2112 1741 Qui
2159 1749 2170 1758 ν

569 1787 706 1830 es-et
733 1779 1098 1841 interrogatus,
1137 1775 1204 1824 ita
1235 1771 1502 1836 respondit
1525 1788 1538 1821 :
1569 1768 1894 1835 Principium,
1919 1770 2052 1834 quod
2074 1775 2117 1817 et

571 1880 688 1916 cum
706 1863 892 1917 Iuda-is
907 1877 994 1930 qui
1015 1863 1190 1930 loquor
1205 1862 1337 1911 vobis
1352 1849 1526 1926 (Joau.
1543 1854 1869 1924 vnt,'.?.5).Qui
1886 1853 2110 1907 veridica

573 1967 668 2020 per
690 1953 995 2020 prophetam
1025 1964 1151 2002 voce
1174 1950 1450 2000 conﬁrmat
1470 1965 1480 1997 :
1497 1949 1623 1997 Ante
1640 1961 1717 1996 me
1737 1961 1834 1997 non
1850 1943 1948 2010 fuit
1964 1940 2118 2004 Deus,

573 2052 618 2092 et
642 2055 750 2109 ροειι
776 2055 854 2092 nte
884 2054 982 2090 non
1013 2039 1104 2089 erit
1127 2035 1276 2104 (lsai.
1302 2051 1448 2102 xuii,
1468 2033 1576 2103 ιυ).
1599 2034 1653 2088 Si
1682 2031 1836 2087 Pater
1851 2031 1951 2087 hoc
1973 2032 2118 2097 dicit,

575 2129 828 2184 ‘inferiort
847 2143 894 2181 ιιι
916 2138 1028 2194 pust
1062 2140 1120 2180 se
1152 2140 1254 2179 non
1279 2123 1504 2188 caepisse
1533 2123 1839 2187 conﬁrmat;
1863 2123 1907 2176 si
1938 2121 2118 2188 Filnis,

583 2235 706 2274 ane
747 2234 804 2272 Se
834 2221 1040 2286 penitus
1076 2231 1180 2270 non
1223 2215 1381 2270 fuisse
1410 2217 1728 2284 pronuntiat.
1771 2214 1844 2266 De
1874 2212 1973 2266 hoc
2005 2229 2122 2280 pro-

575 2311 814 2380 pbetiCus
842 2324 1019 2362 sermo
1042 2303 1316 2360 evidenter
1351 2306 1579 2360 insinuat
1605 2319 1619 2357 :
1651 2303 1750 2357 llic
1775 2313 1846 2356 est
1875 2303 2009 2355 Deus
2033 2319 2122 2354 no-

575 2411 697 2464 ster,
719 2410 764 2452 et
794 2417 891 2452 non
922 2398 1238 2467 reputabitur
1253 2397 1385 2448 alius
1413 2398 1479 2446 ad
1504 2411 1618 2447 eum
1639 2391 1785 2461 (Bar.
1811 2408 1887 2456 ιιι,
1919 2388 2030 2457 5a).
2062 2391 2125 2444 Et

577 2498 698 2557 post
719 2488 831 2539 base
856 2504 870 2538 :
899 2488 1027 2537 inter
1067 2484 1293 2535 homines
1331 2482 1462 2534 uisus
1494 2490 1586 2547 est,
1617 2489 1662 2532 et
1703 2495 1817 2531 cum
1846 2478 2125 2531 hominibus

578 2587 898 2633 conversatus
953 2584 1022 2626 est
1053 2572 1238 2644 (Ibid.,
1273 2571 1385 2642 33).
1410 2569 1706 2626 Secundum
1748 2570 1860 2622 haec
1896 2583 2021 2636 ergo
2047 2570 2126 2621 in-

582 2676 665 2722 ter
689 2666 919 2736 genitum
950 2673 1005 2718 et
1048 2663 1333 2731 ingenitum
1388 2675 1485 2715 nec
1529 2661 1658 2713 ordo
1700 2668 1800 2723 est,
1831 2650 1952 2727 quia
1991 2671 2128 2711 unus

581 2765 696 2820 est;
727 2770 820 2807 nec
843 2763 1048 2820 tetnpns
1071 2751 1312 2814 interest,
1345 2749 1464 2820 quia
1493 2748 1692 2816 primus
1721 2757 1834 2810 est;
1860 2761 1956 2800 nec
1986 2755 2125 2811 post-

584 2849 854 2918 ponendus
896 2855 999 2912 est,
1041 2845 1159 2912 quia
1190 2842 1334 2896 solus
1369 2850 1483 2907 est;
1534 2856 1632 2896 nec
1671 2840 1842 2894 minor
1869 2838 2126 2893 dicendus

587 2945 690 3004 est,
719 2938 839 3006 quia
870 2936 1055 3004 plenus
1082 2943 1184 2988 est.
1215 2932 1351 3001 Ergo
1383 2931 1573 2987 dicitur
1601 2930 1884 2999 perfectus,
1921 2927 2123 2995 simpli-
2150 2924 2195 2985 C
2230 2950 2352 2988 unm
2379 2949 2544 3004 genus
2571 2933 2892 3003 dignatione,
2923 2945 3126 2996 servos,
3171 2930 3373 2986 amicos
3419 2944 3480 2984 ac
3506 2929 3631 2983 ﬁlios
3665 2941 3735 2978 no-

583 3027 765 3096 cisque
784 3035 1001 3088 naturae,
1032 3022 1410 3077 imestimabilis
1428 3033 1480 3077 et
1505 3020 1862 3090 impassibilis,
1885 3019 1982 3073 etsi
2006 3033 2124 3072 eum

584 3117 868 3171 secundum
916 3129 1126 3169 carnem
1171 3129 1380 3184 passum
1416 3127 1535 3168 esse
1565 3125 1660 3180 pro
1688 3112 1838 3164 nobs
1871 3111 2125 3165 veraciter

586 3216 640 3260 et
659 3195 940 3259 salubriter
967 3206 1298 3259 c0niitemur.

656 3295 780 3348 P08t
819 3295 933 3347 haec
975 3297 1211 3362 sequenti
1265 3296 1380 3347 luci
1429 3293 1624 3359 quaeris
1667 3308 1695 3344 a
1748 3307 1831 3345 me
1864 3294 2127 3359 quomodo

589 3382 735 3448 juxta
774 3381 1115 3433 substantiam
1148 3381 1249 3435 Dei.
1279 3382 1329 3432 in
1373 3381 1595 3448 epistula
1622 3379 1845 3446 quadam
1875 3383 2126 3446 scriptum

590 3473 659 3522 sit
685 3469 866 3522 :‘Nilnl
906 3469 1071 3521 sensit
1104 3469 1332 3534 patiente
1361 3482 1540 3532 sensu,
1574 3465 1664 3521 sed
1710 3471 1876 3520 sensit
1918 3482 2128 3535 compa-

590 3561 751 3613 tieute
788 3559 974 3610 aﬂectu
1004 3570 1049 3609 ει.

661 3649 837 3702 Primo
886 3648 1003 3710 hoc,
1052 3646 1187 3716 quod
1238 3661 1335 3700 nec
1386 3647 1729 3715 philosophos
1777 3646 1948 3711 latuit,
1995 3647 2132 3702 scire

589 3738 1056 3807 promplissimum.
1108 3735 1161 3790 In
1210 3734 1423 3790 homine
1452 3735 1674 3790 diversa:
1719 3735 2040 3800 affectiones,
2081 3737 2131 3789 id

589 3839 688 3885 εει,
735 3827 956 3893 jusntia,
1007 3824 1388 3891 misericordia,
1435 3825 1705 3888 sanctitas,
1745 3826 2128 3890 benevolentia,

591 3919 777 3985 pietas,
808 3933 890 3970 res
925 3917 1236 3970 accedentes
1278 3925 1418 3979 sunt,
1447 3927 1500 3970 et
1539 3917 1658 3970 ideo
1701 3916 1919 3973 aﬂectus
1942 3931 2133 3970 vocan-

497 4029 504 4031 -
589 4017 692 4060 tur.
721 4007 854 4059 Deus
887 4021 1010 4058 vero
1040 4008 1119 4058 his
1159 4021 1262 4059 non
1301 4005 1624 4073 possibiliter
1652 4007 1897 4073 afﬁcitur,
1924 4023 1992 4075 qu
2016 4023 2044 4059 a
2083 4009 2134 4061 ei

593 4096 766 4148 inesse
784 4096 972 4163 jngiter
992 4103 1047 4147 et
1074 4095 1385 4146 naturaliter
1407 4093 1801 4161 dignoscantur.
1829 4095 1964 4163 Ergo
1993 4095 2130 4161 quod

563 4221 569 4228 .
596 4182 650 4235 in
676 4184 885 4234 homine
907 4183 1123 4234 atl’ectus
1152 4195 1217 4234 ex
1240 4182 1426 4248 gratia,
1448 4185 1496 4232 in
1527 4182 1631 4234 Deo
1653 4183 1816 4236 virtus
1836 4195 1918 4237 est
1945 4199 2008 4236 ex
2036 4199 2134 4236 na-

593 4280 727 4323 tura.
743 4270 870 4321 Nam
886 4270 1018 4335 quod
1035 4270 1230 4321 dictum
1242 4279 1321 4322 est
1339 4287 1352 4318 ἶ
1369 4268 1502 4320 Nihil
1515 4270 1682 4321 εθιιείι
1698 4271 1939 4335 patientis
1950 4286 2130 4338 sensu,
2166 4262 2215 4320 Ι)
2243 4281 2410 4332 manis
2433 4292 2707 4344 corporea,
2739 4292 2922 4344 quagve
2950 4277 3259 4340 incorpore;
3287 4271 3553 4325 δειιιίεηάι
3573 4261 3682 4320 εἰιῖ

594 4358 686 4413 sed
702 4359 867 4412 sensit
881 4358 1247 4425 compatientis
1260 4357 1468 4420 aﬂ'ectu,
1482 4372 1576 4411 cur
1587 4359 1860 4426 quisquam
1878 4360 1963 4413 illo
1975 4376 2135 4414 sensu

591 4449 772 4502 dicere
789 4460 888 4498 non
905 4455 1205 4514 praesumat,
1222 4445 1359 4515 quod
1374 4445 1529 4500 etiam
1546 4447 1902 4515 propheticum
1918 4462 2142 4500 commc-

591 4546 762 4593 morat
787 4552 800 4587 :
828 4535 1055 4600 Domine,
1083 4551 1144 4588 ne
1170 4537 1220 4588 in
1252 4538 1329 4588 ira
1352 4548 1440 4588 tua
1465 4553 1647 4606 arguas
1674 4554 1768 4598 me,
1801 4555 1958 4604 neque
1985 4539 2035 4589 in
2059 4539 2140 4606 fu-

591 4644 702 4683 rore
731 4637 814 4678 tua
837 4628 1077 4697 corripias
1101 4644 1176 4680 me
1199 4626 1368 4695 (Psal.
1398 4644 1470 4691 vr,
1492 4629 1553 4691 ες
1580 4644 1778 4694 xxxv-tl,
1807 4630 1880 4698 1).
1907 4629 1972 4682 Ει
2003 4646 2016 4681 :
2047 4627 2142 4681 Ju-

590 4723 719 4774 ravit
752 4719 1017 4783 Dom‘nus,
1051 4737 1138 4772 nec
1160 4721 1408 4787 pwnitebit
1435 4736 1546 4772 eum
1569 4719 1685 4785 (I’s.
1715 4736 1821 4784 cut,
1845 4721 1922 4789 4).
1959 4722 2023 4776 Ει
2049 4720 2149 4775 ite.

597 4824 746 4864 rum:
774 4806 943 4860 Iratus
974 4818 1043 4859 cst
1068 4806 1311 4858 Dominus
1330 4809 1514 4876 populo
1547 4825 1656 4872 suo,
1681 4821 1723 4860 et
1745 4811 2057 4864 abominatus
2080 4820 2156 4865 est

596 4901 936 4970 hereditatem
947 4913 1089 4949 suam
1107 4895 1219 4964 (Ps.
1234 4898 1339 4965 εν).
1359 4896 1422 4949 Ει
1436 4899 1557 4951 item
1571 4900 1976 4976 diversoall'ectu
1991 4901 2153 4958 Jaeob

667 5117 692 5144 ι
720 5107 828 5159 Hoc
869 5105 1058 5156 dictum
1099 5110 1268 5153 exstat
1311 5097 1443 5150 infra
1495 5099 1546 5149 in
1588 5100 1740 5166 epist.
1798 5101 1861 5152 ad
1902 5101 2140 5155 Gratum.

617 5189 633 5206 '
667 5176 691 5212 ³³
727 5175 880 5226 Forte
907 5189 987 5223 mu
1011 5182 1111 5220 ala.

671 5255 692 5280 ο
726 5245 804 5295 Ab
835 5245 932 5293 huc
957 5242 1111 5294 verbo
1141 5253 1256 5305 quae
1285 5244 1594 5299 sequuntur,
1642 5235 1690 5287 in
1736 5237 1943 5290 modum
1977 5247 2147 5306 'sepao

601 5313 696 5364 rati
731 5311 883 5363 libelli
913 5325 1002 5361 seu
1033 5307 1288 5373 epistol-.e,
1320 5313 1524 5356 exstant
1552 5317 1674 5355 tom.
1704 5306 1764 5355 ιν
1795 5307 1926 5359 Bibl.
1958 5308 2089 5372 PP.,
2114 5310 2149 5360 9.

603 5382 750 5440 cdit.,
784 5383 871 5431 tul.
901 5379 1021 5432 759.
1057 5376 1392 5446 Turpissane
1420 5389 1566 5425 error
1596 5375 1679 5426 hic
1707 5373 1904 5441 Fauni,
1934 5378 2000 5430 de
2040 5391 2153 5446 quo

607 5449 723 5500 vide
752 5447 1140 5501 adnotationem
1173 5445 1224 5497 in
1251 5443 1384 5495 hanc
1408 5451 1558 5509 cpzst.

2218 1691 2415 1758 quium,
2448 1698 2501 1740 et
2525 1690 2751 1742 dissonis
2792 1691 2948 1742 unius
2978 1689 3154 1742 cordis
3181 1697 3510 1757 exspectatas
3541 1686 3738 1753 pectinis

2221 1794 2326 1831 voc-
2348 1791 2374 1829 s
2404 1777 2453 1829 in
2497 1778 2672 1829 varios
2716 1775 2986 1844 dispenSet
3023 1777 3250 1844 auditus,
3291 1776 3362 1829 ita
3400 1785 3453 1828 et
3483 1775 3613 1829 Deus
3641 1789 3736 1824 cum

2222 1864 2433 1918 homine
2462 1865 2755 1929 locuturus,
2802 1878 3072 1918 assumere
3119 1864 3365 1933 dignatur
3414 1864 3631 1916 hominis
3657 1867 3734 1915 ιιι.

2231 1971 2409 2021 gnam,
2441 1954 2658 2006 fortnam
2688 1954 2844 2006 etiam
2874 1964 3216 2020 suscepturus
3261 1954 3538 2007 humanam
3568 1966 3652 2020 per
3677 1953 3731 2003 in-

2229 2044 2492 2097 tellectum
2547 2051 2786 2095 nostrum
2838 2055 2998 2096 sonos
3039 2041 3427 2095 ordinationum
3471 2051 3738 2092 nostrarum
3780 2071 3781 2074 η

2225 2139 2443 2186 testatur
2467 2128 2703 2185 aﬂectus.
2729 2128 2856 2183 Nam
2877 2129 3000 2183 dum
3033 2129 3260 2197 quinque
3284 2127 3623 2181 humanorum
3643 2142 3718 2180 seu
3780 2125 3781 2184 Ϊ

2223 2237 2372 2274 suum
2390 2220 2563 2274 ofﬁcia
2590 2212 2921 2286 describens,
2953 2220 3019 2272 ita
3041 2218 3200 2272 dicit:
3229 2218 3378 2270 Oculi
3406 2216 3600 2270 Domini
3616 2231 3738 2282 super

2215 2312 2402 2380 justas,
2423 2321 2472 2364 et
2490 2326 2636 2364 aures
2659 2311 2765 2379 ejus
2783 2310 2850 2361 ad
2869 2325 3038 2377 preces
3060 2324 3229 2360 eorum
3251 2304 3424 2370 (Psat.
3453 2319 3627 2369 smn,
3649 2305 3734 2369 ibi.
3780 2317 3781 2382 ξ

2226 2401 2291 2453 Et
2309 2401 2520 2454 iterum:
2541 2401 2611 2454 σε
2627 2400 2828 2453 Domini
2848 2401 3062 2452 locutum
3089 2396 3326 2468 causai.
3344 2381 3506 2462 1,20);
3528 2397 3667 2450 ltet:
3689 2393 3736 2444 Et
3780 2413 3781 2468 ξ

2225 2489 2464 2541 odoratus
2480 2498 2550 2541 est
2565 2490 2769 2542 odorem
2783 2490 3040 2541 suavitatis
3056 2486 3210 2555 (Cen.
3232 2501 3316 2540 vni
3329 2487 3414 2550 ,2!
3428 2486 3466 2554 ).
3483 2484 3570 2538 Et:
3587 2481 3734 2536 Μωιπι

2227 2591 2334 2628 mea
2356 2577 2471 2642 fecit
2488 2576 2592 2630 haec
2615 2578 2802 2629 omnia.
2827 2578 3011 2630 Caelum
3038 2577 3159 2627 mihi
3186 2578 3399 2629 tiaranus
3417 2586 3504 2638 est,
3526 2587 3644 2627 terra
3667 2590 3734 2623 ano
3780 2599 3781 2648 ﬁ

2227 2677 2332 2718 tem
2350 2664 2615 2717 scabellum
2640 2667 2816 2733 pedum
2841 2682 3061 2718 meorum
3083 2665 3132 2735 (Ι
3141 2666 3234 2719 sai.
3259 2681 3400 2731 uvr,
3421 2665 3492 2728 1).
3514 2663 3735 2718 Cordibns

2228 2755 2422 2808 nostris
2450 2753 2758 2808 efficientias
2803 2753 3031 2805 insinuat
3060 2768 3233 2806 rerum
3268 2752 3368 2804 sub
3397 2750 3736 2817 significatione

2228 2844 2602 2898 membrorum.
2639 2842 2784 2897 Unde
2817 2858 2908 2910 pro
2944 2840 3214 2896 eiliciabili
3254 2840 3370 2908 ejus
3398 2840 3536 2894 circa
3580 2842 3733 2890 huma-

2231 3026 2432 3076 minare
2478 3031 2531 3074 et
2571 3021 2892 3088 compellare
2937 3034 3042 3075 non
3089 3019 3334 3089 despicit,
3358 3029 3416 3071 ut
3463 3019 3612 3073 homo
3643 3029 3733 3070 cum

2228 3113 2413 3165 eadem
2443 3111 2670 3165 vicissim
2702 3112 2931 3164 humano
2959 3124 3051 3165 ore
3079 3117 3132 3163 et
3159 3123 3305 3164 more
3333 3107 3631 3162 collocutus.

2295 3203 2555 3254 Caeterum
2586 3201 2674 3254 Dei
2701 3203 2774 3254 ira
2799 3201 2998 3267 justitia
3030 3209 3130 3265 est,
3174 3202 3262 3253 Dei
3303 3200 3445 3252 furor
3483 3194 3734 3252 severitatis

2244 3293 2390 3355 vigor
2421 3301 2520 3352 est,
2552 3289 2640 3342 Dei
2679 3290 2888 3357 jurasse
2916 3290 2964 3341 dt
2985 3291 3161 3343 [inisse
3187 3299 3284 3352 est,
3319 3289 3409 3341 Dei
3454 3285 3732 3355 paenituisse,

2234 3379 2517 3438 sententia,
2536 3377 2710 3430 tamen
2737 3378 2914 3444 saepeb
2938 3389 3109 3441 muta;
3136 3389 3189 3431 et
3214 3392 3414 3432 cumse
3435 3384 3733 3443 persequente

2234 3466 2429 3532 aliquo,
2459 3466 2574 3518 ltcdi
2620 3466 2761 3528 dicit,
2793 3469 2997 3518 crimen
3041 3465 3280 3520 lmdentis
3320 3467 3564 3521 ostendit.
3605 3465 3731 3519 Inter-

2235 3555 2465 3610 cluditur
2524 3555 2676 3608 nobis
2723 3555 3040 3608 omnimodis
3092 3554 3347 3608 orationis
3411 3553 3729 3610 ministerium.

2234 3633 2509 3715 omniaque
2538 3648 2692 3712 ratio,
2716 3661 2819 3716 qua
2840 3647 3049 3711 dicitur,
3077 3646 3155 3698 vel
3185 3643 3518 3711 intelligitur,
3542 3641 3613 3696 rel
3632 3655 3731 3706 prte-

2233 3740 2437 3794 dlcatur
2456 3779 2470 3805 ,
2503 3741 2546 3793 si
2576 3740 2686 3792 haec
2715 3739 2926 3791 humani
2952 3735 3209 3791 sermonis
3233 3735 3544 3788 commercia
3567 3732 3728 3785 subtra-

2237 3830 2450 3883 huntur.
2480 3829 2586 3880 Cur
2614 3842 2738 3896 ergo
2763 3827 2865 3881 dici
2896 3827 3032 3880 inter
3061 3827 3158 3879 ista
3215 3839 3316 3878 non
3351 3828 3532 3892 possit,
3558 3819 3632 3873 sed
3652 3832 3730 3870 tea-

2237 3921 2303 3972 sit
2333 3919 2677 3986 compatientis
2702 3917 2922 3983 aﬂeclu.’
2963 3961 2972 3977 ,

2304 4009 2358 4062 Si
2385 4024 2510 4076 ergo
2543 4009 2840 4063 discutienti
2869 4007 3120 4074 magistro
3146 4004 3370 4071 simplex
3400 4014 3455 4057 et
3497 4007 3652 4071 aperta
3673 4011 3729 4048 re-

2236 4101 2448 4169 aponsiu
2461 4091 2740 4162 satisfecit,
2759 4110 3085 4152 transeamus
3104 4097 3169 4150 ad
3192 4099 3400 4149 tertiam
3424 4092 3727 4162 questioncm.

2237 4207 2337 4258 qua
2367 4201 2389 4228 ο
2424 4200 2478 4243 ιιι
2507 4189 2847 4257 respondeam
2869 4185 2894 4223 ιι
2927 4187 3167 4255 praecipis
3198 4204 3209 4237 :
3245 4185 3375 4250 Qua:
3404 4188 3454 4237 in
3494 4183 3631 4237 rebus
3661 4177 3728 4229 ltu-

2317 4367 2394 4418 Ad
2427 4366 2536 4417 hzrc
2581 4365 2750 4429 aliqua
2785 4379 2888 4416 non
2916 4379 3015 4432 pro
3043 4377 3231 4416 sensus
3259 4363 3361 4414 mei
3389 4353 3727 4428 ριιωειιωριὶουσ

2250 4470 2523 4522 promam,
2574 4452 2666 4505 sed
2716 4467 2810 4518 pro
2856 4459 3152 4505 sanctorum
3200 4450 3452 4518 opinione
3499 4445 3723 4501 sationis.

2252 4545 2546 4598 Praesertim
2575 4557 2692 4594 cum
2723 4542 2835 4596 haec
2873 4542 3102 4595 animum
3142 4542 3334 4594 laedere
3363 4555 3467 4592 non
3495 4535 3674 4607 possint.
3693 4537 3727 4580 ’ἰ

2252 4635 2316 4686 ad
2346 4633 2498 4685 ﬁdem
2527 4634 2728 4684 nutrire
2749 4631 2972 4696 possint,
3003 4641 3056 4684 et
3096 4647 3264 4700 usque
3291 4631 3353 4682 ad
3385 4630 3462 4694 id,
3488 4626 3606 4699 quod
3628 4624 3724 4679 Pam

2253 4723 2416 4778 Filius
2460 4721 2675 4789 aequalis
2719 4728 3004 4787 appareat,
3075 4731 3255 4773 contra
3313 4720 3533 4772 Arianas
3572 4724 3725 4770 arum

2257 4824 2284 4853 ο
2309 4823 2466 4881 atque
2511 4826 2692 4880 regere
2733 4811 2940 4864 caleant
2969 4801 3274 4879 pravitates.
3318 4811 3461 4881 Ergo
3485 4806 3656 4880 quando
3681 4802 3724 4851 δε

2260 4914 2479 4956 tractatu
2506 4901 2677 4955 altiori
2707 4898 2916 4954 collatio
2954 4909 3054 4968 est,
3097 4901 3164 4954 ad
3207 4900 3534 4956 subtiliorem
3570 4892 3722 4954 W‘

2317 5099 2341 5136 ιι
2375 5102 2427 5152 1η
2452 5097 2684 5164 margine
2708 5112 2804 5150 ms.
2830 5097 3024 5151 codicis
3044 5095 3288 5162 adjuncta
3314 5105 3461 5150 erant
3489 5092 3630 5164 aliqua
3644 5093 3723 5152 ιιιιε

2250 5173 2390 5222 hunc
2418 5156 2629 5220 sensuin
2658 5166 2899 5221 videntur
2941 5156 3161 5220 reddere
3193 5169 3389 5234 (neque
3419 5165 3550 5218 enim
3565 5156 3654 5234 ’ςιιιε
3672 5165 3721 5234 ut:

2251 5242 2351 5292 Seri
2383 5246 2618 5303 possunt,
2666 5236 2763 5288 nisi
2792 5235 2911 5300 huc,
2940 5245 2992 5290 et
3017 5223 3224 5302 quidem
3252 5223 3404 5297 sig-{no
3433 5223 3667 5300 ιιιιιιοθίιο),

2249 5298 2611 5370 respondeam,
2631 5307 2862 5373 principis
2898 5298 3267 5357 uentilatiouem
3315 5298 3478 5371 hujus
3502 5298 3722 5366 nam!“

2254 5377 2490 5427 ritinimw.
2523 5374 2666 5437 Qum,
2691 5381 2793 5426 e'c.

2329 5453 2352 5478 θ
2385 5435 2628 5510 Marsum,
2653 5435 2799 5508 atque
2821 5442 3004 5510 erigere
3029 5442 3160 5510 exigi
3183 5442 3380 5492 caleant
3399 5435 3643 5509 proritatu-
