3818 6226
84 301 150 354 Sll
1423 279 1592 332 EPIS'I

1687 280 1790 330 με.
3096 271 3195 327 849.

79 424 182 466 ctum
204 418 368 461 sensus
395 413 448 458 et
491 404 695 456 animus
742 397 1112 468 praeparandus
1156 407 1255 452 est.
1303 394 1548 448 Nonnulli
1576 395 1622 452 Α
1654 395 1900 461 motibus,
1927 402 2230 462 occupatur,
2256 402 2304 447 et
2335 393 2379 445 si
2407 391 2529 462 quid
2560 392 2575 441 i
2611 390 2739 446 illud
2768 401 2868 452 est,
2893 390 3031 459 quod
3059 394 3197 457 aspi-

79 493 356 552 eruditissimi
399 492 610 545 Patrum
654 489 755 543 alia
801 494 1046 540 asserunt
1089 499 1208 539 esse
1255 481 1557 546 invisibilia,
1661 503 1782 543 cere
1809 486 2038 550 videtur,
2066 483 2092 522 ιτ
2122 484 2286 552 magis
2314 481 2364 538 ei
2402 482 2455 536 in
2500 481 2819 536 cordationis
2845 481 3060 550 speculo
3106 481 3197 536 ds-

77 589 147 639 a'ia
172 598 278 638 vero
301 582 622 648 ῑηοοτροτεθο
649 565 910 643 Quidquid
934 581 1169 629 creatum
1191 581 1272 626 θεῑ
1296 581 1320 608 ⁸
1342 571 1559 626 materia
1660 578 1942 632 scribatur.
1973 576 2100 629 Nam
2127 572 2336 642 quando
2360 573 2630 626 absentem
2671 586 2822 625 suum
2850 585 3027 624 carum
3056 572 3201 641 cogi-

77 676 216 738 rideri,
242 683 289 727 et
315 670 491 725 [actori
521 683 618 722 suo
664 663 1136 734 comprehensibile
1161 671 1213 716 et
1245 675 1556 729 corporeum
1663 675 1756 733 tat,
1791 665 2021 731 nunquid
2047 663 2155 731 jam
2176 662 2320 716 velut
2366 662 2480 731 ipso
2513 667 2794 728 conspectu
2824 659 3088 713 desiderio
3116 675 3200 714 σε.

77 778 162 816 esse
183 763 438 816 deﬁniunt.
468 758 597 812 Nam
624 765 678 809 et
706 755 1019 818 animarum,
1057 761 1111 806 et
1133 753 1432 827 angelorum
1464 764 1561 802 na-
1662 754 1894 808 tisl'ecitl
1928 758 2025 806 Aut
2055 767 2194 818 cum,
2225 751 2371 805 verbi
2401 751 2589 820 gratia,
2619 749 2758 804 Petri
2788 759 2877 802 aut
2899 747 3047 802 Pauli
3078 762 3200 814 spe-

78 867 206 906 tnram
231 859 463 907 asserunt
501 862 620 903 esse
654 859 988 915 corpoream,
1032 859 1128 913 pro
1154 857 1219 898 eo
1249 841 1386 910 quod
1415 841 1561 894 initio
1661 844 1794 896 ciem
1833 843 1965 896 intra
1996 841 2184 894 mentis
2213 854 2402 892 arcana
2447 838 2700 907 depingit,
2751 837 2980 904 nunquid
3023 837 3198 889 statim

76 942 519 995 circumscribantur
565 946 618 991 et
657 937 848 1005 spatio.
892 933 1023 988 Nam
1067 933 1204 986 sicut
1243 931 1295 984 in
1335 929 1560 1000 quodam
1663 933 1874 1005 intimas
1901 931 2122 998 paradisi
2151 929 2320 990 sedes,
2353 928 2437 982 ubi
2477 942 2569 981 eos
2607 942 2726 982 esse
2751 927 3014 990 novimus,
3046 943 3126 995 pe:
3148 943 3201 981 e-

74 1032 112 1084 S.
135 1029 406 1097 llieronymi
436 1033 656 1081 tractatu
681 1003 927 1094 legimus,
950 1022 1155 1090 globos,
1189 1019 1379 1088 inquit,
1419 1017 1562 1072 side-
1665 1003 1855 1077 ινξινίίῖ
1883 1024 1985 1075 Aut
2013 1035 2130 1074 cum
2175 1019 2275 1072 sibi
2305 1019 2354 1073 in
2384 1017 2544 1072 cerde
2569 1018 2746 1072 divitis
2792 1020 2928 1073 illius
2966 1019 3203 1072 ﬂammas

78 1135 160 1170 nim
183 1117 205 1154 δ
229 1126 526 1184 corporatos
553 1128 669 1168 esse
694 1113 907 1181 spiritus
933 1104 1276 1165 arbitrantur.
1307 1107 1374 1162 Et
1399 1106 1522 1161 item
1548 1122 1562 1158 Ξ
1665 1127 1732 1168 ει
1757 1113 1980 1168 lectione
2011 1110 2302 1179 proposuit,
2330 1108 2562 1177 nunquid
2601 1108 2707 1176 jam
2729 1107 2797 1161 ad
2825 1107 2938 1176 ejus
2973 1116 3206 1161 ιοηιιειι-

74 1208 112 1259 Si
137 1206 300 1273 angeli.
332 1205 519 1272 inquit,
542 1201 774 1257 ctelestia
794 1214 1011 1269 corpora
1033 1197 1098 1252 ad
1120 1196 1563 1266 comparationem
1667 1214 1839 1257 torum
1886 1204 2001 1255 loca
2044 1200 2210 1253 cuivis
2262 1197 2642 1252 inaecessibilia
2705 1197 2897 1250 inferni
2946 1195 3202 1264 profunda

76 1297 143 1349 Dei
168 1296 410 1348 immunda
443 1308 561 1348 esse
591 1291 856 1356 dicuntur,
898 1290 1022 1359 quid
1061 1297 1212 1356 [mlas
1242 1288 1400 1340 homo
1427 1284 1566 1339 ωειὶ-
1668 1292 1985 1347 descendit?
2015 1291 2138 1345 Haec
2162 1289 2331 1344 omnia
2367 1289 2543 1356 procul
2571 1289 2730 1344 dubio
2752 1297 2841 1342 aut
2861 1303 3036 1342 secum
3068 1288 3201 1341 intra

74 1384 290 1437 mundus?
319 1383 411 1436 sed
439 1382 579 1436 ἰηιετ
605 1381 718 1433 hinc
763 1389 818 1432 ιιι
847 1377 1072 1431 animam
1120 1389 1279 1442 “€838
1304 1386 1421 1428 εεδθ
1448 1387 1567 1426 εον·
1667 1380 1892 1449 pectoris
1930 1393 2121 1435 arcana
2152 1393 2244 1446 per
2283 1378 2454 1432 varias
2492 1378 2860 1433 similitudines
2892 1377 3071 1446 ﬁngit;
3116 1385 3201 1430 aut

74 1489 243 1540 porcam
266 1475 381 1540 quia
408 1473 555 1541 juxta
585 1471 877 1538 aliquorum
921 1465 1221 1534 opiniooem
1251 1477 1348 1517 nec
1388 1461 1566 1516 localis

1693 1480 1809 1526 :erte
1842 1469 1896 1543 [si
1941 1476 2084 1522 extra
2115 1468 2305 1520 animae
2333 1466 2510 1520 sedem
2555 1466 2815 1520 instabilis
2844 1467 3093 1536 cogitatio
3127 1467 3201 1520 lu-

75 1565 138 1623 sit,
164 1577 247 1616 nec
276 1572 296 1599 ε
327 1561 575 1626 qualitate
599 1557 739 1610 credi
765 1556 956 1609 debere
984 1551 1314 1607 manifestum
1342 1558 1443 1603 est.
1467 1548 1567 1602 Lc-
1668 1560 1812 1613 ιπίςο
1869 1565 2013 1610 motu
2058 1556 2248 1624 agitata
2293 1554 2560 1620 discurrit,
2607 1551 2706 1608 hoc
2753 1555 2920 1621 ipsum
2971 1553 3202 1607 locante;

74 1651 204 1715 gimus
223 1650 352 1703 enim
377 1651 427 1701 in
450 1645 674 1715 quodam
696 1642 1053 1711 receptissimo
1074 1641 1285 1694 Patrum
1309 1645 1561 1691 tractatu:
1600 1717 1621 1718 7
1669 1650 1792 1718 ⁸8η,
1819 1648 1884 1703 Et
1906 1647 2018 1702 sive
2046 1647 2252 1710 urbem.
2284 1645 2396 1699 sive
2423 1658 2784 1713 quamcunque
2814 1644 3076 1712 regionem
3118 1658 3205 1696 co.

75 1739 256 1804 lngredi,
283 1737 472 1804 inquit,
495 1743 549 1787 et
572 1733 788 1800 implere
818 1731 1013 1796 omnia,
1047 1729 1144 1783 soli
1199 1737 1279 1782 est
1323 1725 1569 1796 possibile

1695 1717 1816 1805 ;itet,
1845 1735 1917 1792 ibi
1956 1743 2154 1791 tantum
2207 1749 2360 1789 sensu
2409 1741 2766 1788 commorante
2809 1730 3070 1800 deligitur,
3101 1745 3203 1799 quo

72 1828 266 1879 Trinitati
295 1844 308 1877 :
338 1840 456 1894 qua:
501 1825 636 1878 sicut
671 1823 928 1876 universae
957 1818 1319 1874 intellectualis
1363 1823 1562 1871 natura;

1697 1828 1820 1883 nimi
1849 1827 2137 1881 intentione
2159 1821 2178 1860 ι
2207 1832 2459 1892 raptatur.
2490 1821 2762 1890 lmaginari
2793 1819 2891 1874 sibi
2921 1820 3089 1887 aliqua
3113 1834 3204 1887 po—

72 1915 250 1966 ellicitur
273 1913 610 1979 penetratrix,
645 1921 699 1964 ut
727 1925 828 1964 non
859 1908 1028 1964 Solum
1064 1907 1421 1975 circomp'ecti
1448 1920 1561 1959 eam

1696 1927 1795 1983 est;
1828 1916 2106 1984 complecti
2136 1915 2310 1969 omnia
2335 1913 2487 1968 simul
2533 1929 2637 1966 non
2682 1921 2874 1980 potest.
2923 1910 3051 1964 Cum
3081 1925 3126 1963 et
3141 1923 3204 1978 go

71 2013 190 2070 atque
215 2003 428 2067 ambire,
456 2003 546 2056 sed
572 2001 730 2054 etiam
759 2000 896 2053 illabi
919 1999 987 2066 ei,
1012 2006 1066 2051 et
1093 1997 1235 2051 velut
1259 1997 1564 2063 incorporea
1664 2010 1834 2063 anima
1879 2006 2247 2062 Alexandriam
2295 2005 2374 2059 νει
2442 2003 2856 2072 Hierosolymam
2919 2002 3203 2070 cogitavit,

73 2090 237 2158 corpori
284 2092 447 2157 possit
490 2088 712 2142 infundi-
779 2088 923 2140 Licet
985 2087 1122 2140 enim
1172 2084 1566 2153 pronuntiemus
1663 2099 1836 2152 msive
1863 2097 1969 2151 illic
1997 2104 2103 2150 tota
2132 2096 2212 2149 sui
2241 2095 2615 2164 praesentia,ut
2638 2092 2927 2156 arbitraris,
2953 2092 3206 2152 interluit,

75 2181 312 2233 nonnullas
357 2179 659 2248 spirituales
705 2193 823 2232 esse
867 2185 1098 2240 naturas,
1130 2186 1184 2228 ut
1229 2183 1351 2229 sunt
1378 2174 1560 2241 angeli,

1700 2186 1855 2240 cierat
1883 2186 2034 2240 nobis
2063 2187 2191 2239 situs
2219 2187 2472 2247 locorum,
2508 2183 2681 2236 vultus
2711 2182 3004 2244 hominum,
3038 2190 3208 2235 mutus

73 2268 347 2336 archangeli,
393 2279 704 2334 czetermquc
747 2267 986 2328 virtutes,
1027 2264 1135 2332 ipsa
1166 2277 1369 2332 quoque
1395 2262 1564 2315 anima

1698 2284 1914 2342 ctusque
1957 2273 2286 2341 papulorum.
2332 2272 2433 2326 Sed
2483 2273 2583 2324 boc
2630 2272 2832 2339 ipsum,
2883 2271 3021 2339 quod
3068 2284 3205 2323 nunc

72 2369 227 2421 nostra,
253 2360 331 2412 vel
363 2367 508 2410 certe
536 2373 627 2410 aer
651 2357 750 2411 iste
778 2357 1015 2420 subtilis;
1042 2367 1213 2410 tamen
1247 2357 1567 2422 incorporeas
1664 2363 1800 2416 imor
1845 2374 1940 2414 nos
2005 2360 2317 2414 commercia
2387 2372 2687 2412 sermonum
2754 2368 2932 2410 mutua
2995 2358 3207 2424 spiritus

74 2449 326 2503 nullatenus
352 2447 674 2502 aestimandae
703 2456 845 2500 sunt.
891 2447 1092 2500 [labent
1117 2445 1255 2499 enim
1282 2445 1564 2498 secundum
1667 2454 1872 2508 θοιῑοηθ
1897 2461 1924 2488 ιι
1951 2452 2166 2516 scimus.
2196 2450 2339 2517 ιοηυῑ
2367 2463 2450 2504 ωε
2478 2449 2768 2512 vobiscum,
2799 2449 2891 2502 sed
2921 2448 3058 2516 apud
3083 2461 3208 2500 ωη.

69 2551 111 2591 se
133 2552 321 2606 corpus,
353 2550 460 2605 quo
488 2535 798 2598 subsistunt,
828 2534 950 2587 licet.
977 2535 1138 2588 multo
1165 2542 1214 2586 et
1247 2534 1566 2598 incompara-

1698 2542 1938 2597 cientiam
1972 2555 2139 2595 meam
2168 2540 2369 2604 sentio;
2411 2539 2476 2593 ad
2522 2553 2616 2592 vos
2645 2552 2728 2592 me
2770 2537 3056 2591 accessisse
3104 2549 3206 2588 non

71 2627 208 2680 biliter
236 2627 458 2690 tenuius,
476 2639 630 2694 quam
659 2632 834 2677 nostra
862 2632 983 2677 sunt
1008 2637 1250 2690 corpora,
1281 2621 1572 2674 secundum

1702 2633 1855 2688 cutio.
1886 2632 2016 2686 Nam
2041 2631 2086 2686 si
2129 2645 2250 2684 vere
2280 2628 2451 2683 anima
2493 2645 2612 2684 cum
2642 2629 2751 2682 suis
2793 2627 2918 2682 ferri
2964 2626 3210 2681 sensibus

69 2717 264 2783 Apostoli
291 2715 631 2776 sententiam,
663 2713 906 2777 dicentis,
936 2721 983 2765 et
1020 2727 1231 2781 corpora
1259 2711 1493 2772 caelestia,
1521 2713 1567 2763 et
1667 2727 1916 2792 creditur,
1963 2735 2015 2780 ει
2061 2724 2160 2790 his,
2210 2737 2428 2790 quorum
2481 2721 2836 2776 reminiscitur
2882 2721 2990 2788 ipsa
3023 2734 3115 2786 ρει-
3147 2733 3206 2772 εδ

71 2824 240 2874 corpora
267 2809 521 2861 terrestria
553 2804 637 2875 (11
668 2803 784 2859 Cor.
813 2821 898 2870 xv,
927 2803 1035 2871 £0).
1059 2801 1254 2870 Quibus
1282 2817 1376 2871 pro
1405 2816 1570 2853 mant-

1702 2816 1776 2868 uis
1804 2812 2202 2883 cogitationibus
2231 2817 2592 2878 prmsentatur.
2645 2808 2780 2862 Ecce
2818 2822 2911 2874 per
2937 2807 3048 2860 hac
3077 2820 3210 2872 prte-

71 2897 174 2951 lesto
210 2899 496 2968 colligitur,
529 2896 659 2951 nihil
702 2909 820 2950 esse
863 2896 1226 2963 incorporeum
1254 2893 1352 2946 nisi
1402 2893 1567 2946 solum

1698 2905 1832 2961 cntis
1856 2902 2102 2970 temporis
2128 2907 2389 2952 momenta
2407 2910 2518 2970 vos
2545 2899 2738 2964 cogito,
2762 2903 2815 2949 et
2844 2896 3016 2947 animo
3044 2893 3206 2946 remi-

73 2983 222 3039 Dctun.
248 2987 311 3040 Et
348 2987 552 3040 idcirco
581 2984 678 3052 ipsi
704 2982 727 3019 ά
755 2983 1109 3036 tantummodo
1135 2997 1225 3050 per
1253 2996 1309 3034 se
1334 2990 1571 3048 penetra-

1699 2995 1902 3046 tiscente
1931 3004 2022 3042 vos
2052 2987 2220 3050 video,
2253 2994 2306 3040 et
2333 2999 2554 3054 quorum
2578 2982 2894 3038 omnimodis
2913 2981 3036 3048 quid
3060 2993 3207 3049 gera-

72 3073 172 3125 bilcs
209 3089 411 3142 omnes,
443 3083 600 3141 atque
648 3071 1029 3125 intellectualcs
1072 3084 1188 3124 esse
1231 3067 1566 3122 substantias.

1696 3083 1760 3144 is,
1788 3088 1840 3133 et
1864 3088 2036 3132 utrum
2067 3077 2248 3145 quieti,
2276 3090 2340 3128 an
2373 3073 2602 3139 lectioni,
2630 3073 2714 3128 vel
2746 3071 2964 3126 orationi
2991 3071 3204 3137 vacetis,

71 3162 169 3225 Quin
191 3178 300 3216 cum
330 3166 400 3216 ῖιει
430 3161 925 3230 sint,0b.ii0ilmihi.
953 3161 1070 3215 ideo
1087 3162 1311 3213 animam
1335 3174 1435 3211 ηΰη
1458 3173 1574 3212 εεεϐ
1671 3169 1877 3238 ignoro.
1925 3166 2026 3219 Sed
2074 3166 2172 3219 ltoc
2215 3163 2330 3217 ideo
2370 3162 2568 3228 evenit,
2616 3161 2734 3229 quia
2777 3159 2842 3214 ad
2893 3175 2985 3214 vos
3037 3158 3210 3213 cordis

73 3251 418 3320 ittcorpoream,
447 3251 589 3320 quia,
622 3260 676 3303 ut
702 3251 896 3303 dictum
926 3255 1022 3312 est,
1049 3262 1144 3302 nec
1163 3247 1340 3300 localis
1366 3247 1456 3311 sit,
1478 3261 1574 3300 nec

1699 3257 1879 3320 ﬂ'ectu,
1908 3271 2011 3308 non
2041 3255 2149 3322 ipsa
2179 3252 2486 3306 substantia:
2520 3241 2648 3305 mea
2679 3251 2896 3303 veritate
2941 3249 3207 3316 pervenio.

71 3341 286 3406 qualitate
329 3352 424 3394 aut
465 3340 751 3410 quantitate
789 3337 1053 3392 subsistat.
1101 3333 1248 3402 Quod
1275 3345 1299 3372 ο
1331 3335 1476 3404 cujus
1508 3336 1575 3389 sit

1703 3347 1850 3414 leque
1870 3346 2006 3399 enim
2035 3344 2083 3397 in
2109 3345 2218 3396 suis
2237 3343 2483 3406 motibus,
2502 3355 2634 3409 quos
2653 3354 2793 3394 nunc
2810 3341 3056 3410 optimos,
3075 3352 3211 3391 nunc

73 3432 274 3496 periculi,
304 3434 374 3485 ita
407 3433 458 3484 in
493 3431 591 3485 hac
618 3438 780 3484 status
826 3429 992 3482 nostri
1038 3428 1211 3482 habita
1254 3426 1577 3481 discussione
1679 3437 1942 3504 pessimos
1971 3448 2086 3488 esse
2111 3432 2385 3493 sentimus,
2417 3429 2603 3484 animae
2633 3437 2826 3482 nostrae
2871 3437 3054 3482 natura
3087 3441 3213 3482 con-

72 3519 298 3584 pendebit,
330 3530 387 3572 ut
415 3518 461 3571 si
490 3534 588 3573 nec
613 3517 791 3572 localis
810 3519 897 3580 sit,
921 3530 1016 3570 nec
1037 3516 1271 3584 qualitati
1293 3516 1576 3584 subjaceat,

1705 3525 1830 3578 islit.
1857 3523 1985 3577 Nam
2006 3521 2048 3575 si
2075 3535 2164 3585 per
2184 3518 2524 3587 cogitationes
2544 3532 2667 3572 suas
2686 3526 2926 3572 constare
2951 3516 3208 3572 credenda

72 3618 164 3658 “te
193 3620 302 3660 eam
349 3607 488 3660 haud
521 3607 677 3660 dubie
720 3609 1078 3675 incorporea!“
1117 3605 1481 3660 concedamus.
1527 3605 1582 3659 Si
1679 3623 1777 3677 est,
1809 3626 1902 3667 cur
1939 3613 2013 3666 eis
2044 3609 2302 3664 interdum
2340 3608 2770 3663 evanescentibus
2809 3617 2964 3677 atque
2987 3621 3213 3676 percun-

71 3709 170 3749 vero
201 3696 636 3752 demonstravero
663 3713 778 3752 eam
827 3697 1116 3766 quantitate
1143 3693 1476 3750 determinari
1504 3697 1582 3749 ιο-
1683 3705 1820 3757 tibus
1848 3703 1957 3770 ipsa
1989 3701 2040 3754 in
2070 3701 2150 3753 sui
2195 3701 2372 3768 vigore
2413 3709 2570 3767 atque
2615 3697 2883 3751 alacritate
2929 3697 3218 3766 perdurat?

73 3801 176 3842 core
199 3790 466 3855 concludi,
498 3798 881 3857 consequenter
904 3803 1017 3841 eam
1039 3789 1195 3841 etiam
1217 3801 1440 3853 corpore
1459 3801 1584 3838 cou-
1681 3792 1897 3856 Quanta:
1925 3804 2050 3857 ergo
2079 3789 2128 3840 in
2162 3789 2308 3840 nobis
2339 3772 2774 3852 frequentissima:
2798 3786 3141 3852 cogitationes
3166 3795 3217 3838 et

81 3876 226 3944 tineri,
256 3894 353 3934 rec
393 3879 511 3947 ipse
548 3879 652 3946 jam
679 3879 902 3930 dubites.
932 3877 951 3913 ί
980 3876 1250 3940 Quomodo
1277 3891 1378 3928 non
1405 3875 1584 3928 loca'is
1683 3894 1822 3933 cura:
1852 3881 2006 3932 etiam
2039 3875 2314 3928 salubriter
2343 3875 2654 3936 moriuntur,
2685 3882 2738 3926 et
2766 3874 2884 3926 vim
2910 3876 3074 3941 magis
3105 3883 3132 3910 ο
3159 3876 3219 3927 li-

71 3977 150 4031 οει.
180 3984 288 4035 qua
312 3970 516 4021 inserta
547 3967 813 4027 membris,
839 3975 890 4017 et
921 3965 1114 4031 illigata
1146 3964 1431 4018 visceribus
1459 3963 1586 4017 solis
1686 3969 1868 4022 bertat't
1901 3965 2164 4019 interioris
2193 3963 2502 4030 operantur!
2552 3961 2607 4014 Si
2653 3961 2782 4030 ipsis
2811 3960 2982 4014 anima
3013 3971 3218 4014 consta-

71 4055 264 4107 tnotibus
288 4065 312 4101 ε
339 4068 475 4121 vaga
521 4053 818 4106 conditione
851 4051 1152 4104 substantia:
1195 4059 1397 4104 tenetur
1423 4050 1587 4104 inclu-
1686 4069 1785 4124 rei,
1818 4058 2013 4124 absque
2055 4055 2212 4108 dubio
2238 4051 2364 4122 ipsis
2390 4063 2416 4100 Ρ
2446 4052 2782 4121 pereuntibus
2816 4067 3090 4118 superesse
3119 4067 3221 4106 non

72 4144 301 4209 t-a?Quod
344 4144 393 4197 si
435 4143 654 4197 localem
704 4157 807 4194 non
851 4156 966 4195 esse
1009 4143 1255 4202 animam,
1290 4141 1405 4195 ideo
1445 4157 1588 4195 assu-
1687 4154 1881 4216 posset.
1908 4144 2054 4199 Unde
2080 4142 2178 4195 hoc
2205 4141 2366 4209 magis
2389 4141 2495 4207 ipsa
2520 4140 2854 4194 conscientiis
2877 4141 3072 4194 nostris
3093 4142 3225 4195 ratio

73 4233 286 4288 mendum
318 4242 494 4301 putes,
526 4233 662 4299 quod
694 4246 787 4298 per
812 4230 1018 4284 d'.versa
1050 4230 1294 4283 sensibus
1321 4243 1587 4298 evagetur,
1692 4238 1938 4306 loquitur,
1967 4233 2104 4302 quod
2131 4245 2451 4299 unaquaeque
2477 4231 2648 4283 anima
2675 4238 2764 4284 aut
2793 4231 3096 4298 multiplicia
3132 4247 3224 4286 co-

71 4331 113 4373 et
151 4323 557 4392 cogitationibus
599 4321 883 4387 delt-ratur,
930 4322 1151 4388 primum
1197 4319 1588 4389 intelligendum
1619 4378 1667 4395 ﬁ
1691 4329 1845 4395 gitata
1875 4338 2046 4378 rerum
2073 4320 2245 4374 causis
2276 4320 2408 4373 intra
2437 4333 2494 4373 se
2519 4329 2545 4368 ti
2571 4329 2820 4388 concepta
2846 4321 3116 4388 parturiat,
3143 4330 3229 4372 aut

71 4419 151 4473 est,
178 4412 312 4481 quod
347 4411 495 4464 aliud
543 4410 612 4462 sit
650 4409 837 4463 anima:
875 4417 1059 4472 status,
1105 4409 1246 4462 aliud
1280 4411 1362 4462 ltic
1396 4410 1483 4476 qui
1525 4411 1579 4464 dt

1725 4428 1879 4469 ensus
1909 4427 2032 4467 suos
2063 4410 2203 4465 velut
2231 4409 2465 4478 quaedam
2512 4408 2678 4462 ofﬁcia
2707 4418 2793 4462 aut
2828 4409 3108 4462 ministeria
3152 4409 3230 4459 di-

71 4501 217 4555 anima
259 4501 505 4557 nascitur
554 4498 882 4568 cogitationis
909 4496 936 4534 δ
962 4498 1208 4562 affectus,
1257 4499 1579 4565 quamobreu

1721 4505 1864 4561 νει-εἰς
1893 4499 2291 4558 necessitatibus
2336 4498 2634 4566 occupanda
2664 4499 2942 4565 dispergat,
2971 4500 3077 4563 ipsa
3106 4512 3229 4549 vero

72 4598 115 4640 ut
135 4589 223 4644 hoc
251 4592 433 4659 potius
462 4587 478 4626 ί
503 4589 866 4642 :cstimandum
895 4597 994 4653 est,
1018 4588 1154 4654 quod
1182 4588 1225 4641 si
1253 4587 1462 4656 quando
1495 4589 1595 4644 sibi
1699 4597 1754 4649 in
1780 4593 2012 4648 conclavi
2038 4589 2274 4656 corporis
2300 4586 2378 4638 sui
2407 4586 2566 4638 semel
2595 4585 2659 4637 de
2687 4599 2750 4636 eo
2779 4587 2978 4638 exitura
3026 4584 3232 4650 requie-

69 4681 235 4748 aliquid
259 4682 605 4752 imaginatur,
637 4680 800 4749 magis
827 4694 945 4733 cum
973 4679 1083 4734 suis
1108 4679 1240 4733 intra
1261 4685 1591 4751 semetipsam
1700 4694 1831 4740 seat.
1862 4679 2211 4748 Quamobrem
2240 4674 2454 4730 localem
2486 4688 2602 4727 esse
2627 4674 2812 4741 ipsam.
2843 4683 2896 4726 ut
2925 4675 3098 4727 denuo
3123 4675 3232 4727 suf-

124 4840 144 4902 f
173 4832 421 4902 διατεθῇ,
456 4833 714 4902 materiam
738 4831 912 4884 videri.
1769 4834 1795 4870 δ
1824 4834 2063 4900 Burgum,
2091 4828 2309 4902 e/fectus.

123 4900 146 4936 δ
171 4898 636 4971 Μεῐᾷπζνὶιίυεε,
663 4911 990 4966 comparatos.
1080 4969 1088 4971 Α
1276 4969 1284 4971 Α

1080 4969 1088 4971 Δ
1276 4969 1284 4971 Δ
1779 4903 1790 4938 ί
1830 4898 2072 4968 Margin,
2103 4898 2508 4971 existimandum.

125 4977 144 5004 ε
174 4967 425 5038 Margar.,
451 4985 537 5020 nec
561 4971 794 5030 qualitate
808 4984 902 5038 nec
920 4969 1190 5036 quantitate
1207 4969 1436 5022 subsistat
1458 4974 1590 5038 quod
1771 4973 1783 5018 t'
1823 4967 2059 5033 Martium,
2093 4967 2250 5038 aliud.

70 5035 119 5084 de
138 5040 235 5104 sola
265 5035 361 5090 Dei
394 5038 656 5104 majestate
683 5037 816 5089 credi
845 5039 1018 5090 debere
1047 5055 1138 5090 me.
1470 5035 1477 5038 ⁷
1771 5039 1794 5073 ¹ι
1827 5041 2072 5103 Margar.,
2103 5036 2258 5104 magis
2284 5035 2656 5088 ittcordationis.

127 5101 148 5139 ⁴
173 5107 423 5173 Margar.,
458 5101 792 5156 tantummodo
821 5109 1142 5172 penetrabiles
1187 5125 1352 5160 omnes
1401 5109 1592 5161 intelle-
1776 5105 1790 5141 ἶ
1831 5101 2070 5172 “argum,
2095 5102 2246 5154 simul
2275 5105 2484 5163 rapitur.

72 5176 234 5230 studes
263 5191 373 5226 esse
402 5174 727 5226 subﬂauum.
1774 5185 1808 5210 ω
1843 5176 2086 5237 Margar.,
2122 5173 2161 5222 si
2183 5187 2294 5223 vero
2323 5175 2445 5224 illic.

135 5251 153 5276 '
178 5245 430 5308 .llargar.,
474 5244 755 5308 c:rjusttto.i
785 5246 991 5310 periculi
1016 5247 1075 5297 sit
1098 5247 1162 5298 ita
1210 5246 1408 5298 credere
1445 5247 1496 5298 in
1527 5264 1602 5298 se-

879 5246 991 5296 iculi
1016 5247 1075 5297 sit
1098 5247 1162 5298 ita
1210 5246 1408 5298 credere
1445 5247 1496 5298 in
1527 5264 1602 5298 se-
1774 5253 1798 5277 υ
1831 5244 2074 5309 Margar.,
2107 5242 2387 5292 miscemur.

75 5314 308 5362 sumtibus
335 5312 775 5370 demonstrabitur,
808 5329 936 5363 nunc
967 5330 1077 5364 vero
1126 5318 1174 5365 iu
1227 5315 1317 5365 hoc
1362 5325 1600 5366 tractatus
1774 5322 1796 5345 υ
1833 5313 2076 5378 M.trgar.,
2107 5310 2381 5361 libertatem
2409 5320 2686 5376 apercutur.

75 5381 208 5451 nostri
232 5390 369 5433 stum
401 5379 631 5451 pendebit
659 5390 708 5428 ut
741 5380 781 5430 si
808 5397 895 5434 uec
934 5384 1104 5434 loculi.
1137 5385 1217 5438 sit.
1245 5401 1330 5435 nec
1371 5385 1602 5451 qualitati
1776 5393 1797 5426 ρ
1832 5381 2050 5446 Margar.
2084 5379 2299 5437 vitiose,
2333 5395 2417 5439 per
2443 5397 2620 5429 (τινων.

75 5449 308 5554 ntly'aceat
336 5448 530 5499 anima.
1383 5448 1390 5451 ⁷
1779 5461 1802 5497 ιι
1828 5451 2067 5515 Margar.,
2116 5453 2358 5511 conceptis
2399 5451 2659 5514 parturiat,
2691 5458 2773 5497 aut
2817 5451 3041 5512 qlta’tldm
3089 5449 3244 5511 ofﬁcia

184 5518 388 5554 ιιι-...νυ
472 5517 732 5554 Hnmnnrln
764 5518 931 5554 Inrnlic
961 5533 1026 5554 mi
1713 5534 1792 5554 nnl
1842 5519 2109 5554 minium-in
2174 5516 2374 5554 dium-sie
2441 5520 2807 5554 M.t‘ﬁ((ilﬂ’”ltl\
2857 5526 3092 5554 nrxuimlu
3133 5507 3244 5554 Ἀλι-

184 5518 436 5586 Margar.,
472 5517 732 5578 Quomodo
763 5518 932 5569 localis
961 5533 1041 5572 cst.
1711 5534 1792 5570 aut
1842 5519 2109 5569 titittislt't'irt
2174 5516 2374 5568 diversis
2441 5520 2807 5568 tttccssitatilms
2857 5526 3092 5578 occupatu
3143 5518 3245 5567 dit-

136 5594 158 5632 ε
186 5590 408 5652 κυεην.
427 5624 441 5643 ,
477 5599 678 5633 uocans.
1713 5596 1898 5658 purgat.

335 5681 503 5736 Pam
535 5674 833 5733 ‘i..'l.\'|ll
2833 5676 2900 5730 Ξῖ
