  <div class='ocr_page' id='page_1' title='image "/cluster/home/n/w/nwhite01/storage/ocr_20150623/58/uva.x000827100/429.png"; bbox 0 0 3824 6218; ppageno 0'>
   <div class='ocr_carea' id='block_1_1' title="bbox 579 305 676 358">
    <p class='ocr_par' dir='ltr' id='par_1_1' title="bbox 579 305 676 358">
     <span class='ocr_line' id='line_1_1' title="bbox 579 305 676 358; baseline -0.021 -1"><span class='ocrx_word' id='word_1_1' title='bbox 579 305 676 358; x_wconf 65' lang='grc'><strong>845</strong></span> 
     </span>
    </p>
   </div>
   <div class='ocr_carea' id='block_1_2' title="bbox 1722 289 3702 349">
    <p class='ocr_par' dir='ltr' id='par_1_2' title="bbox 1722 289 3702 349">
     <span class='ocr_line' id='line_1_2' title="bbox 1722 289 3702 349; baseline -0.014 1"><span class='ocrx_word' id='word_1_2' title='bbox 1722 304 1728 309; x_wconf 91' lang='grc'>·</span> <span class='ocrx_word' id='word_1_3' title='bbox 1783 295 1837 349; x_wconf 89' lang='lat' dir='ltr'><strong>s.</strong></span> <span class='ocrx_word' id='word_1_4' title='bbox 1881 291 2115 347; x_wconf 72' lang='lat' dir='ltr'><strong>FAUSTI</strong></span> <span class='ocrx_word' id='word_1_5' title='bbox 2157 289 2549 344; x_wconf 63' lang='lat' dir='ltr'><strong>ttttectews</strong></span> <span class='ocrx_word' id='word_1_6' title='bbox 3151 289 3154 292; x_wconf 50' lang='grc' dir='ltr'>ν</span> <span class='ocrx_word' id='word_1_7' title='bbox 3620 298 3702 349; x_wconf 61' lang='lat'><strong>3,,</strong></span> 
     </span>
    </p>
   </div>
   <div class='ocr_carea' id='block_1_3' title="bbox 579 398 3710 476">
    <p class='ocr_par' dir='ltr' id='par_1_3' title="bbox 579 398 3710 476">
     <span class='ocr_line' id='line_1_3' title="bbox 579 398 3710 476; baseline -0.003 -10"><span class='ocrx_word' id='word_1_8' title='bbox 579 411 756 467; x_wconf 77' lang='lat' dir='ltr'><strong>ficiens</strong></span> <span class='ocrx_word' id='word_1_9' title='bbox 785 406 1104 476; x_wconf 68' lang='lat' dir='ltr'><strong>proferamus</strong></span> <span class='ocrx_word' id='word_1_10' title='bbox 1130 404 1443 472; x_wconf 65' lang='lat' dir='ltr'><strong>exemplum.</strong></span> <span class='ocrx_word' id='word_1_11' title='bbox 1477 402 1658 457; x_wconf 80' lang='lat' dir='ltr'><strong>Nonne</strong></span> <span class='ocrx_word' id='word_1_12' title='bbox 1697 401 1868 454; x_wconf 89' lang='lat' dir='ltr'><strong>anima</strong></span> <span class='ocrx_word' id='word_1_13' title='bbox 1899 399 2098 462; x_wconf 69' lang='lat' dir='ltr'><strong>Laaztri,</strong></span> <span class='ocrx_word' id='word_1_14' title='bbox 2129 401 2180 459; x_wconf 78' lang='grc' dir='ltr'><strong>Α</strong></span> <span class='ocrx_word' id='word_1_15' title='bbox 2204 411 2392 467; x_wconf 84' lang='lat' dir='ltr'><strong>corpus</strong></span> <span class='ocrx_word' id='word_1_16' title='bbox 2422 415 2524 450; x_wconf 89' lang='lat' dir='ltr'><strong>non</strong></span> <span class='ocrx_word' id='word_1_17' title='bbox 2574 399 2728 452; x_wconf 87' lang='lat' dir='ltr'><strong>habet</strong></span> <span class='ocrx_word' id='word_1_18' title='bbox 2773 398 2857 452; x_wconf 88' lang='lat' dir='ltr'><strong>ubi</strong></span> <span class='ocrx_word' id='word_1_19' title='bbox 2907 398 3163 456; x_wconf 66' lang='lat' dir='ltr'><strong>inhaerere</strong></span> <span class='ocrx_word' id='word_1_20' title='bbox 3201 404 3480 464; x_wconf 70' lang='lat' dir='ltr'><strong>concretio,</strong></span> <span class='ocrx_word' id='word_1_21' title='bbox 3510 405 3582 456; x_wconf 91' lang='lat' dir='ltr'><strong>ubi</strong></span> <span class='ocrx_word' id='word_1_22' title='bbox 3609 408 3710 462; x_wconf 78' lang='lat' dir='ltr'><strong>hth</strong></span> 
     </span>
    </p>
   </div>
   <div class='ocr_carea' id='block_1_4' title="bbox 579 487 2105 561">
    <p class='ocr_par' dir='ltr' id='par_1_4' title="bbox 579 487 2105 561">
     <span class='ocr_line' id='line_1_4' title="bbox 579 487 2105 561; baseline -0.011 -5"><span class='ocrx_word' id='word_1_23' title='bbox 579 507 821 557; x_wconf 89' lang='lat' dir='ltr'><strong>manente</strong></span> <span class='ocrx_word' id='word_1_24' title='bbox 863 497 988 559; x_wconf 87' lang='lat' dir='ltr'><strong>vita,</strong></span> <span class='ocrx_word' id='word_1_25' title='bbox 1034 495 1166 549; x_wconf 88' lang='lat' dir='ltr'><strong>intra</strong></span> <span class='ocrx_word' id='word_1_26' title='bbox 1215 506 1405 561; x_wconf 85' lang='lat' dir='ltr'><strong>corpus</strong></span> <span class='ocrx_word' id='word_1_27' title='bbox 1447 489 1578 553; x_wconf 85' lang='lat' dir='ltr'><strong>fult;</strong></span> <span class='ocrx_word' id='word_1_28' title='bbox 1628 487 1905 544; x_wconf 88' lang='lat' dir='ltr'><strong>secedente</strong></span> <span class='ocrx_word' id='word_1_29' title='bbox 1930 497 2105 540; x_wconf 87' lang='lat' dir='ltr'><strong>autem</strong></span> 
     </span>
    </p>
   </div>
   <div class='ocr_carea' id='block_1_5' title="bbox 578 577 2107 651">
    <p class='ocr_par' dir='ltr' id='par_1_5' title="bbox 578 577 2107 651">
     <span class='ocr_line' id='line_1_5' title="bbox 578 577 2107 651; baseline -0.012 -6"><span class='ocrx_word' id='word_1_30' title='bbox 578 592 680 644; x_wconf 88' lang='lat' dir='ltr'><strong>vita</strong></span> <span class='ocrx_word' id='word_1_31' title='bbox 709 589 774 643; x_wconf 90' lang='lat' dir='ltr'><strong>de</strong></span> <span class='ocrx_word' id='word_1_32' title='bbox 803 585 1095 641; x_wconf 80' lang='lat' dir='ltr'><strong>habitacula</strong></span> <span class='ocrx_word' id='word_1_33' title='bbox 1137 584 1371 651; x_wconf 87' lang='lat' dir='ltr'><strong>corporis</strong></span> <span class='ocrx_word' id='word_1_34' title='bbox 1419 580 1692 642; x_wconf 77' lang='lat' dir='ltr'><strong>exsulavit,</strong></span> <span class='ocrx_word' id='word_1_35' title='bbox 1724 588 1774 633; x_wconf 90' lang='lat' dir='ltr'><strong>et</strong></span> <span class='ocrx_word' id='word_1_36' title='bbox 1803 591 2005 631; x_wconf 82' lang='lat' dir='ltr'><strong>rursum</strong></span> <span class='ocrx_word' id='word_1_37' title='bbox 2055 577 2107 628; x_wconf 89' lang='lat' dir='ltr'><strong>in</strong></span> 
     </span>
    </p>
   </div>
   <div class='ocr_carea' id='block_1_6' title="bbox 577 665 2108 738">
    <p class='ocr_par' dir='ltr' id='par_1_6' title="bbox 577 665 2108 738">
     <span class='ocr_line' id='line_1_6' title="bbox 577 665 2108 738; baseline -0.011 -6"><span class='ocrx_word' id='word_1_38' title='bbox 577 678 871 733; x_wconf 78' lang='lat' dir='ltr'><strong>exanimum</strong></span> <span class='ocrx_word' id='word_1_39' title='bbox 913 674 1083 728; x_wconf 88' lang='lat' dir='ltr'><strong>refusa</strong></span> <span class='ocrx_word' id='word_1_40' title='bbox 1127 685 1338 738; x_wconf 87' lang='lat' dir='ltr'><strong>corpus,</strong></span> <span class='ocrx_word' id='word_1_41' title='bbox 1372 669 1462 722; x_wconf 93' lang='lat' dir='ltr'><strong>illo</strong></span> <span class='ocrx_word' id='word_1_42' title='bbox 1489 669 1624 722; x_wconf 90' lang='lat' dir='ltr'><strong>unde</strong></span> <span class='ocrx_word' id='word_1_43' title='bbox 1666 681 1725 721; x_wconf 87' lang='lat' dir='ltr'><strong>se</strong></span> <span class='ocrx_word' id='word_1_44' title='bbox 1751 665 2108 719; x_wconf 64' lang='lat' dir='ltr'><strong>absentes-erat</strong></span> 
     </span>
    </p>
   </div>
   <div class='ocr_carea' id='block_1_7' title="bbox 577 750 2107 823">
    <p class='ocr_par' dir='ltr' id='par_1_7' title="bbox 577 750 2107 823">
     <span class='ocr_line' id='line_1_7' title="bbox 577 750 2107 823; baseline -0.013 -1"><span class='ocrx_word' id='word_1_45' title='bbox 577 775 790 822; x_wconf 87' lang='lat' dir='ltr'><strong>evocata</strong></span> <span class='ocrx_word' id='word_1_46' title='bbox 827 762 1113 820; x_wconf 84' lang='lat' dir='ltr'><strong>remeavit?</strong></span> <span class='ocrx_word' id='word_1_47' title='bbox 1151 761 1297 813; x_wconf 89' lang='lat' dir='ltr'><strong>Tunc</strong></span> <span class='ocrx_word' id='word_1_48' title='bbox 1341 773 1453 811; x_wconf 87' lang='lat' dir='ltr'><strong>eam</strong></span> <span class='ocrx_word' id='word_1_49' title='bbox 1502 765 1744 823; x_wconf 77' lang='lat' dir='ltr'><strong>tanquam</strong></span> <span class='ocrx_word' id='word_1_50' title='bbox 1783 767 1848 806; x_wconf 80' lang='lat' dir='ltr'><strong>ex</strong></span> <span class='ocrx_word' id='word_1_51' title='bbox 1895 750 2107 819; x_wconf 83' lang='lat' dir='ltr'><strong>hospitii</strong></span> 
     </span>
    </p>
   </div>
   <div class='ocr_carea' id='block_1_8' title="bbox 580 838 2109 920">
    <p class='ocr_par' dir='ltr' id='par_1_8' title="bbox 580 838 2109 920">
     <span class='ocr_line' id='line_1_8' title="bbox 580 838 2109 920; baseline -0.011 -11"><span class='ocrx_word' id='word_1_52' title='bbox 580 856 894 910; x_wconf 83' lang='lat' dir='ltr'><strong>habitatione</strong></span> <span class='ocrx_word' id='word_1_53' title='bbox 911 851 1196 920; x_wconf 83' lang='lat' dir='ltr'><strong>depulsam,</strong></span> <span class='ocrx_word' id='word_1_54' title='bbox 1214 859 1267 901; x_wconf 89' lang='lat' dir='ltr'><strong>et</strong></span> <span class='ocrx_word' id='word_1_55' title='bbox 1289 859 1491 901; x_wconf 84' lang='lat' dir='ltr'><strong>rursum</strong></span> <span class='ocrx_word' id='word_1_56' title='bbox 1511 846 1644 897; x_wconf 90' lang='lat' dir='ltr'><strong>inter</strong></span> <span class='ocrx_word' id='word_1_57' title='bbox 1667 842 1949 911; x_wconf 81' lang='lat' dir='ltr'><strong>hospitium</strong></span> <span class='ocrx_word' id='word_1_58' title='bbox 1973 838 2109 893; x_wconf 90' lang='lat' dir='ltr'><strong>unde</strong></span> 
     </span>
    </p>
   </div>
   <div class='ocr_carea' id='block_1_9' title="bbox 578 932 2111 1008">
    <p class='ocr_par' dir='ltr' id='par_1_9' title="bbox 578 932 2111 1008">
     <span class='ocr_line' id='line_1_9' title="bbox 578 932 2111 1008; baseline -0.01 -10"><span class='ocrx_word' id='word_1_59' title='bbox 578 947 940 1008; x_wconf 85' lang='lat' dir='ltr'><strong>absentaverat</strong></span> <span class='ocrx_word' id='word_1_60' title='bbox 968 942 1255 996; x_wconf 79' lang='lat' dir='ltr'><strong>restitutam</strong></span> <span class='ocrx_word' id='word_1_61' title='bbox 1299 936 1472 999; x_wconf 91' lang='lat' dir='ltr'><strong>vides;</strong></span> <span class='ocrx_word' id='word_1_62' title='bbox 1501 943 1553 988; x_wconf 88' lang='lat' dir='ltr'><strong>et</strong></span> <span class='ocrx_word' id='word_1_63' title='bbox 1597 932 1815 987; x_wconf 88' lang='lat' dir='ltr'><strong>localem</strong></span> <span class='ocrx_word' id='word_1_64' title='bbox 1860 944 1965 984; x_wconf 90' lang='lat' dir='ltr'><strong>non</strong></span> <span class='ocrx_word' id='word_1_65' title='bbox 1992 942 2111 984; x_wconf 86' lang='lat' dir='ltr'><strong>esse</strong></span> 
     </span>
    </p>
   </div>
   <div class='ocr_carea' id='block_1_10' title="bbox 579 1017 2110 1102">
    <p class='ocr_par' dir='ltr' id='par_1_10' title="bbox 579 1017 2110 1102">
     <span class='ocr_line' id='line_1_10' title="bbox 579 1017 2110 1102; baseline -0.012 -10"><span class='ocrx_word' id='word_1_66' title='bbox 579 1017 882 1092; x_wconf 78' lang='lat' dir='ltr'><strong>contendis?</strong></span> <span class='ocrx_word' id='word_1_67' title='bbox 911 1034 1002 1089; x_wconf 87' lang='lat' dir='ltr'><strong>sed</strong></span> <span class='ocrx_word' id='word_1_68' title='bbox 1027 1032 1148 1102; x_wconf 94' lang='lat' dir='ltr'><strong>quid</strong></span> <span class='ocrx_word' id='word_1_69' title='bbox 1172 1045 1270 1098; x_wconf 76' lang='lat' dir='ltr'><strong>ego</strong></span> <span class='ocrx_word' id='word_1_70' title='bbox 1299 1033 1411 1084; x_wconf 60' lang='lat' dir='ltr'><strong>haec</strong></span> <span class='ocrx_word' id='word_1_71' title='bbox 1439 1029 1505 1082; x_wconf 89' lang='lat' dir='ltr'><strong>de</strong></span> <span class='ocrx_word' id='word_1_72' title='bbox 1547 1023 1871 1092; x_wconf 89' lang='lat' dir='ltr'><strong>corruptibili</strong></span> <span class='ocrx_word' id='word_1_73' title='bbox 1899 1021 2110 1076; x_wconf 85' lang='lat' dir='ltr'><strong>homine</strong></span> 
     </span>
    </p>
   </div>
   <div class='ocr_carea' id='block_1_11' title="bbox 582 1111 2111 1200">
    <p class='ocr_par' dir='ltr' id='par_1_11' title="bbox 582 1111 2111 1200">
     <span class='ocr_line' id='line_1_11' title="bbox 582 1111 2111 1200; baseline -0.013 -17"><span class='ocrx_word' id='word_1_74' title='bbox 582 1129 802 1200; x_wconf 87' lang='lat' dir='ltr'><strong>loquar?</strong></span> <span class='ocrx_word' id='word_1_75' title='bbox 839 1127 968 1182; x_wconf 85' lang='lat' dir='ltr'><strong>Cum</strong></span> <span class='ocrx_word' id='word_1_76' title='bbox 1018 1126 1106 1180; x_wconf 91' lang='lat' dir='ltr'><strong>ille</strong></span> <span class='ocrx_word' id='word_1_77' title='bbox 1149 1123 1296 1190; x_wconf 89' lang='lat' dir='ltr'><strong>cujus</strong></span> <span class='ocrx_word' id='word_1_78' title='bbox 1338 1134 1461 1174; x_wconf 91' lang='lat' dir='ltr'><strong>caro</strong></span> <span class='ocrx_word' id='word_1_79' title='bbox 1505 1133 1608 1172; x_wconf 92' lang='lat' dir='ltr'><strong>non</strong></span> <span class='ocrx_word' id='word_1_80' title='bbox 1649 1116 1780 1170; x_wconf 83' lang='lat' dir='ltr'><strong>vidit</strong></span> <span class='ocrx_word' id='word_1_81' title='bbox 1821 1111 2111 1200; x_wconf 31' lang='lat' dir='ltr'><strong>corruptio:</strong></span> 
     </span>
    </p>
   </div>
   <div class='ocr_carea' id='block_1_12' title="bbox 581 1198 2108 1287">
    <p class='ocr_par' dir='ltr' id='par_1_12' title="bbox 581 1198 2108 1287">
     <span class='ocr_line' id='line_1_12' title="bbox 581 1198 2108 1287; baseline -0.014 -13"><span class='ocrx_word' id='word_1_82' title='bbox 581 1198 720 1287; x_wconf 79' lang='lat' dir='ltr'><strong>nem,</strong></span> <span class='ocrx_word' id='word_1_83' title='bbox 753 1207 1133 1273; x_wconf 72' lang='lat' dir='ltr'><strong>imm&#39;aculatam</strong></span> <span class='ocrx_word' id='word_1_84' title='bbox 1164 1212 1372 1281; x_wconf 82' lang='lat' dir='ltr'><strong>quidem</strong></span> <span class='ocrx_word' id='word_1_85' title='bbox 1399 1209 1623 1262; x_wconf 87' lang='lat' dir='ltr'><strong>animam</strong></span> <span class='ocrx_word' id='word_1_86' title='bbox 1663 1201 1974 1274; x_wconf 86' lang='lat' dir='ltr'><strong>possederit,</strong></span> <span class='ocrx_word' id='word_1_87' title='bbox 2017 1198 2108 1254; x_wconf 87' lang='lat' dir='ltr'><strong>sed</strong></span> 
     </span>
    </p>
   </div>
   <div class='ocr_carea' id='block_1_13' title="bbox 583 1288 2109 1373">
    <p class='ocr_par' dir='ltr' id='par_1_13' title="bbox 583 1288 2109 1373">
     <span class='ocr_line' id='line_1_13' title="bbox 583 1288 2109 1373; baseline -0.015 -11"><span class='ocrx_word' id='word_1_88' title='bbox 583 1310 820 1370; x_wconf 88' lang='lat' dir='ltr'><strong>localem,</strong></span> <span class='ocrx_word' id='word_1_89' title='bbox 846 1317 999 1373; x_wconf 84' lang='lat' dir='ltr'><strong>quam</strong></span> <span class='ocrx_word' id='word_1_90' title='bbox 1032 1302 1206 1368; x_wconf 87' lang='lat' dir='ltr'><strong>utique</strong></span> <span class='ocrx_word' id='word_1_91' title='bbox 1234 1300 1366 1352; x_wconf 89' lang='lat' dir='ltr'><strong>intra</strong></span> <span class='ocrx_word' id='word_1_92' title='bbox 1390 1311 1448 1349; x_wconf 85' lang='lat' dir='ltr'><strong>se</strong></span> <span class='ocrx_word' id='word_1_93' title='bbox 1476 1294 1671 1358; x_wconf 84' lang='lat' dir='ltr'><strong>habuit,</strong></span> <span class='ocrx_word' id='word_1_94' title='bbox 1697 1291 1903 1360; x_wconf 85' lang='lat' dir='ltr'><strong>quando</strong></span> <span class='ocrx_word' id='word_1_95' title='bbox 1921 1288 2109 1342; x_wconf 77' lang='lat' dir='ltr'><strong>afﬁxus</strong></span> 
     </span>
    </p>
   </div>
   <div class='ocr_carea' id='block_1_14' title="bbox 583 1377 2110 1465">
    <p class='ocr_par' dir='ltr' id='par_1_14' title="bbox 583 1377 2110 1465">
     <span class='ocr_line' id='line_1_14' title="bbox 583 1377 2110 1465; baseline -0.014 -12"><span class='ocrx_word' id='word_1_96' title='bbox 583 1408 663 1453; x_wconf 90' lang='lat' dir='ltr'><strong>est</strong></span> <span class='ocrx_word' id='word_1_97' title='bbox 690 1399 741 1451; x_wconf 91' lang='lat' dir='ltr'><strong>in</strong></span> <span class='ocrx_word' id='word_1_98' title='bbox 773 1395 1021 1465; x_wconf 88' lang='lat' dir='ltr'><strong>patibulo,</strong></span> <span class='ocrx_word' id='word_1_99' title='bbox 1055 1401 1200 1446; x_wconf 74' lang='lat' dir='ltr'><strong>extra</strong></span> <span class='ocrx_word' id='word_1_100' title='bbox 1224 1404 1282 1460; x_wconf 83' lang='lat' dir='ltr'><strong>se</strong></span> <span class='ocrx_word' id='word_1_101' title='bbox 1311 1387 1489 1456; x_wconf 83' lang='lat' dir='ltr'><strong>procul</strong></span> <span class='ocrx_word' id='word_1_102' title='bbox 1511 1385 1667 1439; x_wconf 91' lang='lat' dir='ltr'><strong>dubio</strong></span> <span class='ocrx_word' id='word_1_103' title='bbox 1687 1382 1882 1446; x_wconf 86' lang='lat' dir='ltr'><strong>emisit,</strong></span> <span class='ocrx_word' id='word_1_104' title='bbox 1905 1377 2110 1450; x_wconf 80' lang='lat' dir='ltr'><strong>quando</strong></span> 
     </span>
    </p>
   </div>
   <div class='ocr_carea' id='block_1_15' title="bbox 584 1471 2108 1556">
    <p class='ocr_par' dir='ltr' id='par_1_15' title="bbox 584 1471 2108 1556">
     <span class='ocr_line' id='line_1_15' title="bbox 584 1471 2108 1556; baseline -0.012 -17"><span class='ocrx_word' id='word_1_105' title='bbox 584 1488 740 1556; x_wconf 88' lang='lat' dir='ltr'><strong>jacuit</strong></span> <span class='ocrx_word' id='word_1_106' title='bbox 768 1488 816 1538; x_wconf 92' lang='lat' dir='ltr'><strong>in</strong></span> <span class='ocrx_word' id='word_1_107' title='bbox 841 1485 1115 1552; x_wconf 87' lang='lat' dir='ltr'><strong>sepulcro:</strong></span> <span class='ocrx_word' id='word_1_108' title='bbox 1145 1475 1406 1548; x_wconf 90' lang='lat' dir='ltr'><strong>quomodo</strong></span> <span class='ocrx_word' id='word_1_109' title='bbox 1452 1491 1555 1530; x_wconf 91' lang='lat' dir='ltr'><strong>non</strong></span> <span class='ocrx_word' id='word_1_110' title='bbox 1585 1481 1667 1528; x_wconf 90' lang='lat' dir='ltr'><strong>est</strong></span> <span class='ocrx_word' id='word_1_111' title='bbox 1708 1471 1906 1534; x_wconf 87' lang='lat' dir='ltr'><strong>locatis,</strong></span> <span class='ocrx_word' id='word_1_112' title='bbox 1955 1481 2108 1556; x_wconf 86' lang='lat' dir='ltr'><strong>quam</strong></span> 
     </span>
    </p>
   </div>
   <div class='ocr_carea' id='block_1_16' title="bbox 584 1548 2108 1638">
    <p class='ocr_par' dir='ltr' id='par_1_16' title="bbox 584 1548 2108 1638">
     <span class='ocr_line' id='line_1_16' title="bbox 584 1548 2108 1638; baseline -0.014 -8"><span class='ocrx_word' id='word_1_113' title='bbox 584 1590 704 1630; x_wconf 90' lang='lat' dir='ltr'><strong>caro</strong></span> <span class='ocrx_word' id='word_1_114' title='bbox 730 1573 978 1633; x_wconf 88' lang='lat' dir='ltr'><strong>continet,</strong></span> <span class='ocrx_word' id='word_1_115' title='bbox 1005 1568 1268 1638; x_wconf 82' lang='lat' dir='ltr'><strong>conjungit</strong></span> <span class='ocrx_word' id='word_1_116' title='bbox 1288 1567 1413 1631; x_wconf 86' lang='lat' dir='ltr'><strong>vita,</strong></span> <span class='ocrx_word' id='word_1_117' title='bbox 1442 1580 1581 1618; x_wconf 84' lang='lat' dir='ltr'><strong>mors</strong></span> <span class='ocrx_word' id='word_1_118' title='bbox 1605 1571 1810 1630; x_wconf 66' lang='lat' dir='ltr'><strong>separat</strong></span> <span class='ocrx_word' id='word_1_119' title='bbox 1829 1559 1854 1613; x_wconf 75' lang='grc' dir='ltr'><strong><em>τ</em></strong></span> <span class='ocrx_word' id='word_1_120' title='bbox 1874 1548 2020 1625; x_wconf 83' lang='lat' dir='ltr'><strong>Quod</strong></span> <span class='ocrx_word' id='word_1_121' title='bbox 2042 1558 2108 1623; x_wconf 85' lang='lat' dir='ltr'><strong>si,</strong></span> 
     </span>
    </p>
   </div>
   <div class='ocr_carea' id='block_1_17' title="bbox 583 1654 2107 1725">
    <p class='ocr_par' dir='ltr' id='par_1_17' title="bbox 583 1654 2107 1725">
     <span class='ocr_line' id='line_1_17' title="bbox 583 1654 2107 1725; baseline -0.014 -8"><span class='ocrx_word' id='word_1_122' title='bbox 583 1674 638 1717; x_wconf 94' lang='lat' dir='ltr'><strong>ut</strong></span> <span class='ocrx_word' id='word_1_123' title='bbox 665 1663 814 1725; x_wconf 88' lang='lat' dir='ltr'><strong>dicis,</strong></span> <span class='ocrx_word' id='word_1_124' title='bbox 843 1660 1059 1714; x_wconf 83' lang='lat' dir='ltr'><strong>localcm</strong></span> <span class='ocrx_word' id='word_1_125' title='bbox 1089 1657 1450 1712; x_wconf 84' lang='lat' dir='ltr'><strong>necessitatem</strong></span> <span class='ocrx_word' id='word_1_126' title='bbox 1477 1654 1764 1706; x_wconf 90' lang='lat' dir='ltr'><strong>animarum</strong></span> <span class='ocrx_word' id='word_1_127' title='bbox 1795 1657 1976 1701; x_wconf 91' lang='lat' dir='ltr'><strong>natura</strong></span> <span class='ocrx_word' id='word_1_128' title='bbox 2005 1660 2107 1699; x_wconf 87' lang='lat' dir='ltr'><strong>non</strong></span> 
     </span>
    </p>
   </div>
   <div class='ocr_carea' id='block_1_18' title="bbox 581 1718 2182 1817">
    <p class='ocr_par' dir='ltr' id='par_1_18' title="bbox 581 1718 2182 1817">
     <span class='ocr_line' id='line_1_18' title="bbox 581 1718 2182 1817; baseline -0.016 -9"><span class='ocrx_word' id='word_1_129' title='bbox 581 1763 606 1789; x_wconf 79' lang='grc'><strong><em>³·</em></strong></span> <span class='ocrx_word' id='word_1_130' title='bbox 629 1718 844 1817; x_wconf 77' lang='lat' dir='ltr'><strong>recepit,</strong></span> <span class='ocrx_word' id='word_1_131' title='bbox 876 1763 978 1803; x_wconf 91' lang='lat' dir='ltr'><strong>non</strong></span> <span class='ocrx_word' id='word_1_132' title='bbox 1009 1747 1196 1800; x_wconf 90' lang='lat' dir='ltr'><strong>desunt</strong></span> <span class='ocrx_word' id='word_1_133' title='bbox 1236 1758 1361 1812; x_wconf 82' lang='lat' dir='ltr'><strong>ergo</strong></span> <span class='ocrx_word' id='word_1_134' title='bbox 1396 1749 1449 1796; x_wconf 90' lang='lat' dir='ltr'><strong>et</strong></span> <span class='ocrx_word' id='word_1_135' title='bbox 1490 1742 1557 1794; x_wconf 90' lang='lat' dir='ltr'><strong>de</strong></span> <span class='ocrx_word' id='word_1_136' title='bbox 1604 1739 1815 1806; x_wconf 77' lang='lat' dir='ltr'><strong>regione</strong></span> <span class='ocrx_word' id='word_1_137' title='bbox 1858 1734 2104 1804; x_wconf 81' lang='lat' dir='ltr'><strong>paradisi,</strong></span> <span class='ocrx_word' id='word_1_138' title='bbox 2139 1718 2182 1777; x_wconf 80' lang='grc' dir='ltr'>Β</span> 
     </span>
    </p>
   </div>
   <div class='ocr_carea' id='block_1_19' title="bbox 581 1821 2108 1907">
    <p class='ocr_par' dir='ltr' id='par_1_19' title="bbox 581 1821 2108 1907">
     <span class='ocr_line' id='line_1_19' title="bbox 581 1821 2108 1907; baseline -0.011 -15"><span class='ocrx_word' id='word_1_139' title='bbox 581 1840 682 1893; x_wconf 62' lang='lat' dir='ltr'><strong>illa:</strong></span> <span class='ocrx_word' id='word_1_140' title='bbox 712 1852 829 1907; x_wconf 67' lang='lat' dir='ltr'><strong>quae</strong></span> <span class='ocrx_word' id='word_1_141' title='bbox 858 1848 1068 1890; x_wconf 83' lang='lat' dir='ltr'><strong>carcere</strong></span> <span class='ocrx_word' id='word_1_142' title='bbox 1094 1832 1404 1888; x_wconf 90' lang='lat' dir='ltr'><strong>clauduntur</strong></span> <span class='ocrx_word' id='word_1_143' title='bbox 1432 1827 1664 1883; x_wconf 78' lang='lat' dir='ltr'><strong>inferni?</strong></span> <span class='ocrx_word' id='word_1_144' title='bbox 1692 1825 1807 1890; x_wconf 91' lang='lat' dir='ltr'><strong>Dic,</strong></span> <span class='ocrx_word' id='word_1_145' title='bbox 1837 1837 2032 1893; x_wconf 74' lang='lat' dir='ltr'><strong>quaeso,</strong></span> <span class='ocrx_word' id='word_1_146' title='bbox 2064 1821 2108 1875; x_wconf 89' lang='lat' dir='ltr'><strong>sl</strong></span> 
     </span>
    </p>
   </div>
   <div class='ocr_carea' id='block_1_20' title="bbox 581 1913 2110 1992">
    <p class='ocr_par' dir='ltr' id='par_1_20' title="bbox 581 1913 2110 1992">
     <span class='ocr_line' id='line_1_20' title="bbox 581 1913 2110 1992; baseline -0.012 -11"><span class='ocrx_word' id='word_1_147' title='bbox 581 1929 772 1983; x_wconf 68' lang='lat' dir='ltr'><strong>locales</strong></span> <span class='ocrx_word' id='word_1_148' title='bbox 792 1940 893 1978; x_wconf 91' lang='lat' dir='ltr'><strong>non</strong></span> <span class='ocrx_word' id='word_1_149' title='bbox 923 1932 1062 1986; x_wconf 90' lang='lat' dir='ltr'><strong>sunt,</strong></span> <span class='ocrx_word' id='word_1_150' title='bbox 1087 1921 1347 1992; x_wconf 90' lang='lat' dir='ltr'><strong>quomodo</strong></span> <span class='ocrx_word' id='word_1_151' title='bbox 1376 1925 1673 1987; x_wconf 86' lang='lat' dir='ltr'><strong>peccatores</strong></span> <span class='ocrx_word' id='word_1_152' title='bbox 1694 1929 1721 1966; x_wconf 90' lang='lat' dir='ltr'><strong>a</strong></span> <span class='ocrx_word' id='word_1_153' title='bbox 1749 1913 1967 1968; x_wconf 81' lang='lat' dir='ltr'><strong>coetibus</strong></span> <span class='ocrx_word' id='word_1_154' title='bbox 1986 1926 2110 1966; x_wconf 87' lang='lat' dir='ltr'><strong>con-</strong></span> 
     </span>
    </p>
   </div>
   <div class='ocr_carea' id='block_1_21' title="bbox 581 2003 2111 2086">
    <p class='ocr_par' dir='ltr' id='par_1_21' title="bbox 581 2003 2111 2086">
     <span class='ocr_line' id='line_1_21' title="bbox 581 2003 2111 2086; baseline -0.012 -14"><span class='ocrx_word' id='word_1_155' title='bbox 581 2019 862 2086; x_wconf 83' lang='lat' dir='ltr'><strong>sortiisque</strong></span> <span class='ocrx_word' id='word_1_156' title='bbox 889 2016 1145 2082; x_wconf 85' lang='lat' dir='ltr'><strong>justorum</strong></span> <span class='ocrx_word' id='word_1_157' title='bbox 1171 2013 1368 2081; x_wconf 85' lang='lat' dir='ltr'><strong>justum</strong></span> <span class='ocrx_word' id='word_1_158' title='bbox 1415 2008 1539 2062; x_wconf 90' lang='lat' dir='ltr'><strong>illud</strong></span> <span class='ocrx_word' id='word_1_159' title='bbox 1583 2007 1744 2061; x_wconf 86' lang='lat' dir='ltr'><strong>chaos</strong></span> <span class='ocrx_word' id='word_1_160' title='bbox 1775 2005 1906 2057; x_wconf 88' lang='lat' dir='ltr'><strong>tristi</strong></span> <span class='ocrx_word' id='word_1_161' title='bbox 1949 2003 2111 2056; x_wconf 78' lang='lat' dir='ltr'><strong>inter-</strong></span> 
     </span>
    </p>
   </div>
   <div class='ocr_carea' id='block_1_22' title="bbox 581 2095 2108 2176">
    <p class='ocr_par' dir='ltr' id='par_1_22' title="bbox 581 2095 2108 2176">
     <span class='ocr_line' id='line_1_22' title="bbox 581 2095 2108 2176; baseline -0.013 -13"><span class='ocrx_word' id='word_1_162' title='bbox 581 2110 804 2176; x_wconf 78' lang='lat' dir='ltr'><strong>iectione</strong></span> <span class='ocrx_word' id='word_1_163' title='bbox 832 2107 1168 2167; x_wconf 86' lang='lat' dir='ltr'><strong>discriminat,</strong></span> <span class='ocrx_word' id='word_1_164' title='bbox 1196 2111 1253 2155; x_wconf 93' lang='lat' dir='ltr'><strong>ut</strong></span> <span class='ocrx_word' id='word_1_165' title='bbox 1290 2114 1458 2168; x_wconf 90' lang='lat' dir='ltr'><strong>neque</strong></span> <span class='ocrx_word' id='word_1_166' title='bbox 1488 2097 1608 2150; x_wconf 89' lang='lat' dir='ltr'><strong>hinc</strong></span> <span class='ocrx_word' id='word_1_167' title='bbox 1635 2096 1755 2150; x_wconf 90' lang='lat' dir='ltr'><strong>illuc</strong></span> <span class='ocrx_word' id='word_1_168' title='bbox 1785 2095 1980 2162; x_wconf 87' lang='lat' dir='ltr'><strong>possint</strong></span> <span class='ocrx_word' id='word_1_169' title='bbox 2020 2105 2108 2144; x_wconf 83' lang='lat' dir='ltr'><strong>ac-</strong></span> 
     </span>
    </p>
   </div>
   <div class='ocr_carea' id='block_1_23' title="bbox 582 2181 2110 2265">
    <p class='ocr_par' dir='ltr' id='par_1_23' title="bbox 582 2181 2110 2265">
     <span class='ocr_line' id='line_1_23' title="bbox 582 2181 2110 2265; baseline -0.014 -11"><span class='ocrx_word' id='word_1_170' title='bbox 582 2198 786 2265; x_wconf 89' lang='lat' dir='ltr'><strong>cedere,</strong></span> <span class='ocrx_word' id='word_1_171' title='bbox 817 2210 985 2265; x_wconf 88' lang='lat' dir='ltr'><strong>neque</strong></span> <span class='ocrx_word' id='word_1_172' title='bbox 1033 2194 1154 2246; x_wconf 87' lang='lat' dir='ltr'><strong>inde</strong></span> <span class='ocrx_word' id='word_1_173' title='bbox 1181 2191 1284 2245; x_wconf 92' lang='lat' dir='ltr'><strong>huc</strong></span> <span class='ocrx_word' id='word_1_174' title='bbox 1326 2186 1678 2243; x_wconf 82' lang='lat' dir='ltr'><strong>transmeare?</strong></span> <span class='ocrx_word' id='word_1_175' title='bbox 1704 2184 1818 2239; x_wconf 80' lang='lat' dir='ltr'><strong>Jam</strong></span> <span class='ocrx_word' id='word_1_176' title='bbox 1850 2181 1972 2236; x_wconf 90' lang='lat' dir='ltr'><strong>illud</strong></span> <span class='ocrx_word' id='word_1_177' title='bbox 2001 2195 2110 2234; x_wconf 91' lang='lat' dir='ltr'><strong>ma-</strong></span> 
     </span>
    </p>
   </div>
   <div class='ocr_carea' id='block_1_24' title="bbox 584 2274 2105 2351">
    <p class='ocr_par' dir='ltr' id='par_1_24' title="bbox 584 2274 2105 2351">
     <span class='ocr_line' id='line_1_24' title="bbox 584 2274 2105 2351; baseline -0.011 -11"><span class='ocrx_word' id='word_1_178' title='bbox 584 2287 970 2342; x_wconf 66' lang='lat' dir='ltr'><strong>ttifesl‘ssimum</strong></span> <span class='ocrx_word' id='word_1_179' title='bbox 1001 2295 1102 2348; x_wconf 75' lang='lat' dir='ltr'><strong>est,</strong></span> <span class='ocrx_word' id='word_1_180' title='bbox 1125 2281 1258 2351; x_wconf 86' lang='lat' dir='ltr'><strong>quod</strong></span> <span class='ocrx_word' id='word_1_181' title='bbox 1289 2279 1574 2350; x_wconf 88' lang='lat' dir='ltr'><strong>quantitate</strong></span> <span class='ocrx_word' id='word_1_182' title='bbox 1593 2274 2105 2338; x_wconf 88' lang='lat' dir='ltr'><strong>circumscribantur,</strong></span> 
     </span>
    </p>
   </div>
   <div class='ocr_carea' id='block_1_25' title="bbox 579 2363 2110 2445">
    <p class='ocr_par' dir='ltr' id='par_1_25' title="bbox 579 2363 2110 2445">
     <span class='ocr_line' id='line_1_25' title="bbox 579 2363 2110 2445; baseline -0.01 -15"><span class='ocrx_word' id='word_1_183' title='bbox 579 2392 696 2445; x_wconf 82' lang='lat' dir='ltr'><strong>quzn</strong></span> <span class='ocrx_word' id='word_1_184' title='bbox 723 2377 904 2444; x_wconf 78' lang='lat' dir='ltr'><strong>spatiis</strong></span> <span class='ocrx_word' id='word_1_185' title='bbox 939 2374 1289 2426; x_wconf 87' lang='lat' dir='ltr'><strong>continentur.</strong></span> <span class='ocrx_word' id='word_1_186' title='bbox 1336 2368 1391 2423; x_wconf 88' lang='lat' dir='ltr'><strong>Si</strong></span> <span class='ocrx_word' id='word_1_187' title='bbox 1421 2366 1675 2437; x_wconf 85' lang='lat' dir='ltr'><strong>agnovisti</strong></span> <span class='ocrx_word' id='word_1_188' title='bbox 1703 2365 1928 2417; x_wconf 84' lang='lat' dir='ltr'><strong>animam</strong></span> <span class='ocrx_word' id='word_1_189' title='bbox 1971 2363 2110 2415; x_wconf 84' lang='lat' dir='ltr'><strong>loca-</strong></span> 
     </span>
    </p>
   </div>
   <div class='ocr_carea' id='block_1_26' title="bbox 580 2449 2107 2528">
    <p class='ocr_par' dir='ltr' id='par_1_26' title="bbox 580 2449 2107 2528">
     <span class='ocr_line' id='line_1_26' title="bbox 580 2449 2107 2528; baseline -0.012 -9"><span class='ocrx_word' id='word_1_190' title='bbox 580 2466 702 2527; x_wconf 89' lang='lat' dir='ltr'><strong>lem,</strong></span> <span class='ocrx_word' id='word_1_191' title='bbox 735 2462 964 2517; x_wconf 88' lang='lat' dir='ltr'><strong>concede</strong></span> <span class='ocrx_word' id='word_1_192' title='bbox 991 2472 1316 2528; x_wconf 86' lang='lat' dir='ltr'><strong>corpoream.</strong></span> <span class='ocrx_word' id='word_1_193' title='bbox 1341 2457 1433 2509; x_wconf 88' lang='lat' dir='ltr'><strong>Dic</strong></span> <span class='ocrx_word' id='word_1_194' title='bbox 1459 2454 1583 2509; x_wconf 88' lang='lat' dir='ltr'><strong>mihi</strong></span> <span class='ocrx_word' id='word_1_195' title='bbox 1606 2466 1740 2506; x_wconf 90' lang='lat' dir='ltr'><strong>anne</strong></span> <span class='ocrx_word' id='word_1_196' title='bbox 1768 2452 1875 2518; x_wconf 88' lang='lat' dir='ltr'><strong>ipsa</strong></span> <span class='ocrx_word' id='word_1_197' title='bbox 1895 2449 2107 2518; x_wconf 76' lang='lat' dir='ltr'><strong>gloriosi</strong></span> 
     </span>
    </p>
   </div>
   <div class='ocr_carea' id='block_1_27' title="bbox 581 2537 2108 2612">
    <p class='ocr_par' dir='ltr' id='par_1_27' title="bbox 581 2537 2108 2612">
     <span class='ocr_line' id='line_1_27' title="bbox 581 2537 2108 2612; baseline -0.01 -8"><span class='ocrx_word' id='word_1_198' title='bbox 581 2553 749 2604; x_wconf 80' lang='lat' dir='ltr'><strong>anima</strong></span> <span class='ocrx_word' id='word_1_199' title='bbox 782 2549 1144 2612; x_wconf 76' lang='lat' dir='ltr'><strong>Redemptoris</strong></span> <span class='ocrx_word' id='word_1_200' title='bbox 1173 2542 1336 2597; x_wconf 91' lang='lat' dir='ltr'><strong>nostri</strong></span> <span class='ocrx_word' id='word_1_201' title='bbox 1365 2540 1574 2608; x_wconf 82' lang='lat' dir='ltr'><strong>reliquit</strong></span> <span class='ocrx_word' id='word_1_202' title='bbox 1611 2539 1876 2602; x_wconf 89' lang='lat' dir='ltr'><strong>mundum,</strong></span> <span class='ocrx_word' id='word_1_203' title='bbox 1902 2537 2108 2606; x_wconf 89' lang='lat' dir='ltr'><strong>quando</strong></span> 
     </span>
    </p>
   </div>
   <div class='ocr_carea' id='block_1_28' title="bbox 582 2633 1225 2693">
    <p class='ocr_par' dir='ltr' id='par_1_28' title="bbox 582 2633 1225 2693">
     <span class='ocr_line' id='line_1_28' title="bbox 582 2633 1225 2693; baseline -0.012 -1"><span class='ocrx_word' id='word_1_204' title='bbox 582 2637 885 2693; x_wconf 88' lang='lat' dir='ltr'><strong>conscendit</strong></span> <span class='ocrx_word' id='word_1_205' title='bbox 911 2636 972 2688; x_wconf 90' lang='lat' dir='ltr'><strong>ad</strong></span> <span class='ocrx_word' id='word_1_206' title='bbox 1000 2633 1225 2688; x_wconf 64' lang='lat' dir='ltr'><strong>caelum?</strong></span> 
     </span>
    </p>
   </div>
   <div class='ocr_carea' id='block_1_29' title="bbox 593 2719 2110 2794">
    <p class='ocr_par' dir='ltr' id='par_1_29' title="bbox 593 2719 2110 2794">
     <span class='ocr_line' id='line_1_29' title="bbox 593 2719 2110 2794; baseline -0.007 -13"><span class='ocrx_word' id='word_1_207' title='bbox 593 2755 602 2764; x_wconf 89' lang='lat'><strong>-</strong></span> <span class='ocrx_word' id='word_1_208' title='bbox 650 2729 756 2794; x_wconf 79' lang='lat' dir='ltr'><strong>Ego</strong></span> <span class='ocrx_word' id='word_1_209' title='bbox 787 2736 957 2778; x_wconf 86' lang='lat' dir='ltr'><strong>autem</strong></span> <span class='ocrx_word' id='word_1_210' title='bbox 988 2739 1052 2776; x_wconf 88' lang='lat' dir='ltr'><strong>ne</strong></span> <span class='ocrx_word' id='word_1_211' title='bbox 1082 2723 1292 2790; x_wconf 80' lang='lat' dir='ltr'><strong>angelos</strong></span> <span class='ocrx_word' id='word_1_212' title='bbox 1320 2719 1524 2788; x_wconf 88' lang='lat' dir='ltr'><strong>quidem</strong></span> <span class='ocrx_word' id='word_1_213' title='bbox 1552 2720 1742 2775; x_wconf 91' lang='lat' dir='ltr'><strong>locales</strong></span> <span class='ocrx_word' id='word_1_214' title='bbox 1768 2733 1883 2772; x_wconf 87' lang='lat' dir='ltr'><strong>esse</strong></span> <span class='ocrx_word' id='word_1_215' title='bbox 1909 2719 2110 2771; x_wconf 88' lang='lat' dir='ltr'><strong>dubita-</strong></span> 
     </span>
    </p>
   </div>
   <div class='ocr_carea' id='block_1_30' title="bbox 582 2807 2106 2882">
    <p class='ocr_par' dir='ltr' id='par_1_30' title="bbox 582 2807 2106 2882">
     <span class='ocr_line' id='line_1_30' title="bbox 582 2807 2106 2882; baseline -0.007 -15"><span class='ocrx_word' id='word_1_216' title='bbox 582 2817 763 2878; x_wconf 87' lang='lat' dir='ltr'><strong>verim,</strong></span> <span class='ocrx_word' id='word_1_217' title='bbox 793 2829 922 2882; x_wconf 88' lang='lat' dir='ltr'><strong>quos</strong></span> <span class='ocrx_word' id='word_1_218' title='bbox 962 2823 1161 2866; x_wconf 87' lang='lat' dir='ltr'><strong>eertum</strong></span> <span class='ocrx_word' id='word_1_219' title='bbox 1209 2825 1345 2863; x_wconf 91' lang='lat' dir='ltr'><strong>nunc</strong></span> <span class='ocrx_word' id='word_1_220' title='bbox 1390 2811 1440 2862; x_wconf 92' lang='lat' dir='ltr'><strong>in</strong></span> <span class='ocrx_word' id='word_1_221' title='bbox 1487 2809 1786 2862; x_wconf 72' lang='lat' dir='ltr'><strong>coelestibus</strong></span> <span class='ocrx_word' id='word_1_222' title='bbox 1827 2807 2106 2871; x_wconf 82' lang='lat' dir='ltr'><strong>contineri,</strong></span> 
     </span>
    </p>
   </div>
   <div class='ocr_carea' id='block_1_31' title="bbox 583 2898 2107 2971">
    <p class='ocr_par' dir='ltr' id='par_1_31' title="bbox 583 2898 2107 2971">
     <span class='ocr_line' id='line_1_31' title="bbox 583 2898 2107 2971; baseline -0.005 -13"><span class='ocrx_word' id='word_1_223' title='bbox 583 2920 720 2958; x_wconf 92' lang='lat' dir='ltr'><strong>nunc</strong></span> <span class='ocrx_word' id='word_1_224' title='bbox 761 2920 850 2971; x_wconf 86' lang='lat' dir='ltr'><strong>per</strong></span> <span class='ocrx_word' id='word_1_225' title='bbox 897 2903 1029 2956; x_wconf 83' lang='lat' dir='ltr'><strong>aeris</strong></span> <span class='ocrx_word' id='word_1_226' title='bbox 1075 2916 1293 2955; x_wconf 86' lang='lat' dir='ltr'><strong>vacuum</strong></span> <span class='ocrx_word' id='word_1_227' title='bbox 1343 2899 1488 2964; x_wconf 86' lang='lat' dir='ltr'><strong>ferri,</strong></span> <span class='ocrx_word' id='word_1_228' title='bbox 1516 2915 1651 2953; x_wconf 91' lang='lat' dir='ltr'><strong>nunc</strong></span> <span class='ocrx_word' id='word_1_229' title='bbox 1694 2900 1756 2952; x_wconf 93' lang='lat' dir='ltr'><strong>ad</strong></span> <span class='ocrx_word' id='word_1_230' title='bbox 1797 2907 1998 2952; x_wconf 88' lang='lat' dir='ltr'><strong>terrena</strong></span> <span class='ocrx_word' id='word_1_231' title='bbox 2031 2898 2107 2951; x_wconf 88' lang='lat' dir='ltr'><strong>di-</strong></span> 
     </span>
    </p>
   </div>
   <div class='ocr_carea' id='block_1_32' title="bbox 583 2986 2105 3060">
    <p class='ocr_par' dir='ltr' id='par_1_32' title="bbox 583 2986 2105 3060">
     <span class='ocr_line' id='line_1_32' title="bbox 583 2986 2105 3060; baseline -0.005 -14"><span class='ocrx_word' id='word_1_232' title='bbox 583 2993 746 3054; x_wconf 87' lang='lat' dir='ltr'><strong>mitti;</strong></span> <span class='ocrx_word' id='word_1_233' title='bbox 777 3006 904 3060; x_wconf 90' lang='lat' dir='ltr'><strong>quos</strong></span> <span class='ocrx_word' id='word_1_234' title='bbox 926 3006 1100 3044; x_wconf 80' lang='lat' dir='ltr'><strong>sermo</strong></span> <span class='ocrx_word' id='word_1_235' title='bbox 1122 2990 1330 3043; x_wconf 87' lang='lat' dir='ltr'><strong>divinus</strong></span> <span class='ocrx_word' id='word_1_236' title='bbox 1351 2988 1686 3042; x_wconf 86' lang='lat' dir='ltr'><strong>ascendentes</strong></span> <span class='ocrx_word' id='word_1_237' title='bbox 1707 2996 1757 3040; x_wconf 91' lang='lat' dir='ltr'><strong>et</strong></span> <span class='ocrx_word' id='word_1_238' title='bbox 1784 2986 2105 3042; x_wconf 88' lang='lat' dir='ltr'><strong>descenden-</strong></span> 
     </span>
    </p>
   </div>
   <div class='ocr_carea' id='block_1_33' title="bbox 583 3075 2107 3147">
    <p class='ocr_par' dir='ltr' id='par_1_33' title="bbox 583 3075 2107 3147">
     <span class='ocr_line' id='line_1_33' title="bbox 583 3075 2107 3147; baseline -0.004 -13"><span class='ocrx_word' id='word_1_239' title='bbox 583 3092 660 3134; x_wconf 90' lang='lat' dir='ltr'><strong>tes</strong></span> <span class='ocrx_word' id='word_1_240' title='bbox 687 3081 734 3132; x_wconf 91' lang='lat' dir='ltr'><strong>in</strong></span> <span class='ocrx_word' id='word_1_241' title='bbox 760 3078 1063 3147; x_wconf 66' lang='lat' dir='ltr'><strong>patriarcha:</strong></span> <span class='ocrx_word' id='word_1_242' title='bbox 1094 3078 1290 3131; x_wconf 89' lang='lat' dir='ltr'><strong>visione</strong></span> <span class='ocrx_word' id='word_1_243' title='bbox 1331 3076 1595 3142; x_wconf 81' lang='lat' dir='ltr'><strong>describit,</strong></span> <span class='ocrx_word' id='word_1_244' title='bbox 1629 3076 1803 3144; x_wconf 88' lang='lat' dir='ltr'><strong>utique</strong></span> <span class='ocrx_word' id='word_1_245' title='bbox 1842 3075 1889 3128; x_wconf 88' lang='lat' dir='ltr'><strong>si</strong></span> <span class='ocrx_word' id='word_1_246' title='bbox 1917 3075 2107 3129; x_wconf 90' lang='lat' dir='ltr'><strong>locales</strong></span> 
     </span>
    </p>
   </div>
   <div class='ocr_carea' id='block_1_34' title="bbox 582 3164 2105 3235">
    <p class='ocr_par' dir='ltr' id='par_1_34' title="bbox 582 3164 2105 3235">
     <span class='ocr_line' id='line_1_34' title="bbox 582 3164 2105 3235; baseline -0.003 -12"><span class='ocrx_word' id='word_1_247' title='bbox 582 3185 683 3224; x_wconf 92' lang='lat' dir='ltr'><strong>non</strong></span> <span class='ocrx_word' id='word_1_248' title='bbox 713 3179 888 3222; x_wconf 87' lang='lat' dir='ltr'><strong>essent</strong></span> <span class='ocrx_word' id='word_1_249' title='bbox 917 3177 967 3220; x_wconf 91' lang='lat' dir='ltr'><strong>et</strong></span> <span class='ocrx_word' id='word_1_250' title='bbox 992 3167 1179 3235; x_wconf 77' lang='lat' dir='ltr'><strong>ubique</strong></span> <span class='ocrx_word' id='word_1_251' title='bbox 1201 3176 1374 3219; x_wconf 85' lang='lat' dir='ltr'><strong>essent</strong></span> <span class='ocrx_word' id='word_1_252' title='bbox 1417 3166 1600 3219; x_wconf 87' lang='lat' dir='ltr'><strong>adesse</strong></span> <span class='ocrx_word' id='word_1_253' title='bbox 1642 3175 1797 3233; x_wconf 91' lang='lat' dir='ltr'><strong>atque</strong></span> <span class='ocrx_word' id='word_1_254' title='bbox 1840 3164 2105 3219; x_wconf 80' lang='lat' dir='ltr'><strong>discedere</strong></span> 
     </span>
    </p>
   </div>
   <div class='ocr_carea' id='block_1_35' title="bbox 580 3254 2107 3323">
    <p class='ocr_par' dir='ltr' id='par_1_35' title="bbox 580 3254 2107 3323">
     <span class='ocr_line' id='line_1_35' title="bbox 580 3254 2107 3323; baseline -0.001 -12"><span class='ocrx_word' id='word_1_255' title='bbox 580 3272 793 3311; x_wconf 81' lang='lat' dir='ltr'><strong>ascensu</strong></span> <span class='ocrx_word' id='word_1_256' title='bbox 825 3257 1179 3323; x_wconf 85' lang='lat' dir='ltr'><strong>descensuque</strong></span> <span class='ocrx_word' id='word_1_257' title='bbox 1209 3271 1311 3307; x_wconf 92' lang='lat' dir='ltr'><strong>non</strong></span> <span class='ocrx_word' id='word_1_258' title='bbox 1364 3263 1590 3322; x_wconf 88' lang='lat' dir='ltr'><strong>possent.</strong></span> <span class='ocrx_word' id='word_1_259' title='bbox 1624 3254 1736 3321; x_wconf 74' lang='lat' dir='ltr'><strong>Ipze</strong></span> <span class='ocrx_word' id='word_1_260' title='bbox 1779 3254 2107 3310; x_wconf 88' lang='lat' dir='ltr'><strong>beatissimus</strong></span> 
     </span>
    </p>
   </div>
   <div class='ocr_carea' id='block_1_36' title="bbox 582 3345 2104 3414">
    <p class='ocr_par' dir='ltr' id='par_1_36' title="bbox 582 3345 2104 3414">
     <span class='ocr_line' id='line_1_36' title="bbox 582 3345 2104 3414; baseline -0.003 -14"><span class='ocrx_word' id='word_1_261' title='bbox 582 3348 809 3411; x_wconf 87' lang='lat' dir='ltr'><strong>Gabriel,</strong></span> <span class='ocrx_word' id='word_1_262' title='bbox 842 3348 923 3414; x_wconf 91' lang='lat' dir='ltr'><strong>qui</strong></span> <span class='ocrx_word' id='word_1_263' title='bbox 957 3362 1012 3399; x_wconf 90' lang='lat' dir='ltr'><strong>se</strong></span> <span class='ocrx_word' id='word_1_264' title='bbox 1049 3353 1168 3398; x_wconf 84' lang='lat' dir='ltr'><strong>ante</strong></span> <span class='ocrx_word' id='word_1_265' title='bbox 1214 3345 1481 3397; x_wconf 88' lang='lat' dir='ltr'><strong>Dominum</strong></span> <span class='ocrx_word' id='word_1_266' title='bbox 1521 3353 1691 3397; x_wconf 89' lang='lat' dir='ltr'><strong>astare</strong></span> <span class='ocrx_word' id='word_1_267' title='bbox 1722 3353 1957 3408; x_wconf 82' lang='lat' dir='ltr'><strong>testatur,</strong></span> <span class='ocrx_word' id='word_1_268' title='bbox 1989 3360 2104 3398; x_wconf 89' lang='lat' dir='ltr'><strong>cum</strong></span> 
     </span>
    </p>
   </div>
   <div class='ocr_carea' id='block_1_37' title="bbox 582 3435 2108 3491">
    <p class='ocr_par' dir='ltr' id='par_1_37' title="bbox 582 3435 2108 3491">
     <span class='ocr_line' id='line_1_37' title="bbox 582 3435 2108 3491; baseline -0.001 -1"><span class='ocrx_word' id='word_1_269' title='bbox 582 3439 828 3491; x_wconf 62' lang='lat' dir='ltr'><strong>caelorum</strong></span> <span class='ocrx_word' id='word_1_270' title='bbox 875 3437 1144 3490; x_wconf 89' lang='lat' dir='ltr'><strong>Dominum</strong></span> <span class='ocrx_word' id='word_1_271' title='bbox 1194 3436 1367 3487; x_wconf 72' lang='lat' dir='ltr'><strong>Maria:</strong></span> <span class='ocrx_word' id='word_1_272' title='bbox 1413 3435 1782 3488; x_wconf 77' lang='lat' dir='ltr'><strong>infundendum</strong></span> <span class='ocrx_word' id='word_1_273' title='bbox 1826 3437 2108 3489; x_wconf 78' lang='lat' dir='ltr'><strong>visceribus</strong></span> 
     </span>
    </p>
   </div>
   <div class='ocr_carea' id='block_1_38' title="bbox 582 3523 2111 3591">
    <p class='ocr_par' dir='ltr' id='par_1_38' title="bbox 582 3523 2111 3591">
     <span class='ocr_line' id='line_1_38' title="bbox 582 3523 2111 3591; baseline -0.001 -13"><span class='ocrx_word' id='word_1_274' title='bbox 582 3527 862 3589; x_wconf 89' lang='lat' dir='ltr'><strong>nuutiaret,</strong></span> <span class='ocrx_word' id='word_1_275' title='bbox 908 3539 1128 3590; x_wconf 88' lang='lat' dir='ltr'><strong>cumque</strong></span> <span class='ocrx_word' id='word_1_276' title='bbox 1174 3523 1268 3575; x_wconf 88' lang='lat' dir='ltr'><strong>sub</strong></span> <span class='ocrx_word' id='word_1_277' title='bbox 1314 3524 1594 3576; x_wconf 66' lang='lat' dir='ltr'><strong>Dominicaa</strong></span> <span class='ocrx_word' id='word_1_278' title='bbox 1645 3523 1805 3576; x_wconf 88' lang='lat' dir='ltr'><strong>oeulis</strong></span> <span class='ocrx_word' id='word_1_279' title='bbox 1849 3524 2111 3591; x_wconf 79' lang='lat' dir='ltr'><strong>genitricis</strong></span> 
     </span>
    </p>
   </div>
   <div class='ocr_carea' id='block_1_39' title="bbox 583 3608 2113 3677">
    <p class='ocr_par' dir='ltr' id='par_1_39' title="bbox 583 3608 2113 3677">
     <span class='ocr_line' id='line_1_39' title="bbox 583 3608 2113 3677; baseline -0.003 -11"><span class='ocrx_word' id='word_1_280' title='bbox 583 3615 867 3669; x_wconf 77' lang='lat' dir='ltr'><strong>assisterct.</strong></span> <span class='ocrx_word' id='word_1_281' title='bbox 901 3614 1013 3665; x_wconf 87' lang='lat' dir='ltr'><strong>sine</strong></span> <span class='ocrx_word' id='word_1_282' title='bbox 1039 3611 1195 3664; x_wconf 87' lang='lat' dir='ltr'><strong>dubio</strong></span> <span class='ocrx_word' id='word_1_283' title='bbox 1222 3610 1355 3662; x_wconf 74' lang='lat' dir='ltr'><strong>cmlo</strong></span> <span class='ocrx_word' id='word_1_284' title='bbox 1377 3608 1402 3646; x_wconf 71' lang='grc' dir='ltr'><strong>ιι</strong></span> <span class='ocrx_word' id='word_1_285' title='bbox 1433 3617 1564 3671; x_wconf 88' lang='lat' dir='ltr'><strong>erat,</strong></span> <span class='ocrx_word' id='word_1_286' title='bbox 1607 3610 1767 3661; x_wconf 89' lang='lat' dir='ltr'><strong>maria</strong></span> <span class='ocrx_word' id='word_1_287' title='bbox 1803 3625 1904 3663; x_wconf 92' lang='lat' dir='ltr'><strong>non</strong></span> <span class='ocrx_word' id='word_1_288' title='bbox 1933 3624 2113 3677; x_wconf 85' lang='lat' dir='ltr'><strong>supcr-</strong></span> 
     </span>
    </p>
   </div>
   <div class='ocr_carea' id='block_1_40' title="bbox 583 3699 2112 3767">
    <p class='ocr_par' dir='ltr' id='par_1_40' title="bbox 583 3699 2112 3767">
     <span class='ocr_line' id='line_1_40' title="bbox 583 3699 2112 3767; baseline -0.001 -12"><span class='ocrx_word' id='word_1_289' title='bbox 583 3704 806 3764; x_wconf 64' lang='lat' dir='ltr'><strong>t&#39;olabat,</strong></span> <span class='ocrx_word' id='word_1_290' title='bbox 840 3715 996 3753; x_wconf 87' lang='lat' dir='ltr'><strong>vacua</strong></span> <span class='ocrx_word' id='word_1_291' title='bbox 1030 3709 1182 3767; x_wconf 87' lang='lat' dir='ltr'><strong>atque</strong></span> <span class='ocrx_word' id='word_1_292' title='bbox 1227 3699 1416 3752; x_wconf 70' lang='lat' dir='ltr'><strong>diffusa</strong></span> <span class='ocrx_word' id='word_1_293' title='bbox 1449 3699 1578 3752; x_wconf 86' lang='lat' dir='ltr'><strong>vasti</strong></span> <span class='ocrx_word' id='word_1_294' title='bbox 1621 3700 1753 3752; x_wconf 84' lang='lat' dir='ltr'><strong>aeris</strong></span> <span class='ocrx_word' id='word_1_295' title='bbox 1783 3715 1884 3752; x_wconf 91' lang='lat' dir='ltr'><strong>non</strong></span> <span class='ocrx_word' id='word_1_296' title='bbox 1929 3700 2112 3766; x_wconf 83' lang='lat' dir='ltr'><strong>imple-</strong></span> 
     </span>
    </p>
   </div>
   <div class='ocr_carea' id='block_1_41' title="bbox 584 3785 2103 3854">
    <p class='ocr_par' dir='ltr' id='par_1_41' title="bbox 584 3785 2103 3854">
     <span class='ocr_line' id='line_1_41' title="bbox 584 3785 2103 3854; baseline -0.002 -11"><span class='ocrx_word' id='word_1_297' title='bbox 584 3791 693 3854; x_wconf 92' lang='lat' dir='ltr'><strong>bat,</strong></span> <span class='ocrx_word' id='word_1_298' title='bbox 726 3791 814 3843; x_wconf 89' lang='lat' dir='ltr'><strong>sed</strong></span> <span class='ocrx_word' id='word_1_299' title='bbox 843 3790 986 3841; x_wconf 81' lang='lat' dir='ltr'><strong>illuni</strong></span> <span class='ocrx_word' id='word_1_300' title='bbox 1015 3797 1212 3841; x_wconf 88' lang='lat' dir='ltr'><strong>tantum</strong></span> <span class='ocrx_word' id='word_1_301' title='bbox 1242 3787 1407 3838; x_wconf 89' lang='lat' dir='ltr'><strong>locum</strong></span> <span class='ocrx_word' id='word_1_302' title='bbox 1435 3785 1484 3838; x_wconf 91' lang='lat' dir='ltr'><strong>in</strong></span> <span class='ocrx_word' id='word_1_303' title='bbox 1516 3801 1615 3852; x_wconf 90' lang='lat' dir='ltr'><strong>quo</strong></span> <span class='ocrx_word' id='word_1_304' title='bbox 1639 3793 1770 3852; x_wconf 89' lang='lat' dir='ltr'><strong>erat,</strong></span> <span class='ocrx_word' id='word_1_305' title='bbox 1800 3787 2103 3853; x_wconf 88' lang='lat' dir='ltr'><strong>occupabat.</strong></span> 
     </span>
    </p>
   </div>
   <div class='ocr_carea' id='block_1_42' title="bbox 588 3873 2108 3942">
    <p class='ocr_par' dir='ltr' id='par_1_42' title="bbox 588 3873 2108 3942">
     <span class='ocr_line' id='line_1_42' title="bbox 588 3873 2108 3942; baseline -0.002 -11"><span class='ocrx_word' id='word_1_306' title='bbox 588 3892 606 3916; x_wconf 75' lang='grc' dir='ltr'>ε</span> <span class='ocrx_word' id='word_1_307' title='bbox 640 3880 765 3941; x_wconf 60' lang='lat' dir='ltr'><strong>Quae</strong></span> <span class='ocrx_word' id='word_1_308' title='bbox 795 3892 910 3929; x_wconf 90' lang='lat' dir='ltr'><strong>cum</strong></span> <span class='ocrx_word' id='word_1_309' title='bbox 943 3877 1008 3928; x_wconf 80' lang='lat' dir='ltr'><strong>ita</strong></span> <span class='ocrx_word' id='word_1_310' title='bbox 1040 3875 1162 3935; x_wconf 87' lang='lat' dir='ltr'><strong>sint,</strong></span> <span class='ocrx_word' id='word_1_311' title='bbox 1195 3873 1440 3942; x_wconf 86' lang='lat' dir='ltr'><strong>quidquid</strong></span> <span class='ocrx_word' id='word_1_312' title='bbox 1472 3875 1638 3926; x_wconf 90' lang='lat' dir='ltr'><strong>locum</strong></span> <span class='ocrx_word' id='word_1_313' title='bbox 1669 3883 1904 3941; x_wconf 86' lang='lat' dir='ltr'><strong>occupat,</strong></span> <span class='ocrx_word' id='word_1_314' title='bbox 1923 3889 2108 3942; x_wconf 90' lang='lat' dir='ltr'><strong>corpus</strong></span> 
     </span>
    </p>
   </div>
   <div class='ocr_carea' id='block_1_43' title="bbox 586 3962 2111 4032">
    <p class='ocr_par' dir='ltr' id='par_1_43' title="bbox 586 3962 2111 4032">
     <span class='ocr_line' id='line_1_43' title="bbox 586 3962 2111 4032; baseline -0.003 -11"><span class='ocrx_word' id='word_1_315' title='bbox 586 3980 683 4028; x_wconf 83' lang='lat' dir='ltr'><strong>cs&#39;,</strong></span> <span class='ocrx_word' id='word_1_316' title='bbox 718 3967 889 4019; x_wconf 64' lang='lat' dir='ltr'><strong>nescio</strong></span> <span class='ocrx_word' id='word_1_317' title='bbox 918 3963 1178 4032; x_wconf 89' lang='lat' dir='ltr'><strong>quomodo</strong></span> <span class='ocrx_word' id='word_1_318' title='bbox 1209 3963 1353 4014; x_wconf 77' lang='lat' dir='ltr'><strong>loculi</strong></span> <span class='ocrx_word' id='word_1_319' title='bbox 1392 3962 1502 4028; x_wconf 75' lang='lat' dir='ltr'><strong>lege</strong></span> <span class='ocrx_word' id='word_1_320' title='bbox 1531 3977 1629 4014; x_wconf 92' lang='lat' dir='ltr'><strong>non</strong></span> <span class='ocrx_word' id='word_1_321' title='bbox 1659 3969 1909 4024; x_wconf 88' lang='lat' dir='ltr'><strong>teneatur,</strong></span> <span class='ocrx_word' id='word_1_322' title='bbox 1937 3964 2022 4030; x_wconf 92' lang='lat' dir='ltr'><strong>qui</strong></span> <span class='ocrx_word' id='word_1_323' title='bbox 2048 3963 2111 4016; x_wconf 92' lang='lat' dir='ltr'><strong>dc</strong></span> 
     </span>
    </p>
   </div>
   <div class='ocr_carea' id='block_1_44' title="bbox 587 4051 2113 4113">
    <p class='ocr_par' dir='ltr' id='par_1_44' title="bbox 587 4051 2113 4113">
     <span class='ocr_line' id='line_1_44' title="bbox 587 4051 2113 4113; baseline -0.003 -7"><span class='ocrx_word' id='word_1_324' title='bbox 587 4055 697 4107; x_wconf 74' lang='lat' dir='ltr'><strong>loco</strong></span> <span class='ocrx_word' id='word_1_325' title='bbox 730 4054 789 4104; x_wconf 89' lang='lat' dir='ltr'><strong>ad</strong></span> <span class='ocrx_word' id='word_1_326' title='bbox 821 4054 988 4106; x_wconf 90' lang='lat' dir='ltr'><strong>locum</strong></span> <span class='ocrx_word' id='word_1_327' title='bbox 1021 4051 1253 4107; x_wconf 81' lang='lat' dir='ltr'><strong>mittitur,</strong></span> <span class='ocrx_word' id='word_1_328' title='bbox 1286 4058 1335 4101; x_wconf 91' lang='lat' dir='ltr'><strong>et</strong></span> <span class='ocrx_word' id='word_1_329' title='bbox 1365 4051 1501 4100; x_wconf 86' lang='lat' dir='ltr'><strong>velut</strong></span> <span class='ocrx_word' id='word_1_330' title='bbox 1543 4063 1729 4113; x_wconf 82' lang='lat' dir='ltr'><strong>corpus</strong></span> <span class='ocrx_word' id='word_1_331' title='bbox 1759 4059 1899 4103; x_wconf 87' lang='lat' dir='ltr'><strong>motu</strong></span> <span class='ocrx_word' id='word_1_332' title='bbox 1939 4065 2113 4103; x_wconf 84' lang='lat' dir='ltr'><strong>acces-</strong></span> 
     </span>
    </p>
   </div>
   <div class='ocr_carea' id='block_1_45' title="bbox 586 4137 2113 4210">
    <p class='ocr_par' dir='ltr' id='par_1_45' title="bbox 586 4137 2113 4210">
     <span class='ocr_line' id='line_1_45' title="bbox 586 4137 2113 4210; baseline -0.002 -15"><span class='ocrx_word' id='word_1_333' title='bbox 586 4158 749 4210; x_wconf 82' lang='lat' dir='ltr'><strong>suque</strong></span> <span class='ocrx_word' id='word_1_334' title='bbox 782 4142 1106 4200; x_wconf 85' lang='lat' dir='ltr'><strong>transfertur,</strong></span> <span class='ocrx_word' id='word_1_335' title='bbox 1139 4138 1271 4190; x_wconf 90' lang='lat' dir='ltr'><strong>mole</strong></span> <span class='ocrx_word' id='word_1_336' title='bbox 1300 4137 1588 4199; x_wconf 47' lang='lat' dir='ltr'><strong>descendit,</strong></span> <span class='ocrx_word' id='word_1_337' title='bbox 1612 4138 1894 4192; x_wconf 86' lang='lat' dir='ltr'><strong>mobilitate</strong></span> <span class='ocrx_word' id='word_1_338' title='bbox 1914 4138 2113 4192; x_wconf 88' lang='lat' dir='ltr'><strong>discur-</strong></span> 
     </span>
    </p>
   </div>
   <div class='ocr_carea' id='block_1_46' title="bbox 587 4225 2110 4292">
    <p class='ocr_par' dir='ltr' id='par_1_46' title="bbox 587 4225 2110 4292">
     <span class='ocr_line' id='line_1_46' title="bbox 587 4225 2110 4292; baseline -0.001 -10"><span class='ocrx_word' id='word_1_339' title='bbox 587 4233 674 4292; x_wconf 85' lang='lat' dir='ltr'><strong>rit,</strong></span> <span class='ocrx_word' id='word_1_340' title='bbox 705 4231 863 4289; x_wconf 79' lang='lat' dir='ltr'><strong>vadit,</strong></span> <span class='ocrx_word' id='word_1_341' title='bbox 891 4229 1043 4289; x_wconf 87' lang='lat' dir='ltr'><strong>redit,</strong></span> <span class='ocrx_word' id='word_1_342' title='bbox 1068 4227 1324 4284; x_wconf 86' lang='lat' dir='ltr'><strong>absentat.</strong></span> <span class='ocrx_word' id='word_1_343' title='bbox 1351 4225 1638 4277; x_wconf 87' lang='lat' dir='ltr'><strong>descendit.</strong></span> <span class='ocrx_word' id='word_1_344' title='bbox 1667 4225 1757 4278; x_wconf 88' lang='lat' dir='ltr'><strong>Vel</strong></span> <span class='ocrx_word' id='word_1_345' title='bbox 1799 4227 1903 4292; x_wconf 83' lang='lat' dir='ltr'><strong>ille,</strong></span> <span class='ocrx_word' id='word_1_346' title='bbox 1932 4227 2110 4289; x_wconf 86' lang='lat' dir='ltr'><strong>credo,</strong></span> 
     </span>
    </p>
   </div>
   <div class='ocr_carea' id='block_1_47' title="bbox 592 4313 2111 4381">
    <p class='ocr_par' dir='ltr' id='par_1_47' title="bbox 592 4313 2111 4381">
     <span class='ocr_line' id='line_1_47' title="bbox 592 4313 2111 4381; baseline -0.001 -15"><span class='ocrx_word' id='word_1_347' title='bbox 592 4318 767 4369; x_wconf 84' lang='lat' dir='ltr'><strong>localis</strong></span> <span class='ocrx_word' id='word_1_348' title='bbox 810 4326 907 4376; x_wconf 83' lang='lat' dir='ltr'><strong>est,</strong></span> <span class='ocrx_word' id='word_1_349' title='bbox 943 4328 1039 4365; x_wconf 86' lang='lat' dir='ltr'><strong>nec</strong></span> <span class='ocrx_word' id='word_1_350' title='bbox 1067 4327 1122 4364; x_wconf 86' lang='lat' dir='ltr'><strong>se</strong></span> <span class='ocrx_word' id='word_1_351' title='bbox 1153 4314 1318 4363; x_wconf 81' lang='lat' dir='ltr'><strong>solum</strong></span> <span class='ocrx_word' id='word_1_352' title='bbox 1349 4313 1559 4362; x_wconf 83' lang='lat' dir='ltr'><strong>localetn</strong></span> <span class='ocrx_word' id='word_1_353' title='bbox 1589 4325 1703 4364; x_wconf 74' lang='lat' dir='ltr'><strong>e~se</strong></span> <span class='ocrx_word' id='word_1_354' title='bbox 1749 4313 1992 4378; x_wconf 86' lang='lat' dir='ltr'><strong>prodidit,</strong></span> <span class='ocrx_word' id='word_1_355' title='bbox 2023 4315 2111 4381; x_wconf 88' lang='lat' dir='ltr'><strong>qui</strong></span> 
     </span>
    </p>
   </div>
   <div class='ocr_carea' id='block_1_48' title="bbox 2206 487 3709 557">
    <p class='ocr_par' dir='ltr' id='par_1_48' title="bbox 2206 487 3709 557">
     <span class='ocr_line' id='line_1_48' title="bbox 2206 487 3709 557; baseline 0.009 -18"><span class='ocrx_word' id='word_1_356' title='bbox 2206 487 2317 554; x_wconf 87' lang='lat' dir='ltr'><strong>ipsa</strong></span> <span class='ocrx_word' id='word_1_357' title='bbox 2342 488 2518 555; x_wconf 87' lang='lat' dir='ltr'><strong>nescio</strong></span> <span class='ocrx_word' id='word_1_358' title='bbox 2537 503 2651 556; x_wconf 79' lang='lat' dir='ltr'><strong>qua:</strong></span> <span class='ocrx_word' id='word_1_359' title='bbox 2678 489 2924 557; x_wconf 76' lang='lat' dir='ltr'><strong>colligere</strong></span> <span class='ocrx_word' id='word_1_360' title='bbox 2952 504 3012 544; x_wconf 88' lang='lat' dir='ltr'><strong>se</strong></span> <span class='ocrx_word' id='word_1_361' title='bbox 3040 492 3207 557; x_wconf 63' lang='lat' dir='ltr'><strong>potuit</strong></span> <span class='ocrx_word' id='word_1_362' title='bbox 3245 493 3541 556; x_wconf 69' lang='lat' dir='ltr'><strong>crassitudo,</strong></span> <span class='ocrx_word' id='word_1_363' title='bbox 3562 497 3600 548; x_wconf 92' lang='lat' dir='ltr'><strong>si</strong></span> <span class='ocrx_word' id='word_1_364' title='bbox 3631 512 3709 552; x_wconf 84' lang='lat' dir='ltr'><strong>se-</strong></span> 
     </span>
    </p>
   </div>
   <div class='ocr_carea' id='block_1_49' title="bbox 2205 577 3706 646">
    <p class='ocr_par' dir='ltr' id='par_1_49' title="bbox 2205 577 3706 646">
     <span class='ocr_line' id='line_1_49' title="bbox 2205 577 3706 646; baseline 0.008 -16"><span class='ocrx_word' id='word_1_365' title='bbox 2205 591 2323 630; x_wconf 89' lang='lat' dir='ltr'><strong>cum</strong></span> <span class='ocrx_word' id='word_1_366' title='bbox 2352 577 2541 646; x_wconf 86' lang='lat' dir='ltr'><strong>aliqnid</strong></span> <span class='ocrx_word' id='word_1_367' title='bbox 2579 579 2851 645; x_wconf 88' lang='lat' dir='ltr'><strong>corporale</strong></span> <span class='ocrx_word' id='word_1_368' title='bbox 2877 580 2941 633; x_wconf 91' lang='lat' dir='ltr'><strong>de</strong></span> <span class='ocrx_word' id='word_1_369' title='bbox 2966 580 3052 633; x_wconf 80' lang='lat' dir='ltr'><strong>illa</strong></span> <span class='ocrx_word' id='word_1_370' title='bbox 3095 581 3295 636; x_wconf 65' lang='lat' dir='ltr'><strong>caelesti</strong></span> <span class='ocrx_word' id='word_1_371' title='bbox 3328 597 3444 636; x_wconf 90' lang='lat' dir='ltr'><strong>arce</strong></span> <span class='ocrx_word' id='word_1_372' title='bbox 3463 600 3554 636; x_wconf 91' lang='lat' dir='ltr'><strong>non</strong></span> <span class='ocrx_word' id='word_1_373' title='bbox 3578 587 3706 643; x_wconf 84' lang='lat' dir='ltr'><strong>detu-</strong></span> 
     </span>
    </p>
   </div>
   <div class='ocr_carea' id='block_1_50' title="bbox 2206 665 3710 741">
    <p class='ocr_par' dir='ltr' id='par_1_50' title="bbox 2206 665 3710 741">
     <span class='ocr_line' id='line_1_50' title="bbox 2206 665 3710 741; baseline 0.007 -22"><span class='ocrx_word' id='word_1_374' title='bbox 2206 666 2296 719; x_wconf 87' lang='lat' dir='ltr'><strong>lit?</strong></span> <span class='ocrx_word' id='word_1_375' title='bbox 2321 665 2581 730; x_wconf 85' lang='lat' dir='ltr'><strong>Alienum,</strong></span> <span class='ocrx_word' id='word_1_376' title='bbox 2611 675 2666 720; x_wconf 93' lang='lat' dir='ltr'><strong>ut</strong></span> <span class='ocrx_word' id='word_1_377' title='bbox 2701 667 2874 734; x_wconf 77' lang='lat' dir='ltr'><strong>video,</strong></span> <span class='ocrx_word' id='word_1_378' title='bbox 2904 683 3094 736; x_wconf 88' lang='lat' dir='ltr'><strong>corpus</strong></span> <span class='ocrx_word' id='word_1_379' title='bbox 3119 670 3183 723; x_wconf 87' lang='lat' dir='ltr'><strong>ad</strong></span> <span class='ocrx_word' id='word_1_380' title='bbox 3228 681 3531 725; x_wconf 87' lang='lat' dir='ltr'><strong>tormentum</strong></span> <span class='ocrx_word' id='word_1_381' title='bbox 3559 686 3710 741; x_wconf 87' lang='lat' dir='ltr'><strong>porta-</strong></span> 
     </span>
    </p>
   </div>
   <div class='ocr_carea' id='block_1_51' title="bbox 2206 755 3706 824">
    <p class='ocr_par' dir='ltr' id='par_1_51' title="bbox 2206 755 3706 824">
     <span class='ocr_line' id='line_1_51' title="bbox 2206 755 3706 824; baseline 0.007 -16"><span class='ocrx_word' id='word_1_382' title='bbox 2206 755 2308 809; x_wconf 84' lang='lat' dir='ltr'><strong>bis.</strong></span> <span class='ocrx_word' id='word_1_383' title='bbox 2337 757 2537 822; x_wconf 88' lang='lat' dir='ltr'><strong>Corpus</strong></span> <span class='ocrx_word' id='word_1_384' title='bbox 2564 755 2737 824; x_wconf 86' lang='lat' dir='ltr'><strong>itaque</strong></span> <span class='ocrx_word' id='word_1_385' title='bbox 2766 771 2885 811; x_wconf 87' lang='lat' dir='ltr'><strong>esse</strong></span> <span class='ocrx_word' id='word_1_386' title='bbox 2907 759 3062 811; x_wconf 89' lang='lat' dir='ltr'><strong>etiam</strong></span> <span class='ocrx_word' id='word_1_387' title='bbox 3084 773 3150 812; x_wconf 77' lang='lat' dir='ltr'><strong>ex</strong></span> <span class='ocrx_word' id='word_1_388' title='bbox 3171 773 3265 812; x_wconf 89' lang='lat' dir='ltr'><strong>sua</strong></span> <span class='ocrx_word' id='word_1_389' title='bbox 3289 761 3565 817; x_wconf 83' lang='lat' dir='ltr'><strong>assertione</strong></span> <span class='ocrx_word' id='word_1_390' title='bbox 3582 778 3706 819; x_wconf 83' lang='lat' dir='ltr'><strong>reco-</strong></span> 
     </span>
    </p>
   </div>
   <div class='ocr_carea' id='block_1_52' title="bbox 2206 849 3702 931">
    <p class='ocr_par' dir='ltr' id='par_1_52' title="bbox 2206 849 3702 931">
     <span class='ocr_line' id='line_1_52' title="bbox 2206 849 3702 931; baseline 0.007 -33"><span class='ocrx_word' id='word_1_391' title='bbox 2206 859 2415 914; x_wconf 85' lang='lat' dir='ltr'><strong>gnosce.</strong></span> <span class='ocrx_word' id='word_1_392' title='bbox 2446 849 2650 916; x_wconf 80' lang='lat' dir='ltr'><strong>Corpus</strong></span> <span class='ocrx_word' id='word_1_393' title='bbox 2677 858 2756 900; x_wconf 89' lang='lat' dir='ltr'><strong>est</strong></span> <span class='ocrx_word' id='word_1_394' title='bbox 2784 849 2920 931; x_wconf 73' lang='lat' dir='ltr'><strong>quod</strong></span> <span class='ocrx_word' id='word_1_395' title='bbox 2958 849 3205 912; x_wconf 83' lang='lat' dir='ltr'><strong>inficitur,</strong></span> <span class='ocrx_word' id='word_1_396' title='bbox 3254 851 3392 919; x_wconf 90' lang='lat' dir='ltr'><strong>quod</strong></span> <span class='ocrx_word' id='word_1_397' title='bbox 3434 853 3702 918; x_wconf 85' lang='lat' dir='ltr'><strong>maculatur,</strong></span> 
     </span>
    </p>
   </div>
   <div class='ocr_carea' id='block_1_53' title="bbox 2208 934 3704 1006">
    <p class='ocr_par' dir='ltr' id='par_1_53' title="bbox 2208 934 3704 1006">
     <span class='ocr_line' id='line_1_53' title="bbox 2208 934 3704 1006; baseline 0.007 -19"><span class='ocrx_word' id='word_1_398' title='bbox 2208 934 2346 1001; x_wconf 90' lang='lat' dir='ltr'><strong>quod</strong></span> <span class='ocrx_word' id='word_1_399' title='bbox 2373 949 2678 1004; x_wconf 89' lang='lat' dir='ltr'><strong>quacunque</strong></span> <span class='ocrx_word' id='word_1_400' title='bbox 2720 951 2786 990; x_wconf 79' lang='lat' dir='ltr'><strong>ex</strong></span> <span class='ocrx_word' id='word_1_401' title='bbox 2827 937 3092 992; x_wconf 87' lang='lat' dir='ltr'><strong>accedenti</strong></span> <span class='ocrx_word' id='word_1_402' title='bbox 3125 937 3422 1006; x_wconf 87' lang='lat' dir='ltr'><strong>adjectione</strong></span> <span class='ocrx_word' id='word_1_403' title='bbox 3445 937 3470 978; x_wconf 68' lang='lat' dir='ltr'><strong>‘l</strong></span> <span class='ocrx_word' id='word_1_404' title='bbox 3500 941 3704 997; x_wconf 82' lang='lat' dir='ltr'><strong>vertitur.</strong></span> 
     </span>
    </p>
   </div>
   <div class='ocr_carea' id='block_1_54' title="bbox 2207 1019 3704 1098">
    <p class='ocr_par' dir='ltr' id='par_1_54' title="bbox 2207 1019 3704 1098">
     <span class='ocr_line' id='line_1_54' title="bbox 2207 1019 3704 1098; baseline 0.007 -24"><span class='ocrx_word' id='word_1_405' title='bbox 2207 1019 2302 1075; x_wconf 82' lang='lat' dir='ltr'><strong>llic</strong></span> <span class='ocrx_word' id='word_1_406' title='bbox 2321 1037 2447 1090; x_wconf 90' lang='lat' dir='ltr'><strong>ergo</strong></span> <span class='ocrx_word' id='word_1_407' title='bbox 2474 1021 2666 1077; x_wconf 91' lang='lat' dir='ltr'><strong>dudum</strong></span> <span class='ocrx_word' id='word_1_408' title='bbox 2697 1026 3071 1094; x_wconf 90' lang='lat' dir='ltr'><strong>primogenitus</strong></span> <span class='ocrx_word' id='word_1_409' title='bbox 3099 1027 3420 1094; x_wconf 76' lang='lat' dir='ltr'><strong>angelorum,</strong></span> <span class='ocrx_word' id='word_1_410' title='bbox 3465 1045 3585 1084; x_wconf 85' lang='lat' dir='ltr'><strong>nunc</strong></span> <span class='ocrx_word' id='word_1_411' title='bbox 3616 1032 3704 1098; x_wconf 83' lang='lat' dir='ltr'><strong>pri-</strong></span> 
     </span>
    </p>
   </div>
   <div class='ocr_carea' id='block_1_55' title="bbox 2210 1111 3705 1188">
    <p class='ocr_par' dir='ltr' id='par_1_55' title="bbox 2210 1111 3705 1188">
     <span class='ocr_line' id='line_1_55' title="bbox 2210 1111 3705 1188; baseline 0.005 -24"><span class='ocrx_word' id='word_1_412' title='bbox 2210 1127 2324 1165; x_wconf 89' lang='lat' dir='ltr'><strong>mus</strong></span> <span class='ocrx_word' id='word_1_413' title='bbox 2345 1111 2509 1166; x_wconf 83' lang='lat' dir='ltr'><strong>factus</strong></span> <span class='ocrx_word' id='word_1_414' title='bbox 2534 1122 2615 1166; x_wconf 91' lang='lat' dir='ltr'><strong>est</strong></span> <span class='ocrx_word' id='word_1_415' title='bbox 2641 1121 2663 1150; x_wconf 75' lang='grc' dir='ltr'><strong><em>ο</em></strong></span> <span class='ocrx_word' id='word_1_416' title='bbox 2689 1116 3041 1180; x_wconf 88' lang='lat' dir='ltr'><strong>tenebrarum,</strong></span> <span class='ocrx_word' id='word_1_417' title='bbox 3067 1125 3120 1170; x_wconf 89' lang='lat' dir='ltr'><strong>et</strong></span> <span class='ocrx_word' id='word_1_418' title='bbox 3147 1119 3297 1185; x_wconf 85' lang='lat' dir='ltr'><strong>quasi</strong></span> <span class='ocrx_word' id='word_1_419' title='bbox 3324 1132 3587 1186; x_wconf 81' lang='lat' dir='ltr'><strong>corporeus</strong></span> <span class='ocrx_word' id='word_1_420' title='bbox 3608 1123 3705 1188; x_wconf 52' lang='lat' dir='ltr'><strong>pul.</strong></span> 
     </span>
    </p>
   </div>
   <div class='ocr_carea' id='block_1_56' title="bbox 2208 1201 3703 1275">
    <p class='ocr_par' dir='ltr' id='par_1_56' title="bbox 2208 1201 3703 1275">
     <span class='ocr_line' id='line_1_56' title="bbox 2208 1201 3703 1275; baseline 0.005 -20"><span class='ocrx_word' id='word_1_421' title='bbox 2208 1201 2335 1255; x_wconf 86' lang='lat' dir='ltr'><strong>cher</strong></span> <span class='ocrx_word' id='word_1_422' title='bbox 2375 1211 2496 1255; x_wconf 83' lang='lat' dir='ltr'><strong>ante</strong></span> <span class='ocrx_word' id='word_1_423' title='bbox 2524 1217 2659 1256; x_wconf 89' lang='lat' dir='ltr'><strong>nunc</strong></span> <span class='ocrx_word' id='word_1_424' title='bbox 2686 1203 2944 1271; x_wconf 76' lang='lat' dir='ltr'><strong>degener;</strong></span> <span class='ocrx_word' id='word_1_425' title='bbox 2989 1204 3184 1258; x_wconf 90' lang='lat' dir='ltr'><strong>dudum</strong></span> <span class='ocrx_word' id='word_1_426' title='bbox 3226 1207 3428 1261; x_wconf 68' lang='lat' dir='ltr'><strong>caelesti</strong></span> <span class='ocrx_word' id='word_1_427' title='bbox 3464 1208 3703 1275; x_wconf 83' lang='lat' dir='ltr'><strong>splendore</strong></span> 
     </span>
    </p>
   </div>
   <div class='ocr_carea' id='block_1_57' title="bbox 2208 1291 3701 1361">
    <p class='ocr_par' dir='ltr' id='par_1_57' title="bbox 2208 1291 3701 1361">
     <span class='ocr_line' id='line_1_57' title="bbox 2208 1291 3701 1361; baseline 0.005 -18"><span class='ocrx_word' id='word_1_428' title='bbox 2208 1291 2537 1358; x_wconf 88' lang='lat' dir='ltr'><strong>conspicuus,</strong></span> <span class='ocrx_word' id='word_1_429' title='bbox 2569 1306 2706 1345; x_wconf 89' lang='lat' dir='ltr'><strong>nunc</strong></span> <span class='ocrx_word' id='word_1_430' title='bbox 2733 1300 2868 1346; x_wconf 92' lang='lat' dir='ltr'><strong>tetro</strong></span> <span class='ocrx_word' id='word_1_431' title='bbox 2895 1293 3165 1346; x_wconf 90' lang='lat' dir='ltr'><strong>infernalis</strong></span> <span class='ocrx_word' id='word_1_432' title='bbox 3187 1297 3382 1361; x_wconf 89' lang='lat' dir='ltr'><strong>peccati</strong></span> <span class='ocrx_word' id='word_1_433' title='bbox 3412 1297 3604 1350; x_wconf 87' lang='lat' dir='ltr'><strong>horrore</strong></span> <span class='ocrx_word' id='word_1_434' title='bbox 3623 1297 3701 1350; x_wconf 74' lang='lat' dir='ltr'><strong>frr-</strong></span> 
     </span>
    </p>
   </div>
   <div class='ocr_carea' id='block_1_58' title="bbox 2208 1378 3700 1454">
    <p class='ocr_par' dir='ltr' id='par_1_58' title="bbox 2208 1378 3700 1454">
     <span class='ocr_line' id='line_1_58' title="bbox 2208 1378 3700 1454; baseline 0.005 -23"><span class='ocrx_word' id='word_1_435' title='bbox 2208 1379 2378 1431; x_wconf 87' lang='lat' dir='ltr'><strong>datus.</strong></span> <span class='ocrx_word' id='word_1_436' title='bbox 2409 1378 2946 1449; x_wconf 79' lang='lat' dir='ltr'><strong>Corpus,inquatn,est</strong></span> <span class='ocrx_word' id='word_1_437' title='bbox 2969 1381 3105 1450; x_wconf 91' lang='lat' dir='ltr'><strong>quod</strong></span> <span class='ocrx_word' id='word_1_438' title='bbox 3140 1384 3315 1448; x_wconf 91' lang='lat' dir='ltr'><strong>habet,</strong></span> <span class='ocrx_word' id='word_1_439' title='bbox 3342 1388 3535 1440; x_wconf 83' lang='lat' dir='ltr'><strong>actione</strong></span> <span class='ocrx_word' id='word_1_440' title='bbox 3551 1385 3700 1454; x_wconf 78' lang='lat' dir='ltr'><strong>depel-</strong></span> 
     </span>
    </p>
   </div>
   <div class='ocr_carea' id='block_1_59' title="bbox 2212 1469 3702 1542">
    <p class='ocr_par' dir='ltr' id='par_1_59' title="bbox 2212 1469 3702 1542">
     <span class='ocr_line' id='line_1_59' title="bbox 2212 1469 3702 1542; baseline 0.005 -18"><span class='ocrx_word' id='word_1_441' title='bbox 2212 1472 2354 1540; x_wconf 91' lang='lat' dir='ltr'><strong>litur,</strong></span> <span class='ocrx_word' id='word_1_442' title='bbox 2383 1472 2670 1541; x_wconf 87' lang='lat' dir='ltr'><strong>quantitate</strong></span> <span class='ocrx_word' id='word_1_443' title='bbox 2717 1473 3176 1536; x_wconf 82' lang='lat' dir='ltr'><strong>circumscribitur,</strong></span> <span class='ocrx_word' id='word_1_444' title='bbox 3209 1469 3457 1542; x_wconf 87' lang='lat' dir='ltr'><strong>qua‘itate</strong></span> <span class='ocrx_word' id='word_1_445' title='bbox 3492 1486 3702 1540; x_wconf 65' lang='lat' dir='ltr'><strong>munitur,</strong></span> 
     </span>
    </p>
   </div>
   <div class='ocr_carea' id='block_1_60' title="bbox 2209 1559 3700 1634">
    <p class='ocr_par' dir='ltr' id='par_1_60' title="bbox 2209 1559 3700 1634">
     <span class='ocr_line' id='line_1_60' title="bbox 2209 1559 3700 1634; baseline 0.003 -22"><span class='ocrx_word' id='word_1_446' title='bbox 2209 1559 2391 1614; x_wconf 90' lang='lat' dir='ltr'><strong>dolore</strong></span> <span class='ocrx_word' id='word_1_447' title='bbox 2415 1561 2687 1614; x_wconf 89' lang='lat' dir='ltr'><strong>conficitur</strong></span> <span class='ocrx_word' id='word_1_448' title='bbox 2711 1578 2723 1612; x_wconf 90' lang='lat'><strong>:</strong></span> <span class='ocrx_word' id='word_1_449' title='bbox 2749 1576 2862 1630; x_wconf 68' lang='lat' dir='ltr'><strong>quae</strong></span> <span class='ocrx_word' id='word_1_450' title='bbox 2889 1576 3008 1616; x_wconf 87' lang='lat' dir='ltr'><strong>cum</strong></span> <span class='ocrx_word' id='word_1_451' title='bbox 3034 1562 3105 1615; x_wconf 88' lang='lat' dir='ltr'><strong>ita</strong></span> <span class='ocrx_word' id='word_1_452' title='bbox 3126 1563 3377 1626; x_wconf 87' lang='lat' dir='ltr'><strong>habeant,</strong></span> <span class='ocrx_word' id='word_1_453' title='bbox 3406 1565 3524 1631; x_wconf 78' lang='lat' dir='ltr'><strong>quin</strong></span> <span class='ocrx_word' id='word_1_454' title='bbox 3547 1579 3700 1634; x_wconf 84' lang='lat' dir='ltr'><strong>corpo-</strong></span> 
     </span>
    </p>
   </div>
   <div class='ocr_carea' id='block_1_61' title="bbox 2212 1650 3701 1722">
    <p class='ocr_par' dir='ltr' id='par_1_61' title="bbox 2212 1650 3701 1722">
     <span class='ocr_line' id='line_1_61' title="bbox 2212 1650 3701 1722; baseline 0.001 -19"><span class='ocrx_word' id='word_1_455' title='bbox 2212 1665 2354 1704; x_wconf 91' lang='lat' dir='ltr'><strong>reum</strong></span> <span class='ocrx_word' id='word_1_456' title='bbox 2375 1650 2554 1704; x_wconf 90' lang='lat' dir='ltr'><strong>dicunt</strong></span> <span class='ocrx_word' id='word_1_457' title='bbox 2581 1651 2851 1704; x_wconf 87' lang='lat' dir='ltr'><strong>animum?</strong></span> <span class='ocrx_word' id='word_1_458' title='bbox 2881 1651 3009 1706; x_wconf 82' lang='lat' dir='ltr'><strong>Vide</strong></span> <span class='ocrx_word' id='word_1_459' title='bbox 3039 1651 3091 1706; x_wconf 90' lang='lat' dir='ltr'><strong>in</strong></span> <span class='ocrx_word' id='word_1_460' title='bbox 3137 1667 3292 1722; x_wconf 90' lang='lat' dir='ltr'><strong>quam</strong></span> <span class='ocrx_word' id='word_1_461' title='bbox 3342 1653 3623 1719; x_wconf 90' lang='lat' dir='ltr'><strong>profundum</strong></span> <span class='ocrx_word' id='word_1_462' title='bbox 3655 1667 3701 1705; x_wconf 82' lang='lat' dir='ltr'><strong>se</strong></span> 
     </span>
    </p>
   </div>
   <div class='ocr_carea' id='block_1_62' title="bbox 2209 1741 3702 1810">
    <p class='ocr_par' dir='ltr' id='par_1_62' title="bbox 2209 1741 3702 1810">
     <span class='ocr_line' id='line_1_62' title="bbox 2209 1741 3702 1810; baseline 0.003 -17"><span class='ocrx_word' id='word_1_463' title='bbox 2209 1741 2404 1793; x_wconf 87' lang='lat' dir='ltr'><strong>crimen</strong></span> <span class='ocrx_word' id='word_1_464' title='bbox 2437 1741 2766 1808; x_wconf 78' lang='lat' dir='ltr'><strong>immergant.</strong></span> <span class='ocrx_word' id='word_1_465' title='bbox 2793 1742 2905 1795; x_wconf 81' lang='lat' dir='ltr'><strong>Jam</strong></span> <span class='ocrx_word' id='word_1_466' title='bbox 2935 1743 3159 1810; x_wconf 86' lang='lat' dir='ltr'><strong>primunt</strong></span> <span class='ocrx_word' id='word_1_467' title='bbox 3188 1757 3306 1796; x_wconf 90' lang='lat' dir='ltr'><strong>cum</strong></span> <span class='ocrx_word' id='word_1_468' title='bbox 3335 1753 3507 1797; x_wconf 89' lang='lat' dir='ltr'><strong>auctor</strong></span> <span class='ocrx_word' id='word_1_469' title='bbox 3532 1744 3702 1797; x_wconf 76' lang='lat' dir='ltr'><strong>univer-</strong></span> 
     </span>
    </p>
   </div>
   <div class='ocr_carea' id='block_1_63' title="bbox 2210 1830 3701 1901">
    <p class='ocr_par' dir='ltr' id='par_1_63' title="bbox 2210 1830 3701 1901">
     <span class='ocr_line' id='line_1_63' title="bbox 2210 1830 3701 1901; baseline 0.003 -19"><span class='ocrx_word' id='word_1_470' title='bbox 2210 1831 2378 1884; x_wconf 87' lang='lat' dir='ltr'><strong>sitatis</strong></span> <span class='ocrx_word' id='word_1_471' title='bbox 2410 1830 2542 1884; x_wconf 90' lang='lat' dir='ltr'><strong>Deus</strong></span> <span class='ocrx_word' id='word_1_472' title='bbox 2567 1831 2738 1884; x_wconf 88' lang='lat' dir='ltr'><strong>omnia</strong></span> <span class='ocrx_word' id='word_1_473' title='bbox 2766 1832 2816 1883; x_wconf 91' lang='lat' dir='ltr'><strong>in</strong></span> <span class='ocrx_word' id='word_1_474' title='bbox 2840 1846 3053 1886; x_wconf 87' lang='lat' dir='ltr'><strong>numero</strong></span> <span class='ocrx_word' id='word_1_475' title='bbox 3074 1843 3124 1886; x_wconf 89' lang='lat' dir='ltr'><strong>et</strong></span> <span class='ocrx_word' id='word_1_476' title='bbox 3147 1833 3377 1901; x_wconf 89' lang='lat' dir='ltr'><strong>pondere</strong></span> <span class='ocrx_word' id='word_1_477' title='bbox 3405 1835 3573 1888; x_wconf 85' lang='lat' dir='ltr'><strong>fecisse</strong></span> <span class='ocrx_word' id='word_1_478' title='bbox 3589 1833 3701 1888; x_wconf 81' lang='lat' dir='ltr'><strong>refe-</strong></span> 
     </span>
    </p>
   </div>
   <div class='ocr_carea' id='block_1_64' title="bbox 2211 1917 3698 1986">
    <p class='ocr_par' dir='ltr' id='par_1_64' title="bbox 2211 1917 3698 1986">
     <span class='ocr_line' id='line_1_64' title="bbox 2211 1917 3698 1986; baseline 0.001 -14"><span class='ocrx_word' id='word_1_479' title='bbox 2211 1929 2371 1972; x_wconf 92' lang='lat' dir='ltr'><strong>ratur.</strong></span> <span class='ocrx_word' id='word_1_480' title='bbox 2404 1917 2538 1986; x_wconf 81' lang='lat' dir='ltr'><strong>Ergo</strong></span> <span class='ocrx_word' id='word_1_481' title='bbox 2564 1918 2734 1972; x_wconf 89' lang='lat' dir='ltr'><strong>anima</strong></span> <span class='ocrx_word' id='word_1_482' title='bbox 2763 1936 2791 1972; x_wconf 90' lang='lat' dir='ltr'><strong>a</strong></span> <span class='ocrx_word' id='word_1_483' title='bbox 2821 1922 3035 1974; x_wconf 88' lang='lat' dir='ltr'><strong>materia</strong></span> <span class='ocrx_word' id='word_1_484' title='bbox 3076 1923 3332 1976; x_wconf 77' lang='lat' dir='ltr'><strong>universa:</strong></span> <span class='ocrx_word' id='word_1_485' title='bbox 3367 1936 3600 1976; x_wconf 72' lang='lat' dir='ltr'><strong>creature</strong></span> <span class='ocrx_word' id='word_1_486' title='bbox 3622 1939 3698 1976; x_wconf 76' lang='lat' dir='ltr'><strong>et-</strong></span> 
     </span>
    </p>
   </div>
   <div class='ocr_carea' id='block_1_65' title="bbox 2209 2006 3688 2076">
    <p class='ocr_par' dir='ltr' id='par_1_65' title="bbox 2209 2006 3688 2076">
     <span class='ocr_line' id='line_1_65' title="bbox 2209 2006 3688 2076; baseline 0.002 -16"><span class='ocrx_word' id='word_1_487' title='bbox 2209 2015 2355 2074; x_wconf 88' lang='lat' dir='ltr'><strong>cepta</strong></span> <span class='ocrx_word' id='word_1_488' title='bbox 2383 2021 2502 2060; x_wconf 89' lang='lat' dir='ltr'><strong>esse</strong></span> <span class='ocrx_word' id='word_1_489' title='bbox 2525 2006 2753 2060; x_wconf 89' lang='lat' dir='ltr'><strong>creditur</strong></span> <span class='ocrx_word' id='word_1_490' title='bbox 2782 2026 2794 2057; x_wconf 87' lang='lat'><strong>:</strong></span> <span class='ocrx_word' id='word_1_491' title='bbox 2820 2022 2934 2075; x_wconf 82' lang='lat' dir='ltr'><strong>qua:</strong></span> <span class='ocrx_word' id='word_1_492' title='bbox 2962 2023 3066 2060; x_wconf 87' lang='lat' dir='ltr'><strong>non</strong></span> <span class='ocrx_word' id='word_1_493' title='bbox 3091 2019 3170 2062; x_wconf 87' lang='lat' dir='ltr'><strong>est</strong></span> <span class='ocrx_word' id='word_1_494' title='bbox 3199 2024 3468 2076; x_wconf 84' lang='lat' dir='ltr'><strong>corporea,</strong></span> <span class='ocrx_word' id='word_1_495' title='bbox 3495 2011 3688 2064; x_wconf 83' lang='lat' dir='ltr'><strong>neeloca</strong></span> 
     </span>
    </p>
   </div>
   <div class='ocr_carea' id='block_1_66' title="bbox 2210 2095 3699 2165">
    <p class='ocr_par' dir='ltr' id='par_1_66' title="bbox 2210 2095 3699 2165">
     <span class='ocr_line' id='line_1_66' title="bbox 2210 2095 3699 2165; baseline 0.001 -17"><span class='ocrx_word' id='word_1_496' title='bbox 2210 2095 2272 2148; x_wconf 90' lang='lat' dir='ltr'><strong>lis</strong></span> <span class='ocrx_word' id='word_1_497' title='bbox 2300 2104 2396 2156; x_wconf 91' lang='lat' dir='ltr'><strong>est,</strong></span> <span class='ocrx_word' id='word_1_498' title='bbox 2423 2095 2466 2147; x_wconf 89' lang='lat' dir='ltr'><strong>si</strong></span> <span class='ocrx_word' id='word_1_499' title='bbox 2493 2096 2609 2149; x_wconf 91' lang='lat' dir='ltr'><strong>loco</strong></span> <span class='ocrx_word' id='word_1_500' title='bbox 2634 2111 2738 2149; x_wconf 91' lang='lat' dir='ltr'><strong>non</strong></span> <span class='ocrx_word' id='word_1_501' title='bbox 2774 2097 3088 2158; x_wconf 88' lang='lat' dir='ltr'><strong>continetur,</strong></span> <span class='ocrx_word' id='word_1_502' title='bbox 3120 2110 3246 2164; x_wconf 89' lang='lat' dir='ltr'><strong>ergo</strong></span> <span class='ocrx_word' id='word_1_503' title='bbox 3274 2099 3460 2165; x_wconf 88' lang='lat' dir='ltr'><strong>ubique</strong></span> <span class='ocrx_word' id='word_1_504' title='bbox 3495 2099 3699 2152; x_wconf 76' lang='lat' dir='ltr'><strong>diliundi-</strong></span> 
     </span>
    </p>
   </div>
   <div class='ocr_carea' id='block_1_67' title="bbox 2211 2183 3701 2254">
    <p class='ocr_par' dir='ltr' id='par_1_67' title="bbox 2211 2183 3701 2254">
     <span class='ocr_line' id='line_1_67' title="bbox 2211 2183 3701 2254; baseline 0.001 -17"><span class='ocrx_word' id='word_1_505' title='bbox 2211 2192 2332 2238; x_wconf 87' lang='lat' dir='ltr'><strong>tur:</strong></span> <span class='ocrx_word' id='word_1_506' title='bbox 2356 2186 2528 2237; x_wconf 87' lang='lat' dir='ltr'><strong>omnia</strong></span> <span class='ocrx_word' id='word_1_507' title='bbox 2554 2184 2772 2246; x_wconf 89' lang='lat' dir='ltr'><strong>intrare,</strong></span> <span class='ocrx_word' id='word_1_508' title='bbox 2801 2183 3019 2250; x_wconf 90' lang='lat' dir='ltr'><strong>implere</strong></span> <span class='ocrx_word' id='word_1_509' title='bbox 3047 2193 3099 2237; x_wconf 89' lang='lat' dir='ltr'><strong>ct</strong></span> <span class='ocrx_word' id='word_1_510' title='bbox 3138 2186 3327 2253; x_wconf 86' lang='lat' dir='ltr'><strong>ubique</strong></span> <span class='ocrx_word' id='word_1_511' title='bbox 3367 2200 3578 2254; x_wconf 70' lang='lat' dir='ltr'><strong>prmsens</strong></span> <span class='ocrx_word' id='word_1_512' title='bbox 3604 2202 3701 2240; x_wconf 82' lang='lat' dir='ltr'><strong>esse</strong></span> 
     </span>
    </p>
   </div>
   <div class='ocr_carea' id='block_1_68' title="bbox 2209 2272 3701 2338">
    <p class='ocr_par' dir='ltr' id='par_1_68' title="bbox 2209 2272 3701 2338">
     <span class='ocr_line' id='line_1_68' title="bbox 2209 2272 3701 2338; baseline 0.001 -13"><span class='ocrx_word' id='word_1_513' title='bbox 2209 2273 2415 2336; x_wconf 91' lang='lat' dir='ltr'><strong>dicitur,</strong></span> <span class='ocrx_word' id='word_1_514' title='bbox 2461 2287 2520 2325; x_wconf 89' lang='lat' dir='ltr'><strong>ac</strong></span> <span class='ocrx_word' id='word_1_515' title='bbox 2561 2273 2636 2325; x_wconf 90' lang='lat' dir='ltr'><strong>sic</strong></span> <span class='ocrx_word' id='word_1_516' title='bbox 2679 2272 2903 2326; x_wconf 85' lang='lat' dir='ltr'><strong>creatori</strong></span> <span class='ocrx_word' id='word_1_517' title='bbox 2941 2288 3037 2325; x_wconf 89' lang='lat' dir='ltr'><strong>suo</strong></span> <span class='ocrx_word' id='word_1_518' title='bbox 3069 2285 3307 2328; x_wconf 88' lang='lat' dir='ltr'><strong>creatura</strong></span> <span class='ocrx_word' id='word_1_519' title='bbox 3352 2277 3634 2338; x_wconf 88' lang='lat' dir='ltr'><strong>soeiaretur,</strong></span> <span class='ocrx_word' id='word_1_520' title='bbox 3659 2285 3701 2328; x_wconf 86' lang='lat' dir='ltr'><strong>et</strong></span> 
     </span>
    </p>
   </div>
   <div class='ocr_carea' id='block_1_69' title="bbox 2210 2359 3699 2430">
    <p class='ocr_par' dir='ltr' id='par_1_69' title="bbox 2210 2359 3699 2430">
     <span class='ocr_line' id='line_1_69' title="bbox 2210 2359 3699 2430; baseline -0.001 -14"><span class='ocrx_word' id='word_1_521' title='bbox 2210 2361 2459 2429; x_wconf 82' lang='lat' dir='ltr'><strong>fragilitas</strong></span> <span class='ocrx_word' id='word_1_522' title='bbox 2485 2362 2683 2414; x_wconf 89' lang='lat' dir='ltr'><strong>auctori</strong></span> <span class='ocrx_word' id='word_1_523' title='bbox 2712 2374 2807 2414; x_wconf 90' lang='lat' dir='ltr'><strong>suo</strong></span> <span class='ocrx_word' id='word_1_524' title='bbox 2835 2375 2939 2412; x_wconf 89' lang='lat' dir='ltr'><strong>non</strong></span> <span class='ocrx_word' id='word_1_525' title='bbox 2971 2359 3077 2428; x_wconf 88' lang='lat' dir='ltr'><strong>jam</strong></span> <span class='ocrx_word' id='word_1_526' title='bbox 3121 2376 3204 2414; x_wconf 88' lang='lat' dir='ltr'><strong>res</strong></span> <span class='ocrx_word' id='word_1_527' title='bbox 3231 2362 3341 2426; x_wconf 92' lang='lat' dir='ltr'><strong>Dei,</strong></span> <span class='ocrx_word' id='word_1_528' title='bbox 3367 2363 3456 2416; x_wconf 90' lang='lat' dir='ltr'><strong>sed</strong></span> <span class='ocrx_word' id='word_1_529' title='bbox 3499 2379 3601 2430; x_wconf 71' lang='lat' dir='ltr'><strong>pars</strong></span> <span class='ocrx_word' id='word_1_530' title='bbox 3626 2363 3699 2416; x_wconf 85' lang='lat' dir='ltr'><strong>Dei</strong></span> 
     </span>
    </p>
   </div>
   <div class='ocr_carea' id='block_1_70' title="bbox 2209 2450 3699 2519">
    <p class='ocr_par' dir='ltr' id='par_1_70' title="bbox 2209 2450 3699 2519">
     <span class='ocr_line' id='line_1_70' title="bbox 2209 2450 3699 2519; baseline -0.001 -15"><span class='ocrx_word' id='word_1_531' title='bbox 2209 2451 2510 2505; x_wconf 78' lang='lat' dir='ltr'><strong>:rstimanda</strong></span> <span class='ocrx_word' id='word_1_532' title='bbox 2536 2451 2788 2519; x_wconf 81' lang='lat' dir='ltr'><strong>jungitur.</strong></span> <span class='ocrx_word' id='word_1_533' title='bbox 2825 2450 2951 2504; x_wconf 90' lang='lat' dir='ltr'><strong>Vide</strong></span> <span class='ocrx_word' id='word_1_534' title='bbox 2979 2466 3081 2517; x_wconf 89' lang='lat' dir='ltr'><strong>quo</strong></span> <span class='ocrx_word' id='word_1_535' title='bbox 3108 2461 3398 2506; x_wconf 81' lang='lat' dir='ltr'><strong>assertores</strong></span> <span class='ocrx_word' id='word_1_536' title='bbox 3424 2467 3536 2506; x_wconf 84' lang='lat' dir='ltr'><strong>suos</strong></span> <span class='ocrx_word' id='word_1_537' title='bbox 3568 2452 3699 2504; x_wconf 78' lang='lat' dir='ltr'><strong>ducat</strong></span> 
     </span>
    </p>
   </div>
   <div class='ocr_carea' id='block_1_71' title="bbox 2209 2537 3698 2610">
    <p class='ocr_par' dir='ltr' id='par_1_71' title="bbox 2209 2537 3698 2610">
     <span class='ocr_line' id='line_1_71' title="bbox 2209 2537 3698 2610; baseline -0.001 -17"><span class='ocrx_word' id='word_1_538' title='bbox 2209 2542 2297 2594; x_wconf 89' lang='lat' dir='ltr'><strong>alti</strong></span> <span class='ocrx_word' id='word_1_539' title='bbox 2327 2556 2417 2609; x_wconf 90' lang='lat' dir='ltr'><strong>per</strong></span> <span class='ocrx_word' id='word_1_540' title='bbox 2444 2543 2619 2608; x_wconf 85' lang='lat' dir='ltr'><strong>lapsus</strong></span> <span class='ocrx_word' id='word_1_541' title='bbox 2643 2537 2858 2594; x_wconf 70' lang='lat' dir='ltr'><strong>erroris.</strong></span> <span class='ocrx_word' id='word_1_542' title='bbox 2891 2541 3140 2608; x_wconf 84' lang='lat' dir='ltr'><strong>Equidem</strong></span> <span class='ocrx_word' id='word_1_543' title='bbox 3171 2542 3321 2594; x_wconf 84' lang='lat' dir='ltr'><strong>nobis</strong></span> <span class='ocrx_word' id='word_1_544' title='bbox 3349 2557 3539 2610; x_wconf 40' lang='lat' dir='ltr'><strong>eatqum</strong></span> <span class='ocrx_word' id='word_1_545' title='bbox 3568 2556 3698 2606; x_wconf 74' lang='lat' dir='ltr'><strong>supra</strong></span> 
     </span>
    </p>
   </div>
   <div class='ocr_carea' id='block_1_72' title="bbox 2210 2631 3789 2698">
    <p class='ocr_par' dir='ltr' id='par_1_72' title="bbox 2210 2631 3789 2698">
     <span class='ocr_line' id='line_1_72' title="bbox 2210 2631 3789 2698; baseline -0.004 -13"><span class='ocrx_word' id='word_1_546' title='bbox 2210 2647 2305 2685; x_wconf 88' lang='lat' dir='ltr'><strong>nos</strong></span> <span class='ocrx_word' id='word_1_547' title='bbox 2335 2643 2472 2694; x_wconf 91' lang='lat' dir='ltr'><strong>sunt,</strong></span> <span class='ocrx_word' id='word_1_548' title='bbox 2506 2633 2781 2684; x_wconf 86' lang='lat' dir='ltr'><strong>invisibilia</strong></span> <span class='ocrx_word' id='word_1_549' title='bbox 2806 2641 2963 2694; x_wconf 88' lang='lat' dir='ltr'><strong>sunt;</strong></span> <span class='ocrx_word' id='word_1_550' title='bbox 2993 2631 3084 2683; x_wconf 88' lang='lat' dir='ltr'><strong>sed</strong></span> <span class='ocrx_word' id='word_1_551' title='bbox 3115 2633 3288 2685; x_wconf 89' lang='lat' dir='ltr'><strong>omnia</strong></span> <span class='ocrx_word' id='word_1_552' title='bbox 3313 2632 3416 2696; x_wconf 88' lang='lat' dir='ltr'><strong>illa,</strong></span> <span class='ocrx_word' id='word_1_553' title='bbox 3439 2633 3605 2685; x_wconf 91' lang='lat' dir='ltr'><strong>sicutc</strong></span> <span class='ocrx_word' id='word_1_554' title='bbox 3638 2648 3698 2682; x_wconf 88' lang='lat' dir='ltr'><strong>m-</strong></span> <span class='ocrx_word' id='word_1_555' title='bbox 3788 2687 3789 2698; x_wconf 14' lang='grc' dir='ltr'>χ</span> 
     </span>
    </p>
   </div>
   <div class='ocr_carea' id='block_1_73' title="bbox 2209 2719 3699 2788">
    <p class='ocr_par' dir='ltr' id='par_1_73' title="bbox 2209 2719 3699 2788">
     <span class='ocr_line' id='line_1_73' title="bbox 2209 2719 3699 2788; baseline -0.002 -15"><span class='ocrx_word' id='word_1_556' title='bbox 2209 2720 2594 2788; x_wconf 87' lang='lat' dir='ltr'><strong>prebensibilia,</strong></span> <span class='ocrx_word' id='word_1_557' title='bbox 2621 2723 2688 2773; x_wconf 84' lang='lat' dir='ltr'><strong>ita</strong></span> <span class='ocrx_word' id='word_1_558' title='bbox 2712 2730 2763 2774; x_wconf 90' lang='lat' dir='ltr'><strong>et</strong></span> <span class='ocrx_word' id='word_1_559' title='bbox 2789 2735 3038 2787; x_wconf 84' lang='lat' dir='ltr'><strong>corporea</strong></span> <span class='ocrx_word' id='word_1_560' title='bbox 3067 2729 3209 2780; x_wconf 79' lang='lat' dir='ltr'><strong>sunt,</strong></span> <span class='ocrx_word' id='word_1_561' title='bbox 3237 2722 3322 2788; x_wconf 92' lang='lat' dir='ltr'><strong>qui</strong></span> <span class='ocrx_word' id='word_1_562' title='bbox 3350 2736 3414 2775; x_wconf 75' lang='lat' dir='ltr'><strong>ex</strong></span> <span class='ocrx_word' id='word_1_563' title='bbox 3439 2719 3587 2774; x_wconf 69' lang='lat' dir='ltr'><strong>nihilo</strong></span> <span class='ocrx_word' id='word_1_564' title='bbox 3603 2721 3699 2773; x_wconf 79' lang='lat' dir='ltr'><strong>fecit</strong></span> 
     </span>
    </p>
   </div>
   <div class='ocr_carea' id='block_1_74' title="bbox 2209 2789 3789 2875">
    <p class='ocr_par' dir='ltr' id='par_1_74' title="bbox 2209 2789 3789 2875">
     <span class='ocr_line' id='line_1_74' title="bbox 2209 2789 3789 2875; baseline 0 -14"><span class='ocrx_word' id='word_1_565' title='bbox 2209 2812 2402 2871; x_wconf 61' lang='lat' dir='ltr'><strong>omnia,</strong></span> <span class='ocrx_word' id='word_1_566' title='bbox 2432 2824 2545 2875; x_wconf 72' lang='lat' dir='ltr'><strong>qua:</strong></span> <span class='ocrx_word' id='word_1_567' title='bbox 2572 2808 2706 2861; x_wconf 87' lang='lat' dir='ltr'><strong>sicut</strong></span> <span class='ocrx_word' id='word_1_568' title='bbox 2733 2824 2891 2874; x_wconf 87' lang='lat' dir='ltr'><strong>opere</strong></span> <span class='ocrx_word' id='word_1_569' title='bbox 2920 2808 3159 2871; x_wconf 87' lang='lat' dir='ltr'><strong>instituit,</strong></span> <span class='ocrx_word' id='word_1_570' title='bbox 3185 2810 3254 2860; x_wconf 86' lang='lat' dir='ltr'><strong>ita</strong></span> <span class='ocrx_word' id='word_1_571' title='bbox 3285 2817 3339 2861; x_wconf 90' lang='lat' dir='ltr'><strong>ct</strong></span> <span class='ocrx_word' id='word_1_572' title='bbox 3383 2809 3580 2861; x_wconf 79' lang='lat' dir='ltr'><strong>materia</strong></span> <span class='ocrx_word' id='word_1_573' title='bbox 3603 2823 3700 2861; x_wconf 84' lang='lat' dir='ltr'><strong>cor-</strong></span> <span class='ocrx_word' id='word_1_574' title='bbox 3788 2789 3789 2842; x_wconf 57' lang='grc' dir='ltr'><strong>Ῐ</strong></span> 
     </span>
    </p>
   </div>
   <div class='ocr_carea' id='block_1_75' title="bbox 2209 2873 3789 2968">
    <p class='ocr_par' dir='ltr' id='par_1_75' title="bbox 2209 2873 3789 2968">
     <span class='ocr_line' id='line_1_75' title="bbox 2209 2873 3789 2968; baseline -0.001 -19"><span class='ocrx_word' id='word_1_575' title='bbox 2209 2898 2428 2964; x_wconf 88' lang='lat' dir='ltr'><strong>poravit,</strong></span> <span class='ocrx_word' id='word_1_576' title='bbox 2459 2905 2509 2949; x_wconf 89' lang='lat' dir='ltr'><strong>et</strong></span> <span class='ocrx_word' id='word_1_577' title='bbox 2536 2897 2691 2950; x_wconf 89' lang='lat' dir='ltr'><strong>rebus</strong></span> <span class='ocrx_word' id='word_1_578' title='bbox 2720 2896 2981 2959; x_wconf 77' lang='lat' dir='ltr'><strong>omnitus,</strong></span> <span class='ocrx_word' id='word_1_579' title='bbox 3011 2896 3148 2950; x_wconf 92' lang='lat' dir='ltr'><strong>inter</strong></span> <span class='ocrx_word' id='word_1_580' title='bbox 3177 2912 3304 2964; x_wconf 87' lang='lat' dir='ltr'><strong>quas</strong></span> <span class='ocrx_word' id='word_1_581' title='bbox 3330 2907 3384 2951; x_wconf 90' lang='lat' dir='ltr'><strong>et</strong></span> <span class='ocrx_word' id='word_1_582' title='bbox 3417 2899 3572 2950; x_wconf 79' lang='lat' dir='ltr'><strong>animo</strong></span> <span class='ocrx_word' id='word_1_583' title='bbox 3597 2910 3699 2949; x_wconf 83' lang='lat' dir='ltr'><strong>cen-</strong></span> 
     </span>
    </p>
   </div>
   <div class='ocr_carea' id='block_1_76' title="bbox 2207 2969 3789 3056">
    <p class='ocr_par' dir='ltr' id='par_1_76' title="bbox 2207 2969 3789 3056">
     <span class='ocr_line' id='line_1_76' title="bbox 2207 2969 3789 3056; baseline -0.003 -16"><span class='ocrx_word' id='word_1_584' title='bbox 2207 2980 2370 3050; x_wconf 84' lang='lat' dir='ltr'><strong>setur,</strong></span> <span class='ocrx_word' id='word_1_585' title='bbox 2401 2988 2528 3039; x_wconf 85' lang='lat' dir='ltr'><strong>sicut</strong></span> <span class='ocrx_word' id='word_1_586' title='bbox 2561 2985 2825 3038; x_wconf 88' lang='lat' dir='ltr'><strong>distribuit</strong></span> <span class='ocrx_word' id='word_1_587' title='bbox 2850 2985 3052 3053; x_wconf 87' lang='lat' dir='ltr'><strong>pondus</strong></span> <span class='ocrx_word' id='word_1_588' title='bbox 3081 2995 3132 3037; x_wconf 90' lang='lat' dir='ltr'><strong>et</strong></span> <span class='ocrx_word' id='word_1_589' title='bbox 3159 3000 3449 3047; x_wconf 87' lang='lat' dir='ltr'><strong>numerum,</strong></span> <span class='ocrx_word' id='word_1_590' title='bbox 3479 2985 3540 3036; x_wconf 85' lang='lat' dir='ltr'><strong>ita</strong></span> <span class='ocrx_word' id='word_1_591' title='bbox 3562 2991 3609 3036; x_wconf 89' lang='lat' dir='ltr'><strong>et</strong></span> <span class='ocrx_word' id='word_1_592' title='bbox 3626 2998 3697 3051; x_wconf 87' lang='lat' dir='ltr'><strong>po-</strong></span> 
     </span>
    </p>
   </div>
   <div class='ocr_carea' id='block_1_77' title="bbox 2207 3057 3789 3142">
    <p class='ocr_par' dir='ltr' id='par_1_77' title="bbox 2207 3057 3789 3142">
     <span class='ocr_line' id='line_1_77' title="bbox 2207 3057 3789 3142; baseline -0.007 -14"><span class='ocrx_word' id='word_1_593' title='bbox 2207 3075 2312 3128; x_wconf 77' lang='lat' dir='ltr'><strong>suit</strong></span> <span class='ocrx_word' id='word_1_594' title='bbox 2354 3074 2644 3142; x_wconf 90' lang='lat' dir='ltr'><strong>qualitates.</strong></span> <span class='ocrx_word' id='word_1_595' title='bbox 2693 3073 2833 3126; x_wconf 89' lang='lat' dir='ltr'><strong>lnter</strong></span> <span class='ocrx_word' id='word_1_596' title='bbox 2876 3073 2985 3125; x_wconf 64' lang='lat' dir='ltr'><strong>haec</strong></span> <span class='ocrx_word' id='word_1_597' title='bbox 3031 3074 3074 3125; x_wconf 91' lang='lat' dir='ltr'><strong>si</strong></span> <span class='ocrx_word' id='word_1_598' title='bbox 3124 3072 3282 3138; x_wconf 89' lang='lat' dir='ltr'><strong>forte,</strong></span> <span class='ocrx_word' id='word_1_599' title='bbox 3314 3083 3369 3124; x_wconf 88' lang='lat' dir='ltr'><strong>ut</strong></span> <span class='ocrx_word' id='word_1_600' title='bbox 3413 3073 3590 3124; x_wconf 89' lang='lat' dir='ltr'><strong>dictum</strong></span> <span class='ocrx_word' id='word_1_601' title='bbox 3616 3081 3695 3130; x_wconf 79' lang='lat' dir='ltr'><strong>est,</strong></span> 
     </span>
    </p>
   </div>
   <div class='ocr_carea' id='block_1_78' title="bbox 2208 3159 3697 3231">
    <p class='ocr_par' dir='ltr' id='par_1_78' title="bbox 2208 3159 3697 3231">
     <span class='ocr_line' id='line_1_78' title="bbox 2208 3159 3697 3231; baseline -0.005 -12"><span class='ocrx_word' id='word_1_602' title='bbox 2208 3165 2542 3219; x_wconf 88' lang='lat' dir='ltr'><strong>asserendum</strong></span> <span class='ocrx_word' id='word_1_603' title='bbox 2573 3164 2758 3230; x_wconf 86' lang='lat' dir='ltr'><strong>aliquis</strong></span> <span class='ocrx_word' id='word_1_604' title='bbox 2789 3173 2947 3230; x_wconf 81' lang='lat' dir='ltr'><strong>putet.</strong></span> <span class='ocrx_word' id='word_1_605' title='bbox 2983 3163 3118 3229; x_wconf 88' lang='lat' dir='ltr'><strong>quod</strong></span> <span class='ocrx_word' id='word_1_606' title='bbox 3148 3163 3232 3216; x_wconf 86' lang='lat' dir='ltr'><strong>illa</strong></span> <span class='ocrx_word' id='word_1_607' title='bbox 3261 3164 3501 3231; x_wconf 76' lang='lat' dir='ltr'><strong>angelica:</strong></span> <span class='ocrx_word' id='word_1_608' title='bbox 3529 3159 3697 3215; x_wconf 47' lang='lat' dir='ltr'><strong>subtili.</strong></span> 
     </span>
    </p>
   </div>
   <div class='ocr_carea' id='block_1_79' title="bbox 2209 3250 3698 3322">
    <p class='ocr_par' dir='ltr' id='par_1_79' title="bbox 2209 3250 3698 3322">
     <span class='ocr_line' id='line_1_79' title="bbox 2209 3250 3698 3322; baseline -0.007 -12"><span class='ocrx_word' id='word_1_609' title='bbox 2209 3265 2286 3310; x_wconf 89' lang='lat' dir='ltr'><strong>tas</strong></span> <span class='ocrx_word' id='word_1_610' title='bbox 2308 3264 2505 3309; x_wconf 75' lang='lat' dir='ltr'><strong>naturae</strong></span> <span class='ocrx_word' id='word_1_611' title='bbox 2525 3255 2744 3322; x_wconf 91' lang='lat' dir='ltr'><strong>quadam</strong></span> <span class='ocrx_word' id='word_1_612' title='bbox 2767 3253 3074 3321; x_wconf 72' lang='lat' dir='ltr'><strong>contagione</strong></span> <span class='ocrx_word' id='word_1_613' title='bbox 3096 3256 3235 3306; x_wconf 72' lang='lat' dir='ltr'><strong>acris</strong></span> <span class='ocrx_word' id='word_1_614' title='bbox 3253 3253 3403 3320; x_wconf 90' lang='lat' dir='ltr'><strong>hujus</strong></span> <span class='ocrx_word' id='word_1_615' title='bbox 3419 3250 3698 3305; x_wconf 79' lang='lat' dir='ltr'><strong>admixtione</strong></span> 
     </span>
    </p>
   </div>
   <div class='ocr_carea' id='block_1_80' title="bbox 2209 3341 3698 3410">
    <p class='ocr_par' dir='ltr' id='par_1_80' title="bbox 2209 3341 3698 3410">
     <span class='ocr_line' id='line_1_80' title="bbox 2209 3341 3698 3410; baseline -0.008 -9"><span class='ocrx_word' id='word_1_616' title='bbox 2209 3346 2445 3410; x_wconf 72' lang='lat' dir='ltr'><strong>collecti,</strong></span> <span class='ocrx_word' id='word_1_617' title='bbox 2476 3344 2694 3398; x_wconf 84' lang='lat' dir='ltr'><strong>ﬂammis</strong></span> <span class='ocrx_word' id='word_1_618' title='bbox 2744 3341 3040 3394; x_wconf 87' lang='lat' dir='ltr'><strong>inveniatur</strong></span> <span class='ocrx_word' id='word_1_619' title='bbox 3083 3341 3332 3405; x_wconf 76' lang='lat' dir='ltr'><strong>obnoxia,</strong></span> <span class='ocrx_word' id='word_1_620' title='bbox 3372 3355 3489 3408; x_wconf 86' lang='lat' dir='ltr'><strong>ergo</strong></span> <span class='ocrx_word' id='word_1_621' title='bbox 3519 3341 3565 3392; x_wconf 91' lang='lat' dir='ltr'><strong>in</strong></span> <span class='ocrx_word' id='word_1_622' title='bbox 3600 3353 3698 3390; x_wconf 78' lang='lat' dir='ltr'><strong>aera</strong></span> 
     </span>
    </p>
   </div>
   <div class='ocr_carea' id='block_1_81' title="bbox 2209 3427 3697 3500">
    <p class='ocr_par' dir='ltr' id='par_1_81' title="bbox 2209 3427 3697 3500">
     <span class='ocr_line' id='line_1_81' title="bbox 2209 3427 3697 3500; baseline -0.009 -12"><span class='ocrx_word' id='word_1_623' title='bbox 2209 3436 2344 3496; x_wconf 89' lang='lat' dir='ltr'><strong>solo,</strong></span> <span class='ocrx_word' id='word_1_624' title='bbox 2370 3443 2523 3500; x_wconf 85' lang='lat' dir='ltr'><strong>prout</strong></span> <span class='ocrx_word' id='word_1_625' title='bbox 2565 3434 2654 3497; x_wconf 88' lang='lat' dir='ltr'><strong>ait,</strong></span> <span class='ocrx_word' id='word_1_626' title='bbox 2683 3431 2728 3485; x_wconf 90' lang='lat' dir='ltr'><strong>si</strong></span> <span class='ocrx_word' id='word_1_627' title='bbox 2756 3445 2966 3486; x_wconf 89' lang='lat' dir='ltr'><strong>aereum</strong></span> <span class='ocrx_word' id='word_1_628' title='bbox 2995 3439 3095 3495; x_wconf 89' lang='lat' dir='ltr'><strong>est,</strong></span> <span class='ocrx_word' id='word_1_629' title='bbox 3123 3429 3261 3498; x_wconf 89' lang='lat' dir='ltr'><strong>quod</strong></span> <span class='ocrx_word' id='word_1_630' title='bbox 3290 3429 3503 3494; x_wconf 89' lang='lat' dir='ltr'><strong>ardebit,</strong></span> <span class='ocrx_word' id='word_1_631' title='bbox 3545 3443 3635 3482; x_wconf 89' lang='lat' dir='ltr'><strong>non</strong></span> <span class='ocrx_word' id='word_1_632' title='bbox 3659 3427 3697 3476; x_wconf 92' lang='lat' dir='ltr'><strong>in</strong></span> 
     </span>
    </p>
   </div>
   <div class='ocr_carea' id='block_1_82' title="bbox 2212 3515 3700 3586">
    <p class='ocr_par' dir='ltr' id='par_1_82' title="bbox 2212 3515 3700 3586">
     <span class='ocr_line' id='line_1_82' title="bbox 2212 3515 3700 3586; baseline -0.005 -12"><span class='ocrx_word' id='word_1_633' title='bbox 2212 3523 2320 3586; x_wconf 91' lang='lat' dir='ltr'><strong>illo,</strong></span> <span class='ocrx_word' id='word_1_634' title='bbox 2349 3522 2437 3574; x_wconf 88' lang='lat' dir='ltr'><strong>sed</strong></span> <span class='ocrx_word' id='word_1_635' title='bbox 2468 3530 2611 3574; x_wconf 82' lang='lat' dir='ltr'><strong>extra</strong></span> <span class='ocrx_word' id='word_1_636' title='bbox 2640 3520 2784 3571; x_wconf 91' lang='lat' dir='ltr'><strong>illum</strong></span> <span class='ocrx_word' id='word_1_637' title='bbox 2812 3533 2962 3584; x_wconf 75' lang='lat' dir='ltr'><strong>paena</strong></span> <span class='ocrx_word' id='word_1_638' title='bbox 2989 3519 3286 3582; x_wconf 63' lang='lat' dir='ltr'><strong>desaeviret,</strong></span> <span class='ocrx_word' id='word_1_639' title='bbox 3315 3517 3405 3572; x_wconf 91' lang='lat' dir='ltr'><strong>sed</strong></span> <span class='ocrx_word' id='word_1_640' title='bbox 3431 3518 3609 3584; x_wconf 83' lang='lat' dir='ltr'><strong>absque</strong></span> <span class='ocrx_word' id='word_1_641' title='bbox 3627 3515 3700 3567; x_wconf 55' lang='lat' dir='ltr'><strong>de.</strong></span> 
     </span>
    </p>
   </div>
   <div class='ocr_carea' id='block_1_83' title="bbox 2213 3602 3700 3673">
    <p class='ocr_par' dir='ltr' id='par_1_83' title="bbox 2213 3602 3700 3673">
     <span class='ocr_line' id='line_1_83' title="bbox 2213 3602 3700 3673; baseline -0.007 -11"><span class='ocrx_word' id='word_1_642' title='bbox 2213 3610 2296 3662; x_wconf 88' lang='lat' dir='ltr'><strong>hio</strong></span> <span class='ocrx_word' id='word_1_643' title='bbox 2323 3624 2423 3662; x_wconf 92' lang='lat' dir='ltr'><strong>non</strong></span> <span class='ocrx_word' id='word_1_644' title='bbox 2451 3608 2586 3660; x_wconf 89' lang='lat' dir='ltr'><strong>aliud</strong></span> <span class='ocrx_word' id='word_1_645' title='bbox 2617 3616 2695 3659; x_wconf 90' lang='lat' dir='ltr'><strong>est</strong></span> <span class='ocrx_word' id='word_1_646' title='bbox 2719 3621 2873 3673; x_wconf 85' lang='lat' dir='ltr'><strong>quam</strong></span> <span class='ocrx_word' id='word_1_647' title='bbox 2919 3606 3206 3658; x_wconf 83' lang='lat' dir='ltr'><strong>substantia</strong></span> <span class='ocrx_word' id='word_1_648' title='bbox 3236 3606 3486 3672; x_wconf 88' lang='lat' dir='ltr'><strong>corporis,</strong></span> <span class='ocrx_word' id='word_1_649' title='bbox 3513 3604 3588 3656; x_wconf 88' lang='lat' dir='ltr'><strong>ubi</strong></span> <span class='ocrx_word' id='word_1_650' title='bbox 3627 3602 3700 3653; x_wconf 87' lang='lat' dir='ltr'><strong>do-</strong></span> 
     </span>
    </p>
   </div>
   <div class='ocr_carea' id='block_1_84' title="bbox 2215 3688 3698 3764">
    <p class='ocr_par' dir='ltr' id='par_1_84' title="bbox 2215 3688 3698 3764">
     <span class='ocr_line' id='line_1_84' title="bbox 2215 3688 3698 3764; baseline -0.008 -14"><span class='ocrx_word' id='word_1_651' title='bbox 2215 3698 2396 3750; x_wconf 89' lang='lat' dir='ltr'><strong>minari</strong></span> <span class='ocrx_word' id='word_1_652' title='bbox 2429 3695 2620 3764; x_wconf 89' lang='lat' dir='ltr'><strong>poterit</strong></span> <span class='ocrx_word' id='word_1_653' title='bbox 2647 3693 2722 3746; x_wconf 91' lang='lat' dir='ltr'><strong>vis</strong></span> <span class='ocrx_word' id='word_1_654' title='bbox 2747 3693 2957 3746; x_wconf 55' lang='lat' dir='ltr'><strong>doloris.</strong></span> <span class='ocrx_word' id='word_1_655' title='bbox 2975 3691 3105 3745; x_wconf 90' lang='lat' dir='ltr'><strong>Vide</strong></span> <span class='ocrx_word' id='word_1_656' title='bbox 3126 3707 3226 3758; x_wconf 91' lang='lat' dir='ltr'><strong>quo</strong></span> <span class='ocrx_word' id='word_1_657' title='bbox 3248 3693 3418 3744; x_wconf 87' lang='lat' dir='ltr'><strong>tendat</strong></span> <span class='ocrx_word' id='word_1_658' title='bbox 3436 3688 3698 3756; x_wconf 88' lang='lat' dir='ltr'><strong>imprudens</strong></span> 
     </span>
    </p>
   </div>
   <div class='ocr_carea' id='block_1_85' title="bbox 2212 3777 3699 3850">
    <p class='ocr_par' dir='ltr' id='par_1_85' title="bbox 2212 3777 3699 3850">
     <span class='ocr_line' id='line_1_85' title="bbox 2212 3777 3699 3850; baseline -0.009 -13"><span class='ocrx_word' id='word_1_659' title='bbox 2212 3795 2262 3838; x_wconf 90' lang='lat' dir='ltr'><strong>et</strong></span> <span class='ocrx_word' id='word_1_660' title='bbox 2291 3785 2529 3850; x_wconf 89' lang='lat' dir='ltr'><strong>imperita</strong></span> <span class='ocrx_word' id='word_1_661' title='bbox 2562 3781 2852 3848; x_wconf 78' lang='lat' dir='ltr'><strong>persuasio,</strong></span> <span class='ocrx_word' id='word_1_662' title='bbox 2884 3779 2971 3845; x_wconf 91' lang='lat' dir='ltr'><strong>qui</strong></span> <span class='ocrx_word' id='word_1_663' title='bbox 3002 3779 3364 3844; x_wconf 66' lang='lat' dir='ltr'><strong>incorporeum</strong></span> <span class='ocrx_word' id='word_1_664' title='bbox 3411 3777 3631 3844; x_wconf 89' lang='lat' dir='ltr'><strong>loquitur,</strong></span> <span class='ocrx_word' id='word_1_665' title='bbox 3660 3781 3699 3826; x_wconf 81' lang='lat' dir='ltr'><strong>ct</strong></span> 
     </span>
    </p>
   </div>
   <div class='ocr_carea' id='block_1_86' title="bbox 2207 3862 3697 3943">
    <p class='ocr_par' dir='ltr' id='par_1_86' title="bbox 2207 3862 3697 3943">
     <span class='ocr_line' id='line_1_86' title="bbox 2207 3862 3697 3943; baseline -0.01 -16"><span class='ocrx_word' id='word_1_666' title='bbox 2207 3875 2311 3943; x_wconf 91' lang='lat' dir='ltr'><strong>jam</strong></span> <span class='ocrx_word' id='word_1_667' title='bbox 2342 3871 2915 3940; x_wconf 87' lang='lat' dir='ltr'><strong>incompreltensihilem</strong></span> <span class='ocrx_word' id='word_1_668' title='bbox 2960 3869 3239 3921; x_wconf 88' lang='lat' dir='ltr'><strong>confitetur</strong></span> <span class='ocrx_word' id='word_1_669' title='bbox 3267 3882 3280 3920; x_wconf 94' lang='lat'><strong>:</strong></span> <span class='ocrx_word' id='word_1_670' title='bbox 3338 3881 3397 3920; x_wconf 91' lang='lat' dir='ltr'><strong>ac</strong></span> <span class='ocrx_word' id='word_1_671' title='bbox 3424 3868 3494 3919; x_wconf 89' lang='lat' dir='ltr'><strong>sic</strong></span> <span class='ocrx_word' id='word_1_672' title='bbox 3521 3862 3697 3918; x_wconf 87' lang='lat' dir='ltr'><strong>condito</strong></span> 
     </span>
    </p>
   </div>
   <div class='ocr_carea' id='block_1_87' title="bbox 2211 3951 3696 4028">
    <p class='ocr_par' dir='ltr' id='par_1_87' title="bbox 2211 3951 3696 4028">
     <span class='ocr_line' id='line_1_87' title="bbox 2211 3951 3696 4028; baseline -0.011 -11"><span class='ocrx_word' id='word_1_673' title='bbox 2211 3964 2419 4018; x_wconf 88' lang='lat' dir='ltr'><strong>ascribit</strong></span> <span class='ocrx_word' id='word_1_674' title='bbox 2443 3964 2607 4028; x_wconf 88' lang='lat' dir='ltr'><strong>operi,</strong></span> <span class='ocrx_word' id='word_1_675' title='bbox 2633 3959 2768 4027; x_wconf 73' lang='lat' dir='ltr'><strong>quod</strong></span> <span class='ocrx_word' id='word_1_676' title='bbox 2798 3959 2893 4012; x_wconf 90' lang='lat' dir='ltr'><strong>soli</strong></span> <span class='ocrx_word' id='word_1_677' title='bbox 2917 3959 3166 4023; x_wconf 87' lang='lat' dir='ltr'><strong>competit</strong></span> <span class='ocrx_word' id='word_1_678' title='bbox 3189 3955 3474 4016; x_wconf 88' lang='lat' dir='ltr'><strong>conditori;</strong></span> <span class='ocrx_word' id='word_1_679' title='bbox 3500 3967 3556 4028; x_wconf 81' lang='lat' dir='ltr'><strong>ac</strong></span> <span class='ocrx_word' id='word_1_680' title='bbox 3575 3951 3696 4004; x_wconf 74' lang='lat' dir='ltr'><strong>rebus</strong></span> 
     </span>
    </p>
   </div>
   <div class='ocr_carea' id='block_1_88' title="bbox 2211 4025 3698 4113">
    <p class='ocr_par' dir='ltr' id='par_1_88' title="bbox 2211 4025 3698 4113">
     <span class='ocr_line' id='line_1_88' title="bbox 2211 4025 3698 4113; baseline -0.011 -10"><span class='ocrx_word' id='word_1_681' title='bbox 2211 4050 2396 4103; x_wconf 89' lang='lat' dir='ltr'><strong>creatis</strong></span> <span class='ocrx_word' id='word_1_682' title='bbox 2422 4049 2766 4101; x_wconf 85' lang='lat' dir='ltr'><strong>communicat</strong></span> <span class='ocrx_word' id='word_1_683' title='bbox 2793 4045 3058 4113; x_wconf 79' lang='lat' dir='ltr'><strong>privilegia</strong></span> <span class='ocrx_word' id='word_1_684' title='bbox 3108 4044 3411 4110; x_wconf 86' lang='lat' dir='ltr'><strong>majestatis,</strong></span> <span class='ocrx_word' id='word_1_685' title='bbox 3443 4051 3492 4095; x_wconf 88' lang='lat' dir='ltr'><strong>et</strong></span> <span class='ocrx_word' id='word_1_686' title='bbox 3525 4025 3698 4094; x_wconf 79' lang='lat' dir='ltr'><strong>indebi-</strong></span> 
     </span>
    </p>
   </div>
   <div class='ocr_carea' id='block_1_89' title="bbox 2213 4126 3697 4202">
    <p class='ocr_par' dir='ltr' id='par_1_89' title="bbox 2213 4126 3697 4202">
     <span class='ocr_line' id='line_1_89' title="bbox 2213 4126 3697 4202; baseline -0.009 -13"><span class='ocrx_word' id='word_1_687' title='bbox 2213 4149 2314 4189; x_wconf 89' lang='lat' dir='ltr'><strong>tam</strong></span> <span class='ocrx_word' id='word_1_688' title='bbox 2344 4147 2593 4189; x_wconf 81' lang='lat' dir='ltr'><strong>creatur-.e</strong></span> <span class='ocrx_word' id='word_1_689' title='bbox 2623 4137 2902 4202; x_wconf 84' lang='lat' dir='ltr'><strong>potentiam</strong></span> <span class='ocrx_word' id='word_1_690' title='bbox 2955 4146 3116 4200; x_wconf 86' lang='lat' dir='ltr'><strong>usque</strong></span> <span class='ocrx_word' id='word_1_691' title='bbox 3146 4133 3209 4182; x_wconf 86' lang='lat' dir='ltr'><strong>ad</strong></span> <span class='ocrx_word' id='word_1_692' title='bbox 3261 4130 3466 4184; x_wconf 83' lang='lat' dir='ltr'><strong>factoris</strong></span> <span class='ocrx_word' id='word_1_693' title='bbox 3506 4126 3697 4183; x_wconf 73' lang='lat' dir='ltr'><strong>extendit</strong></span> 
     </span>
    </p>
   </div>
   <div class='ocr_carea' id='block_1_90' title="bbox 2213 4213 3697 4288">
    <p class='ocr_par' dir='ltr' id='par_1_90' title="bbox 2213 4213 3697 4288">
     <span class='ocr_line' id='line_1_90' title="bbox 2213 4213 3697 4288; baseline -0.009 -12"><span class='ocrx_word' id='word_1_694' title='bbox 2213 4224 2471 4288; x_wconf 89' lang='lat' dir='ltr'><strong>injuriam.</strong></span> <span class='ocrx_word' id='word_1_695' title='bbox 2504 4222 2556 4274; x_wconf 90' lang='lat' dir='ltr'><strong>Si</strong></span> <span class='ocrx_word' id='word_1_696' title='bbox 2603 4221 2734 4272; x_wconf 88' lang='lat' dir='ltr'><strong>bene</strong></span> <span class='ocrx_word' id='word_1_697' title='bbox 2763 4220 3083 4287; x_wconf 87' lang='lat' dir='ltr'><strong>requiramus</strong></span> <span class='ocrx_word' id='word_1_698' title='bbox 3120 4218 3181 4269; x_wconf 92' lang='lat' dir='ltr'><strong>ad</strong></span> <span class='ocrx_word' id='word_1_699' title='bbox 3211 4232 3340 4284; x_wconf 90' lang='lat' dir='ltr'><strong>quos</strong></span> <span class='ocrx_word' id='word_1_700' title='bbox 3368 4231 3536 4271; x_wconf 87' lang='lat' dir='ltr'><strong>rerum</strong></span> <span class='ocrx_word' id='word_1_701' title='bbox 3562 4213 3697 4268; x_wconf 79' lang='lat' dir='ltr'><strong>exitus</strong></span> 
     </span>
    </p>
   </div>
   <div class='ocr_carea' id='block_1_91' title="bbox 2214 4301 3696 4372">
    <p class='ocr_par' dir='ltr' id='par_1_91' title="bbox 2214 4301 3696 4372">
     <span class='ocr_line' id='line_1_91' title="bbox 2214 4301 3696 4372; baseline -0.009 -10"><span class='ocrx_word' id='word_1_702' title='bbox 2214 4311 2442 4362; x_wconf 87' lang='lat' dir='ltr'><strong>animum</strong></span> <span class='ocrx_word' id='word_1_703' title='bbox 2472 4309 2686 4372; x_wconf 82' lang='lat' dir='ltr'><strong>referas,</strong></span> <span class='ocrx_word' id='word_1_704' title='bbox 2721 4307 2833 4359; x_wconf 68' lang='lat' dir='ltr'><strong>hmo</strong></span> <span class='ocrx_word' id='word_1_705' title='bbox 2863 4309 2941 4359; x_wconf 78' lang='lat' dir='ltr'><strong>vel</strong></span> <span class='ocrx_word' id='word_1_706' title='bbox 2975 4307 3196 4357; x_wconf 82' lang='lat' dir='ltr'><strong>maxime</strong></span> <span class='ocrx_word' id='word_1_707' title='bbox 3227 4305 3481 4356; x_wconf 87' lang='lat' dir='ltr'><strong>diabolum</strong></span> <span class='ocrx_word' id='word_1_708' title='bbox 3511 4301 3696 4355; x_wconf 82' lang='lat' dir='ltr'><strong>crudeli-</strong></span> 
     </span>
    </p>
   </div>
   <div class='ocr_carea' id='block_1_92' title="bbox 589 4373 3698 4467">
    <p class='ocr_par' dir='ltr' id='par_1_92' title="bbox 589 4373 3698 4467">
     <span class='ocr_line' id='line_1_92' title="bbox 589 4373 3698 4467; baseline -0.002 -20"><span class='ocrx_word' id='word_1_709' title='bbox 589 4416 761 4455; x_wconf 76' lang='lat' dir='ltr'><strong>secum</strong></span> <span class='ocrx_word' id='word_1_710' title='bbox 794 4403 993 4452; x_wconf 66' lang='lat' dir='ltr'><strong>tertiam</strong></span> <span class='ocrx_word' id='word_1_711' title='bbox 1025 4411 1218 4464; x_wconf 76' lang='lat' dir='ltr'><strong>parlem</strong></span> <span class='ocrx_word' id='word_1_712' title='bbox 1259 4399 1524 4466; x_wconf 87' lang='lat' dir='ltr'><strong>stellarum</strong></span> <span class='ocrx_word' id='word_1_713' title='bbox 1555 4413 1613 4450; x_wconf 78' lang='lat' dir='ltr'><strong>ex</strong></span> <span class='ocrx_word' id='word_1_714' title='bbox 1656 4399 1756 4451; x_wconf 93' lang='lat' dir='ltr'><strong>alto</strong></span> <span class='ocrx_word' id='word_1_715' title='bbox 1788 4403 2114 4467; x_wconf 88' lang='lat' dir='ltr'><strong>proturbatus</strong></span> <span class='ocrx_word' id='word_1_716' title='bbox 2143 4373 2186 4429; x_wconf 77' lang='grc' dir='ltr'>υ</span> <span class='ocrx_word' id='word_1_717' title='bbox 2217 4409 2292 4451; x_wconf 88' lang='lat' dir='ltr'><strong>tas</strong></span> <span class='ocrx_word' id='word_1_718' title='bbox 2319 4413 2380 4451; x_wconf 78' lang='lat' dir='ltr'><strong>ex</strong></span> <span class='ocrx_word' id='word_1_719' title='bbox 2427 4399 2512 4450; x_wconf 89' lang='lat' dir='ltr'><strong>illa</strong></span> <span class='ocrx_word' id='word_1_720' title='bbox 2563 4397 2726 4449; x_wconf 59' lang='lat' dir='ltr'><strong>beatae</strong></span> <span class='ocrx_word' id='word_1_721' title='bbox 2755 4396 2892 4448; x_wconf 87' lang='lat' dir='ltr'><strong>sedis</strong></span> <span class='ocrx_word' id='word_1_722' title='bbox 2935 4396 3158 4447; x_wconf 90' lang='lat' dir='ltr'><strong>statione</strong></span> <span class='ocrx_word' id='word_1_723' title='bbox 3181 4394 3424 4455; x_wconf 86' lang='lat' dir='ltr'><strong>devolvit,</strong></span> <span class='ocrx_word' id='word_1_724' title='bbox 3447 4401 3495 4446; x_wconf 88' lang='lat' dir='ltr'><strong>et</strong></span> <span class='ocrx_word' id='word_1_725' title='bbox 3526 4404 3698 4460; x_wconf 85' lang='lat' dir='ltr'><strong>propter</strong></span> 
     </span>
    </p>
   </div>
   <div class='ocr_carea' id='block_1_93' title="bbox 589 4485 2115 4551">
    <p class='ocr_par' dir='ltr' id='par_1_93' title="bbox 589 4485 2115 4551">
     <span class='ocr_line' id='line_1_93' title="bbox 589 4485 2115 4551; baseline 0.001 -10"><span class='ocrx_word' id='word_1_726' title='bbox 589 4490 862 4541; x_wconf 80' lang='lat' dir='ltr'><strong>abstraxit.</strong></span> <span class='ocrx_word' id='word_1_727' title='bbox 892 4489 982 4538; x_wconf 85' lang='lat' dir='ltr'><strong>Dic</strong></span> <span class='ocrx_word' id='word_1_728' title='bbox 1014 4486 1135 4538; x_wconf 90' lang='lat' dir='ltr'><strong>mihi</strong></span> <span class='ocrx_word' id='word_1_729' title='bbox 1165 4491 1204 4538; x_wconf 92' lang='lat' dir='ltr'><strong>si</strong></span> <span class='ocrx_word' id='word_1_730' title='bbox 1250 4499 1435 4551; x_wconf 81' lang='lat' dir='ltr'><strong>Corpus</strong></span> <span class='ocrx_word' id='word_1_731' title='bbox 1479 4501 1577 4536; x_wconf 84' lang='lat' dir='ltr'><strong>non</strong></span> <span class='ocrx_word' id='word_1_732' title='bbox 1611 4485 1783 4550; x_wconf 85' lang='lat' dir='ltr'><strong>habet,</strong></span> <span class='ocrx_word' id='word_1_733' title='bbox 1818 4488 1866 4539; x_wconf 92' lang='lat' dir='ltr'><strong>in</strong></span> <span class='ocrx_word' id='word_1_734' title='bbox 1911 4488 1994 4540; x_wconf 86' lang='lat' dir='ltr'><strong>illa</strong></span> <span class='ocrx_word' id='word_1_735' title='bbox 2025 4489 2115 4542; x_wconf 87' lang='lat' dir='ltr'><strong>de-</strong></span> 
     </span>
    </p>
   </div>
   <div class='ocr_carea' id='block_1_94' title="bbox 589 4573 2113 4643">
    <p class='ocr_par' dir='ltr' id='par_1_94' title="bbox 589 4573 2113 4643">
     <span class='ocr_line' id='line_1_94' title="bbox 589 4573 2113 4643; baseline -0.001 -14"><span class='ocrx_word' id='word_1_736' title='bbox 589 4577 808 4643; x_wconf 85' lang='lat' dir='ltr'><strong>iectione</strong></span> <span class='ocrx_word' id='word_1_737' title='bbox 838 4575 919 4641; x_wconf 87' lang='lat' dir='ltr'><strong>qui</strong></span> <span class='ocrx_word' id='word_1_738' title='bbox 946 4574 1165 4625; x_wconf 87' lang='lat' dir='ltr'><strong>decidit?</strong></span> <span class='ocrx_word' id='word_1_739' title='bbox 1192 4573 1312 4640; x_wconf 90' lang='lat' dir='ltr'><strong>quid</strong></span> <span class='ocrx_word' id='word_1_740' title='bbox 1342 4573 1412 4624; x_wconf 89' lang='lat' dir='ltr'><strong>illi</strong></span> <span class='ocrx_word' id='word_1_741' title='bbox 1440 4589 1594 4639; x_wconf 80' lang='lat' dir='ltr'><strong>negas</strong></span> <span class='ocrx_word' id='word_1_742' title='bbox 1617 4575 1936 4640; x_wconf 85' lang='lat' dir='ltr'><strong>corporalem</strong></span> <span class='ocrx_word' id='word_1_743' title='bbox 1968 4586 2113 4628; x_wconf 76' lang='lat' dir='ltr'><strong>natu-</strong></span> 
     </span>
    </p>
   </div>
   <div class='ocr_carea' id='block_1_95' title="bbox 591 4661 2110 4729">
    <p class='ocr_par' dir='ltr' id='par_1_95' title="bbox 591 4661 2110 4729">
     <span class='ocr_line' id='line_1_95' title="bbox 591 4661 2110 4729; baseline 0.001 -14"><span class='ocrx_word' id='word_1_744' title='bbox 591 4680 721 4725; x_wconf 86' lang='lat' dir='ltr'><strong>ram,</strong></span> <span class='ocrx_word' id='word_1_745' title='bbox 751 4663 893 4728; x_wconf 84' lang='lat' dir='ltr'><strong>cujus</strong></span> <span class='ocrx_word' id='word_1_746' title='bbox 926 4677 1114 4728; x_wconf 78' lang='lat' dir='ltr'><strong>negare</strong></span> <span class='ocrx_word' id='word_1_747' title='bbox 1144 4678 1241 4713; x_wconf 90' lang='lat' dir='ltr'><strong>non</strong></span> <span class='ocrx_word' id='word_1_748' title='bbox 1273 4661 1431 4711; x_wconf 85' lang='lat' dir='ltr'><strong>audes</strong></span> <span class='ocrx_word' id='word_1_749' title='bbox 1454 4661 1689 4712; x_wconf 89' lang='lat' dir='ltr'><strong>ruinam?</strong></span> <span class='ocrx_word' id='word_1_750' title='bbox 1721 4663 1780 4714; x_wconf 85' lang='lat' dir='ltr'><strong>Et</strong></span> <span class='ocrx_word' id='word_1_751' title='bbox 1803 4662 1865 4723; x_wconf 88' lang='lat' dir='ltr'><strong>si,</strong></span> <span class='ocrx_word' id='word_1_752' title='bbox 1892 4665 2110 4729; x_wconf 85' lang='lat' dir='ltr'><strong>utdicis,</strong></span> 
     </span>
    </p>
   </div>
   <div class='ocr_carea' id='block_1_96' title="bbox 590 4747 2112 4818">
    <p class='ocr_par' dir='ltr' id='par_1_96' title="bbox 590 4747 2112 4818">
     <span class='ocr_line' id='line_1_96' title="bbox 590 4747 2112 4818; baseline -0.001 -13"><span class='ocrx_word' id='word_1_753' title='bbox 590 4766 775 4818; x_wconf 89' lang='lat' dir='ltr'><strong>corpus</strong></span> <span class='ocrx_word' id='word_1_754' title='bbox 826 4766 924 4801; x_wconf 88' lang='lat' dir='ltr'><strong>non</strong></span> <span class='ocrx_word' id='word_1_755' title='bbox 972 4749 1143 4811; x_wconf 81' lang='lat' dir='ltr'><strong>habet,</strong></span> <span class='ocrx_word' id='word_1_756' title='bbox 1196 4763 1297 4800; x_wconf 88' lang='lat' dir='ltr'><strong>non</strong></span> <span class='ocrx_word' id='word_1_757' title='bbox 1341 4747 1693 4812; x_wconf 86' lang='lat' dir='ltr'><strong>ardebit;ubi</strong></span> <span class='ocrx_word' id='word_1_758' title='bbox 1738 4759 1906 4803; x_wconf 88' lang='lat' dir='ltr'><strong>autem</strong></span> <span class='ocrx_word' id='word_1_759' title='bbox 1935 4753 2030 4803; x_wconf 86' lang='lat' dir='ltr'><strong>nisi</strong></span> <span class='ocrx_word' id='word_1_760' title='bbox 2062 4753 2112 4804; x_wconf 92' lang='lat' dir='ltr'><strong>in</strong></span> 
     </span>
    </p>
   </div>
   <div class='ocr_carea' id='block_1_97' title="bbox 590 4835 2111 4907">
    <p class='ocr_par' dir='ltr' id='par_1_97' title="bbox 590 4835 2111 4907">
     <span class='ocr_line' id='line_1_97' title="bbox 590 4835 2111 4907; baseline 0 -14"><span class='ocrx_word' id='word_1_761' title='bbox 590 4856 809 4907; x_wconf 85' lang='lat' dir='ltr'><strong>corpore</strong></span> <span class='ocrx_word' id='word_1_762' title='bbox 840 4838 1023 4897; x_wconf 67' lang='lat' dir='ltr'><strong>sentiet</strong></span> <span class='ocrx_word' id='word_1_763' title='bbox 1056 4837 1223 4902; x_wconf 75' lang='lat' dir='ltr'><strong>ignem</strong></span> <span class='ocrx_word' id='word_1_764' title='bbox 1257 4835 1417 4894; x_wconf 88' lang='lat' dir='ltr'><strong>illum,</strong></span> <span class='ocrx_word' id='word_1_765' title='bbox 1450 4837 1532 4900; x_wconf 89' lang='lat' dir='ltr'><strong>qui</strong></span> <span class='ocrx_word' id='word_1_766' title='bbox 1568 4845 1771 4902; x_wconf 85' lang='lat' dir='ltr'><strong>paratus</strong></span> <span class='ocrx_word' id='word_1_767' title='bbox 1802 4849 1880 4891; x_wconf 91' lang='lat' dir='ltr'><strong>est</strong></span> <span class='ocrx_word' id='word_1_768' title='bbox 1904 4840 2111 4893; x_wconf 88' lang='lat' dir='ltr'><strong>diabolo</strong></span> 
     </span>
    </p>
   </div>
   <div class='ocr_carea' id='block_1_98' title="bbox 589 4921 2110 4995">
    <p class='ocr_par' dir='ltr' id='par_1_98' title="bbox 589 4921 2110 4995">
     <span class='ocr_line' id='line_1_98' title="bbox 589 4921 2110 4995; baseline -0.001 -14"><span class='ocrx_word' id='word_1_769' title='bbox 589 4939 640 4982; x_wconf 86' lang='lat' dir='ltr'><strong>et</strong></span> <span class='ocrx_word' id='word_1_770' title='bbox 661 4927 856 4995; x_wconf 77' lang='lat' dir='ltr'><strong>angelis</strong></span> <span class='ocrx_word' id='word_1_771' title='bbox 883 4925 1024 4991; x_wconf 83' lang='lat' dir='ltr'><strong>ejus?</strong></span> <span class='ocrx_word' id='word_1_772' title='bbox 1054 4923 1163 4975; x_wconf 67' lang='lat' dir='ltr'><strong>iam</strong></span> <span class='ocrx_word' id='word_1_773' title='bbox 1196 4921 1317 4973; x_wconf 90' lang='lat' dir='ltr'><strong>illud</strong></span> <span class='ocrx_word' id='word_1_774' title='bbox 1349 4921 1446 4973; x_wconf 87' lang='lat' dir='ltr'><strong>dici</strong></span> <span class='ocrx_word' id='word_1_775' title='bbox 1473 4922 1778 4986; x_wconf 82' lang='lat' dir='ltr'><strong>superﬂuunt</strong></span> <span class='ocrx_word' id='word_1_776' title='bbox 1799 4937 1947 4990; x_wconf 76' lang='lat' dir='ltr'><strong>puto,</strong></span> <span class='ocrx_word' id='word_1_777' title='bbox 1972 4927 2110 4979; x_wconf 85' lang='lat' dir='ltr'><strong>illum</strong></span> 
     </span>
    </p>
   </div>
   <div class='ocr_carea' id='block_1_99' title="bbox 589 5001 2109 5076">
    <p class='ocr_par' dir='ltr' id='par_1_99' title="bbox 589 5001 2109 5076">
     <span class='ocr_line' id='line_1_99' title="bbox 589 5001 2109 5076; baseline -0.007 -6"><span class='ocrx_word' id='word_1_778' title='bbox 589 5019 640 5071; x_wconf 93' lang='lat' dir='ltr'><strong>in</strong></span> <span class='ocrx_word' id='word_1_779' title='bbox 666 5017 798 5070; x_wconf 85' lang='lat' dir='ltr'><strong>aeris</strong></span> <span class='ocrx_word' id='word_1_780' title='bbox 819 5001 967 5068; x_wconf 81' lang='lat' dir='ltr'><strong>istius</strong></span> <span class='ocrx_word' id='word_1_781' title='bbox 990 5011 1384 5064; x_wconf 76' lang='lat' dir='ltr'><strong>conversatione</strong></span> <span class='ocrx_word' id='word_1_782' title='bbox 1414 5012 1687 5076; x_wconf 80' lang='lat' dir='ltr'><strong>qttatttdam</strong></span> <span class='ocrx_word' id='word_1_783' title='bbox 1719 5016 2109 5067; x_wconf 69' lang='lat' dir='ltr'><strong>crttSsilu-Jincm</strong></span> 
     </span>
    </p>
   </div>
   <div class='ocr_carea' id='block_1_100' title="bbox 596 5097 2110 5158">
    <p class='ocr_par' dir='ltr' id='par_1_100' title="bbox 596 5097 2110 5158">
     <span class='ocr_line' id='line_1_100' title="bbox 596 5097 2110 5158; baseline -0.003 -2"><span class='ocrx_word' id='word_1_784' title='bbox 596 5108 659 5158; x_wconf 88' lang='lat' dir='ltr'><strong>de</strong></span> <span class='ocrx_word' id='word_1_785' title='bbox 701 5106 1071 5158; x_wconf 74' lang='lat' dir='ltr'><strong>cicincutorum</strong></span> <span class='ocrx_word' id='word_1_786' title='bbox 1120 5097 1449 5149; x_wconf 76' lang='lat' dir='ltr'><strong>concretione</strong></span> <span class='ocrx_word' id='word_1_787' title='bbox 1504 5098 1735 5148; x_wconf 60' lang='lat' dir='ltr'><strong>traxisse.</strong></span> <span class='ocrx_word' id='word_1_788' title='bbox 1790 5099 1875 5150; x_wconf 82' lang='lat' dir='ltr'><strong>Dic</strong></span> <span class='ocrx_word' id='word_1_789' title='bbox 1920 5101 2039 5152; x_wconf 83' lang='lat' dir='ltr'><strong>tnilti</strong></span> <span class='ocrx_word' id='word_1_790' title='bbox 2071 5103 2110 5151; x_wconf 82' lang='lat' dir='ltr'><strong>si</strong></span> 
     </span>
    </p>
   </div>
   <div class='ocr_carea' id='block_1_101' title="bbox 661 5274 1194 5340">
    <p class='ocr_par' dir='ltr' id='par_1_101' title="bbox 661 5274 1194 5340">
     <span class='ocr_line' id='line_1_101' title="bbox 661 5274 1194 5340; baseline -0.002 -16"><span class='ocrx_word' id='word_1_791' title='bbox 661 5286 681 5311; x_wconf 74' lang='grc' dir='ltr'><strong>δ</strong></span> <span class='ocrx_word' id='word_1_792' title='bbox 716 5277 952 5338; x_wconf 55' lang='lat' dir='ltr'><strong>Maritum,</strong></span> <span class='ocrx_word' id='word_1_793' title='bbox 978 5274 1194 5340; x_wconf 68' lang='lat' dir='ltr'><strong>respicit.</strong></span> 
     </span>
    </p>
   </div>
   <div class='ocr_carea' id='block_1_102' title="bbox 660 5341 1170 5404">
    <p class='ocr_par' dir='ltr' id='par_1_102' title="bbox 660 5341 1170 5404">
     <span class='ocr_line' id='line_1_102' title="bbox 660 5341 1170 5404; baseline -0.01 -11"><span class='ocrx_word' id='word_1_794' title='bbox 660 5341 685 5377; x_wconf 61' lang='grc' dir='ltr'><strong>ι’</strong></span> <span class='ocrx_word' id='word_1_795' title='bbox 718 5345 954 5404; x_wconf 58' lang='lat' dir='ltr'><strong>Morgzttu,</strong></span> <span class='ocrx_word' id='word_1_796' title='bbox 987 5343 1170 5391; x_wconf 65' lang='grc' dir='ltr'><strong>τίει-ναι.</strong></span> 
     </span>
    </p>
   </div>
   <div class='ocr_carea' id='block_1_103' title="bbox 664 5406 2102 5473">
    <p class='ocr_par' dir='ltr' id='par_1_103' title="bbox 664 5406 2102 5473">
     <span class='ocr_line' id='line_1_103' title="bbox 664 5406 2102 5473; baseline -0.003 -14"><span class='ocrx_word' id='word_1_797' title='bbox 664 5421 681 5442; x_wconf 68' lang='grc' dir='ltr'><em>τ</em></span> <span class='ocrx_word' id='word_1_798' title='bbox 721 5412 955 5473; x_wconf 57' lang='grc' dir='ltr'><strong>διηγελικ,</strong></span> <span class='ocrx_word' id='word_1_799' title='bbox 993 5415 1111 5469; x_wconf 65' lang='lat' dir='ltr'><strong>Quit</strong></span> <span class='ocrx_word' id='word_1_800' title='bbox 1142 5424 1249 5457; x_wconf 84' lang='lat' dir='ltr'><strong>cum</strong></span> <span class='ocrx_word' id='word_1_801' title='bbox 1278 5410 1342 5457; x_wconf 81' lang='lat' dir='ltr'><strong>ita</strong></span> <span class='ocrx_word' id='word_1_802' title='bbox 1382 5414 1492 5468; x_wconf 81' lang='lat' dir='ltr'><strong>sml,</strong></span> <span class='ocrx_word' id='word_1_803' title='bbox 1518 5407 1599 5472; x_wconf 79' lang='lat' dir='ltr'><strong>qui</strong></span> <span class='ocrx_word' id='word_1_804' title='bbox 1627 5406 1686 5457; x_wconf 86' lang='lat' dir='ltr'><strong>dc</strong></span> <span class='ocrx_word' id='word_1_805' title='bbox 1716 5406 1821 5459; x_wconf 70' lang='lat' dir='ltr'><strong>loco</strong></span> <span class='ocrx_word' id='word_1_806' title='bbox 1852 5409 1915 5457; x_wconf 81' lang='lat' dir='ltr'><strong>ad</strong></span> <span class='ocrx_word' id='word_1_807' title='bbox 1945 5408 2102 5458; x_wconf 74' lang='lat' dir='ltr'><strong>locum</strong></span> 
     </span>
    </p>
   </div>
   <div class='ocr_carea' id='block_1_104' title="bbox 598 5476 946 5534">
    <p class='ocr_par' dir='ltr' id='par_1_104' title="bbox 598 5476 946 5534">
     <span class='ocr_line' id='line_1_104' title="bbox 598 5476 946 5534; baseline 0.003 -11"><span class='ocrx_word' id='word_1_808' title='bbox 598 5476 822 5534; x_wconf 70' lang='lat' dir='ltr'><strong>mituttr,</strong></span> <span class='ocrx_word' id='word_1_809' title='bbox 849 5488 946 5526; x_wconf 83' lang='lat' dir='ltr'><strong>etc.</strong></span> 
     </span>
    </p>
   </div>
   <div class='ocr_carea' id='block_1_105' title="bbox 667 5539 1206 5606">
    <p class='ocr_par' dir='ltr' id='par_1_105' title="bbox 667 5539 1206 5606">
     <span class='ocr_line' id='line_1_105' title="bbox 667 5539 1206 5606; baseline -0.002 -13"><span class='ocrx_word' id='word_1_810' title='bbox 667 5539 688 5574; x_wconf 66' lang='grc' dir='ltr'><em>δ</em></span> <span class='ocrx_word' id='word_1_811' title='bbox 722 5543 960 5606; x_wconf 54' lang='lat' dir='ltr'><strong>Numam,</strong></span> <span class='ocrx_word' id='word_1_812' title='bbox 995 5544 1206 5593; x_wconf 65' lang='lat' dir='ltr'><strong>t&#39;itt&#39;atur.</strong></span> 
     </span>
    </p>
   </div>
   <div class='ocr_carea' id='block_1_106' title="bbox 2214 4478 3676 4552">
    <p class='ocr_par' dir='ltr' id='par_1_106' title="bbox 2214 4478 3676 4552">
     <span class='ocr_line' id='line_1_106' title="bbox 2214 4478 3676 4552; baseline -0.008 -14"><span class='ocrx_word' id='word_1_813' title='bbox 2214 4486 2311 4539; x_wconf 86' lang='lat' dir='ltr'><strong>hoc</strong></span> <span class='ocrx_word' id='word_1_814' title='bbox 2333 4486 2499 4552; x_wconf 83' lang='lat' dir='ltr'><strong>angeli</strong></span> <span class='ocrx_word' id='word_1_815' title='bbox 2529 4483 2750 4551; x_wconf 91' lang='lat' dir='ltr'><strong>perdidit</strong></span> <span class='ocrx_word' id='word_1_816' title='bbox 2792 4482 3116 4548; x_wconf 76' lang='lat' dir='ltr'><strong>dignitatem,</strong></span> <span class='ocrx_word' id='word_1_817' title='bbox 3143 4480 3266 4532; x_wconf 88' lang='lat' dir='ltr'><strong>dum</strong></span> <span class='ocrx_word' id='word_1_818' title='bbox 3316 4493 3372 4533; x_wconf 88' lang='lat' dir='ltr'><strong>se</strong></span> <span class='ocrx_word' id='word_1_819' title='bbox 3407 4478 3494 4532; x_wconf 86' lang='lat' dir='ltr'><strong>Dei</strong></span> <span class='ocrx_word' id='word_1_820' title='bbox 3539 4490 3676 4545; x_wconf 61' lang='lat' dir='ltr'><strong>ptest:</strong></span> 
     </span>
    </p>
   </div>
   <div class='ocr_carea' id='block_1_107' title="bbox 2214 4567 3692 4635">
    <p class='ocr_par' dir='ltr' id='par_1_107' title="bbox 2214 4567 3692 4635">
     <span class='ocr_line' id='line_1_107' title="bbox 2214 4567 3692 4635; baseline -0.012 -8"><span class='ocrx_word' id='word_1_821' title='bbox 2214 4576 2305 4627; x_wconf 90' lang='lat' dir='ltr'><strong>tnit</strong></span> <span class='ocrx_word' id='word_1_822' title='bbox 2335 4570 2523 4625; x_wconf 88' lang='lat' dir='ltr'><strong>habere</strong></span> <span class='ocrx_word' id='word_1_823' title='bbox 2555 4581 2808 4623; x_wconf 88' lang='lat' dir='ltr'><strong>naturam.</strong></span> <span class='ocrx_word' id='word_1_824' title='bbox 2840 4568 2856 4605; x_wconf 75' lang='grc' dir='ltr'>ί</span> <span class='ocrx_word' id='word_1_825' title='bbox 2886 4568 3026 4622; x_wconf 85' lang='lat' dir='ltr'><strong>Unus</strong></span> <span class='ocrx_word' id='word_1_826' title='bbox 3067 4582 3189 4635; x_wconf 92' lang='lat' dir='ltr'><strong>ergo</strong></span> <span class='ocrx_word' id='word_1_827' title='bbox 3218 4567 3350 4620; x_wconf 85' lang='lat' dir='ltr'><strong>Deus</strong></span> <span class='ocrx_word' id='word_1_828' title='bbox 3376 4567 3692 4631; x_wconf 82' lang='lat' dir='ltr'><strong>incorporeus,</strong></span> 
     </span>
    </p>
   </div>
   <div class='ocr_carea' id='block_1_108' title="bbox 2210 4655 3692 4733">
    <p class='ocr_par' dir='ltr' id='par_1_108' title="bbox 2210 4655 3692 4733">
     <span class='ocr_line' id='line_1_108' title="bbox 2210 4655 3692 4733; baseline -0.009 -17"><span class='ocrx_word' id='word_1_829' title='bbox 2210 4665 2329 4733; x_wconf 91' lang='lat' dir='ltr'><strong>quia</strong></span> <span class='ocrx_word' id='word_1_830' title='bbox 2373 4672 2422 4715; x_wconf 91' lang='lat' dir='ltr'><strong>ct</strong></span> <span class='ocrx_word' id='word_1_831' title='bbox 2451 4658 3006 4727; x_wconf 82' lang='lat' dir='ltr'><strong>incomprehensibilis,</strong></span> <span class='ocrx_word' id='word_1_832' title='bbox 3053 4666 3106 4710; x_wconf 91' lang='lat' dir='ltr'><strong>et</strong></span> <span class='ocrx_word' id='word_1_833' title='bbox 3151 4657 3338 4725; x_wconf 88' lang='lat' dir='ltr'><strong>ubique</strong></span> <span class='ocrx_word' id='word_1_834' title='bbox 3381 4655 3692 4716; x_wconf 78' lang='lat' dir='ltr'><strong>diffusus;ex</strong></span> 
     </span>
    </p>
   </div>
   <div class='ocr_carea' id='block_1_109' title="bbox 2215 4744 3694 4814">
    <p class='ocr_par' dir='ltr' id='par_1_109' title="bbox 2215 4744 3694 4814">
     <span class='ocr_line' id='line_1_109' title="bbox 2215 4744 3694 4814; baseline -0.007 -9"><span class='ocrx_word' id='word_1_835' title='bbox 2215 4752 2406 4805; x_wconf 87' lang='lat' dir='ltr'><strong>nullius</strong></span> <span class='ocrx_word' id='word_1_836' title='bbox 2468 4751 2603 4804; x_wconf 91' lang='lat' dir='ltr'><strong>enim</strong></span> <span class='ocrx_word' id='word_1_837' title='bbox 2651 4748 2862 4801; x_wconf 67' lang='lat' dir='ltr'><strong>factura:</strong></span> <span class='ocrx_word' id='word_1_838' title='bbox 2922 4761 3141 4814; x_wconf 87' lang='lat' dir='ltr'><strong>corpore</strong></span> <span class='ocrx_word' id='word_1_839' title='bbox 3197 4744 3461 4799; x_wconf 83' lang='lat' dir='ltr'><strong>materialc</strong></span> <span class='ocrx_word' id='word_1_840' title='bbox 3515 4747 3694 4808; x_wconf 76' lang='lat' dir='ltr'><strong>sapit</strong></span> 
     </span>
    </p>
   </div>
   <div class='ocr_carea' id='block_1_110' title="bbox 2216 4833 3690 4903">
    <p class='ocr_par' dir='ltr' id='par_1_110' title="bbox 2216 4833 3690 4903">
     <span class='ocr_line' id='line_1_110' title="bbox 2216 4833 3690 4903; baseline -0.007 -8"><span class='ocrx_word' id='word_1_841' title='bbox 2216 4841 2504 4895; x_wconf 86' lang='lat' dir='ltr'><strong>exordium.</strong></span> <span class='ocrx_word' id='word_1_842' title='bbox 2536 4842 2598 4894; x_wconf 83' lang='lat' dir='ltr'><strong>Et</strong></span> <span class='ocrx_word' id='word_1_843' title='bbox 2627 4841 2742 4893; x_wconf 90' lang='lat' dir='ltr'><strong>ideo</strong></span> <span class='ocrx_word' id='word_1_844' title='bbox 2783 4849 3072 4893; x_wconf 70' lang='lat' dir='ltr'><strong>coaeternus</strong></span> <span class='ocrx_word' id='word_1_845' title='bbox 3100 4836 3260 4890; x_wconf 82' lang='lat' dir='ltr'><strong>Filius</strong></span> <span class='ocrx_word' id='word_1_846' title='bbox 3286 4836 3454 4899; x_wconf 85' lang='lat' dir='ltr'><strong>Patri,</strong></span> <span class='ocrx_word' id='word_1_847' title='bbox 3503 4833 3612 4903; x_wconf 84' lang='lat' dir='ltr'><strong>quia</strong></span> <span class='ocrx_word' id='word_1_848' title='bbox 3645 4843 3690 4878; x_wconf 71' lang='grc' dir='ltr'><strong>τι</strong></span> 
     </span>
    </p>
   </div>
   <div class='ocr_carea' id='block_1_111' title="bbox 2211 4915 3690 4998">
    <p class='ocr_par' dir='ltr' id='par_1_111' title="bbox 2211 4915 3690 4998">
     <span class='ocr_line' id='line_1_111' title="bbox 2211 4915 3690 4998; baseline -0.011 -15"><span class='ocrx_word' id='word_1_849' title='bbox 2211 4931 2351 4983; x_wconf 86' lang='lat' dir='ltr'><strong>nullo</strong></span> <span class='ocrx_word' id='word_1_850' title='bbox 2380 4943 2534 4995; x_wconf 88' lang='lat' dir='ltr'><strong>opere</strong></span> <span class='ocrx_word' id='word_1_851' title='bbox 2564 4927 2820 4990; x_wconf 90' lang='lat' dir='ltr'><strong>conditus,</strong></span> <span class='ocrx_word' id='word_1_852' title='bbox 2866 4925 3123 4992; x_wconf 84' lang='lat' dir='ltr'><strong>nullisque</strong></span> <span class='ocrx_word' id='word_1_853' title='bbox 3172 4925 3328 4976; x_wconf 86' lang='lat' dir='ltr'><strong>initiis</strong></span> <span class='ocrx_word' id='word_1_854' title='bbox 3352 4915 3690 4998; x_wconf 63' lang='lat' dir='ltr'><strong>circumscribi-</strong></span> 
     </span>
    </p>
   </div>
   <div class='ocr_carea' id='block_1_112' title="bbox 2215 5003 3690 5080">
    <p class='ocr_par' dir='ltr' id='par_1_112' title="bbox 2215 5003 3690 5080">
     <span class='ocr_line' id='line_1_112' title="bbox 2215 5003 3690 5080; baseline -0.005 -12"><span class='ocrx_word' id='word_1_855' title='bbox 2215 5025 2328 5076; x_wconf 88' lang='lat' dir='ltr'><strong>tur;</strong></span> <span class='ocrx_word' id='word_1_856' title='bbox 2359 5030 2513 5080; x_wconf 89' lang='lat' dir='ltr'><strong>super</strong></span> <span class='ocrx_word' id='word_1_857' title='bbox 2544 5014 2714 5065; x_wconf 91' lang='lat' dir='ltr'><strong>omnia</strong></span> <span class='ocrx_word' id='word_1_858' title='bbox 2758 5027 2870 5080; x_wconf 64' lang='lat' dir='ltr'><strong>quae</strong></span> <span class='ocrx_word' id='word_1_859' title='bbox 2917 5011 3070 5077; x_wconf 82' lang='lat' dir='ltr'><strong>ﬁgulo</strong></span> <span class='ocrx_word' id='word_1_860' title='bbox 3102 5026 3197 5064; x_wconf 89' lang='lat' dir='ltr'><strong>suo</strong></span> <span class='ocrx_word' id='word_1_861' title='bbox 3246 5003 3690 5077; x_wconf 64' lang='lat' dir='ltr'><strong>comprehende</strong></span> 
     </span>
    </p>
   </div>
   <div class='ocr_carea' id='block_1_113' title="bbox 2213 5097 3690 5168">
    <p class='ocr_par' dir='ltr' id='par_1_113' title="bbox 2213 5097 3690 5168">
     <span class='ocr_line' id='line_1_113' title="bbox 2213 5097 3690 5168; baseline -0.005 -14"><span class='ocrx_word' id='word_1_862' title='bbox 2213 5116 2364 5168; x_wconf 87' lang='lat' dir='ltr'><strong>atque</strong></span> <span class='ocrx_word' id='word_1_863' title='bbox 2407 5116 2653 5168; x_wconf 88' lang='lat' dir='ltr'><strong>corporea</strong></span> <span class='ocrx_word' id='word_1_864' title='bbox 2684 5101 2816 5153; x_wconf 87' lang='lat' dir='ltr'><strong>intra</strong></span> <span class='ocrx_word' id='word_1_865' title='bbox 2858 5099 3102 5151; x_wconf 88' lang='lat' dir='ltr'><strong>mundum</strong></span> <span class='ocrx_word' id='word_1_866' title='bbox 3148 5113 3340 5165; x_wconf 87' lang='lat' dir='ltr'><strong>corpus</strong></span> <span class='ocrx_word' id='word_1_867' title='bbox 3381 5105 3610 5166; x_wconf 74' lang='lat' dir='ltr'><strong>operatus</strong></span> <span class='ocrx_word' id='word_1_868' title='bbox 3631 5097 3690 5146; x_wconf 74' lang='lat' dir='ltr'><strong>est</strong></span> 
     </span>
    </p>
   </div>
   <div class='ocr_carea' id='block_1_114' title="bbox 2283 5275 3691 5343">
    <p class='ocr_par' dir='ltr' id='par_1_114' title="bbox 2283 5275 3691 5343">
     <span class='ocr_line' id='line_1_114' title="bbox 2283 5275 3691 5343; baseline 0.004 -17"><span class='ocrx_word' id='word_1_869' title='bbox 2283 5286 2302 5311; x_wconf 73' lang='grc' dir='ltr'>ε</span> <span class='ocrx_word' id='word_1_870' title='bbox 2339 5277 2414 5326; x_wconf 82' lang='lat' dir='ltr'><strong>Ab</strong></span> <span class='ocrx_word' id='word_1_871' title='bbox 2444 5275 2541 5329; x_wconf 90' lang='lat' dir='ltr'><strong>hoc</strong></span> <span class='ocrx_word' id='word_1_872' title='bbox 2571 5276 2727 5329; x_wconf 83' lang='lat' dir='ltr'><strong>verbo</strong></span> <span class='ocrx_word' id='word_1_873' title='bbox 2748 5290 2863 5342; x_wconf 71' lang='lat' dir='ltr'><strong>quae</strong></span> <span class='ocrx_word' id='word_1_874' title='bbox 2891 5285 3171 5343; x_wconf 85' lang='lat' dir='ltr'><strong>sequuntur</strong></span> <span class='ocrx_word' id='word_1_875' title='bbox 3203 5291 3302 5331; x_wconf 83' lang='lat' dir='ltr'><strong>noo</strong></span> <span class='ocrx_word' id='word_1_876' title='bbox 3324 5287 3446 5330; x_wconf 88' lang='lat' dir='ltr'><strong>sunt</strong></span> <span class='ocrx_word' id='word_1_877' title='bbox 3471 5277 3691 5343; x_wconf 60' lang='lat' dir='ltr'><strong>inusti”</strong></span> 
     </span>
    </p>
   </div>
   <div class='ocr_carea' id='block_1_115' title="bbox 2213 5336 3688 5459">
    <p class='ocr_par' dir='ltr' id='par_1_115' title="bbox 2213 5336 3688 5459">
     <span class='ocr_line' id='line_1_115' title="bbox 2213 5336 3688 5457; baseline 0.004 -65"><span class='ocrx_word' id='word_1_878' title='bbox 2213 5343 2397 5457; x_wconf 47' lang='lat' dir='ltr'><strong>codici}</strong></span> <span class='ocrx_word' id='word_1_879' title='bbox 2420 5343 2687 5409; x_wconf 78' lang='lat' dir='ltr'><strong>Margarini</strong></span> <span class='ocrx_word' id='word_1_880' title='bbox 2721 5336 2880 5410; x_wconf 68' lang='lat' dir='ltr'><strong>usque</strong></span> <span class='ocrx_word' id='word_1_881' title='bbox 2912 5336 2978 5396; x_wconf 38' lang='lat' dir='ltr'><strong>ad.</strong></span> <span class='ocrx_word' id='word_1_882' title='bbox 3002 5345 3089 5397; x_wconf 86' lang='lat' dir='ltr'><strong>illa</strong></span> <span class='ocrx_word' id='word_1_883' title='bbox 3133 5347 3314 5411; x_wconf 81' lang='lat' dir='ltr'><strong>verba_</strong></span> <span class='ocrx_word' id='word_1_884' title='bbox 3342 5346 3393 5399; x_wconf 89' lang='lat' dir='ltr'><strong>in</strong></span> <span class='ocrx_word' id='word_1_885' title='bbox 3423 5336 3688 5398; x_wconf 62' lang='lat' dir='ltr'><strong>linum!“</strong></span> 
     </span>
     <span class='ocr_line' id='line_1_116' title="bbox 2213 5426 2504 5459; baseline 0 -1"><span class='ocrx_word' id='word_1_886' title='bbox 2213 5426 2324 5459; x_wconf 77' lang='lat' dir='ltr'><strong>emo</strong></span> <span class='ocrx_word' id='word_1_887' title='bbox 2404 5427 2504 5459; x_wconf 72' lang='lat' dir='ltr'><strong>eus.</strong></span> 
     </span>
    </p>
   </div>
   <div class='ocr_carea' id='block_1_116' title="bbox 2211 5426 3692 5596">
    <p class='ocr_par' dir='ltr' id='par_1_116' title="bbox 2211 5426 3692 5596">
     <span class='ocr_line' id='line_1_117' title="bbox 2211 5426 2504 5459; baseline 0.003 -1"><span class='ocrx_word' id='word_1_888' title='bbox 2211 5426 2260 5458; x_wconf 84' lang='lat' dir='ltr'><strong>cr</strong></span> <span class='ocrx_word' id='word_1_889' title='bbox 2299 5427 2324 5458; x_wconf 87' lang='lat'><em>0</em></span> <span class='ocrx_word' id='word_1_890' title='bbox 2357 5426 2504 5459; x_wconf 70' lang='grc' dir='ltr'><strong>υειω.</strong></span> 
     </span>
     <span class='ocr_line' id='line_1_118' title="bbox 2249 5427 3692 5596; baseline 0.006 -71"><span class='ocrx_word' id='word_1_891' title='bbox 2249 5427 2302 5596; x_wconf 65' lang='lat' dir='ltr'><strong>:f</strong></span> <span class='ocrx_word' id='word_1_892' title='bbox 2338 5476 2442 5593; x_wconf 59' lang='lat' dir='ltr'><strong>&quot;pc</strong></span> <span class='ocrx_word' id='word_1_893' title='bbox 2467 5491 2625 5543; x_wconf 85' lang='lat' dir='ltr'><strong>usque</strong></span> <span class='ocrx_word' id='word_1_894' title='bbox 2657 5491 2750 5528; x_wconf 90' lang='lat' dir='ltr'><strong>ms.</strong></span> <span class='ocrx_word' id='word_1_895' title='bbox 2783 5478 2943 5534; x_wconf 81' lang='lat' dir='ltr'><strong>codex</strong></span> <span class='ocrx_word' id='word_1_896' title='bbox 2989 5479 3162 5534; x_wconf 82' lang='lat' dir='ltr'><strong>habuit</strong></span> <span class='ocrx_word' id='word_1_897' title='bbox 3205 5494 3266 5533; x_wconf 89' lang='lat' dir='ltr'><strong>ea</strong></span> <span class='ocrx_word' id='word_1_898' title='bbox 3296 5493 3413 5550; x_wconf 70' lang='lat' dir='ltr'><strong>qua:</strong></span> <span class='ocrx_word' id='word_1_899' title='bbox 3450 5481 3503 5533; x_wconf 85' lang='lat' dir='ltr'><strong>iu</strong></span> <span class='ocrx_word' id='word_1_900' title='bbox 3527 5471 3692 5555; x_wconf 62' lang='grc' dir='ltr'><strong>τιιιζιο</strong></span> 
     </span>
     <span class='ocr_line' id='line_1_119' title="bbox 2214 5558 2419 5596; baseline -0.01 0"><span class='ocrx_word' id='word_1_901' title='bbox 2214 5560 2242 5596; x_wconf 81' lang='lat' dir='ltr'><strong>a</strong></span> <span class='ocrx_word' id='word_1_902' title='bbox 2282 5558 2375 5596; x_wconf 83' lang='lat' dir='ltr'><strong>sun</strong></span> <span class='ocrx_word' id='word_1_903' title='bbox 2407 5580 2419 5594; x_wconf 94' lang='lat'><strong>.</strong></span> 
     </span>
    </p>
   </div>
   <div class='ocr_carea' id='block_1_117' title="bbox 2214 5558 2419 5596">
    <p class='ocr_par' dir='ltr' id='par_1_117' title="bbox 2214 5558 2419 5596">
     <span class='ocr_line' id='line_1_120' title="bbox 2214 5558 2419 5596; baseline -0.01 0"><span class='ocrx_word' id='word_1_904' title='bbox 2214 5558 2419 5596; x_wconf 76' lang='lat' dir='ltr'><strong>absunt.</strong></span> 
     </span>
    </p>
   </div>
  </div>
