3824 6218
132 317 205 370 855

1493 305 1862 361 Ειιιδγυωε.

3145 312 3255 369 ,8ἰῦ

130 430 382 493 incorporea
410 419 682 491 majestate
727 421 1050 480 din‘uuditur.
1102 417 1178 473 Es
1211 415 1443 485 ingenito
1467 412 1616 482 geni-
1640 415 1690 473 Α
1721 413 1782 468 Et
1824 429 1890 470 ne
1930 430 2077 486 spem
2126 427 2355 473 nostram
2395 421 2444 473 in
2487 421 2615 494 sola
2645 420 2763 478 ﬁdei
2805 431 2951 492 parte
2980 439 3252 493 ponamus,

127 529 204 579 tus,
231 515 274 569 id
295 523 389 580 est,
413 529 480 570 ex
501 515 674 583 Patre,
704 517 793 570 sed
821 528 1030 583 semper
1054 525 1172 567 cum
1205 508 1360 563 Patre
1385 505 1467 561 bis
1494 519 1612 573 quae

120 605 325 660 excitavit
350 619 411 660 ex
442 603 628 672 nibilo,
660 606 936 661 indiscreta
975 601 1143 658 sancti
1181 599 1408 670 Spiritus
1445 596 1613 653 socie-

122 704 202 747 tate
227 692 523 748 dominatur.
551 694 742 748 Arnen.

595 781 920 836 EPISTOLA
959 779 1021 833 IV
1054 788 1100 833 ι.

124 885 271 924 ηυίτι
296 885 586 926 MIEGIENSIS
610 886 902 927 ῦΑιιιΔῐιυιι
933 884 1181 933 ενιεεορι,
1203 885 1266 923 λυ
1295 881 1616 922 Βεκεικςτυι

687 956 940 995 rsuunuu
968 940 1016 991 ιι.

174 1049 467 1104 Admiranda
491 1049 618 1104 milii
647 1063 854 1118 semper
882 1059 1090 1104 tuarum
1123 1048 1305 1117 pagina
1328 1047 1618 1100 litterarum

120 1155 228 1193 nunc
251 1139 587 1194 abundantius
614 1141 820 1210 gemina
860 1139 1054 1209 eloquii
1079 1148 1135 1194 et
1172 1138 1292 1198 ﬁdei
1331 1139 1445 1192 luce
1491 1151 1621 1204 prae-

118 1228 248 1294 fulsit,
272 1228 388 1282 dum
435 1242 594 1298 super
639 1236 779 1284 statu
824 1230 1015 1284 animae
1058 1239 1081 1267 ι
1109 1229 1388 1298 cogitans,
1434 1228 1620 1282 timore

117 1317 304 1370 sollicito
341 1318 532 1385 judicia
583 1318 755 1372 futura
800 1319 1050 1388 suspirat.
1098 1318 1184 1374 Ait
1226 1317 1451 1387 quodam
1503 1317 1620 1370 loco

115 1422 260 1462 sermo
285 1409 484 1464 divinus
509 1424 524 1461 :
555 1409 716 1465 Recte
738 1408 1081 1478 interroganti
1110 1407 1365 1475 sapientia
1407 1414 1620 1474 reputa-

117 1499 245 1553 bitur.
274 1499 514 1566 Quaidam
544 1500 684 1554 enim
713 1501 945 1555 scientias
987 1499 1159 1568 portio
1187 1505 1288 1564 est,
1319 1497 1454 1552 scire
1483 1495 1620 1565 quod

115 1594 274 1655 nescis,
299 1601 350 1646 et
369 1607 432 1646 ea
457 1607 571 1660 qua:
594 1591 895 1659 ignoranter
916 1603 1018 1642 non
1047 1587 1313 1656 intelligis,
1337 1587 1623 1655 prudenter

116 1680 362 1748 inquirere.
415 1681 588 1736 Primo
618 1681 733 1734 loco
783 1678 1146 1747 inquirendum
1179 1678 1402 1746 putasti;
1450 1677 1496 1733 si
1541 1677 1620 1732 in-

1714 504 1784 560 ita
1832 507 2090 562 conclusit
2127 522 2142 561 :
2187 508 2334 566 Sicut
2371 526 2551 579 corpus
2606 514 2712 566 sine
2768 515 2944 581 spiritu
3003 526 3256 571 mortuum

1711 603 1803 661 est,
1834 595 1904 648 ita
1938 605 1986 650 et
2027 597 2152 666 fides
2196 599 2303 653 sine
2338 600 2562 662 operibus
2608 611 2804 653 mortua
2841 613 2932 666 est,
2979 604 3094 660 sine
3143 608 3259 673 qui-

1715 685 1812 739 bus
1854 686 2063 741 inanem
2118 702 2238 743 esse
2304 689 2567 744 hominem
2623 692 2777 745 dixit.
2846 693 3058 748 Multum
3108 696 3256 750 simi-

1719 777 1841 830 lium
1893 778 2352 846 testimoniorum,
2419 782 2592 834 studio
2667 781 2938 835 brevitatis
2991 786 3253 844 emittant.
3340 840 3346 848 ,

1715 865 1999 936 Apostolus
2039 867 2249 934 Paulus,
2288 869 2355 923 de
2395 869 2544 938 cujus
2585 879 2797 939 pectore
2835 873 2980 940 quasi
3018 873 3083 928 de
3125 887 3255 929 tent-

1719 957 1806 1022 pIo
1843 972 1938 1010 suo
1976 957 2226 1012 Dominus
2254 959 2578 1026 loquebatur,
2611 961 2844 1030 nunquid
2890 962 3055 1017 solam
3101 965 3256 1019 ﬁdem

1720 1049 1820 1102 sibi
1847 1047 2096 1115 judicavit
2141 1049 2205 1101 ad
2235 1049 2526 1113 superanda
2561 1050 2737 1104 mundi
2773 1052 2908 1105 mala
2938 1068 3092 1121 posse
3115 1068 3259 1108 com-

1721 1145 1922 1206 petere,
1963 1138 2030 1190 ita
2060 1137 2269 1192 dicens:
2300 1137 2494 1208 Corpus
2517 1155 2680 1192 meum
2717 1141 2905 1210 castigo
2938 1153 2983 1194 et
3017 1143 3069 1195 in
3109 1145 3262 1198 servi-

1724 1235 1874 1278 tutem
1919 1226 2124 1296 redigo,
2172 1242 2233 1278 ne
2274 1229 2401 1296 forte
2445 1243 2556 1280 cum
2603 1229 2717 1282 aliis
2762 1230 3111 1298 pradicavero,
3155 1233 3260 1296 ipse

1722 1315 1958 1383 reprobus
1984 1316 2198 1382 eﬂiciar.’
2217 1315 2352 1370 Ecce
2378 1330 2470 1382 per
2499 1317 2620 1370 vitia
2641 1317 2873 1386 corporis
2900 1320 3152 1388 reprobus
3168 1321 3264 1375 ﬁe-

1724 1404 1768 1457 ri
1800 1403 2118 1471 pertimescit
2137 1419 2150 1466 ;
2164 1405 2269 1471 jam
2291 1403 2561 1472 probatus,
2587 1419 2682 1474 per
2696 1408 2962 1462 mortifera
2977 1411 3262 1466 carnalium

1722 1493 1959 1562 contagia
1992 1492 2309 1560 passionum,
2335 1507 2427 1548 vas
2451 1495 2782 1550 contumeliae
2805 1497 2918 1552 ﬁeri
2937 1500 3142 1564 metuit,
3171 1501 3259 1570 qui

1719 1581 1827 1650 jam
1856 1596 1945 1636 vas
1972 1581 2241 1635 electionis
2267 1581 2483 1639 elI'ectus
2503 1584 2614 1638 esti
2647 1583 2924 1640 Videamus
2949 1590 2991 1642 si
3015 1589 3132 1644 vitae
3153 1606 3264 1645 sua:

1729 1672 1996 1741 prodigum
2023 1671 2152 1726 ﬁdes
2173 1671 2282 1726 sola
2310 1671 2582 1737 defendat;
2614 1681 2668 1727 et
2694 1674 2980 1743 baptizatus
3002 1678 3081 1747 (ut
3111 1679 3263 1750 dicis)

113 1769 442 1823 cumbentibus
461 1776 712 1823 extrema:
741 1767 1070 1822 necessitatis
1105 1767 1359 1836 angustiis
1386 1781 1623 1821 momen—
1653 1753 1698 1813 Β
1721 1762 1829 1831 jam
1854 1761 2024 1830 perire
2067 1771 2172 1816 non
2214 1760 2394 1830 possit.
2431 1762 2666 1831 Agnosce
2689 1766 2950 1834 quomodo
2990 1771 3121 1822 mala
3153 1785 3265 1823 car-

115 1870 235 1914 tanea
265 1860 564 1928 ptenitentia
589 1859 825 1928 capitalis
855 1859 1065 1912 inimica
1097 1858 1436 1927 persuasione
1479 1873 1627 1912 men-

116 1953 234 2014 titur,
279 1953 363 2020 qui
410 1951 638 2004 maculas
685 1951 838 2019 longa
902 1958 1056 2005 rotate
1100 1957 1396 2003 contractas
1440 1949 1626 2003 subitis

113 2040 240 2093 etiam
265 2039 526 2094 inutilibus
550 2038 836 2093 abolendas
855 2038 1137 2107 gemitibus
1175 2038 1462 2092 arbitratur
1486 2055 1498 2089 :
1523 2053 1626 2106 quo

113 2139 316 2198 tempore
362 2129 622 2182 confessio
664 2143 781 2183 esse
828 2137 1020 2196 potest,
1048 2128 1334 2182 satisfactio
1377 2141 1491 2181 esse
1521 2143 1623 2179 non

114 2227 272 2283 potest.
303 2220 430 2273 Nam
458 2219 579 2287 quia
613 2217 741 2271 Deus
767 2234 864 2270 non
890 2218 1158 2282 irridetur;
1202 2221 1311 2285 ipse
1340 2231 1395 2271 5e
1423 2218 1627 2284 decepit

114 2305 182 2372 qui
206 2316 415 2360 mortem
444 2308 622 2359 multis
651 2306 968 2375 temporibus
1015 2307 1158 2370 vicit,
1190 2315 1243 2360 et
1283 2306 1348 2358 ad
1390 2321 1625 2372 quaaren-

111 2396 208 2448 dam
229 2397 356 2449 viam
378 2397 486 2464 jam
514 2397 803 2449 semivivus
829 2397 1072 2464 assurgit,
1106 2407 1161 2449 ut
1204 2406 1324 2449 tunc
1362 2396 1625 2450 ofﬁciosus

112 2497 345 2554 appareat,
375 2487 586 2554 quando
621 2486 895 2539 dominicis
926 2486 1162 2539 servituti
1190 2487 1361 2538 omnia
1390 2484 1625 2550 corporis

112 2577 366 2629 eLanimze
409 2577 785 2629 subtrahuntur
825 2575 1016 2629 ofﬁcia.
1048 2576 1198 2629 Circa
1239 2575 1623 2642 exsequendum

114 2667 343 2721 interioris
371 2667 597 2720 hominis
625 2667 931 2733 sanitatem,
967 2681 1067 2719 non
1114 2667 1282 2719 solum
1330 2665 1623 2733 accipiendi

114 2760 339 2824 voluntas,
386 2759 480 2813 sed
510 2759 697 2828 agendi
743 2767 1073 2827 exspectatur
1115 2760 1329 2812 utilitas.
1378 2759 1448 2811 Ita
1484 2760 1622 2812 enim

114 2849 328 2916 legimus;
361 2850 421 2904 Si
441 2850 654 2920 (inquit)
681 2860 906 2918 peccator
928 2851 1262 2918 paenitentiam
1286 2854 1382 2919 egit
1401 2866 1490 2914 pro
1514 2866 1626 2916 pec-

112 2942 210 2994 catis
245 2943 343 2995 suis
372 2942 571 3011 (egerit,
601 2941 931 3004 memoravit,
963 2956 1064 2993 non
1095 2941 1262 2993 solum
1291 2940 1440 2999 dixit.
1485 2955 1616 2991 acccc

113 3032 256 3097 perit),
282 3034 331 3083 in
352 3049 468 3096 sua,
510 3031 694 3098 inquit,
716 3033 919 3099 justitia
955 3047 1103 3097 quam
1135 3039 1365 3098 operatus
1393 3039 1465 3085 est
1489 3032 1619 3083 vicit.

1728 1853 1885 1917 nalia,
1925 1853 2152 1906 alienum
2173 1867 2202 1905 a
2232 1852 2340 1908 Deo
2367 1852 2922 1911 iaciantobmenarum
2951 1861 3261 1927 mancipium

1727 1941 2070 2010 voluptatum.
2125 1940 2204 1995 Ad
2252 1939 2462 1996 Galatas
2514 1944 2588 1997 ait
2632 1944 2955 2012 Apostolus:
2996 1947 3265 2019 Manifesta

1725 2040 1840 2086 sunt
1870 2048 2022 2100 opera
2066 2033 2262 2097 carnis;
2289 2021 2401 2101 quis
2426 2042 2562 2098 sunt,
2604 2037 2891 2104 fornicatio,
2922 2039 3260 2107 immunditia,
3337 2103 3345 2108 I

1727 2124 1950 2188 luxuria,
1990 2123 2330 2188 Itoaticidistnt,
2368 2123 2641 2190 ebrietates,
2690 2130 3083 2194 comessationes,
3116 2144 3160 2184 et
3191 2134 3266 2186 his

1725 2212 1909 2266 similia
1926 2227 1944 2274 ;
1960 2213 2048 2281 qui
2070 2213 2196 2266 talia
2217 2213 2646 2283 faciunt,regnum
2665 2215 2757 2269 Dei
2777 2233 3262 2289 nonconscquentur.

1727 2301 1854 2356 Item
1885 2301 1950 2354 ad
1986 2301 2240 2368 Ephesios
2268 2319 2282 2353 :
2312 2303 2485 2355 Omnis
2514 2307 2809 2371 fornicator,
2851 2320 2939 2359 aut
2960 2311 3264 2374 immundus,

1725 2399 1811 2443 aut
1838 2404 2016 2442 avarus
2043 2390 2200 2461 (quod
2209 2399 2281 2443 est
2301 2390 2551 2443 idolorum
2567 2394 2795 2460 servitus)
2819 2411 2917 2448 non
2939 2397 3131 2451 habebit
3157 2399 3264 2453 ha:-

1724 2481 1982 2534 reditatem
2011 2481 2062 2533 in
2089 2495 2239 2549 regno
2259 2480 2444 2534 Christi
2469 2491 2515 2536 et
2543 2482 2655 2536 Dei.
2687 2483 2813 2538 Sine
2841 2486 3001 2542 dubio
3022 2491 3265 2545 exclusus

1725 2587 1952 2641 arcgno,
1995 2572 2202 2627 inlerno
2247 2582 2299 2626 et
2347 2573 2502 2627 morti
2531 2584 2611 2629 est
2638 2578 3042 2644 mancipandus;
3075 2583 3265 2636 multos

1723 2673 1897 2718 autem
1948 2664 2254 2732 baptizatos,
2299 2665 2441 2718 salva
2485 2666 2585 2720 Iide
2639 2666 2859 2722 diversis
2886 2673 3168 2740 generibus
3215 2693 3263 2728 :n

1725 2763 1974 2808 tctcrnum
2006 2755 2175 2821 perire
2197 2754 2525 2807 manifestum
2573 2766 2674 2811 est.
2708 2757 2889 2826 Arguit
2927 2775 3104 2816 sermo
3131 2765 3265 2819 divi-

1725 2860 1823 2898 nus
1844 2859 1945 2898 non
1970 2852 2380 2909 tranSgressores
2403 2843 2543 2912 lidei,
2562 2860 2663 2898 non
2691 2848 2934 2914 baptismi
2961 2849 3261 2918 violatores,

1723 2935 1814 2989 sed
1841 2948 1932 2987 eos
1961 2934 2046 3002 qui
2071 2932 2437 2986 misericordes
2463 2933 2580 2986 esse
2601 2936 2948 3003 neglexerint,
2967 2938 3166 2992 dicens:
3171 2947 3263 3014 ju-

1723 3025 1884 3076 dicari
1903 3025 2008 3076 sine
2021 3022 2360 3075 misericordia
2382 3039 2491 3075 euut
2511 3025 2596 3089 qui
2615 3041 2709 3077 non
2725 3027 2838 3094 fecit
2852 3027 3260 3085 misericordiam.

113 3095 324 3173 Advertis
368 3095 509 3188 quod
558 3095 852 3187 lt-ujusinodi
898 3095 1174 3183 medicina,
1222 3121 1354 3173 sicut
1400 3137 1493 3174 ore
1531 3137 1622 3188 po-
1650 3095 1693 3156 C
1727 3116 1789 3169 Et
1817 3116 2037 3170 iterum:
2072 3114 2292 3178 Esurivi,
2315 3126 2481 3169 etnon
2512 3116 2718 3169 dedistis
2762 3119 2886 3171 mihi
2925 3123 3264 3188 manducare;

111 3210 287 3277 scenda,
322 3212 391 3262 ita
435 3225 596 3278 opere
638 3210 1048 3283 consummando
1069 3210 1192 3263 est?
1230 3211 1486 3264 Insultare
1518 3214 1624 3267 lico

113 3301 292 3355 videtur
319 3302 404 3370 qui
444 3301 536 3355 illo
564 3311 795 3367 tempore
823 3302 884 3352 ad
932 3300 1188 3353 medicum
1240 3303 1406 3354 noluit
1448 3305 1624 3356 venire

111 3406 191 3456 quo
217 3395 406 3460 potuit;
432 3403 486 3448 et
515 3392 768 3456 illo,tunc
791 3393 968 3461 incipit
994 3393 1147 3458 velle,
1176 3408 1278 3461 quo
1307 3409 1408 3447 non
1434 3404 1622 3462 potest.

108 3484 227 3548 Opus
255 3485 428 3552 itaque
456 3493 556 3549 est,
583 3495 635 3536 ut
660 3499 811 3552 quam
837 3485 887 3535 in
917 3485 1178 3551 peccando
1212 3483 1306 3537 fuit
1331 3485 1550 3554 abrupta
1573 3495 1628 3540 et

111 3581 260 3640 vegeta
282 3576 342 3628 ad
376 3575 569 3628 malum
611 3575 798 3627 mentis
824 3575 1071 3638 intentio;
1106 3583 1241 3627 tanta
1272 3577 1337 3628 sit
1367 3579 1416 3628 in
1449 3579 1627 3632 vulne-

111 3675 200 3713 rum
219 3666 486 3718 curatione
505 3665 733 3720 devotio.
755 3665 997 3719 Secundo
1014 3666 1243 3735 quaesisti
1266 3667 1402 3733 loco,
1416 3665 1442 3704 ἀ
1457 3680 1625 3724 utrum

109 3749 195 3802 sui.)
223 3754 454 3820 proﬁciat
501 3754 565 3807 ad
616 3755 834 3807 salutem
880 3755 1047 3809 unicae
1090 3756 1306 3808 scientia
1335 3745 1661 3813 Trinitatis.‘

109 3840 150 3892 In
175 3843 314 3897 rebus
339 3844 533 3897 divinis
561 3861 663 3897 non
693 3847 861 3896 solum
889 3845 1137 3898 credendi
1167 3846 1298 3897 ratio
1320 3849 1621 3911 requiritur,

107 3930 178 3983 sed
202 3933 450 4000 placendi.
474 3932 627 3984 Fides
648 3948 772 3998 ergo
796 3934 930 3985 nuda
957 3934 1174 3996 meritis,
1201 3935 1368 3986 inan‘s
1394 3943 1447 3985 et
1467 3949 1623 3986 vacua

107 4030 202 4084 est,
232 4025 362 4074 sicut
391 4021 673 4087 Apostolus
704 4021 830 4071 dicit
855 4037 866 4070 :
897 4020 1029 4084 Quid
1056 4023 1253 4089 prodest
1279 4022 1323 4073 si
1343 4023 1490 4085 ﬁdem
1518 4025 1625 4083 quis

107 4124 146 4158 se
170 4109 287 4162 dicat
325 4110 529 4175 habere,
574 4123 724 4174 opera
771 4118 940 4159 autem
985 4125 1084 4160 non
1127 4110 1347 4163 habeat?
1387 4108 1624 4178 Nunquid

109 4206 249 4259 potest
275 4211 492 4250 sectare
519 4197 672 4249 eum?
699 4197 943 4264 Sequitur
964 4199 1100 4251 cnim
1132 4216 1143 4250 :
1170 4197 1323 4252 Fides
1348 4201 1392 4252 si
1413 4217 1512 4253 non
1537 4207 1625 4252 ha-

105 4284 192 4336 beat
218 4303 380 4354 opera,
419 4297 614 4336 mortua
635 4295 702 4338 est
732 4287 779 4338 in
807 4288 1086 4355 semetipsa.
1114 4287 1214 4341 Sed
1241 4290 1360 4342 dicit
1391 4292 1521 4359 quis,
1549 4290 1625 4343 Tu

106 4373 230 4435 ﬁdem
254 4375 400 4428 habes
431 4362 477 4426 ei
521 4391 609 4443 ego
638 4389 789 4440 Opera
829 4376 1026 4440 habeo;
1069 4380 1270 4432 ostende
1315 4381 1438 4433 mihi
1475 4383 1622 4448 ﬁdem

1724 3207 1856 3260 sitivi
1896 3215 1940 3257 et
1970 3223 2067 3258 non
2094 3206 2303 3258 dedistis
2332 3206 2452 3258 mihi
2489 3207 2678 3272 bibere;
2707 3207 2884 3276 hospes
2912 3225 3068 3276 erant,
3097 3222 3142 3263 et
3168 3230 3265 3266 non

1726 3298 1992 3367 collegistis
2006 3314 2110 3358 me;
2130 3299 2312 3359 nudus,
2330 3308 2375 3348 et
2393 3314 2487 3348 non
2506 3300 2765 3364 aperuislis
2780 3316 2872 3351 me.
2891 3299 2943 3353 Si
2965 3302 3046 3353 ltic
3067 3302 3262 3355 Sillisll‘i

1725 3388 1895 3457 gregis
1925 3402 2170 3440 numerus
2193 3389 2384 3440 donum
2411 3390 2733 3455 baptismatis
2759 3390 3263 3457 ignorasset,inﬁde-

1728 3479 1923 3531 litatum
1954 3480 2028 3530 eis
2069 3488 2123 3530 ct
2171 3477 2488 3546 impietatem
2525 3478 2761 3545 primitus
2802 3480 3112 3548 objccisset;
3145 3485 3259 3549 sed,

1728 3569 2016 3638 baptizatos
2058 3569 2198 3633 licet,
2244 3568 2308 3630 ab
2360 3569 2605 3636 operibus
2637 3579 2808 3622 tamen
2861 3572 3010 3624 bonis
3047 3588 3261 3640 vacuos,

1729 3661 1883 3716 morti
1901 3663 2115 3728 deputat
2131 3673 2178 3715 et
2197 3662 2418 3714 llutnmis
2437 3662 2754 3729 perennibus
2771 3662 3104 3731 dcrelinquit,
3119 3677 3171 3719 et
3190 3682 3268 3721 se-
3311 3660 3316 3664 ’

1728 3753 1995 3805 veritatem
2009 3751 2362 3805 sententiteita
2375 3751 2634 3803 concludit
2654 3769 2663 3801 :
2686 3750 2949 3815 Discedite,
2968 3753 3151 3821 inquit,
3169 3771 3267 3807 ma-

1727 3843 1914 3905 ledicti,
1941 3859 1971 3893 a
1994 3859 2068 3892 me
2089 3843 2137 3891 in
2168 3843 2328 3908 ignem
2350 3849 2611 3903 wternum,
2636 3843 2722 3908 qui
2749 3849 2954 3908 paratus
2977 3854 3045 3894 est
3068 3845 3266 3898 diabolo

1725 3941 1772 3983 et
1799 3929 1987 3997 angelis
2006 3930 2146 3995 ejus;
2169 3937 2220 3980 ct
2243 3942 2477 3981 rursum:
2501 3927 2740 3980 Triticum
2754 3931 3062 3999 congregavit
3075 3933 3127 3984 in
3149 3933 3266 3985 hor-

1727 4037 1864 4072 reum
1883 4035 2045 4082 suum,
2064 4019 2233 4085 paleas
2254 4031 2419 4070 autem
2435 4018 2699 4070 combussit
2719 4019 2833 4087 igne
2855 4021 3265 4090 inexstinguibili.

1729 4111 1969 4165 Similiter
1999 4112 2250 4177 (inquam)
2272 4110 2409 4160 ibunt
2435 4110 2487 4160 in
2508 4109 2654 4160 vitam
2685 4121 2938 4171 aeternam,
2963 4110 3040 4162 illi
3077 4111 3189 4164 vero
3218 4116 3266 4164 in

1726 4201 2030 4268 supplicium
2077 4208 2336 4251 wternum.
2376 4197 2513 4248 Inter
2558 4197 2670 4249 haec
2720 4197 2891 4249 videat
2934 4200 3151 4267 quisque
3202 4217 3264 4252 ne

1728 4290 2028 4345 mendaeem
2057 4296 2238 4355 arguat
2266 4288 2426 4339 Deum
2445 4284 2899 4354 de‘pollicitatione
2916 4291 3110 4355 praemii
3134 4332 3148 4357 ,
3178 4296 3264 4360 qui

1729 4381 1929 4435 dubitat
1954 4381 2022 4434 de
2044 4379 2334 4432 teternitale
2361 4378 2621 4446 supplicii.
2652 4377 2761 4431 Non
2801 4378 2871 4432 ita
2896 4388 3003 4444 est;
3035 4397 3150 4434 nam
3176 4386 3263 4452 qui

106 4474 219 4516 tuam
237 4467 339 4519 sine
368 4465 624 4532 aperibus,
667 4477 712 4518 et
740 4484 829 4536 ego
874 4470 1128 4522 ostendam
1161 4471 1247 4524 tibi
1288 4489 1348 4526 ea:
1394 4475 1624 4541 aperibus
1657 4439 1705 4497 υ
1733 4474 1875 4526 novit
1910 4472 2092 4540 punire
2123 4479 2352 4538 peccata.
2396 4468 2516 4521 Tria
2545 4469 2718 4536 itaque
2745 4468 2856 4523 Iure
2883 4471 3156 4537 capitalia;
3185 4489 3264 4525 Su-

106 4553 232 4616 ﬁdem
253 4558 445 4609 vneam!
471 4555 766 4610 Secundum
797 4558 927 4621 lucc,
960 4558 1202 4613 sufﬁcere
1234 4577 1324 4628 per
1366 4577 1422 4616 se
1460 4565 1622 4617 solam

104 4645 444 4701 credulitatem
478 4662 582 4698 non
629 4647 896 4713 probatur.
948 4648 1076 4702 Nam
1108 4651 1229 4702 dum
1259 4654 1395 4706 scire
1432 4661 1484 4705 et
1509 4669 1626 4708 ere-

104 4731 209 4788 dere
226 4738 379 4789 etiam
408 4736 651 4789 diabolus
683 4738 975 4802 invenitur;
1008 4741 1140 4792 sicut
1185 4740 1318 4792 idem
1349 4744 1625 4808 Apostolus

102 4820 246 4878 dicit:
277 4825 352 4878 Tu
383 4826 550 4877 credis
577 4828 711 4894 quod
749 4845 879 4881 unus
907 4838 977 4882 est
1023 4830 1181 4891 Deus,
1213 4834 1479 4900 benefacis,
1510 4849 1623 4884 nam

102 4921 139 4962 et
162 4913 398 4966 daemones
425 4914 632 4966 credunt
656 4926 700 4966 et
732 4920 1112 4971 contremiscunt
1141 4935 1160 4972 :
1187 4922 1258 4972 vis
1285 4932 1452 4972 autem
1478 4924 1618 4989 scire,

104 5015 126 5051 ο
149 5003 281 5057 homo
317 5005 504 5068 inanis,
536 5006 668 5072 quod
701 5006 824 5071 fides
867 5011 973 5062 sine
1012 5012 1239 5079 apct'ibus
1284 5025 1477 5065 mortua
1515 5016 1627 5067 est?

103 5093 326 5147 Abraham
345 5104 495 5162 pater
513 5105 676 5148 noster
692 5113 852 5151 nonne
873 5116 932 5152 ea:
952 5103 1181 5168 operibus
1195 5105 1497 5172 justi/iratus
1522 5111 1628 5162 cst.’

200 5295 317 5348 [hac
346 5292 568 5361 epistola
601 5292 736 5359 apud
762 5293 1023 5347 Canisium
1053 5307 1261 5352 notatur
1291 5302 1448 5354 XVII.

159 5364 180 5400 δ
208 5364 321 5417 “me
350 5363 575 5429 epileIa
602 5373 653 5414 et
681 5362 947 5429 sequentia
976 5379 1091 5430 qua:
1119 5367 1468 5431 subjiciuntur
1495 5374 1624 5426 Fau-

103 5433 603 5503 siiopusculaj'caute
629 5432 870 5503 legenda,
899 5441 953 5484 ut
986 5443 1102 5499 pote
1134 5451 1292 5501 opera
1336 5442 1532 5503 rejectu
1578 5454 1630 5496 et
1682 5459 1684 5461 ·

102 5500 318 5575 danntata
349 5518 378 5554 a
415 5500 644 5575 Romana
679 5501 929 5554 Ecclesia.
961 5502 1087 5575 tjuut
1118 5500 1313 5567 judicio
1345 5500 1461 5574 lege
1510 5527 1629 5575 quae

106 5574 170 5624 hic
206 5573 429 5626 Faustus
458 5569 702 5622 disserit:
739 5585 856 5620 nam
889 5570 985 5622 etsi
1025 5585 1263 5624 extrema
1317 5569 1634 5634 necessitate

104 5655 444 5698 tuoutetttanea
490 5651 613 5692 vera
656 5639 960 5705 ptenitentia
991 5640 1200 5695 difﬁcile
1236 5643 1506 5708 habeatur,
1545 5665 1627 5705 ve-

1729 4563 2021 4630 crilegium,
2065 4562 2401 4624 adulterium,
2440 4558 2816 4623 homicidium;
2845 4561 2942 4614 nisi
2978 4561 3059 4614 hic
3105 4565 3268 4628 perfe-

1731 4665 1826 4707 cta:
1851 4669 1970 4722 pmn
1997 4655 2171 4705 tentia:
2194 4651 2387 4704 fuerint
2410 4650 2618 4717 e'xpiata
2648 4651 2915 4713 remediis,
2951 4655 3266 4718 perennibus

1734 4743 1807 4795 illi
1836 4743 2307 4794 cunctentabuulur
2338 4739 2610 4793 incendiis.
2655 4741 2756 4793 llos
2786 4739 2955 4807 itaque
2993 4742 3270 4796 immiSeri—

1732 4833 1938 4894 cordes,
1976 4846 2001 4881 a
2058 4829 2155 4882 ﬁde
2186 4838 2234 4881 et
2261 4829 2519 4895 baptismo
2550 4843 2651 4882 non
2673 4829 2800 4898 leg’s
2828 4828 3141 4892 declinasse.
3177 4835 3266 4888 sed

1733 4931 2032 4990 perpetuam
2065 4930 2282 4970 mortem
2305 4918 2480 4970 divina
2511 4920 2783 4986 cognoscis
2810 4923 3122 4975 auctoritate
3155 4939 3268 4977 mc-

1732 5013 1917 5066 ruisse.
1941 5011 2000 5062 Et
2025 5011 2122 5062 hoc
2142 5013 2299 5063 etiam
2323 5009 2551 5063 animum
2577 5019 2717 5063 tuum
2745 5011 2956 5077 provida
2980 5013 3027 5065 in
3045 5013 3271 5067 futurum

1733 5119 1856 5159 cura
1880 5100 2152 5164 sollicitat;
2180 5108 2353 5152 utrum
2377 5100 2565 5154 animae
2586 5112 2753 5154 exuta:
2776 5118 3013 5170 corpore,
3044 5105 3271 5157 scnaieu-

1734 5321 1842 5358 ram
1875 5313 2043 5354 tamen
2075 5310 2126 5354 et
2171 5299 2455 5367 legitimum
2498 5301 2752 5353 interdum
2788 5313 2937 5363 posse
2980 5309 3098 5351 tunc
3145 5317 3268 5352 con-

1734 5378 1933 5442 tingere
1981 5373 2150 5442 nullus
2190 5370 2799 5442 utiquam_0ttltutIo\u§
2840 5367 3108 5420 dubitavit.
3142 5369 3270 5424 \Ide

1736 5437 1988 5497 Doiuinic.
2023 5440 2147 5493 Solo
2177 5440 2206 5490 4
2235 5449 2391 5499 sent.,
2425 5440 2547 5491 dist.
2584 5441 2661 5500 l9,
2693 5456 2742 5504 «ι.
2772 5437 2824 5498 ‘2,
2857 5447 2952 5487 art.
2984 5441 3035 5488 b'.

1811 5522 1831 5548 ε
1860 5509 2001 5564 Alias
2030 5511 2213 5576 regitut
2240 5521 2282 5559 et
2316 5519 2506 5559 timore.

1807 5579 1830 5615 ἀ
1861 5583 2024 5635 Alias,
2065 5574 2226 5629 uirum
2254 5579 2360 5628 sola
2393 5577 2595 5642 suﬂiciat
2618 5579 2681 5627 ad
2702 5575 2907 5626 saturem
2937 5574 3057 5639 ﬁdes
3079 5592 3138 5630 ex
3167 5581 3277 5629 uui-

1743 5659 1834 5702 tatc
1861 5649 2178 5700 :cienlia.....
2213 5644 2362 5699 Fttlcs
2385 5652 2486 5698 scla
2514 5660 2608 5696 neu
2641 5644 2831 5711 γνλτρςὶ(
2863 5648 2924 5693 ad
2948 5647 3174 5699 saluum.
