3824 6218
569 329 667 382 847

1747 326 1801 381 S.
1843 325 2079 382 FAUSTI
2118 325 2513 382 RHECIENSIS

3598 332 3685 386 813

555 444 619 497 di
659 450 711 496 et
739 439 1055 510 intelligendi
1098 441 1324 510 vigorem
1366 437 1715 507 aﬂ'ectumqne
1741 453 1846 492 non
1884 445 2096 492 exuant.
2125 440 2178 499 Δ
2201 438 2322 507 quid
2345 441 2469 495 illud
2498 441 2562 494 sit
2592 441 2731 509 quod
2758 455 2874 496 cum
2906 427 3122 512 uterque
3163 442 3318 497 homo
3346 440 3419 512 (id
3443 451 3518 496 est
3538 445 3686 498 anima

567 527 943 597 lnterrogemus
972 528 1184 584 divitem
1207 528 1352 583 illum
1379 541 1442 581 ex
1467 526 1749 596 Evangelio
1769 532 1874 580 non
1901 527 1952 580 in
1992 535 2099 581 ter-

551 620 638 673 ris
658 620 848 681 aureis,
866 616 936 671 ut
981 627 1248 687 poetarum
1272 616 1616 684 deliramenta
1654 624 1915 680 asserunt,
1943 615 2097 669 ober-

554 717 802 773 rantem;
831 708 924 762 sed
973 708 1024 762 in
1060 707 1245 761 inferni
1286 719 1519 769 carcere,
1542 719 1607 760 ex
1644 705 1846 758 illorum
1878 719 2096 760 numero

565 800 652 866 qui
699 798 885 851 inclusi
919 811 1124 865 poenam
1172 801 1499 862 exspectant,
1533 794 1667 846 inter
1695 794 1931 847 ﬂammas
1967 807 2094 846 con-

565 887 795 941 scientiae
822 896 942 939 ante
970 885 1108 940 diem
1135 884 1314 952 judicii
1340 883 1697 946 conatitutum,
1731 897 1823 947 pro
1854 883 2089 945 fratrum,

565 975 652 1042 qui
679 973 848 1028 adhuc
875 976 923 1027 in
946 975 1042 1028 hoc
1066 973 1260 1028 mundo
1299 981 1466 1036 erant,
1497 973 1863 1026 emendatione
1897 972 2091 1024 sollici-

567 1072 697 1126 tum,
726 1060 950 1130 colloqui
996 1075 1114 1114 cum
1140 1060 1422 1122 Abraham,
1468 1072 1558 1126 per
1577 1058 1904 1124 iuterjectum
1933 1061 2092 1110 chaos

566 1147 916 1207 vastissimum
964 1150 1196 1204 sedulam
1243 1148 1652 1202 obsecrationem
1683 1148 2007 1209 miscentem,
2039 1154 2092 1198 et

555 1241 733 1295 ιτίνιιοί
769 1253 1137 1308 germanorum
1193 1236 1551 1290 recordatione
1590 1236 1866 1304 pulsatum,
1890 1236 1958 1288 ita
1997 1249 2091 1302 pro

564 1331 853 1383 viventibus
879 1328 1197 1397 supplicassc
1221 1341 1236 1378 :
1267 1327 1405 1393 Rogo
1419 1335 1486 1388 te,
1510 1327 1740 1391 inquam,
1765 1333 1906 1392 pater
1920 1321 2078 1374 Abra-

550 1422 700 1484 ainant,
725 1430 781 1471 ut
808 1420 971 1470 mittas
999 1416 1243 1468 Lazarum
1280 1415 1331 1467 in
1367 1415 1566 1466 domum
1591 1413 1744 1477 patris
1772 1412 1896 1474 mei;
1932 1410 2088 1462 habeo

550 1512 700 1563 venint
723 1510 938 1578 quinque
958 1511 1153 1576 fratres,
1185 1514 1238 1557 ut
1276 1503 1556 1570 testiﬁcetur
1583 1500 1704 1565 illis,
1726 1516 1789 1553 ne
1809 1510 1855 1553 et
1879 1499 1977 1566 ipsi
2002 1513 2089 1550 oe-

554 1601 700 1650 sriant
723 1600 773 1647 in
796 1598 922 1647 hunc
942 1595 1109 1646 locum
1134 1601 1506 1651 tormentorum,
1538 1599 1583 1642 et
1609 1591 1651 1640 si
1678 1590 1764 1658 qui
1793 1605 1855 1642 ea:
1880 1591 2086 1643 mcrtut's

564 1690 674 1740 ierit
701 1687 766 1737 ad
790 1696 890 1741 eos.
916 1683 1244 1751 ptrnitentiam
1266 1690 1408 1750 agent
1437 1680 1584 1748 (Luc.
1615 1677 1741 1747 xvr).
1769 1680 1905 1734 Ecce
1935 1680 1983 1732 in
2007 1680 2086 1733 in-

2193 538 2248 584 et
2265 530 2478 598 corpus)
2500 531 2668 585 adhuc
2695 530 2748 584 in
2775 532 3002 600 paradisi
3033 533 3244 600 regione
3267 532 3474 585 diabolo
3503 547 3687 602 penna-

2192 617 2346 673 dente
2374 619 2665 688 deliquerit,
2700 620 2814 673 sola
2844 624 2979 675 caro
3011 636 3105 689 per
3125 621 3491 689 _conditionem
3529 621 3686 676 mortis

2192 707 2435 760 mulctam
2477 709 2908 776 transgressionis
2956 711 3244 778 exceperit,
3281 719 3335 763 et
3379 711 3513 762 cirta
3551 711 3688 784 unius

2191 809 2416 863 poenam,
2447 797 2754 851 remanserit
2801 798 2955 866 culpa
2981 799 3292 852 communis.
3331 797 3594 852 Sciendum
3614 815 3688 852 er-

2187 897 2254 953 go
2278 895 2359 940 est
2399 885 2535 954 quod
2579 886 2696 940 ideo
2739 898 2881 942 mors
2907 887 2970 942 ad
3003 889 3227 941 animam
3271 902 3373 942 non
3404 888 3684 954 pervenerit,

2187 973 2306 1041 quia
2344 974 2396 1027 in
2421 988 2481 1027 ea
2510 974 2756 1028 Dominus
2783 976 3060 1045 imaginem
3088 990 3235 1029 suam
3258 983 3313 1030 et
3328 975 3685 1029 similitudinem

2186 1061 2483 1114 collocavit.
2533 1062 2660 1115 Nam
2707 1066 2837 1117 sicut
2864 1064 2998 1118 Deus
3028 1063 3361 1126 immortalis,
3401 1062 3682 1122 misericors.

2182 1147 2353 1214 justus
2373 1157 2424 1202 et
2453 1150 2654 1215 patiens
2680 1158 2780 1213 est,
2807 1151 2881 1203 ita
2926 1150 3107 1203 barum
3135 1151 3269 1204 dona
3291 1150 3530 1203 virtutum
3553 1151 3597 1204 iu
3617 1150 3685 1202 fa-

2185 1234 2318 1289 ciem
2340 1247 2569 1288 nostram
2605 1237 2908 1292 interiorem
2933 1237 3118 1291 infudit
3146 1256 3158 1289 :
3187 1247 3244 1291 ut
3264 1244 3457 1306 quanto
3491 1238 3684 1306 quisque

2186 1318 2349 1391 magis
2372 1322 2542 1391 justus
2588 1335 2643 1379 et
2682 1324 2846 1394 magis
2879 1326 3175 1379 misericors
3204 1327 3506 1392 exstitisset,
3556 1335 3682 1380 tanto

2186 1413 2350 1479 magis
2376 1411 2566 1465 divinae
2603 1414 3012 1482 participationis
3043 1429 3258 1467 munere
3282 1415 3520 1483 praeditus
3551 1415 3594 1466 in
3615 1414 3684 1465 iu-

2185 1501 2375 1555 teriore
2403 1500 2612 1555 homine
2635 1511 2913 1570 appareret
2958 1503 3192 1558 habitare
3233 1503 3488 1556 Christum
3508 1517 3589 1570 per
3626 1503 3681 1553 ii.

2186 1588 2326 1642 dem.
2382 1590 2674 1659 interrogas
2717 1595 2872 1645 etiam
2916 1603 3013 1645 cur
3058 1591 3246 1646 animae
3272 1607 3388 1645 cum
3416 1606 3560 1644 carne
3577 1606 3681 1654 sua,

2186 1677 2379 1746 aliquid
2405 1692 2498 1746 pro
2537 1680 2793 1748 corporali
2831 1694 3010 1734 errore
3039 1694 3317 1735 commune
3336 1681 3422 1745 sit,
3447 1681 3567 1734 sicut
3590 1681 3684 1732 ori-

560 1776 691 1830 ferni
717 1749 951 1842 angustia
980 1773 1270 1834 damnatus,
1293 1749 1610 1836 nullumjam
1636 1769 1699 1820 de
1724 1783 1780 1821 se
1799 1767 2083 1822 remedium
2118 1749 2160 1813 Β
2187 1766 2357 1834 ginaie
2402 1776 2666 1835 peccatum
2692 1807 2708 1833 ,
2750 1783 2844 1837 pro
2887 1772 3096 1839 unitate_
3129 1770 3416 1838 corporalis
3457 1768 3680 1836 hospitii,

568 1865 780 1924 habens,
806 1869 976 1914 tamen
1006 1864 1272 1928 antiquum
1297 1858 1347 1910 in
1379 1857 1564 1910 fratres
1609 1865 1782 1910 servat
1808 1858 2046 1910 affectum
2072 1873 2086 1921 ;

564 1961 618 2008 et
645 1954 767 2005 dum
794 1952 1065 2004 damnatus
1079 1965 1172 2016 pro
1191 1948 1548 2017 peccatoribus
1569 1955 1733 2013 rogat,
1757 1960 1992 2014 magnam
2014 1946 2089 1999 in-

563 2052 644 2094 ter
670 2038 892 2108 paradisi
914 2051 1125 2091 nemora
1148 2035 1518 2104 reSpirantibus
1537 2033 1710 2101 iustis,
1732 2049 1825 2101 pro
1850 2049 2087 2088 carorum

564 2140 778 2181 suorum
810 2127 1100 2180 commodis
1125 2140 1298 2178 curam
1322 2138 1436 2177 esse
1466 2122 1806 2176 demonstrat.
1827 2121 1972 2187 Quod
1998 2137 2089 2174 au-

564 2230 667 2272 tem
690 2216 908 2285 requiris
941 2232 953 2266 :
984 2214 1106 2284 quid
1155 2213 1276 2266 mali
1307 2222 1420 2281 post
1465 2211 1618 2265 linem
1667 2221 1754 2262 aut
1803 2211 1954 2264 detur
1999 2217 2088 2264 aut

564 2309 817 2360 adimatur
869 2304 1087 2371 iniquis,
1142 2301 1206 2354 de
1245 2301 1428 2369 quibus
1472 2299 1725 2368 legimus,
1776 2297 2087 2351 Dcsiderium

563 2403 870 2461 peccatorum
899 2391 1092 2460 peribit.
1111 2399 1133 2425 ι
1157 2390 1502 2444 Terrenorum
1528 2387 1806 2460 cupiditate
1833 2387 2088 2440 bonorum

563 2492 615 2536 et
641 2481 922 2534 ambitione
952 2479 1207 2540 submota,
1232 2477 1398 2530 solum
1430 2475 1705 2528 reddendae
1729 2475 1942 2528 rationis
1966 2490 2090 2541 ron-

564 2569 680 2633 dus,
711 2577 766 2621 et
792 2576 963 2618 metus
990 2564 1300 2617 intolerandi
1340 2563 1592 2616 examinis
1615 2578 1630 2626 ;
1670 2576 1766 2616 nec
1792 2562 2092 2617 auferen'ur

565 2670 767 2717 sensus,
790 2654 884 2707 sed
904 2654 1268 2720 cogitationem
1292 2650 1504 2704 alterius
1532 2651 1705 2704 saeculi
1737 2651 1900 2719 magis
1929 2667 2090 2721 expe-

566 2743 660 2798 diti
683 2742 972 2809 alacrisque
1005 2740 1239 2793 reddent.
1271 2738 1418 2803 Quod
1461 2747 1632 2792 autem
1662 2738 1726 2792 de
1756 2739 1863 2807 ipsa
1897 2741 2086 2804 anima,

567 2843 734 2886 utrum
773 2843 1020 2898 corporea
1063 2842 1128 2880 an
1158 2828 1460 2895 incorporea
1502 2827 1571 2879 sit
1601 2827 1831 2895 postulas
1859 2827 2087 2880 edoceri.

567 2921 742 2987 Itaque
770 2917 904 2986 quod
937 2915 1256 2984 temporibus
1285 2929 1389 2968 non
1429 2915 1708 2968 includitur
1738 2928 1834 2966 nec
1857 2915 2087 2967 locorum

567 3009 799 3062 terminis
820 3016 1085 3060 coercetur
1116 3004 1274 3071 (quod
1300 3005 1398 3057 soli
1420 3004 1526 3057 Deo
1555 3004 1822 3072 competit)
1856 3004 1954 3056 hoc
1977 3013 2086 3055 tan-

2137 1929 2142 1934 .
2190 1865 2464 1924 utrumque
2489 1858 2846 1926 complectitur
2879 1874 2989 1928 par,
3021 1860 3176 1914 modo
3196 1870 3417 1929 uterque
3443 1859 3489 1912 in
3513 1873 3678 1926 pecca-

2189 1957 2355 1998 torum
2385 1945 2633 1999 societate
2659 1948 3062 2016 constringatur.
3091 1950 3167 2023 Ita
3194 1952 3335 2003 enim
3365 1953 3413 2002 in
3433 1949 3684 2002 criminum

2190 2033 2584 2102 participatione
2613 2049 2712 2088 una
2736 2049 2893 2089 causa
2916 2045 3015 2100 est,
3039 2036 3171 2088 sicut
3201 2037 3253 2088 in
3271 2038 3500 2089 virtutum
3525 2050 3686 2088 romae

2188 2140 2312 2179 nera
2338 2124 2455 2179 ioue
2481 2139 2574 2193 par
2600 2124 2764 2194 gloria
2807 2135 2909 2180 est.
2938 2125 3209 2193 Nunquam
3234 2128 3376 2179 enim
3399 2125 3613 2178 exterior
3639 2125 3685 2174 in

2189 2216 2452 2268 baratrum
2480 2214 2701 2267 luxuria:
2725 2214 2956 2279 caderet,
2979 2214 3078 2268 nisi
3104 2216 3150 2268 ei
3177 2229 3479 2268 consensum
3505 2214 3687 2280 prebe-

2188 2313 2267 2358 ret
2287 2303 2518 2358 interior.
2551 2305 2654 2357 Nos
2677 2303 2817 2372 ipsos
2845 2304 3242 2373 interrogemus,
3275 2314 3325 2358 et
3355 2306 3480 2356 inter
3497 2317 3585 2355 nos
3607 2318 3688 2370 ρος

2189 2392 2406 2447 terimus
2433 2406 2735 2461 agnoscere,
2761 2394 2898 2460 quod
2924 2408 3070 2448 mens
3094 2395 3356 2448 dominica
3381 2391 3574 2448 exercrt
3598 2393 3687 2445 imo

2191 2485 2409 2552 perium,
2451 2493 2504 2537 et
2541 2495 2664 2537 caro
2711 2482 2940 2551 subjecta
2986 2482 3323 2546 famulatum;
3361 2483 3466 2536 hac
3496 2480 3688 2534 exhibet

2189 2571 2550 2634 ministerium,
2579 2572 2664 2625 illa
2709 2573 2981 2625 consilium
3016 2589 3028 2623 ε
3069 2572 3363 2625 obedientia
3405 2586 3433 2624 a
3458 2570 3689 2624 servitute

2186 2670 2431 2725 cessaret,
2455 2661 2552 2713 nisi
2583 2661 2820 2713 voluntas
2848 2675 2875 2711 a
2897 2660 3110 2727 jubente
3136 2662 3452 2728 procederet.
3475 2658 3690 2712 Similem

2188 2762 2403 2801 necesse
2437 2758 2517 2801 est
2559 2749 2905 2802 canditiouem
2936 2750 2985 2801 in
3023 2749 3356 2801 damnatione
3380 2756 3691 2816 cognoscant,

2189 2836 2274 2902 qui
2302 2847 2481 2888 contra
2502 2837 2659 2888 simul
2681 2838 2730 2888 in
2755 2836 3092 2890 retributione
3116 2836 3432 2904 gaudebunt.
3456 2834 3589 2887 Dicis
3609 2838 3691 2885 ad-

2192 2926 2310 2988 huc,
2334 2940 2448 2993 quae
2473 2934 2552 2978 est
2579 2926 2913 2989 immortalis,
2960 2927 3219 2992 quomodo
3275 2939 3369 2994 pro
3412 2922 3692 2977 mortalibus

2189 3015 2328 3066 vitiis
2380 3022 2701 3081 torqueatur.
2747 3015 2974 3067 Mortalia
3013 3014 3224 3082 quidem
3279 3014 3408 3066 mala
3447 3021 3585 3074 sunt,
3610 3013 3692 3064 sed

570 3107 676 3150 tum
717 3100 1076 3164 incorporeum
1113 3109 1230 3148 esse
1257 3108 1533 3162 cognosce.
1559 3094 1705 3148 Sicut
1734 3111 1866 3148 unus
1905 3096 2088 3148 doctor
2113 3081 2157 3139 C
2191 3103 2496 3156 immortalis
2537 3113 2636 3157 erit
2674 3104 2934 3156 cruciatus
2980 3081 3259 3164 maiorum,
3308 3109 3363 3156 et
3404 3101 3692 3156 delictorum

567 3186 789 3241 eximius
816 3185 1010 3236 diserte
1037 3182 1237 3235 cuidam
1285 3181 1570 3236 sciscitanti
1611 3182 1697 3234 ubi
1745 3191 1883 3235 esset
1931 3183 2085 3243 Deus,

569 3274 834 3342 respondit
863 3273 929 3324 ita
951 3288 963 3323 :
983 3272 1115 3323 Deus
1141 3285 1241 3321 non
1267 3270 1455 3323 alicubi
1479 3279 1578 3336 est,
1605 3270 1741 3337 quod
1774 3270 1964 3337 alicubi
1987 3279 2085 3336 est,

569 3367 856 3422 continetur
875 3364 1009 3426 loco,
1033 3360 1164 3430 quod
1187 3360 1479 3416 continetur
1503 3359 1617 3415 loco
1633 3374 1820 3428 corpus
1844 3371 1941 3417 cst.
1963 3363 2088 3426 Quae

569 3472 686 3510 cum
714 3458 781 3507 ita
797 3455 929 3517 sint,
963 3451 1131 3503 omnis
1159 3465 1279 3503 caro
1317 3465 1526 3517 corpus,
1573 3465 1674 3503 non
1705 3467 1859 3503 omne
1901 3466 2090 3518 corpus

552 3556 644 3599 est
675 3559 816 3597 caro.
848 3543 909 3593 Et
933 3542 1050 3608 quia
1072 3554 1171 3592 non
1202 3541 1368 3591 solum
1396 3540 1588 3603 anima,
1615 3539 1704 3592 sed
1733 3540 1886 3592 etiam
1931 3555 2088 3607 ange-

572 3635 736 3687 lorum
767 3629 1038 3684 invisibilis
1057 3627 1386 3692 cmlestisque
1411 3627 1718 3691 substantia,
1746 3628 1881 3680 sicut
1916 3627 2091 3680 locatio

557 3721 874 3789 .busspatiis
909 3718 1224 3784 continetur,
1254 3717 1321 3768 ita
1348 3726 1559 3769 auctore
1584 3730 1679 3769 suo
1702 3730 1952 3784 corporea
1974 3731 2090 3770 esse
2115 3753 2122 3761 ο

569 3810 596 3849 δ
622 3819 676 3865 et
699 3805 1180 3877 comprehensibilis
1206 3806 1540 3872 approbatur.
1565 3805 1694 3872 Quid
1723 3815 1802 3859 est
1821 3807 1959 3860 enim
1990 3807 2089 3860 niSi

567 3914 895 3968 corporeum,
925 3897 1058 3963 quod
1098 3897 1162 3948 de
1211 3898 1449 3963 supernis
1477 3896 1690 3950 sedibus
1736 3898 2087 3964 perturbatum

568 3993 683 4043 loco
707 3988 900 4042 cessit?
945 3987 1066 4054 quid
1117 3996 1194 4038 cst
1231 3985 1363 4050 quod
1395 3987 1556 4039 sensit
1584 3986 1814 4038 ruinam?
1840 3986 1962 4055 quid
2011 3995 2091 4040 est

570 4081 707 4148 quod
735 4092 942 4131 mtcrna:
969 4079 1186 4128 ﬂamma:
1220 4075 1499 4127 obnoxium
1539 4085 1860 4142 pra'paratur
1885 4076 1948 4128 ad
1977 4089 2088 4141 pm-

575 4186 692 4223 uam
714 4171 736 4221 '.'
761 4168 862 4222 Sed
890 4177 944 4219 et
968 4168 1076 4232 ipse
1106 4170 1285 4216 beatus
1313 4165 1535 4217 Lazarus
1561 4179 1591 4231 p
1609 4173 1674 4215 »ει
1695 4164 1895 4231 linguas
1919 4163 2080 4216 famu

571 4259 782 4311 lantiunt
825 4270 1010 4307 canum
1056 4263 1329 4319 susceptus
1377 4253 1615 4304 manibus
1664 4255 1984 4320 angelorum,
2024 4253 2090 4306 de

569 4361 670 4411 quo
697 4345 935 4410 legimus,
984 4341 1196 4393 Factum
1244 4349 1314 4391 est
1366 4349 1420 4390 ut
1458 4356 1725 4392 morereur
1753 4342 2002 4393 matdicus
2045 4352 2090 4394 et

572 4443 852 4503 portaretur
887 4432 947 4483 ab
997 4431 1184 4498 angelis
1210 4433 1261 4482 in
1302 4431 1466 4481 sinum
1501 4429 1714 4480 Abraha:
1735 4446 1754 4482 :
1782 4445 2089 4496 corpoream

571 4536 692 4576 esse
742 4520 916 4574 docuit
966 4520 1188 4586 animam
1235 4527 1401 4581 suam,
1433 4517 1552 4568 dum
1602 4518 1652 4568 in
1677 4519 1844 4569 sinum
1871 4519 2090 4570 AerIIZB

578 4611 649 4677 (id
676 4621 772 4672 est,
797 4611 846 4661 in
885 4619 1141 4661 remorum
1184 4607 1494 4674 beatumque
1532 4607 1810 4672 secretum)
1849 4607 2091 4674 angelicis

575 4699 791 4751 infertur
819 4697 1098 4763 obsequiis.
1134 4695 1206 4746 De
1228 4697 1397 4746 anima
1419 4704 1588 4748 autem
1625 4707 1717 4745 sua
1736 4704 1946 4746 sanctus
1971 4708 2092 4761 pro-

573 4793 727 4858 pheta
757 4788 1068 4853 pronuntiat,
1103 4786 1227 4837 educ
1255 4786 1314 4837 de
1349 4801 1547 4837 carcere
1586 4787 1804 4837 animum
1829 4801 2005 4847 meant,
2038 4784 2088 4838 id

570 4888 669 4941 cst,
721 4878 786 4931 de
833 4874 1042 4940 Ιιιεμίιὶί
1079 4874 1362 4938 corporalis
1405 4874 1673 4941 angustiis.
1726 4873 1845 4927 Ideo
1893 4873 2088 4928 factura

568 4971 701 5033 eius,
736 4979 848 5029 qua:
875 4963 951 5014 vel
984 4970 1308 5028 peccatorum
1332 4959 1516 5025 jaculis
1541 4962 1857 5022 vulneratur,
1883 4963 1960 5014 vel
2002 4976 2088 5016 us-

566 5072 666 5120 que
688 5054 750 5105 ad
781 5052 968 5103 divina:
1012 5048 1246 5112 imaginis
1283 5045 1439 5099 decus
1461 5061 1550 5111 per
1593 5048 1864 5114 qualitates
1893 5058 2086 5103 mutata

569 5143 909 5211 provehctnr,
933 5138 1125 5203 absque
1152 5133 1325 5194 dubio,
1349 5143 1401 5186 et
1430 5132 1536 5186 Deo
1557 5141 1609 5186 et
1631 5136 1826 5201 angelis
1845 5151 1872 5186 a
1899 5138 2086 5201 quibus

568 5228 934 5295 comprehendi
966 5235 1016 5277 ct
1045 5223 1308 5276 transferri
1335 5229 1521 5287 potest,
1550 5236 1794 5287 corporea
1824 5237 1938 5275 esse
1975 5226 2086 5276 evi-

568 5318 757 5370 denter
774 5313 1091 5369 ostendetur.
1126 5310 1505 5378 Requirendum
1530 5319 1609 5362 est
1637 5318 1808 5363 autem
1833 5311 1967 5364 inter
1995 5314 2089 5365 ista

642 5450 662 5477 ἀ
686 5443 724 5494 C
744 5458 820 5492 we
851 5443 940 5492 ista
966 5442 1136 5492 tunnia
1156 5455 1266 5502 qmc
1290 5439 1386 5489 hoc
1414 5438 1525 5489 locn
1546 5437 1695 5489 affert
1722 5436 1940 5489 Faustus
1965 5454 1978 5490 :
2005 5439 2096 5490 ab-

575 5513 725 5559 surda
756 5512 836 5560 illa
873 5524 1079 5572 prorsus
1116 5519 1166 5558 ct
1210 5522 1424 5557 οιιηιιυει
1450 5523 1566 5557 cum
1605 5507 1880 5559 ostendere
1913 5507 2097 5559 nititur

577 5580 774 5626 iiilllillh
804 5583 1048 5627 humanas
1071 5592 1184 5627 esse
1216 5588 1511 5632 corporeus.

2187 3192 2468 3256 cruciatus,
2489 3190 2625 3244 vitiis
2641 3190 3019 3256 deﬁcientibus,
3041 3192 3430 3259 permanebunt.
3449 3190 3693 3243 liciinrcnt

2188 3281 2456 3332 materiam
2502 3280 2568 3332 ita
2625 3279 2838 3334 inferior
2882 3281 3130 3333 traditura
3171 3281 3364 3345 judicio
3407 3287 3523 3344 est,
3572 3280 3694 3331 situt

2187 3370 2400 3424 conﬂari
2456 3383 2635 3420 aurum
2690 3369 2881 3434 plutnbi
2928 3369 3195 3436 compellit
3237 3368 3498 3422 admixtio.
3546 3370 3694 3418 llomo

2187 3475 2311 3526 ergo
2339 3472 2432 3526 pro
2462 3457 2767 3511 mortalibus
2799 3455 2948 3510 malis
2985 3459 3270 3510 moriturus
3292 3469 3373 3511 est
3413 3459 3534 3519 Deo,
3557 3467 3608 3508 et
3634 3459 3696 3504 vi-

2187 3557 2366 3600 cturus
2394 3549 2594 3599 interno
2627 3564 2640 3598 ;
2670 3546 2782 3600 hare
2804 3549 2902 3600 erit
2928 3547 3066 3601 illius
3105 3560 3267 3613 mors,
3299 3555 3353 3602 ut
3387 3546 3516 3600 mori
3558 3546 3606 3599 ei
3652 3547 3694 3597 in

2187 3635 2367 3688 dolore
2388 3647 2493 3686 non
2532 3634 2703 3687 liceat.
2734 3635 2983 3688 Extendis
3027 3632 3078 3689 in
3110 3637 3209 3691 hoc
3236 3651 3436 3706 quoque
3462 3637 3695 3690 sollicitu-

2187 3723 2362 3776 dinem
2389 3728 2552 3784 tuam,
2584 3729 2753 3774 utrum
2775 3723 2944 3774 anima
2971 3731 3024 3774 et
3049 3725 3261 3790 spiritus
3305 3725 3435 3776 idem
3471 3725 3596 3786 sint,
3619 3733 3698 3775 aut

2187 3810 2447 3881 quomodo
2476 3810 2853 3879 segregentur?
2882 3810 3015 3863 Duas
3044 3821 3240 3865 tantum
3267 3813 3318 3864 in
3342 3813 3570 3873 homine,
3595 3814 3695 3864 ani-

2187 3916 2285 3954 ma:
2311 3909 2364 3955 et
2391 3899 2631 3968 corporis
2658 3900 2953 3953 noverimus
2975 3914 3092 3954 esse
3119 3901 3467 3964 substantias;
3496 3916 3558 3968 sp
3580 3903 3695 3954 ritus

2187 4001 2362 4045 autem
2384 4004 2519 4043 nunc
2549 3989 2795 4042 naturalis
2819 3990 3084 4056 probatur,
3115 4006 3251 4044 nunc
3286 3991 3538 4043 accedens
3565 3991 3697 4041 inre-

2188 4079 2349 4144 nitur,
2376 4077 2651 4147 aliquando
2680 4076 2868 4130 virtute
2898 4079 3088 4146 intelzig
3112 4087 3192 4131 tur
3212 4079 3466 4146 appetitus
3488 4089 3541 4132 et
3559 4080 3698 4144 spin-

2189 4169 2307 4222 talis
2349 4167 2583 4224 aﬂectus.
2633 4170 2743 4224 Hoc
2785 4182 2995 4237 genere,
3048 4183 3180 4222 unus
3207 4177 3361 4237 atque
3389 4169 3526 4222 idem
3558 4171 3699 4221 homo

2189 4270 2324 4309 nunc
2347 4257 2590 4321 carnalis,
2620 4271 2756 4310 nunc
2787 4259 2941 4311 etiam
2977 4266 3029 4310 et
3066 4256 3313 4324 spiritalis
3343 4265 3440 4310 est.
3467 4256 3699 4310 Carnales

2190 4351 2311 4396 sunt
2331 4342 2398 4395 de
2419 4344 2608 4410 quibus
2631 4345 2704 4396 ait
2733 4344 2981 4396 Dominus
3006 4361 3019 4396 :
3045 4343 3161 4396 Non
3189 4343 3487 4411 permanebit
3510 4344 3700 4409 spiritu

2191 4447 2328 4483 meus
2371 4433 2425 4484 in
2464 4431 2742 4483 hominibus
2789 4432 2918 4493 istis,
2939 4433 3054 4497 quia
3078 4447 3195 4483 caro
3210 4442 3324 4484 sunt
3344 4430 3496 4500 (Gen.
3522 4431 3629 4500 tu);
3654 4443 3700 4483 et

2192 4517 2472 4585 Apostolus
2497 4535 2510 4569 :
2543 4517 2640 4582 Qui
2666 4525 2833 4568 autem
2859 4518 2910 4569 in
2932 4533 3079 4569 carne
3099 4528 3235 4584 sunt,
3267 4516 3372 4570 Deo
3399 4519 3699 4584 placerem:

2193 4615 2397 4674 possunt
2422 4605 2591 4675 (Rom.
2621 4619 2732 4670 vm,
2762 4604 2836 4674 8).
2864 4605 3098 4658 Carnalis
3119 4619 3198 4659 est
3222 4607 3309 4673 qui
3332 4607 3502 4660 ventri
3527 4619 3579 4662 et
3601 4617 3699 4674 gut-

2193 4694 2316 4759 turi,
2343 4701 2397 4746 et
2415 4692 2602 4747 edendi
2627 4703 2678 4746 et
2707 4692 2917 4747 bibendi
2947 4692 3214 4746 nimietate
3239 4693 3488 4760 deservit,
3521 4703 3577 4749 et
3597 4704 3699 4747 vt:

2192 4781 2385 4835 bonum
2440 4781 2492 4833 in
2544 4783 2676 4849 gula;
2726 4781 2951 4848 ingluvie
2991 4789 3046 4835 et
3097 4782 3378 4836 voracitate
3421 4786 3698 4840 constituit.

2190 4869 2391 4936 quando
2417 4868 2758 4922 manducandi
2782 4877 2835 4923 et
2862 4868 3068 4922 bibendi
3094 4871 3359 4924 nimietate
3382 4869 3553 4926 vitam
3570 4888 3697 4926 com-

2191 4968 2355 5028 putat,
2385 4958 2590 5026 quando
2617 4957 2667 5010 ei
2689 4958 2883 5011 ventris
2895 4957 3478 5025 dominaturingluvies.
3505 4963 3574 5014 At
3593 4976 3702 5014 vero

2187 5049 2427 5101 animatis
2451 5047 2691 5109 efficitur,
2734 5046 2940 5114 quando
2965 5044 3134 5099 adhuc
3166 5061 3350 5114 purum
3382 5047 3558 5104 Deum
3576 5051 3700 5116 cogi.

2192 5148 2326 5200 tans,
2346 5135 2627 5189 secundum
2649 5135 2874 5186 animam
2890 5133 3120 5186 srcculari
3140 5134 3410 5200 prudentia
3424 5135 3502 5189 ad
3523 5137 3700 5206 aliqua-

2190 5239 2302 5278 rum
2343 5237 2515 5276 rerum
2553 5221 2820 5274 scientiam
2867 5233 3216 5288 permovetur,
3258 5221 3474 5290 quando
3510 5225 3700 5282 invests

2190 5311 2370 5381 gandis
2412 5325 2581 5363 rerum
2612 5310 2878 5362 latentium
2925 5312 3114 5371 causis,
3145 5319 3232 5364 aut
3259 5311 3608 5381 philosophia
3629 5315 3702 5367 tle-

2265 5450 2288 5475 ο
2320 5442 2578 5509 Adversus
2617 5439 2749 5491 hanc
2793 5443 3102 5493 sententiam
3146 5441 3359 5509 scripsit
3404 5443 3702 5498 Claudianus

2199 5508 2474 5586 Mamertus
2522 5505 2825 5559 Viennensis
2881 5511 3170 5586 presbyter,
3225 5505 3316 5564 lib.
3361 5525 3418 5564 tu
3455 5511 3529 5566 de
3569 5514 3700 5566 Sb"!

2185 5592 2400 5627 ‘alllliiil'.
