3824 6218
228 264 338 319 889

1604 248 1779 304 EPISI
1791 221 1965 307 om.

3270 259 3373 315 850

227 374 440 425 lectatur
484 364 702 427 studiis;
754 359 892 416 unde
932 368 986 412 et
1009 358 1285 425 Apostolus
1313 356 1746 411 dicitzAnimatis
1772 361 2100 427 Aaliquibus
2144 364 2257 431 ejus
2313 363 2579 431 integritas
2629 374 2679 417 et
2724 362 2947 431 dignitas
3003 379 3105 416 non
3153 366 3389 442 periret“

215 462 373 511 Ἰιοηιο
388 472 477 510 non
499 454 707 523 percipit
734 466 845 519 quae
862 457 976 503 sunt
1001 448 1200 517 spiritus
1223 446 1314 497 Dei
1337 445 1387 516 (1
1409 443 1527 500 Cor.
1552 461 1609 507 tt,
1633 446 1742 512 ιι).

224 545 510 617 Spiritnalis
534 557 653 598 esse
680 540 860 606 incipit
886 536 1094 619 quando
1124 537 1342 589 honesta
1373 544 1425 590 et
1458 535 1744 601 spiritualia

221 636 550 705 concupiscit,
580 630 791 702 quando
831 627 894 681 ad
924 625 1084 680 divini
1114 624 1314 678 timoris
1341 624 1558 688 cultum,
1607 624 1745 692 vigo-

221 744 279 782 ιε
303 726 465 782 cordis
506 719 761 782 escendit,
785 715 993 786 quando
1023 714 1087 768 ad
1114 727 1172 766 se
1200 712 1436 781 spiritum
1469 727 1562 780 per
1590 727 1742 765 mun-

217 808 395 869 ditiem
421 808 653 878 corporis
678 816 732 861 et
758 819 852 873 per
876 801 1162 857 custodiam
1183 802 1436 855 castitatis
1456 800 1663 863 invitat,
1688 807 1745 851 ut

216 906 287 961 de
336 919 390 959 ea
428 900 552 955 illud
598 896 833 965 Apostoli
863 893 965 948 dici
998 892 1178 961 possit,
1221 891 1319 944 Vos
1350 891 1464 943 estis
1503 887 1741 955 templum

217 992 323 1045 Dei
341 1001 382 1046 et
418 970 620 1057 spiritus
643 985 736 1038 Dei
768 984 958 1036 habitat
982 985 1033 1035 in
1058 978 1289 1050 aobisUI
1314 978 1430 1033 Cor.
1463 980 1591 1045 xvi).
1618 978 1744 1042 Qua:

215 1080 413 1134 homini
455 1091 555 1130 non
582 1076 735 1129 insita
764 1088 857 1141 per
887 1082 1144 1134 naturam,
1175 1069 1267 1123 sed
1316 1068 1386 1121 ita
1414 1077 1535 1121 sunt
1562 1065 1744 1132 adjun—

215 1181 305 1225 cta
336 1182 418 1237 per
438 1165 654 1235 gratiam
701 1170 759 1215 ut
808 1159 1036 1227 separari
1078 1158 1276 1226 possint
1302 1153 1743 1210 desioiaiutert-e-

214 1258 375 1311 dente
400 1269 488 1322 per
518 1252 741 1321 culpam.
784 1248 932 1304 Unde
988 1246 1121 1301 idem
1152 1245 1430 1311 Apostolus
1457 1243 1615 1297 dicit:
1647 1242 1745 1306 Qui

214 1355 382 1398 autem
423 1341 663 1409 templum
711 1338 804 1392 Dei
848 1336 1121 1399 violaverit,
1164 1332 1415 1399 disperdat
1460 1328 1743 1385 eutnDeus

214 1433 268 1504 (ι
293 1435 403 1485 Cor.
432 1446 508 1495 nt,
531 1428 639 1498 t7).
668 1428 803 1481 Ecce
824 1440 915 1494 per
936 1424 1090 1476 tidem
1114 1436 1216 1475 non
1244 1421 1412 1472 solum
1436 1419 1740 1485 baptizatus,

215 1524 314 1581 sed
346 1533 389 1577 et
416 1520 508 1576 Dei
531 1520 786 1587 templum
804 1529 919 1569 esse
946 1514 1171 1572 videtur,
1188 1519 1241 1564 et
1264 1520 1432 1562 tamen
1459 1522 1551 1575 per
1572 1505 1741 1559 diver-

214 1628 273 1667 sa
304 1612 514 1681 ﬂagitia,
544 1608 637 1662 Dei
665 1605 943 1661 severitate
968 1599 1319 1669 disperdetur.
1344 1598 1451 1651 Hoc
1480 1596 1594 1649 loco
1622 1610 1740 1663 per-

1841 450 2012 505 Grave
2058 452 2257 504 crimen
2285 457 2389 515 est,
2418 453 2554 520 quod
2594 450 2869 505 hrreticus
2896 452 3135 519 accipere
3182 452 3373 515 noluit,

1843 553 1945 592 non
1975 540 2144 593 minus
2182 538 2307 593 illud
2351 553 2523 608 grave,
2571 540 2707 608 quod
2736 539 3061 593 Christianus
3106 542 3293 609 accipit
3317 551 3372 595 et

1842 627 2056 694 perdit:
2106 628 2235 681 Nam
2283 636 2337 681 et
2385 628 2474 683 ille
2516 628 2602 698 qui
2630 627 2813 683 ﬁducia
2841 629 3105 697 baptismi,
3135 630 3367 697 nuptiale

1841 716 2155 779 convivium,
2184 719 2321 788 sacri
2347 720 2554 773 concilii
2582 729 2864 774 temerator
2892 722 3169 788 irruperat,
3201 720 3381 774 nitore-

1840 805 2081 873 pur.tatis
2108 806 2332 869 amisso;
2376 807 2442 860 de
2470 808 2658 860 illuStri
2685 809 2941 873 justorum
2983 817 3240 861 conventu
3274 823 3367 861 ex-

1841 893 2067 960 pcibtur,
2093 904 2147 947 et
2184 894 2235 947 in
2276 894 2561 949 exteriores
2584 896 2825 949 tenebras
2866 897 3213 965 perturbatur.
3244 897 3384 949 Nam-

1840 980 2133 1035 credendus
2155 992 2234 1035 est
2260 982 2465 1035 niveum
2495 992 2687 1037 sancte
2712 986 3064 1053 generationis
3094 985 3379 1052 possidere-

1841 1072 2143 1143 candorem,
2172 1074 2259 1141 qui
2292 1074 2426 1127 inter
2451 1074 2703 1137 incestos,
2732 1074 2987 1129 veneﬁcos
3011 1085 3065 1127 et
3097 1085 3365 1138 cruentos,

1842 1163 1921 1217 vel
1945 1162 2228 1230 pracipitio
2255 1172 2343 1216 aut
2362 1165 2641 1231 suspendio
2666 1166 2823 1217 vitam
2852 1164 3158 1232 praecidens,
3185 1166 3236 1218 in
3255 1181 3371 1230 par-

1844 1258 1947 1302 tem
2004 1253 2209 1303 transiit
2272 1252 2568 1318 impiorum.
2628 1253 2864 1320 Legimus
2922 1254 3417 1321 inexstinguibiles.

1841 1340 2076 1391 ﬂammas
2105 1338 2254 1392 lactis
2283 1342 2587 1407 capitalibus
2615 1352 2945 1410 przeparatas,
2971 1344 3229 1396 hominem
3249 1356 3376 1395 vero

1841 1429 1891 1481 in
1924 1429 2074 1483 malis
2112 1431 2219 1481 suis
2261 1430 2556 1498 viventem,
2604 1434 2716 1485 solo
2766 1435 3074 1498 baptismate
3117 1437 3368 1488 salvatum

1841 1531 1957 1570 esse
2013 1531 2114 1570 non
2154 1517 2395 1585 legimus.
2444 1517 2736 1578 Periculosa
2787 1521 2924 1584 sibi,
2975 1522 3112 1589 quod
3168 1524 3369 1576 ctelesti

1843 1607 2110 1672 Scriptura
2163 1622 2264 1660 non
2312 1608 2515 1674 legitur,
2546 1609 2753 1663 inimica
2785 1612 3036 1663 securitas
3067 1612 3366 1677 pollicetur,

215 1701 426 1755 ditionis
450 1696 779 1760 vocabulum,
829 1702 1083 1747 aeternum
1114 1688 1329 1756 perdita:
1355 1686 1542 1740 anima:
1582 1698 1737 1738 nove-

1848 1696 2011 1750 mullo
2040 1696 2376 1763 periculosior
2403 1697 2487 1749 illa
2511 1713 2610 1750 non
2637 1698 2851 1751 credere
2878 1715 2992 1762 qua:
3014 1699 3199 1752 veritas
3228 1715 3368 1754 eom-

214 1793 379 1845 rimus
394 1784 812 1843 esseinteritum.
838 1783 890 1835 lu
911 1780 1289 1849 baptizatorum
1309 1789 1529 1830 numero
1550 1774 1747 1843 absque

213 1877 531 1935 dubitatione
551 1883 855 1937 censentur,
877 1881 930 1926 et
953 1871 1186 1924 membra
1207 1868 1398 1922 Clu-isti
1424 1879 1541 1921 esse
1566 1864 1747 1919 dicnn-

215 1980 324 2035 tur,
354 1977 403 2022 et
429 1967 545 2021 vide
582 1964 845 2035 quomodo
870 1962 1089 2031 perditis
1114 1969 1495 2027 comparantur,
1528 1971 1747 2026 quomo-

211 2061 282 2114 do
309 2074 341 2113 ιι
366 2056 708 2127 generositate
738 2054 984 2113 ﬁliorum,
1024 2051 1217 2120 ﬂagitio
1247 2057 1496 2117 operante
1522 2050 1745 2115 degene-

214 2161 356 2217 rant,
374 2149 575 2203 dicente
601 2144 850 2212 Apostolo
880 2160 893 2195 :
929 2142 1125 2196 Tollam
1153 2156 1270 2209 ergo
1295 2139 1509 2193 membra
1536 2138 1740 2203 Christi,

215 2249 257 2292 st
303 2239 484 2305 faciam
531 2234 750 2287 membra
802 2229 1136 2300 meretricis(l
1173 2227 1289 2282 Cor.
1323 2225 1505 2295 svnt)?
1558 2226 1622 2279 Et
1668 2225 1743 2278 illi

214 2338 417 2393 quoque
462 2321 881 2376 manifestissime
908 2320 1044 2373 dona
1076 2317 1317 2372 secundae
1344 2316 1626 2370 nativitatis
1650 2330 1740 2367 ae-

214 2419 477 2481 ceperant,
489 2412 573 2479 qui
591 2409 747 2462 etiam
759 2407 1128 2461 charismatum
1144 2405 1439 2459 diversitate
1456 2404 1739 2472 pollebant,

216 2504 279 2557 de
302 2502 486 2570 quibus
518 2497 769 2553 Dominus
794 2499 844 2550 in
876 2496 1158 2564 Evangelio
1185 2494 1308 2547 dicit
1343 2513 1354 2546 :
1400 2494 1550 2547 Multi
1581 2494 1742 2547 dicent

215 2594 333 2644 mihi
354 2592 401 2643 in
428 2590 515 2643 illa
540 2590 639 2653 die,
664 2587 888 2651 Domine,
907 2586 1140 2647 Domine,
1164 2602 1326 2638 nonne
1350 2586 1403 2638 in
1432 2589 1627 2639 nomine
1656 2595 1740 2637 tuo

217 2679 623 2748 praphetavimus,
650 2687 692 2730 et
720 2677 772 2728 in
798 2676 995 2728 nomine
1019 2684 1102 2727 tuo
1130 2676 1380 2727 dmmonia
1413 2675 1666 2745 ejerimus,
1695 2683 1740 2727 et

215 2770 261 2821 in
287 2770 479 2821 nomine
496 2775 577 2819 tuo
600 2766 801 2818 virtutes
821 2770 1001 2817 multas
1014 2763 1216 2833 fecimus
1230 2763 1253 2815 7
1269 2763 1328 2815 Et
1350 2773 1464 2815 tunc
1478 2763 1604 2815 dicet
1618 2762 1738 2823 illis,

217 2862 326 2923 quia
375 2875 468 2911 non
512 2857 623 2909 novi
661 2868 763 2921 vos,
798 2854 1029 2907 discedite
1053 2870 1085 2906 a
1112 2870 1205 2917 me,
1238 2846 1322 2921 qui
1351 2852 1623 2915 aperamini
1646 2851 1741 2901 ini-

215 2948 442 3013 quitatem
473 2944 681 3013 (Matth.
705 2958 799 3005 vn,
828 2942 938 3009 22).
964 2942 1088 3007 Quis
1114 2940 1382 2994 abditatos
1412 2955 1518 2991 non
1544 2939 1736 2990 intelli-

1847 1784 2090 1839 minatur.
2122 1783 2304 1851 Aliqua
2345 1784 2420 1855 (ut
2443 1785 2637 1853 dicitis)
2670 1787 2993 1841 beatissimus
3019 1788 3096 1839 vir
3143 1788 3369 1839 Marinus

1844 1888 1959 1927 cum
2010 1874 2427 1927 iuterminatioue
2468 1874 2746 1938 disseruit;
2800 1877 2889 1930 sed
2913 1878 3044 1928 sicut
3088 1876 3207 1928 i.lud
3232 1876 3368 1942 quod

1846 1964 2081 2031 promisit
2122 1963 2369 2016 Dominus
2407 1964 2737 2032 diligentibus
2766 1981 2843 2030 se,
2870 1965 3023 2017 etiam
3075 1965 3369 2019 testimonio

1843 2052 2077 2115 Apost.“
2107 2067 2199 2119 pro
2227 2053 2298 2106 rei
2328 2053 2678 2121 magnitudine
2704 2054 2754 2105 in
2782 2068 2870 2106 cur
2901 2054 3121 2106 hominis
3150 2070 3250 2105 non
3283 2068 3368 2106 as-

1841 2138 2032 2203 cendit,
2066 2139 2133 2192 ita
2166 2140 2451 2194 futurorum
2498 2141 2818 2194 immensitas
2858 2141 3174 2195 cruciatuutu
3204 2157 3366 2209 angu-

1842 2228 1967 2279 stias
1990 2227 2227 2279 humana:
2258 2228 2445 2280 mentis
2462 2227 2823 2295 excedet,qu:e
2850 2229 2981 2281 mala
3007 2240 3365 2283 tnotneutanea

1842 2315 2155 2383 PtEllilctlliLB
2208 2316 2388 2369 umbra
2434 2331 2535 2368 non
2587 2326 2840 2380 removet,
2885 2331 3001 2383 quae
3048 2319 3197 2371 [idem
3250 2318 3364 2371 sine

1840 2405 2080 2469 oticribus
2110 2418 2210 2456 non
2238 2403 2471 2469 repellet,
2500 2403 2685 2470 quibus
2727 2402 3000 2456 terminum
3050 2407 3361 2458 sa'cu'orum

1842 2490 2120 2545 labentium
2170 2506 2355 2544 cursus
2394 2492 2447 2545 in
2475 2492 2694 2544 ﬂammis
2728 2493 3226 2560 iuexstinguibilibus
3252 2504 3362 2547 sta-

1842 2588 1988 2633 tuere
2044 2595 2146 2633 non
2194 2580 2405 2646 valebit,
2451 2582 2586 2634 inter
2628 2595 2756 2649 quos
2785 2582 3121 2635 inexhaustas
3147 2598 3365 2651 vapores

1842 2669 1986 2723 tarde
2008 2683 2067 2723 se
2086 2670 2257 2723 anima
2284 2684 2533 2738 corporea
2551 2681 2602 2724 et
2622 2672 2808 2725 sentiet
2836 2681 2888 2726 et
2908 2671 3120 2725 videbit.
3146 2672 3209 2725 Et
3225 2673 3361 2736 ideo,

1834 2760 2006 2828 justis,
2040 2760 2198 2814 castis
2223 2769 2273 2814 et
2306 2760 2403 2827 piis
2432 2762 2673 2829 operibus
2704 2763 2839 2814 diem
2870 2763 3103 2815 ultimum
3132 2778 3363 2829 przecur-

1838 2862 2048 2902 ramus:
2081 2857 2134 2903 et
2156 2848 2239 2910 hic
2278 2849 2507 2902 timendo
2534 2864 2594 2902 ea
2624 2851 2859 2917 qureillic
2885 2852 3068 2904 timere
3093 2851 3217 2904 nihil
3243 2868 3369 2919 pro-

1836 2937 1990 3001 derit,
2024 2950 2117 2989 nos
2164 2922 2502 2990 declinemus.
2538 2938 2629 2990 Hic
2668 2938 2822 2989 linem
2849 2938 3058 2991 inﬁnitis
3086 2938 3114 2976 ι’
3144 2949 3362 2993 conten-

215 3042 296 3101 gat
322 3047 350 3083 a
381 3033 565 3091 salute,
584 3033 670 3097 qui
693 3045 722 3082 a
744 3039 1026 3096 conspectu
1045 3028 1472 3095 Patrisjubeutur
1492 3026 1733 3079 abscede-
1761 3013 1803 3072 C
1838 3024 2062 3078 tionibus
2112 3023 2457 3092 itnponamus,
2505 3038 2555 3080 et
2582 3026 2909 3079 intoleranda
2962 3029 3196 3081 incendia
3227 3045 3362 3083 nunc

217 3120 381 3174 retin
427 3129 621 3172 sortem
650 3132 741 3170 eos
784 3131 875 3168 sua
924 3131 1068 3169 mors
1118 3115 1470 3170 indubitanter
1496 3116 1733 3182 accipiet,

214 3222 339 3276 quos
363 3208 461 3260 vita
492 3222 607 3272 qua:
636 3205 870 3257 Christus
895 3213 976 3257 est
1002 3203 1275 3271 ignorabit.
1304 3203 1601 3269 Baptizatos
1628 3218 1738 3271 per-

218 3296 393 3350 ditioni
429 3296 556 3348 tradi
600 3309 690 3361 pro
718 3291 1070 3361 iniquitatibus
1094 3292 1202 3345 suis
1231 3290 1469 3355 dubitas;
1497 3306 1611 3345 cum
1646 3291 1737 3343 ba-

217 3386 398 3453 ptisma
436 3387 601 3453 ipsum
642 3398 733 3452 per
772 3384 929 3436 mufti
977 3382 1171 3436 scelera
1203 3381 1375 3449 perire
1417 3381 1738 3450 cognoscas?

218 3474 367 3537 Quod
386 3484 582 3538 autem,
613 3474 747 3527 sicut
787 3473 968 3541 pagina
1011 3475 1261 3536 continet,
1312 3487 1484 3526 sermo
1528 3483 1646 3527 tuus
1672 3473 1737 3528 de

216 3562 460 3629 pmpheta
505 3572 768 3615 mutuatus
796 3562 965 3629 ignem
992 3560 1177 3615 animm
1220 3562 1469 3629 simplicis
1505 3564 1735 3616 (nstitua-

217 3650 303 3715 vit,
332 3650 397 3704 de
417 3653 523 3705 sola
552 3652 649 3704 hoc
670 3650 953 3705 divinitatis
968 3650 1255 3705 substantia
1272 3653 1443 3706 dicere
1469 3654 1730 3717 convenit,

216 3739 294 3793 cui
313 3741 441 3794 nihil
460 3743 775 3810 appositum,
805 3739 928 3793 nihil
955 3756 983 3793 a
1013 3742 1285 3808 superiore
1313 3742 1580 3805 collatum,
1607 3741 1735 3793 nihil

219 3818 411 3882 constat
453 3830 771 3895 adjunctum.
805 3828 982 3881 Justus
1029 3831 1222 3895 pariter
1250 3840 1302 3882 et
1327 3830 1524 3894 justitia
1554 3830 1733 3881 vivens

218 3927 261 3968 et
288 3918 407 3979 vita,
441 3918 647 3981 sapiens
686 3929 839 3979 atque
885 3915 1135 3981 sapientia
1181 3923 1263 3968 est
1294 3918 1455 3968 virtus
1484 3928 1536 3969 et
1586 3917 1757 3985 origo‘

217 4005 471 4057 virtutum.
505 4004 557 4056 ln
588 4002 953 4070 principalibus
992 4004 1130 4058 enim
1159 4004 1313 4058 bonis
1357 4007 1483 4070 suis,
1513 4009 1609 4060 hoc
1653 4018 1733 4063 est

219 4092 318 4157 ipse
337 4093 471 4159 quod
524 4093 772 4160 possidet.
826 4092 990 4145 Homo
1028 4108 1152 4147 vero
1181 4094 1373 4162 duplex
1395 4095 1609 4165 intelligi
1642 4113 1733 4165 po-

218 4189 329 4249 test,
351 4183 435 4250 qui
466 4183 645 4235 vivens
675 4184 725 4235 et
747 4182 919 4250 justus
945 4190 997 4236 et
1017 4184 1223 4251 sapiens
1250 4184 1349 4239 dici
1380 4194 1553 4253 potest
1579 4204 1592 4238 :
1625 4188 1731 4242 vita

218 4278 374 4325 autem
402 4283 451 4325 et
474 4271 671 4339 justitia
711 4272 810 4325 dici
844 4287 943 4325 non
975 4281 1162 4339 potest,
1194 4275 1312 4342 quia
1355 4276 1422 4327 ita
1455 4275 1536 4329 his
1562 4276 1730 4330 indui-

1834 3112 2112 3168 salubriter
2157 3113 2450 3182 cogitandrt,
2482 3130 2543 3169 ex
2590 3115 2715 3183 ipsis
2746 3115 2949 3183 ignibus
2993 3127 3183 3171 aeterna
3212 3118 3363 3171 nobis

1835 3201 2099 3269 refrigeria
2131 3216 2513 3269 comparemus.

1916 3300 1936 3327 ο
1964 3291 2147 3345 Certus
2177 3300 2345 3345 autem
2372 3308 2491 3347 sum
2531 3293 2595 3347 de
2623 3293 2723 3347 llde
2752 3303 2949 3362 vestra,
2975 3296 3115 3364 quod
3155 3297 3356 3351 falerati

1833 3381 2121 3446 composito
2144 3381 2309 3433 nitore
2330 3381 2584 3434 sermonis
2612 3381 2901 3449 acceptiora
2926 3382 3070 3437 vobis
3095 3394 3245 3437 erunt
3274 3398 3359 3437 sa-

1835 3470 2037 3524 lutifera
2060 3465 2275 3525 sincera:
2314 3470 2611 3525 testimonia
2640 3470 2897 3527 veritatls.
2944 3472 3131 3527 Filium
3186 3489 3358 3528 meum

1836 3560 2189 3627 Eminentlum,
2221 3562 2369 3616 dulce
2394 3562 2553 3616 decus
2594 3570 2848 3625 nostrum,
2891 3571 3110 3632 paterno
3138 3565 3357 3631 sospita-

1835 3669 1948 3706 mus
1973 3653 2176 3707 aﬂ‘ectu.
2216 3655 2462 3707 Domitius
2490 3663 2670 3709 noster
2694 3654 3053 3709 admirandam
3083 3654 3207 3707 mihi
3248 3671 3356 3707 ma-

1831 3743 2179 3807 gniﬁcentinttt
2210 3758 2354 3795 suam
2405 3742 2748 3811 praesentibus
2797 3742 2998 3809 repleat
3024 3742 3175 3796 bonis
3202 3751 3254 3797 et
3279 3744 3356 3798 di-

1829 3838 1985 3891 gnum
2011 3824 2201 3875 'reddat
2233 3826 2458 3877 aeternis.

2384 3931 2704 3987 EPISTULA
2740 3932 2802 3985 V.

1864 4035 2036 4074 FAUSTI
2059 4035 2347 4074 RUEGIENSIS
2362 4037 2647 4075 GALLIARUII
2670 4038 2890 4077 EPISCOPI
2916 4040 2978 4076 DE
2996 4033 3345 4079 ινοειιιτεεετμ

2176 4106 2239 4140 ΑΙ)
2261 4105 2477 4143 ιἐιιεειι
2506 4105 2584 4143 PP.
2613 4106 2678 4145 ΒΤ
2707 4106 3005 4145 ΡΛΤΒΙΤΙῸΙ.

1899 4178 2115 4230 Domino
2146 4178 2373 4245 piissimo
2410 4188 2463 4231 et
2486 4178 2795 4245 specialibus
2832 4181 3015 4235 (illiciis
3047 4185 3353 4248 excolendo,

1829 4276 1885 4322 ut
1912 4268 2131 4337 cOutido,
2166 4268 2214 4320 in
2254 4277 2499 4321 aeternum
2528 4267 2669 4323 fratri
2692 4277 2746 4324 et
2791 4284 2883 4338 per
2923 4273 3093 4328 omnia
3145 4274 3354 4328 domino

218 4370 308 4424 tur,
336 4374 390 4417 nt
410 4336 684 4429 aliquoties
710 4372 947 4417 canatur.
978 4336 1132 4429 VQuod
1162 4336 1361 4419 homini
1408 4366 1581 4419 datum
1628 4378 1727 4432 est,
1757 4336 1807 4396 D
1832 4359 1987 4415 Felici
2018 4359 2253 4414 Faustus.

218 4449 316 4506 Deo
357 4453 567 4523 insitum
596 4462 695 4506 est.
720 4452 881 4507 llomo
921 4452 1087 4523 (verbi
1113 4454 1298 4523 gratia)
1328 4454 1603 4509 deauratus
1632 4468 1730 4520 est,

217 4538 350 4597 Dens
391 4557 575 4596 aurum
626 4549 728 4605 est,
773 4541 841 4593 in-
872 4557 973 4608 quo
1003 4543 1102 4595 hoc
1129 4551 1209 4596 est
1236 4545 1463 4608 potentia
1494 4552 1545 4596 et
1570 4544 1731 4611 gloria

218 4630 338 4693 quod
360 4641 564 4684 natura.
595 4629 723 4683 Nam
752 4630 888 4697 quod
911 4630 1168 4683 subtiliter
1198 4631 1455 4696 indicasti,
1482 4633 1525 4685 si
1555 4634 1730 4687 omnia

120 4730 127 4731 ί
218 4712 317 4764 ιιιεε
342 4730 457 4782 tum
484 4715 731 4768 dominus
780 4715 1421 4783 Marinusinterminatur,
1466 4718 1731 4784 excipiunt

219 4808 521 4863 peccatores,
545 4802 668 4869 quid
698 4803 859 4870 magis
888 4803 1030 4870 impii
1061 4803 1357 4857 mereantur
1379 4805 1596 4872 ignoro!
1627 4807 1731 4859 lla-

218 4885 327 4940 bent
352 4890 450 4942 sub
480 4891 795 4956 perennibus
820 4893 990 4954 malis.
1019 4902 1071 4946 et
1098 4894 1559 4962 suppliciagradus
1586 4909 1726 4959 suos,

218 4984 263 5028 et
304 4979 541 5046 gravibus
584 4979 839 5033 obnoxius
888 4982 1148 5046 peccatis,
1198 4982 1413 5036 inﬁnitis
1463 4984 1603 5052 (licet
1651 4992 1729 5037 ta-

220 5078 320 5118 men
334 5079 592 5135 utcunque
612 5067 935 5136 tolerandis),
956 5070 1142 5136 impius
1171 5086 1295 5124 vero
1313 5113 1326 5133 ,
1346 5072 1597 5127 inauditis
1612 5088 1731 5126 cru-

219 5154 419 5229 ciatibus
462 5164 748 5223 torquetur.
779 5155 924 5207 Tune
972 5164 1145 5210 autem
1185 5158 1425 5225 baptismi
1459 5169 1484 5195 ³
1511 5162 1729 5227 gratiam

223 5240 427 5309 habetis,
457 5257 557 5297 nec
584 5250 771 5311 posset.
789 5252 955 5295 morte
984 5242 1207 5311 aliquem
1234 5246 1519 5307 vindicare,
1548 5248 1644 5301 nisi
1677 5251 1727 5303 in

284 5386 305 5410 ι
326 5375 428 5435 AL,
460 5371 637 5425 Gratia
663 5372 723 5423 ab
744 5380 926 5423 aeterna
956 5379 1109 5422 morte
1153 5372 1303 5435 possit
1332 5376 1575 5427 hominem
1608 5378 1722 5430 vin-

222 5442 367 5495 ciam
388 5445 430 5495 si
471 5444 518 5492 in
545 5440 809 5508 aliquibus,
840 5453 942 5490 etc.

284 5512 446 5577 "AL,
488 5506 880 5564 contritionibus.
933 5506 1007 5560 Ex
1051 5507 1234 5575 ignium
1263 5521 1552 5563 memorum
1585 5516 1721 5580 cogi-

1901 4451 2136 4519 Magnum
2186 4452 2393 4519 pietatis
2431 4460 2493 4504 et
2522 4451 2644 4506 ﬁdei
2690 4453 3369 4520 testimmtium,quodper-

1833 4548 2093 4592 tantarum
2145 4548 2289 4592 vasta
2334 4540 2602 4592 intervalla
2654 4525 2939 4605 regionum,
2977 4550 3027 4592 et
3054 4556 3153 4605 per
3172 4550 3239 4591 tot
3274 4556 3352 4595 re-

1831 4646 1943 4682 rum
1974 4630 2239 4695 ittlet'jCCla
2270 4629 2591 4691 discrimina,
2623 4629 2685 4680 ad
2718 4644 2811 4682 nos
2842 4644 3000 4695 usque
3032 4631 3349 4683 latilttdinettt

1829 4726 2016 4776 vestrae
2028 4717 2293 4769 charitatis
2308 4717 2604 4769 extenditis.
2633 4715 2793 4769 lultac
2818 4717 3131 4784 relegatione
3154 4728 3349 4785 nostra,

1832 4803 2015 4856 attil'cx
2048 4803 2135 4857 Dei
2174 4805 2337 4857 nostri
2364 4804 2738 4868 misericordia,
2781 4808 2983 4873 gemina
3008 4819 3213 4862 exercet
3237 4811 3351 4862 otti-

1832 4896 1927 4953 c'a.
1964 4902 2195 4944 nostram
2249 4895 2444 4945 excutit
2484 4900 2696 4961 paterna
2747 4895 3017 4950 sedulitate
3040 4900 3348 4967 rubiginem,

1830 4995 1881 5037 et
1902 4994 2123 5035 vestram
2152 4983 2291 5035 circa
2323 4999 2417 5037 nos
2438 4984 2684 5039 dilucidat
2706 4985 2885 5049 ﬁdem,
2904 4996 3229 5054 vestramque
3257 5002 3349 5053 ap-

1830 5073 2011 5140 probat
2039 5073 2325 5139 pietatem-
2355 5072 2458 5126 Nos
2500 5074 2677 5126 elimat
2724 5074 2943 5141 benigna
2998 5075 3227 5135 solertia,
3257 5090 3349 5126 vos

1832 5162 2085 5230 producit,
2118 5176 2211 5215 nos
2239 5170 2542 5228 coangustat
2578 5162 2876 5229 salubriter,
2902 5176 2992 5214 vos
3016 5162 3215 5214 dilatat.
3247 5161 3349 5215 Nos

1831 5250 2105 5313 arguimur
2143 5263 2234 5300 vos
2267 5250 2534 5316 proticitis.
2565 5249 2868 5304 detrimenta
2890 5257 3063 5302 nostra
3092 5248 3143 5300 in
3175 5255 3348 5300 vestra

1831 5378 2013 5430 talione
2039 5389 2320 5443 praeparata
2343 5379 2433 5431 sibi
2454 5391 2640 5432 ozterna
2665 5382 2940 5446 refrigeria.

1902 5458 1921 5481 ε
1954 5446 2072 5497 ll.cc
2104 5448 2150 5495 in
2177 5451 2422 5499 hactenus
2448 5447 2651 5501 CXt'USiS
2677 5463 2775 5500 non
2802 5451 3073 5513 habentur,
3097 5448 3186 5502 sed
3210 5463 3348 5507 nunc

1830 5530 1891 5569 ex
1918 5530 2013 5566 ms.
2045 5514 2246 5570 llcurici
2276 5518 2343 5570 Ca
2369 5517 2464 5569 tisii
2487 5526 2833 5572 noceaserunt.
