3824 6218
523 304 615 357 831
1720 302 1775 357 5.
1819 300 2062 357 FAUSTI
2100 300 2496 360 RHEGIENSIS
3588 309 3675 369 852

520 421 791 467 transeunt
816 414 1107 469 commoda.
1129 390 1257 470 Cum
1291 411 1611 470 feneratores
1638 415 1800 469 nostri
1820 414 1954 477 sitis,
1980 414 2057 467 in-
2082 416 2133 472 Α
2162 415 2509 483 producatur,
2537 426 2591 471 et
2633 418 2767 472 sicut
2789 418 2922 472 dixit
2948 419 3251 486 Apostolus,
3284 419 3347 472 de
3375 431 3558 486 pet-ceto
3584 428 3674 481 eia.

519 502 690 570 cupitis
716 504 879 558 nostri
918 518 1038 559 esse
1061 504 1345 571 debitores,
1387 506 1647 575 siquidem
1676 518 1834 559 causa
1864 514 2053 559 vestra:

518 594 813 649 devotionis
854 604 908 649 et
951 596 1211 651 mercedis
1238 607 1429 653 vestras
1456 590 1674 652 materia
1711 610 1849 651 sum.
1881 597 2053 666 Opera

518 691 711 748 vestra,
741 684 807 738 de
850 686 1003 741 nobis
1036 689 1249 755 capiunt
1293 688 1495 749 lucrum
1541 688 1725 741 merita
1755 700 1945 753 vestra,
1987 687 2054 742 de

518 773 733 839 ﬂagellis
764 776 959 828 nostris
1005 784 1307 831 mutuantur
1332 787 1687 847 augmentum.
1720 776 1921 832 Vestra
1948 778 2056 832 sol-

520 864 820 931 licitudinis,
840 866 908 920 ad
932 880 1026 922 nos
1040 867 1255 923 aﬂ’ectus
1274 868 1339 923 ad
1363 868 1545 937 Deum,
1564 870 1804 937 pervenit
1822 868 2051 924 fructus:

516 966 577 1007 ac
603 954 677 1007 sic
698 954 894 1022 duplici
925 956 1105 1023 modo,
1130 968 1183 1011 et
1208 959 1273 1013 de
1298 967 1474 1012 nostra
1504 959 1865 1027 castigatione,
1908 969 1962 1014 et
1987 960 2053 1015 de

516 1054 686 1095 vestra
728 1046 1293 1111 retributione,divinis
1318 1047 1588 1105 beneﬁciis
1616 1049 1929 1120 obiigamur.
1952 1049 2051 1105 Pe-

516 1144 583 1185 ne
621 1142 793 1187 autem
821 1134 952 1189 mihi
994 1137 1343 1203 respondendi
1378 1139 1645 1192 silentium
1686 1139 1936 1207 perfectio
1963 1155 2054 1195 ve-

515 1227 638 1275 stras
677 1222 1056 1279 consoiationis
1094 1224 1373 1279 indixerat.
1419 1227 1546 1281 Nam
1595 1228 1705 1296 ipsa
1754 1229 2053 1285 sollicitudo

516 1309 869 1380 interrogandi
889 1310 1097 1367 videtur
1121 1312 1282 1367 forma
1310 1316 1531 1377 vivendi,
1559 1333 1713 1387 quam
1734 1300 1963 1388 quotidie
1982 1318 2048 1375 de

515 1398 716 1453 domini
748 1402 848 1454 mei
885 1402 1050 1471 petris
1072 1408 1231 1458 vestri
1264 1404 1321 1459 S.
1352 1407 1583 1475 episcopi
1615 1417 1640 1445 ει
1668 1408 1844 1464 Leonii
1875 1411 2051 1465 effica-

516 1487 663 1542 cibus
691 1487 943 1545 doctrinis
964 1499 1015 1545 et
1043 1494 1387 1561 praesentibus
1420 1495 1749 1552 documentis
1779 1500 2050 1555 sufﬁcien-

518 1588 597 1632 ter
619 1580 907 1646 attrahitis;
940 1596 1043 1636 non
1081 1593 1253 1638 autem
1283 1586 1444 1639 miror
1472 1588 1517 1641 si
1562 1597 1617 1642 et
1646 1604 1817 1644 meum
1846 1591 2053 1660 (quam-

515 1659 641 1723 libet
666 1684 728 1724 ex
771 1669 1054 1741 superﬂuo)
1097 1673 1361 1741 requiritis
1389 1676 1707 1741 institutum,
1735 1659 1885 1747 cujus
1912 1680 2052 1734 circa

2160 503 2407 560 heremus
2458 506 2698 561 damnare
2744 519 3026 577 peccatum.
3080 511 3317 566 Alterum
3381 512 3673 574 abstinentia

2156 606 2322 661 genus
2347 602 2430 647 est
2459 595 2623 648 multo
2650 596 2929 654 sublimius
2957 600 3226 670 multoque
3258 604 3557 671 pretiosius,
3578 624 3671 663 nio-

2157 690 2240 738 tus
2283 684 2443 737 animi
2489 700 2710 753 regere;
2759 686 3153 745 irrationabiles
3193 691 3595 759 perturbationes
3626 707 3669 751 et

2154 772 2528 840 cogitationum
2553 774 2691 829 inter
2706 790 2763 830 se
2792 776 3185 833 colluctantium
3208 781 3433 836 rebelles
3455 785 3669 849 tumultus

2156 863 2346 916 mentis
2374 861 2594 932 imperio
2623 864 2935 935 subjugare;
2988 868 3200 923 malitia:
3244 870 3419 945 virus,
3459 882 3665 942 tanquam

2154 951 2418 1006 funestum
2450 954 2663 1024 aliquod
2690 956 3026 1028 maleﬁcium,
3058 960 3125 1014 de
3146 962 3499 1026 penetralibus
3521 965 3665 1021 cordis

2156 1054 2444 1108 exspuere,
2474 1051 2528 1097 et
2555 1044 2782 1097 animam
2810 1055 2991 1102 contra
3016 1048 3350 1104 diversarum
3376 1052 3550 1108 fluctus
3576 1065 3665 1110 tm-

2156 1132 2431 1195 tationum,
2458 1135 2767 1187 constantia:
2790 1136 3145 1192 moderamine
3165 1140 3478 1208 gubernare,
3500 1151 3545 1195 et
3564 1158 3667 1197 con-

2156 1226 2234 1272 tra
2267 1221 2539 1288 passiones
2581 1223 2815 1276 occultas
2866 1224 3009 1279 velut
3034 1236 3217 1281 contra
3258 1228 3663 1284 domesticosini-

2156 1308 2351 1374 micos,
2381 1312 2557 1363 'rixam
2603 1312 2877 1379 quamdam
2919 1314 3196 1372 irascentis
3236 1318 3354 1372 ﬁdei
3397 1322 3665 1377 auctoritate

2155 1415 2457 1471 conserere,
2486 1405 2665 1457 inanes
2694 1420 2848 1461 curas
2881 1407 3034 1477 longe
3063 1410 3321 1479 repellere
3340 1451 3357 1473 ,
3392 1420 3443 1465 et
3466 1427 3494 1464 a
3529 1414 3665 1466 noxiis

2156 1490 2429 1560 colloquiis
2477 1506 2537 1546 ac
2587 1493 2868 1549 desideriis
2928 1498 3119 1565 quibus
3170 1499 3414 1554 diabolus
3474 1505 3665 1570 pascitur

2156 1578 2449 1646 abstinere;
2480 1590 2533 1635 et
2560 1598 2657 1650 per
2686 1587 3141 1642 mansuetudinem
3160 1631 3175 1656 ,
3208 1590 3529 1656 patientiam,
3555 1603 3664 1646 tran-

2157 1669 2465 1739 quillitatem
2510 1672 2603 1727 Dei
2644 1672 2696 1727 in
2748 1677 2893 1730 vultu
2932 1680 3203 1735 exteriore
3252 1682 3497 1737 excolere
3529 1684 3661 1736 virum

515 1771 607 1812 vos
648 1756 965 1829 singularem
1004 1761 1169 1817 nostis
1210 1763 1472 1817 affectum.
1523 1764 1769 1834 Creditis,
1815 1769 1867 1822 in
1904 1770 2048 1838 adju-

2158 1761 2447 1827 spirituaiia
2498 1771 2551 1816 et
2597 1764 2770 1819 divina
2823 1768 3185 1836 cogitantem,
3234 1780 3295 1823 ut
3350 1772 3544 1825 tristitia
3582 1787 3662 1826 non

514 1847 703 1904 turbam
746 1848 867 1902 ﬁdei
902 1859 1109 1918 vestrae,
1158 1854 1512 1921 magisterium
1544 1871 1715 1910 meum
1751 1868 1854 1911 tam
1881 1861 2052 1929 perfe-

514 1948 654 1993 ctum
692 1950 811 1993 esse
839 1952 995 2007 quam
1038 1950 1219 1994 votum
1258 1952 1365 2006 est;
1394 1944 1509 2008 sed,
1544 1945 1663 2000 licet
1690 1962 1868 2001 sermo
1906 1964 2054 2005 meus

515 2028 690 2097 (quem
732 2026 1008 2083 lentiorem
1060 2031 1215 2085 etiam
1263 2046 1497 2099 prmsens
1546 2036 1717 2092 reddit
1752 2040 2052 2113 infirmitas)

514 2127 688 2174 vestro
708 2120 951 2176 sufﬁcere
969 2122 1051 2176 vix
1083 2122 1250 2191 possit
1276 2125 1479 2189 ardori,
1512 2135 1683 2183 tamen
1712 2132 1893 2196 paucis
1924 2148 2072 2204 cono,

512 2208 863 2263 versationem
890 2219 1113 2265 vestram
1145 2228 1249 2268 non
1278 2221 1379 2267 tam
1408 2217 1848 2288 instruam,quam
1879 2225 2050 2278 revol—

514 2313 654 2353 vam.
685 2299 919 2370 Magnam
950 2302 1188 2359 sollicitis
1218 2306 1455 2374 perhibet
1486 2309 1823 2366 evitationem
1852 2315 2051 2382 agnitio

516 2394 745 2461 peccati,
777 2403 951 2449 metus
988 2395 1189 2465 judicii.
1225 2407 1397 2454 terror
1434 2398 1570 2471 ignis
1617 2404 1821 2457 aeterni.
1874 2404 2051 2475 itaque

510 2486 574 2539 ad
599 2485 910 2541 immolanda
938 2486 1231 2545 orationum
1250 2492 1527 2559 sacriﬁcia,
1546 2495 1713 2548 amica
1732 2505 1854 2549 sunt
1873 2496 2050 2551 fruen-

512 2575 652 2631 tibus
698 2588 956 2631 nocturna
995 2580 1203 2634 silentia
1230 2622 1244 2646 ,
1294 2582 1515 2649 quibus,
1549 2598 1714 2652 usque
1758 2586 1824 2640 ad
1868 2588 2049 2642 horam

512 2665 719 2719 tertiam
749 2667 911 2720 lectio
929 2669 1194 2722 moderata
1221 2671 1486 2737 succedat,
1516 2682 1575 2727 ut
1600 2675 1908 2730 exercitium
1938 2678 2049 2746 spi-

510 2756 664 2810 ritale
689 2768 793 2810 non
823 2756 1028 2811 desinat
1057 2760 1378 2829 desiderare,
1403 2771 1457 2818 et
1477 2778 1687 2832 semper
1708 2770 1873 2836 possit
1893 2784 2050 2839 auge-

513 2846 579 2899 ri.
629 2844 833 2901 Utinam
884 2850 1155 2917 provideat
1204 2852 1452 2909 Dominus
1474 2856 1550 2909 vel
1586 2856 1689 2910 duo
1713 2857 1812 2911 ﬁda
1841 2859 2047 2925 solatia,

512 2951 632 2990 cum
658 2938 843 3006 quibus
870 2939 1083 2995 diurnas
1115 2952 1168 2996 et
1198 2952 1481 2999 nocturnas
1510 2947 1692 3015 exigas
1732 2948 2047 3015 functiones,

512 3035 564 3081 ct
582 3028 662 3080 vel
686 3027 841 3083 biduo
866 3030 918 3083 in
943 3033 1228 3097 septimana
1257 3034 1592 3089 salutantium
1619 3038 1803 3091 frueris
1841 3038 2047 3092 ofﬁciis.

2156 1850 2385 1919 frangat,
2430 1852 2605 1906 laetitia
2636 1870 2740 1909 non
2789 1857 3051 1923 resolvat,
3082 1859 3373 1914 stahilitum
3421 1862 3468 1915 in
3511 1862 3661 1915 timore

2158 1939 2248 1993 Dei
2298 1951 2480 2010 peetus
2517 1943 2761 1997 ostendat
2808 1947 3257 2015 magnanimitatis
3300 1950 3585 2017 aequalitas,
3620 1957 3662 2002 ut

2156 2032 2306 2085 nobis
2331 2032 2565 2103 coaptari
2596 2033 2757 2100 possit
2785 2033 2948 2088 libelli
2972 2036 3111 2088 illius
3135 2035 3341 2103 insigne
3373 2037 3660 2103 principium,

2154 2119 2279 2173 Erat
2304 2122 2379 2175 vir
2417 2138 2544 2176 unus
2583 2110 2833 2177 abstinens
2855 2141 2907 2178 ae
2944 2124 3006 2177 ab
3047 2126 3182 2177 omni
3219 2140 3274 2178 re
3303 2126 3435 2178 maia
3474 2125 3594 2194 (Job.
3614 2124 3659 2190 ι).

2161 2208 2270 2275 Vir,
2301 2211 2487 2281 inquit,
2515 2228 2680 2277 unus;
2712 2212 2813 2267 hoc
2855 2222 2933 2268 est
2959 2228 3168 2282 semper
3204 2214 3344 2268 idem
3378 2233 3391 2266 :
3424 2215 3532 2283 quia
3559 2214 3658 2267 nihil

2151 2306 2263 2351 erat
2291 2299 2343 2353 in
2371 2314 2435 2353 eo
2464 2301 2702 2365 dubium,
2729 2302 2861 2355 nihil
2892 2303 3103 2371 duplex,
3131 2304 3258 2357 nihil
3284 2306 3536 2363 necidens.
3558 2304 3659 2357 nihil

2151 2387 2353 2442 varium
2403 2392 2482 2444 vel
2528 2391 2827 2457 diversum,
2874 2394 2968 2448 sed
3011 2411 3129 2450 eum
3173 2397 3223 2449 in
3270 2407 3408 2450 statu
3451 2398 3658 2451 virtutum

2149 2489 2393 2543 suarum,
2439 2480 2625 2549 aquali
2654 2482 2839 2537 ordine
2869 2493 3262 2551 permanentem
3282 2527 3296 2551 ,
3328 2497 3547 2553 tempora
3578 2502 3658 2543 non

2152 2571 2441 2637 mutabant,
2468 2588 2567 2628 nec
2596 2589 2713 2629 eum
2744 2576 2825 2648 (ut
2850 2577 3089 2631 maximis
3113 2578 3357 2632 ﬂuctibus
3378 2585 3486 2633 mos
3513 2578 3599 2647 εει)
3616 2578 3657 2631 in

2148 2659 2379 2715 alternas
2411 2674 2587 2730 partes
2633 2665 2843 2720 diversa
2883 2677 3159 2720 ventorum
3188 2666 3357 2721 ﬂabra
3397 2666 3656 2721 versabant.

2150 2747 2222 2800 ita
2250 2758 2303 2802 et
2344 2751 2601 2805 sollicitus
2640 2751 2731 2806 Dei
2770 2752 3030 2819 famulus,
3060 2756 3371 2809 inconcussa
3404 2756 3515 2809 ﬁdei
3549 2753 3658 2808 mole

2151 2838 2432 2903 fundatus,
2464 2841 2514 2892 in
2551 2840 2650 2895 hoc
2695 2852 2895 2896 tantum
2947 2843 3180 2914 (Christo
3226 2846 3277 2897 in
3323 2859 3381 2899 se
3422 2839 3658 2912 cperaute)

2151 2936 2401 2994 mutetur,
2428 2940 2483 2983 ut
2512 2930 2662 2984 novis
2704 2946 2913 3000 semper
2941 2935 3220 2988 virtutibus
3258 2936 3511 2987 induatur.
3549 2934 3660 2987 Ante

2150 3020 2344 3082 omnia,
2378 3021 2427 3072 in
2459 3033 2704 3089 quantum
2738 3022 2843 3076 Deo
2868 3023 3145 3091 adiuvante
3174 3032 3472 3093 possumus,
3496 3024 3594 3077 illas
3618 3027 3658 3075 in

512 3116 684 3171 Ardua
712 3126 834 3171 sum
869 3135 987 3187 qua,
1026 3137 1118 3188 pro
1144 3123 1513 3191 ξηιθηοεεηιίε
1548 3124 1754 3181 fenore
1796 3129 2051 3199 colloqui,
2077 3102 2121 3163 C
2154 3108 2304 3199 nobis
2362 3110 2590 3180 quinque
2654 3126 2906 3168 sensuum
2968 3130 3327 3186 expugnemus
3397 3115 3655 3171 illecebras.

512 3220 655 3270 mur;
683 3206 773 3259 sed
800 3208 885 3262 ifle
902 3210 1250 3266 laborantium
1275 3213 1529 3283 benignus
1547 3216 1777 3285 adjutor,
1801 3229 1903 3275 tam
1935 3214 2050 3278 leve

450 3304 457 3315 ’
512 3299 602 3352 tibi
650 3300 807 3353 faciat
846 3300 1027 3369 iugum
1056 3317 1231 3371 suum,
1267 3322 1420 3375 quam
1446 3308 1731 3373 jucundum
1775 3312 1878 3365 erit
1916 3328 2050 3381 prte-

510 3388 669 3443 tuintu
700 3406 871 3444 suum.
907 3392 1065 3461 ithur
1108 3395 1151 3446 si
1184 3396 1381 3462 trepida
1415 3413 1594 3464 parum
1645 3400 1865 3469 amplius
1903 3404 2048 3457 rudi-

511 3488 684 3533 menta
726 3482 1069 3549 permittunt,
1114 3485 1329 3539 alternis
1381 3486 1631 3543 hiemales
1678 3491 1789 3544 dies
1832 3491 2049 3559 jejuniis

513 3571 902 3638 transiguntur:
935 3589 1051 3641 quae
1072 3575 1202 3627 sicut
1236 3576 1492 3631 moderari
1520 3578 1789 3644 convenit,
1839 3582 1909 3634 ita
1959 3598 2052 3636 ne-

506 3674 659 3714 resse
703 3670 785 3715 est
832 3663 1129 3731 duplicari:
1180 3665 1448 3734 dup‘icari,
1484 3668 1721 3737 inquam;
1754 3672 1860 3725 duo
1908 3674 2047 3728 enim

509 3760 630 3803 sunt
649 3751 977 3807 abstinentia:
1020 3770 1208 3823 genera
1244 3774 1256 3808 ε
1294 3756 1459 3812 Unum
1502 3770 1602 3825 est,
1657 3761 2048 3821 incontinentis:

509 3840 814 3909 appetitum,
858 3840 898 3895 ‘a
928 3842 1045 3897 cibo
1073 3855 1125 3897 et
1176 3855 1297 3915 potu
1347 3856 1400 3902 et
1446 3864 1474 3901 a
1512 3850 1731 3904 diversis
1761 3856 2044 3909 carnalium

508 3932 817 3985 suavitatum
853 3932 1114 3987 illecebris
1140 3951 1403 4004 coercere,
1441 3951 1490 3993 ct
1518 3958 1731 3997 vomere
1752 3946 1921 4000 crucis
1944 3957 2047 4000 ter-

508 4034 618 4073 ram
657 4020 875 4088 subjecti
918 4024 1195 4079 exterioris
1226 4027 1493 4096 edomare,
1527 4040 1581 4084 et
1611 4035 1905 4089 necessitati
1954 4053 2047 4103 po-

509 4108 610 4161 tius
640 4124 796 4177 quam
825 4112 1078 4181 voluptati
1119 4124 1403 4182 temperata
1440 4119 1795 4175 moderatione
1822 4126 2041 4191 servire,

508 4200 718 4266 paulum
768 4202 811 4255 si
843 4204 1108 4269 permittat
1149 4204 1443 4274 inﬁrmitas,
1493 4211 1575 4265 vel
1623 4213 1837 4267 alternis
1862 4214 2045 4269 diebus

508 4286 675 4341 donec
705 4290 781 4341 vis
824 4290 988 4359 longae
1034 4294 1422 4349 consuetudinis
1471 4300 1664 4352 sensim
1686 4301 2045 4357 dissuescatur

509 4376 768 4441 accipere.
816 4377 891 4445 De
943 4394 1038 4431 usu
1078 4395 1205 4433 vero
1231 4382 1679 4450 indumentorum,
1712 4390 1958 4453 paulatim
1986 4405 2043 4445 se

510 4464 733 4529 gravitas
764 4464 825 4515 ad
850 4463 1095 4518 inferiora
1123 4467 1412 4532 submittat,
1443 4485 1507 4523 ne
1540 4470 1650 4538 ipsa
1681 4476 1882 4529 novitas
1902 4479 2044 4533 subi-

513 4563 576 4603 ta:
600 4551 969 4606 mediocritatis
992 4552 1239 4609 offendat.
1262 4556 1651 4612 Observandum
1675 4570 1755 4615 est
1775 4564 1953 4634 etiam,
1979 4582 2045 4622 ne

512 4643 669 4697 elatio
708 4644 772 4697 de
800 4644 957 4698 nimia
988 4644 1280 4700 humilitate
1309 4657 1609 4717 generetur,
1654 4660 1706 4705 et
1744 4654 1924 4708 vitium
1977 4657 2041 4711 de

514 4734 707 4785 virtute
735 4742 1021 4799 nascatur;
1066 4750 1183 4805 qtae
1235 4744 1409 4791 tamen
1452 4738 1603 4794 facile
1629 4744 1979 4809 superabitur,
1998 4746 2041 4799 si

511 4822 841 4875 eonfusibilis
862 4823 951 4877 illa
975 4824 1250 4891 prateritce
1274 4830 1685 4885 conversationis
1708 4831 1921 4887 historia
1949 4851 2041 4889 an-

514 4924 564 4967 te
583 4912 764 4966 ocules
784 4912 1087 4979 adducatur,
1105 4923 1162 4967 et
1188 4930 1276 4969 rea
1299 4918 1611 4972 conscientia
1635 4923 1850 4990 trepidis
1870 4926 2040 4979 sensi-

517 5006 608 5058 bus
640 5010 998 5070 presentetur.
1044 5002 1117 5056 Ita
1140 5002 1247 5067 ﬁet,
1271 5012 1327 5057 ut
1350 5006 1473 5059 dum
1505 5023 1598 5076 per
1627 5012 2041 5070 recordationem

515 5094 893 5160 prteteritorum
923 5089 1177 5146 malorum
1205 5105 1234 5144 a
1254 5093 1459 5148 diabolo
1484 5096 1681 5164 ingesta
1709 5107 2043 5173 prmeumptio

514 5184 812 5250 castigatur,
859 5182 1086 5251 dumque
1116 5182 1361 5249 iactantia
1412 5186 1597 5240 validis
1646 5190 1912 5257 culparum
1955 5209 2043 5247 ar-

518 5269 613 5322 mis
663 5274 796 5324 victa
842 5270 1152 5341 propellitur
1185 5290 1200 5324 :
1230 5274 1448 5328 crimina
1495 5291 1611 5344 quae
1662 5293 2041 5346 generaverant

518 5367 759 5422 mortem,
786 5360 1005 5416 militare
1030 5361 1275 5430 incipiant
1314 5363 1378 5417 ad
1416 5367 1663 5429 salutem,
1697 5367 1851 5436 inque
1873 5385 2046 5426 reme-

519 5448 657 5503 ilium
698 5452 887 5506 delicta
930 5452 1229 5523 proﬁciant,
1259 5462 1311 5509 et
1341 5454 1590 5509 medicina
1642 5456 1709 5513 de
1737 5460 2038 5518 vulneribus

593 5614 618 5640 ⁸
642 5610 748 5673 AL,
770 5610 984 5665 Leontii.

2150 3198 2406 3269 Quidquid
2429 3201 2567 3255 enim
2596 3202 2917 3270 pulcitrescit
2941 3206 3076 3271 visu,
3100 3207 3351 3277 quidquid
3375 3206 3659 3261 lenocinatur

2150 3294 2392 3361 odoratu,
2426 3295 2675 3365 quidquid
2708 3298 2967 3353 mollescit
2996 3307 3253 3364 attractu,
3305 3298 3539 3368 quidquid
3563 3297 3658 3351 dul-

2149 3386 2311 3438 cescit
2334 3394 2509 3453 gustu,
2551 3386 2802 3455 quidquid
2836 3387 3101 3442 blanditur
3144 3388 3346 3452 auditu,
3381 3387 3485 3441 huic
3511 3384 3657 3440 omnia

2149 3474 2191 3525 si
2218 3473 2299 3527 bis
2324 3475 2631 3542 abutamur,
2666 3478 3015 3533 intentionem
3052 3478 3118 3532 de
3146 3478 3462 3547 spiritalibus
3486 3475 3543 3529 ad
3569 3484 3657 3529 ter-

2147 3579 2272 3619 rena
2297 3566 2601 3621 devolvunt.
2647 3568 2710 3623 Et
2732 3570 2852 3624 ideo
2894 3570 3030 3623 sicut
3059 3577 3207 3637 pater
3245 3568 3365 3623 ﬁdei
3408 3566 3656 3627 Abraham,

2148 3655 2376 3724 quinque
2416 3656 2532 3710 illos
2578 3672 2763 3725 reges,
2814 3659 2867 3713 in
2916 3662 3165 3715 trecentis
3214 3662 3394 3715 decem
3442 3669 3489 3713 et
3522 3666 3655 3720 octo,

2148 3746 2397 3815 mysterio
2444 3746 2579 3803 intra
2626 3748 2851 3802 litteram
2899 3748 3111 3808 latente,
3144 3748 3378 3803 devicit:
3408 3748 3471 3801 ita
3511 3754 3655 3800 ctuos

2147 3845 2325 3889 contra
2350 3852 2443 3890 nos
2461 3838 2776 3907 principales
2797 3840 3041 3893 vitiorum
3065 3839 3245 3907 duces,
3272 3842 3324 3895 in
3345 3841 3461 3895 Jesu
3476 3837 3657 3892 nomine

2146 3938 2199 3982 et
2225 3930 2395 3983 erucis
2424 3931 2573 3998 signo
2603 3931 2728 4000 (hoc
2753 3932 2891 3986 enim
2945 3941 3162 4002 utraque
3191 3948 3293 3986 ara
3322 3930 3351 3969 ιι
3374 3925 3657 4001 exprimunt)

2145 4019 2475 4086 dimicemus,
2509 4028 2566 4074 ut
2592 4020 2777 4076 audire
2801 4036 3097 4076 mereamur
3122 4037 3151 4075 a
3179 4021 3399 4075 Domino
3422 4039 3435 4071 ε
3457 4015 3654 4072 Vincenti

2146 4110 2271 4162 dabo
2299 4126 2533 4163 coronam
2562 4111 2690 4175 vita,
2721 4118 2767 4163 et
2796 4112 2882 4181 qui
2913 4114 3077 4166 vicerit
3097 4130 3198 4167 non
3229 4114 3434 4167 fedetur
3472 4129 3502 4164 α
3526 4118 3655 4163 mort:

2146 4202 2364 4254 secunda
2387 4201 2566 4272 (Apoc.
2590 4217 2646 4268 tt,
2680 4203 2803 4270 il),
2842 4212 2895 4258 et
2935 4208 3054 4275 quia
3083 4223 3290 4274 regnum
3323 4206 3549 4259 calorum
3577 4202 3655 4255 vita

2146 4288 2250 4354 pati
2258 4298 2349 4354 iur,
2380 4298 2426 4340 et
2446 4291 2648 4342 violenti
2668 4291 2915 4362 diripiunt
2934 4293 3063 4346 illud
3090 4294 3298 4364 (Matth.
3325 4310 3398 4359 xt,
3440 4293 3538 4362 12).
3563 4290 3654 4343 Vim

2146 4383 2281 4435 enim
2327 4382 2425 4435 sibi
2461 4382 2653 4436 factura
2683 4385 2976 4450 estanima,
3005 4397 3061 4439 ut
3106 4388 3347 4441 carnales
3387 4384 3655 4439 aﬂectioses

2146 4476 2348 4543 spiritui
2396 4475 2611 4539 subdat,
2639 4485 2696 4529 ut
2723 4491 2931 4531 crucem
2958 4478 3158 4533 deliciis
3187 4478 3445 4548 praeferat,
3475 4482 3531 4529 ut
3550 4471 3655 4542 vii-

2148 4563 2242 4617 iias
2265 4564 2461 4617 somnis
2504 4563 2745 4618 dulcibus
2773 4574 3092 4634 anteponat,
3141 4578 3197 4619 ut
3240 4566 3578 4621 adversarium
3612 4561 3653 4615 la

2146 4652 2395 4706 membris
2428 4652 2536 4706 suis
2564 4652 2762 4721 vincat,
2795 4662 2851 4707 ut
2880 4669 2944 4707 ex
2987 4655 3093 4709 alio
3140 4656 3273 4709 alter
3295 4654 3506 4709 edoctus
3526 4651 3657 4705 item

2147 4746 2209 4799 ad
2244 4745 2381 4798 illam
2406 4744 2610 4799 Domini
2655 4745 3059 4815 prmeeptionem
3091 4745 3313 4801 idoneus
3352 4742 3653 4799 inveniatur:

2148 4839 2207 4893 Si
2228 4839 2354 4905 quis,
2396 4838 2582 4907 inquft,
2612 4838 2716 4891 vult
2763 4848 2872 4904 post
2908 4854 2985 4890 me
3016 4838 3213 4900 uenire,
3242 4838 3443 4907 abneget
3467 4835 3656 4902 seipse-

2146 4928 2468 4999 aibiUfalth.
2522 4944 2640 4991 xw,
2682 4926 2791 4996 2‘).
2840 4928 2891 4981 Si
2923 4927 3041 4996 quis
3081 4941 3145 4981 ex
3182 4922 3440 4981 iracundo
3481 4922 3655 4992 patient

2146 5019 2712 5083 efﬁcietur,continens
2730 5033 2791 5071 ex
2811 5017 3106 5078 luxurioso,
3125 5015 3359 5083 placidus
3372 5018 3652 5081 exercente.

2144 5112 2399 5178 benignus
2422 5126 2484 5164 ex
2528 5110 2726 5172 invido,
2754 5110 2927 5178 largus
2954 5123 3015 5162 ex
3043 5106 3258 5177 cupido,
3286 5107 3442 5162 toties
3464 5117 3554 5189 nos
3573 5115 3650 5155 ne-

2144 5216 2347 5271 gamus,
2376 5202 2579 5270 quoties
2602 5215 2697 5256 nos
2725 5200 2787 5255 ad
2817 5200 3029 5255 meliora
3052 5196 3513 5271 convertimuaiit
3534 5191 3649 5253 ideo.

2144 5303 2201 5345 nt
2238 5292 2302 5345 ad
2344 5293 2441 5344 lioc
2483 5305 2819 5360 assurgamus
2862 5289 3001 5359 quod
3052 5303 3175 5359 esse
3208 5287 3494 5353 debemus,
3534 5280 3651 5352 μνία

2143 5383 2444 5438 studeamus
2473 5381 2651 5435 odisse
2674 5381 2814 5450 quod
2847 5380 3057 5435 fuimus.
3088 5381 3307 5448 Oportet
3331 5386 3389 5433 ut
3432 5375 3515 5431 hic
3535 5368 3651 5442 μία

2147 5479 2371 5524 mutetur
2398 5471 2460 5523 ad
2493 5470 2672 5534 vitam,
2696 5470 2783 5539 qui
2811 5471 2917 5525 illic
2944 5470 3131 5525 mutari
3162 5477 3308 5539 optat
3334 5466 3398 5522 ad
3438 5460 3649 5535 gloriati.

2228 5620 2252 5658 δ
2282 5622 2441 5686 Alias,
2472 5622 2723 5689 exprimit.
