3824 6218
134 294 217 348 853
1508 290 1872 348 EPISTOLE.

1657 405 1708 463 Α
1734 403 1855 455 l‘ano
1883 415 2012 456 ausu
2042 401 2310 469 disputare
2355 415 2457 455 non
2484 402 2656 455 timuit
2685 401 2889 454 beatam
2925 401 3137 455 Mariam
3159 411 3269 454 tan-

633 400 952 457 EPISTOLA
992 400 1082 456 Vl.

130 493 332 546 Ειυςοκι
351 503 528 546 ελυετι
551 504 844 545 ιιηεοιεαειε
859 505 1151 545 ωιωλιιυκ
1177 504 1399 545 εριεοορι
1424 505 1630 545 CONTRA

454 578 747 618 NESTORIUI
763 576 828 612 Ab
853 574 905 614 ϐ.
936 574 1216 613 υιιεομυιι.

187 668 385 722 Domino
420 677 604 722 sancto
631 675 684 720 et
713 666 764 719 in
799 665 1007 721 Christo
1044 666 1434 721 devinctissimo
1481 665 1630 720 fratri

128 748 146 774 ι
167 737 306 790 Grato
332 736 548 790 diacono
570 734 812 788 Faustus.

185 826 456 879 llonoratus
483 824 658 878 officio
686 833 794 891 tuo,
823 824 1111 879 honoratus
1135 825 1352 892 judicio,
1383 839 1632 892 provoca-

126 927 194 967 tus
218 915 414 980 affectu;
451 914 633 982 loquar
683 921 852 966 tecum
898 914 948 967 in
987 915 1276 968 humilitate
1320 914 1551 979 sincera,
1579 914 1628 967 in

124 1004 333 1058 libertate
370 1004 622 1058 benevola
650 1043 663 1068 ,
695 1004 744 1055 in
792 1005 1007 1057 caritate
1055 1019 1158 1058 non
1188 1004 1335 1071 ficta,
1376 1007 1426 1058 in
1475 1007 1631 1058 verbo

124 1095 348 1147 veritatis.
381 1094 444 1147 Et
469 1094 592 1147 licet
633 1092 758 1146 mihi
790 1094 994 1148 tacendi
1024 1109 1233 1150 causam
1280 1095 1514 1150 indicere
1542 1110 1633 1163 po-

123 1184 281 1245 tueris,
309 1183 426 1236 dum
457 1183 682 1251 benigno
709 1197 771 1236 ac
801 1182 956 1237 nimis
983 1183 1199 1237 credulo
1226 1183 1401 1238 animo
1431 1192 1630 1238 tantum

122 1285 268 1337 poma:
314 1270 436 1324 mihi
485 1280 736 1339 quantum
785 1271 875 1325 tibi
907 1273 1192 1339 perititeet
1217 1273 1523 1326 eruditionis
1552 1274 1640 1327 in-.

121 1358 299 1426 dolges,
331 1369 499 1412 tamen
550 1374 646 1428 per
677 1360 1028 1428 interrogandi
1073 1362 1497 1427 sollicitudinem,
1527 1364 1626 1416 im-

121 1449 310 1515 posuisti
350 1447 476 1501 mihi
522 1450 871 1518 respondendi
922 1452 1314 1516 necessitatem,
1363 1468 1460 1521 qua
1509 1468 1628 1506 cum

120 1539 326 1601 absente,
355 1553 457 1592 non
489 1539 604 1592 sine
643 1539 1014 1608 trepidatione,
1047 1540 1172 1593 mihi
1219 1541 1423 1595 aestimo
1469 1542 1630 1595 collo-

120 1626 352 1692 quendum
387 1643 400 1683 :
430 1629 551 1695 quia
582 1629 645 1680 de
668 1629 824 1681 rebus
858 1640 960 1682 tam
988 1630 1286 1697 profundis,
1314 1639 1368 1684 et
1397 1645 1537 1684 meas
1566 1646 1628 1685 ac

3169 286 3274 345 851

1735 501 1842 545 tum
1864 500 2082 546 matrem
2110 491 2272 556 fuisse
2302 491 2549 560 hominis,
2576 506 2678 544 non
2708 491 2864 544 etiam
2903 490 3024 554 Dei;
3053 499 3107 545 et
3133 489 3270 554 ideo,

1734 596 1829 648 pro
1873 581 1991 643 hoc,
2031 582 2301 638 catholica:
2340 598 2434 651 per
2480 597 2688 636 omnem
2731 580 2980 635 mundum
3026 581 3276 637 Ecclesia)

1731 671 2055 726 districtione
2077 674 2353 727 damnatus
2377 682 2478 728 est.
2509 673 2623 727 Non
2644 673 2798 727 debet
2821 672 3031 741 (inquit)
3054 671 3271 738 suscipi,

1731 771 1788 815 ut
1812 762 1966 815 homo
1993 772 2160 817 mater
2187 763 2273 817 Dei
2305 765 2399 817 sit!
2426 763 2515 817 sed
2544 763 2629 817 ubi
2651 771 2731 818 est
2759 762 2883 815 illud
2908 761 3272 830 propheticum

1731 853 1811 906 vel
1841 855 2198 922 evangelicum
2229 870 2242 906 :
2271 854 2397 906 Ecce
2417 856 2557 924 virgo
2582 835 2823 922 concipiet
2843 863 2889 906 et
2913 853 3068 918 pariet
3089 852 3272 918 ﬁlium,

1730 950 1777 995 et
1797 941 2033 995 vocabunt
2063 957 2237 995 nomen
2264 946 2369 1012 ejus
2398 941 2706 1003 Emmanuel,
2732 941 2864 1007 quod
2889 951 2959 994 est
2974 941 3270 1007 interprrta-

1731 1038 1856 1092 tum,
1889 1029 2146 1081 nobiscum
2197 1026 2333 1082 Deus
2373 1027 2535 1097 (Esai.
2574 1043 2662 1090 vn,
2695 1026 2816 1096 14)?
2863 1027 2925 1078 Et
2975 1028 3160 1079 iterum
3220 1028 3270 1079 itt

1734 1117 2016 1186 Evangelia
2044 1133 2056 1168 :
2083 1117 2216 1185 quod
2263 1125 2489 1170 nascetur
2518 1132 2580 1170 ea:
2624 1126 2668 1168 te
2711 1127 2966 1175 sanetum,
3016 1115 3270 1167 vocabitur

1733 1204 1900 1258 Filius
1937 1203 2029 1258 Dei
2061 1204 2267 1274 (Matth.
2315 1220 2352 1267 I,
2381 1201 2494 1271 25).
2527 1203 2624 1257 Ubi
2665 1205 2820 1255 etiam
2866 1201 2990 1253 illttd
3021 1209 3102 1256 est
3130 1203 3268 1268 quutl

1731 1301 1975 1362 suscepta
2015 1307 2110 1361 per
2155 1307 2336 1347 omnes
2373 1292 2574 1346 insulas
2614 1298 2667 1344 ct
2707 1289 2970 1343 Ecclesias
2994 1329 3010 1352 ,
3058 1289 3274 1342 Patrum-

1729 1383 1900 1451 signat
1938 1381 2222 1435 auctoritas
2270 1389 2450 1433 contra
2483 1379 2782 1433 Nestorium
2816 1378 3033 1442 loquens
3064 1395 3074 1426 :
3116 1377 3269 1430 Male-

1728 1471 1917 1537 dietus,
1949 1471 2135 1540 inquit,
2165 1470 2252 1540 qui
2281 1469 2468 1523 Filium
2495 1470 2583 1523 Dei
2619 1471 2779 1522 Deum
2809 1482 2987 1520 verum
3017 1467 3082 1520 de
3109 1466 3268 1520 Maria

1730 1576 1832 1614 non
1862 1574 2029 1630 nuper
2071 1569 2253 1614 natum
2297 1575 2392 1626 pro
2422 1569 2599 1612 nostra
2628 1559 2794 1610 salute
2823 1572 2925 1609 non
2953 1556 3267 1609 confitetur!

1728 1650 1974 1706 Secutum
2007 1659 2089 1704 est
2128 1659 2185 1703 ut
2209 1651 2410 1704 diceres
2451 1649 2542 1703 Dei
2581 1659 2631 1703 et
2680 1646 2907 1700 hominis
2953 1661 3107 1698 unam
3152 1659 3270 1698 esse

121 1724 216 1766 tuas
249 1716 377 1769 vires
403 1717 801 1782 excedentibus,
846 1733 948 1771 non
976 1720 1148 1772 minus
1191 1719 1408 1787 periculi
1435 1732 1517 1774 est
1544 1736 1627 1775 re-
1660 1743 1699 1800 Β
1729 1753 1991 1805 ηειιυηιη,
2043 1741 2142 1794 ι,οε
2190 1739 2374 1803 modo;
2422 1752 2577 1791 “nam
2619 1737 2708 1789 Dei
2745 1751 2862 1789 este
2903 1733 3266 1786 substan:iam.

117 1802 348 1867 spondere
385 1817 542 1871 quam
584 1805 850 1861 incondito
888 1806 1021 1878 style
1053 1808 1279 1877 ingentia
1301 1820 1628 1872 sacramenta

118 1893 414 1947 committere
439 1912 451 1944 :
479 1904 534 1947 et
557 1893 676 1948 ideo
727 1908 904 1950 carum
930 1912 1125 1962 meum,
1153 1899 1204 1952 in
1228 1899 1307 1952 his
1327 1914 1445 1968 quae
1475 1901 1630 1964 nimis

118 1985 289 2032 temere
317 1981 552 2048 protulit,
585 1983 806 2040 tacendo
837 1985 1000 2054 magis
1029 1987 1285 2056 castigare
1308 1988 1627 2043 debuissem.

119 2066 158 2119 In
185 2078 329 2122 tantae
352 2083 527 2124 auzem
551 2072 628 2124 rei
657 2073 1056 2139 consultatione,
1086 2075 1137 2127 in
1166 2090 1267 2142 qua
1310 2076 1460 2144 longe
1491 2079 1628 2134 viam

120 2158 290 2224 regiam
331 2158 584 2228 reliquisti
611 2200 625 2225 ,
666 2161 865 2229 aliquos
911 2172 1139 2232 experta:
1185 2163 1417 2219 scientia:
1449 2167 1622 2232 viros,

117 2252 381 2306 eruditione
409 2261 566 2321 atque
592 2262 746 2308 :etate
773 2259 1028 2319 seniores,
1058 2256 1244 2323 quibus
1272 2258 1486 2312 credere
1507 2258 1628 2312 faci-

120 2335 204 2388 lius
248 2339 436 2406 possis,
467 2341 792 2409 interrogare
840 2342 1133 2408 debueras,
1179 2347 1460 2400 secundum
1501 2349 1626 2402 illud

120 2426 452 2494 proiibetieum
495 2446 509 2480 :
558 2427 820 2499 InterrOga
869 2441 1057 2498 patrem
1087 2446 1255 2502 tuum,
1296 2443 1342 2488 et
1390 2437 1626 2489 indicabit

118 2516 219 2578 tibi;
253 2516 465 2570 seniores
508 2525 642 2585 tuos,
684 2529 730 2570 et
774 2520 932 2572 dicent
974 2523 1060 2573 tibi
1098 2521 1122 2559 δ
1149 2522 1324 2592 (Deut.
1357 2541 1517 2592 xxxtt,
1545 2527 1619 2595 7).

119 2603 286 2659 Deinde
313 2607 361 2659 in
386 2606 466 2660 his
487 2622 602 2675 quae
631 2608 833 2676 agimus
862 2610 944 2663 vel
967 2627 1081 2679 quae
1104 2612 1348 2678 dicimus,
1380 2625 1535 2684 atque
1561 2617 1625 2670 ad

118 2703 378 2748 extremum
425 2696 636 2764 scriptis
685 2697 932 2752 mandare
978 2702 1362 2768 praesumimus,
1406 2705 1626 2760 fructum

119 2785 483 2856 profectumque
537 2787 712 2856 operis
754 2801 1058 2858 exspectare
1106 2792 1375 2849 debemus.
1431 2795 1484 2850 In
1531 2797 1628 2851 hac

117 2886 262 2931 autem
288 2880 602 2947 scripturula
631 2895 784 2949 quam
815 2881 878 2934 ad
909 2897 992 2937 me
1019 2883 1243 2953 dirigere
1269 2887 1506 2954 dignatus
1547 2903 1624 2956 es,

119 2979 200 3018 non
236 2967 525 3036 eloquentia
546 3008 562 3034 ,
593 2983 696 3022 non
739 2970 977 3036 scientia,
1007 2987 1112 3026 non
1150 2975 1303 3041 ratio,
1334 2990 1434 3028 non
1461 2977 1625 3030 aedifi-

1735 1829 1894 1885 llecte
1923 1830 2136 1884 dixeras
2164 1831 2205 1883 si
2254 1830 2317 1882 de
2362 1829 2471 1883 sola
2509 1828 2764 1882 Trinitate
2791 1826 3031 1888 dixisses,
3058 1824 3141 1878 ubi
3171 1837 3270 1875 una

1730 1905 2094 1986 atque'eadem
2118 1930 2220 1984 est,
2249 1919 2346 1972 sub
2368 1920 2523 1972 trium
2553 1931 2890 1986 personarum
2913 1914 3269 1980 distinctione,

1730 2019 1932 2062 natura.
1969 2009 2226 2064 Caeterum
2256 2024 2373 2062 cum
2404 2008 2467 2061 ad
2499 2006 2727 2060 hominis
2756 2005 3007 2070 assumpti
3032 2004 3269 2056 incarna-

1732 2098 1924 2152 tionem
1954 2101 2158 2151 venitur
2188 2115 2203 2152 :
2233 2098 2368 2152 sicut
2399 2096 2623 2149 hominis
2658 2103 2711 2148 et
2751 2094 2837 2147 Dei
2870 2107 3023 2145 unam
3053 2093 3269 2144 confite-

1729 2198 1846 2236 mur
1889 2197 2007 2237 esse
2029 2198 2304 2251 personam
2336 2201 2349 2237 :
2380 2184 2450 2236 ita
2477 2182 2735 2250 duplicem
2770 2178 2971 2233 scimus
2991 2193 3108 2232 esse
3148 2180 3270 2230 sub-

1727 2274 1991 2326 stantiam.
2050 2273 2147 2338 Qui
2194 2283 2366 2326 autcm
2424 2273 2578 2324 unius
2625 2277 2823 2322 natura:
2871 2277 3059 2321 asserit
3106 2268 3267 2320 Deum

1728 2363 2140 2431 redemptorem;
2172 2369 2262 2415 aut
2287 2361 2548 2415 hominem
2581 2359 2630 2412 in
2658 2358 2955 2431 Divinitate,
2986 2365 3076 2409 aut
3106 2355 3265 2408 Dcuut

1729 2455 1935 2524 negavit
1975 2454 2026 2507 in
2066 2467 2311 2522 corpore;
2361 2466 2480 2507 cum
2525 2448 2817 2516 redemptio
2862 2456 3037 2500 nostra
3067 2460 3172 2498 non
3202 2459 3265 2498 ex

1726 2544 1998 2607 alterutro,
2033 2541 2125 2595 sed
2158 2555 2219 2596 ex
2263 2551 2484 2609 utroque
2535 2538 2763 2608 perfecta
2810 2535 2896 2588 sit.
2947 2536 3055 2588 lloc
3094 2543 3269 2588 autem

1727 2631 1839 2684 loco
1881 2646 2038 2685 unum
2094 2630 2209 2685 sine
2251 2631 2354 2684 alio
2400 2631 2595 2683 erroris
2637 2627 2869 2696 periculo
2916 2623 3109 2679 nostra:
3147 2622 3265 2676 fidei

1727 2721 1889 2793 solius
1935 2730 1956 2758 ο
2011 2721 2178 2775 nostri
2221 2735 2337 2775 esse
2382 2728 2637 2773 naturam.
2698 2718 2833 2784 Ergo
2878 2716 2929 2770 in
2977 2714 3271 2769 substantia

1728 2809 2012 2879 maiestatis
2038 2825 2169 2876 suae,
2191 2808 2438 2862 divinitas
2468 2807 2718 2860 crucifixa
2747 2813 2829 2858 est
2855 2805 2866 2857 l
2905 2804 2959 2858 Si
2989 2817 3142 2855 unam
3176 2801 3264 2855 Dei

1728 2901 1888 2954 solius
1927 2909 2161 2953 naturam
2207 2897 2366 2961 dicis;
2413 2897 2477 2957 in,
2513 2894 2802 2950 substantia
2847 2907 2977 2957 sua,
3020 2892 3266 2958 maiestas

1729 2999 1932 3047 mortua
1959 2991 2040 3044 vel
2071 2989 2271 3060 sepulta
2297 2990 2403 3050 est!
2433 2989 2560 3052 Quae
2589 2986 2762 3041 omnia
2801 2985 2940 3038 Deus
2970 2999 3072 3036 non
3103 2982 3152 3036 in
3185 2995 3262 3045 se,

116 3056 228 3108 catio
247 3057 410 3125 aliqua
433 3059 660 3112 ordinati
676 3069 766 3113 aut
784 3062 1082 3129 compuncti
1105 3068 1362 3118 sermonis
1381 3074 1625 3134 apparet;

1735 3082 1828 3138 sed
1855 3083 1905 3136 in
1953 3056 2393 3150 natura-suscepti
2423 3079 2650 3133 hominis
2692 3077 2915 3145 excepit.
2961 3075 3098 3130 Nihil
3125 3077 3264 3129 enim

116 3141 188 3195 sed
215 3145 503 3198 testimonia
531 3147 894 3203 confosissime
942 3165 1036 3217 pro
1077 3155 1342 3205 memoriae
1382 3154 1632 3210 facilitate

117 3243 329 3299 congesta
358 3219 703 3288 temeritatem
748 3236 938 3290 incauti
981 3239 1156 3293 cordis
1187 3250 1451 3294 accusant.
1477 3242 1630 3298 Novit

118 3319 335 3377 Dominus
359 3323 827 3394 quia'stupefactus
854 3341 961 3395 prae
982 3329 1153 3383 sttulio
1179 3337 1279 3384 tute
1306 3330 1489 3384 salutis
1518 3331 1630 3385 hazc'

117 3423 165 3461 co
183 3411 352 3481 loquor
382 3431 395 3466 :
427 3415 505 3468 sic
528 3423 581 3468 et
607 3422 658 3468 te
684 3413 1056 3486 interrogasse,
1087 3425 1140 3472 et
1162 3434 1245 3473 me
1272 3421 1625 3490 respondisse,

116 3497 165 3551 ad
190 3500 368 3556 bonum
395 3518 677 3559 commune
708 3505 965 3574 proficiat.
992 3507 1048 3562 la
1079 3510 1287 3579 scriptis
1305 3513 1471 3566 sancti
1498 3526 1628 3578 pon-

119 3587 243 3644 tificis
269 3593 567 3662 Augustini,
598 3598 804 3649 etiamsi
830 3597 960 3666 quid
988 3608 1195 3667 putatur
1223 3604 1357 3670 apud
1384 3602 1624 3658 doctissi-

117 3690 207 3732 mos
246 3682 381 3736 viros
430 3697 550 3737 esse
599 3694 936 3755 suspectum,
969 3704 1031 3742 ex
1080 3689 1159 3743 his
1197 3707 1314 3759 quae
1337 3692 1625 3746 damnanda

117 3765 184 3831 iud
203 3772 344 3838 casti,
374 3773 508 3827 nihd
542 3776 751 3828 noveris
779 3778 1180 3846 reprehensum;
1225 3781 1316 3834 sed
1360 3782 1476 3835 fidei
1507 3797 1626 3836 sen-

115 3869 234 3924 sum,
261 3863 488 3914 maxime
516 3863 582 3916 de
610 3864 814 3918 duabus
848 3868 1148 3921 substantiis
1173 3870 1251 3923 vel
1292 3871 1491 3923 naturis
1535 3871 1625 3925 Dei

116 3953 155 3997 et
175 3947 386 4004 hominis
419 3951 624 4003 Domini
643 3968 702 4004 ac
721 3952 1086 4023 Redemptoris
1116 3960 1304 4027 nostri,
1332 3960 1463 4014 scito
1486 3962 1622 4030 apud

115 4035 414 4104 catholicam,
439 4054 542 4092 non
560 4042 726 4094 soiutn
748 4041 954 4096 Patrum
980 4046 1286 4101 auctoritate
1302 4059 1620 4117 susceptum,

115 4125 187 4178 sed
211 4129 360 4181 etiam
410 4130 715 4196 apostolicis
743 4133 966 4187 oraculis
987 4147 1367 4191 consecratum.
1398 4138 1623 4195 Proinde

114 4215 296 4269 verbum
325 4217 426 4271 hoc
466 4217 605 4289 quod
649 4234 794 4274 more
818 4223 1123 4290 prophetico
1155 4227 1218 4279 ad
1251 4236 1300 4283 te
1323 4230 1513 4284 factum
1543 4232 1621 4284 di-

115 4303 200 4365 cis;
233 4316 504 4362 utcertum
533 4318 633 4375 est,
653 4324 754 4364 non
784 4311 874 4365 Dei
901 4315 1104 4380 spiritu.
1135 4327 1189 4370 et
1213 4317 1346 4386 apud
1378 4318 1538 4374 Deum
1569 4331 1621 4375 et

1732 3173 1870 3225 Deus
1893 3169 1920 3208 ά
1947 3171 2111 3225 sensit
2151 3185 2267 3224 cum
2298 3169 2540 3239 patientis
2583 3181 2738 3224 sensu
2765 3205 2781 3230 ,
2812 3165 2904 3220 sed
2948 3165 3111 3219 sensit
3135 3178 3264 3217 cum

1729 3259 1971 3329 patientis
2017 3261 2234 3323 effectu;
2285 3260 2410 3313 nihil
2455 3260 2619 3312 sensit
2673 3239 3105 3326 pro‘diversitate
3143 3257 3264 3308 sub-

1728 3349 1971 3414 stantiae,
2019 3349 2111 3404 sed
2153 3350 2316 3404 sensit
2363 3363 2456 3418 pro
2499 3349 2698 3402 unitate
2756 3360 3012 3415 personae.
3058 3345 3265 3398 L'nitate

1727 3437 2018 3508 conjunxit,
2052 3447 2105 3492 et
2133 3447 2519 3507 consequenter
2537 3437 2762 3506 adjecit;
2792 3449 2888 3490 nos
2930 3449 3089 3488 unum
3119 3447 3262 3487 eum-

1727 3526 1949 3597 demque
1984 3541 2163 3582 verum
2210 3527 2470 3582 hominem
2498 3536 2549 3605 et
2595 3541 2781 3582 verum
2829 3525 2992 3579 Deum
3022 3522 3262 3590 intelligi-

1727 3634 1843 3674 mus
1871 3636 1885 3672 :
1913 3629 1966 3674 et
2004 3619 2245 3682 iteravit,
2276 3633 2372 3674 nos
2396 3633 2577 3674 verum
2607 3620 2767 3673 Deum
2794 3626 2846 3672 et
2871 3631 3051 3672 verum
3096 3609 3259 3668 homi-

1728 3725 1846 3764 nem
1896 3709 2040 3764 nullo
2086 3709 2242 3764 modo
2293 3708 2603 3778 ambigimus
2658 3706 3031 3763 confitendum.
3075 3704 3263 3770 Accipe

1724 3798 1879 3852 etiam
1907 3798 1957 3850 in
1980 3797 2174 3865 hymno
2195 3799 2248 3850 Β.
2277 3798 2522 3852 antistitis
2553 3806 2602 3849 et
2642 3796 2956 3850 confessoris
2981 3793 3260 3855 Ambrosii,

1723 3899 1876 3954 quem
1909 3885 1960 3936 in
1987 3882 2145 3937 natali
2181 3871 2439 3937 do'minico
2469 3885 2723 3938 catholica
2753 3898 2848 3950 per
2889 3894 3074 3935 omnes
3103 3879 3263 3932 ltalitn

1725 3981 1779 4027 et
1805 3971 1988 4027 Gallia:
2039 3973 2281 4042 regiones
2323 3973 2575 4042 persultat
2617 3971 2844 4025 Ecclesia
2892 3987 2905 4021 :
2950 3969 3172 4022 Procede
3205 3970 3262 4021 de

1724 4061 1943 4115 thalamo
1986 4071 2072 4116 tuo
2118 4064 2325 4132 geminae
2368 4064 2507 4132 gigas
2557 4062 2865 4114 substantia.
2911 4058 3111 4127 Refuge
3140 4074 3261 4125 ergo

1723 4151 1858 4204 inter
1899 4150 2031 4214 haec,
2062 4160 2243 4204 sancte
2273 4151 2452 4215 frater,
2485 4151 2746 4203 alterutra:
2793 4149 2952 4214 partis
2988 4161 3218 4218 errorem
3247 4155 3256 4183 ε

1720 4239 1764 4291 si
1796 4245 1993 4290 tantum
2025 4236 2113 4290 Dei
2140 4244 2374 4290 naturam
2413 4235 2638 4299 dixeris,
2682 4235 2968 4301 imposuisti
3005 4234 3107 4285 Deo
3137 4247 3266 4285 con-

1721 4325 1968 4380 ditionem
2008 4325 2265 4395 passionis
2301 4335 2354 4381 et
2381 4313 2594 4389 mortis;
2641 4325 2683 4378 si
2709 4338 2832 4378 vero
2859 4333 3056 4377 tantum
3089 4324 3255 4376 hotnio

115 4393 224 4484 apud
261 4397 500 4452 homines
547 4399 696 4454 valde
733 4399 1026 4457 damnabile
1053 4415 1137 4459 est
1157 4446 1172 4469 ,
1217 4408 1313 4460 nisi
1343 4409 1482 4476 prior
1513 4411 1622 4479 ipse
1650 4414 1700 4472 D
1725 4416 1805 4470 nis
1829 4393 2066 4472 naturam
2095 4416 2308 4481 dixeris,
2331 4417 2631 4472 subtraxisti
2679 4416 2785 4470 Deo
2813 4415 3030 4484 gloriam
3054 4399 3260 4468 redem-

115 4480 435 4540 tlanniaveris.
463 4487 518 4539 Et
534 4498 667 4555 gout
685 4489 803 4543 aliis
826 4494 1190 4557 praetermissis
1212 4497 1347 4550 inme
1363 4499 1620 4567 duplicem

115 4584 314 4629 errorem
347 4587 404 4631 et
433 4576 501 4630 de
540 4578 727 4633 haeresi
773 4588 947 4633 natum
991 4582 1114 4636 etin
1138 4586 1365 4652 pericula
1409 4588 1622 4644 haeresis

116 4664 474 4720 pertrahentem
499 4703 515 4726 ,
544 4665 687 4718 brevi
721 4667 988 4733 (quantum
1037 4669 1227 4722 absens
1257 4676 1486 4744 pos~um)
1512 4691 1621 4728 ser-

116 4758 244 4803 mone
292 4753 687 4822 constringam,
729 4771 847 4810 cum
895 4769 1090 4811 sancta:
1144 4761 1426 4815 sinceritati
1477 4774 1614 4829 ωε»,

115 4836 360 4893 multorum
411 4842 537 4911 (non
594 4844 762 4914 qualis
821 4861 919 4914 ego
963 4851 1117 4916 sum)-
1145 4851 1436 4904 necessaria
1478 4862 1620 4907 esset

115 4929 357 4987 maeotia
405 4932 772 4997 magistrorum
812 4951 824 4984 :
875 4937 1042 5003 primo
1083 4938 1195 4992 loco
1244 4938 1540 5007 ignoranter
1569 4951 1623 4995 et

115 5015 218 5066 satis
243 5018 551 5083 periculose,
576 5035 676 5072 non
700 5021 888 5088 dicam,
915 5028 1188 5092 scribitur;
1213 5030 1322 5093 sed,
1347 5032 1617 5100 cogitatur,

117 5107 279 5176 διιδεψί
306 5125 411 5162 non
441 5108 638 5163 debeze
663 5120 717 5162 ut
755 5114 910 5166 homo
937 5129 1099 5170 mater
1127 5119 1216 5172 Dei
1248 5124 1316 5173 sit
1345 5124 1527 5189 :Quod
1558 5125 1623 5177 de

118 5188 410 5251 Nestorlanae
449 5200 668 5251 hmresis
715 5199 979 5267 impietate
1024 5208 1319 5276 descendit;
1367 5188 1453 5281 qui
1501 5231 1623 5284 pro-

175 5358 197 5418 !
223 5349 376 5412 Alias,
404 5346 648 5418 Gregorio
673 5355 726 5400 et
755 5347 943 5403 (ἵππω.

173 5415 197 5456 ti
222 5419 351 5474 Alias
374 5415 635 5497 additur)
673 5418 760 5470 sed
786 5419 974 5497 absque
992 5423 1141 5478 dubio
1169 5429 1252 5493 qui
1280 5430 1354 5481 uel
1399 5431 1624 5494 qualem-

122 5499 281 5609 ῗηᾳὲι
327 5485 533 5611 requirit
587 5485 762 5538 ducem
785 5527 818 5553 ,.
847 5485 1099 5547 declinare
1135 5485 1322 5563 oportet
1378 5485 1619 5554 errorem.

163 5571 226 5611 an
260 5574 303 5626 ε,
331 5571 358 5612 e
383 5569 429 5610 ς.

1730 4505 1941 4574 ptionis,
1993 4506 2296 4561 subtraxisti
2339 4507 2534 4559 auctori
2567 4505 2851 4574 putentiam
2901 4505 3256 4571 Reparatoris.

1726 4601 1863 4655 Audi
1905 4601 2165 4670 quomodo
2205 4615 2350 4654 saera
2392 4601 2592 4666 eloquia
2624 4591 2735 4665 per
2775 4614 2932 4651 unam
2984 4611 3260 4663 personam

1727 4689 1988 4757 explicant
2025 4697 2298 4757 utramque
2337 4689 2703 4742 substantiam.
2733 4687 2886 4738 Juxta
2910 4687 3138 4738 divinam
3171 4701 3258 4736 na-

1725 4785 1892 4831 turam
1936 4776 2164 4844 loquitur
2191 4793 2206 4829 :
2234 4774 2343 4847 Ego
2369 4768 2412 4828 et
2449 4776 2600 4829 Pater
2620 4793 2773 4828 unum
2799 4792 2968 4827 sumus
2996 4774 3166 4844 (Joan.
3204 4790 3256 4835 ι.

1721 4867 1843 4934 30);
1890 4867 2176 4921 secundum
2225 4866 2505 4921 humanam
2549 4875 2783 4921 naturam
2836 4865 3109 4919 conﬁtetur
3138 4865 3258 4932 quia

1722 4955 1877 5008 Pater
1917 4959 2082 5025 major
2120 4971 2195 5008 me
2222 4966 2322 5020 est;
2360 4956 2506 5024 juxta
2554 4956 2823 5010 ccelestem
2871 4964 3104 5008 naturam
3139 4968 3254 5018 pro-

1723 5045 1966 5098 nuntiat:
1995 5043 2173 5096 Omnia
2194 5059 2304 5110 qut:
2329 5043 2479 5098 Pater
2502 5044 2646 5096 habet
2683 5060 2788 5095 mea
2816 5041 3123 5106 sunt;juxta
3156 5048 3240 5090 ter»

1723 5147 1859 5185 reme
1891 5139 2084 5184 naturai
2112 5131 2461 5201 infirmitatem
2485 5131 2637 5186 dicit:
2671 5130 2717 5182 F
2718 5133 2838 5202 itius
2856 5139 3015 5181 autem
3045 5127 3256 5177 lioniinis

1726 5238 1824 5274 non
1852 5220 1994 5273 habet
2043 5221 2124 5273 ubi
2164 5206 2310 5291 caput
2337 5224 2556 5276 reclinet.
2602 5221 2756 5287 Quasi
2792 5220 2945 5272 homo
2976 5216 3253 5278 indicabat,

1797 5366 2011 5439 ¢_=_A_tias.
2051 5367 2204 5439 solius
2241 5364 2328 5439 D_ei
2355 5365 2529 5439 nostri.
2694 5432 2702 5439 ι
2852 5430 2882 5439 ’ν
3095 5437 3102 5439 _
3197 5426 3225 5439 Α

1751 5433 1815 5570 [Τά
1843 5435 1960 5497 Ms.,
1992 5436 2141 5489 sensit
2167 5435 2401 5504 patientis
2416 5449 2583 5502 sensu,
2617 5432 2702 5485 sed
2734 5430 2885 5484 sensit
2912 5430 3252 5494 campanentis

1721 5519 1749 5552 η
1791 5511 1919 5556 (cm.
