3824 6218
537 237 641 295 855

1732 226 1788 282 S.
1828 222 2068 280 FAUSTI
2105 224 2506 280 RllEGIEKSIS

3659 221 3824 302 sse;

533 348 718 402 Tristis
757 355 830 400 est
874 346 1040 399 animo
1083 359 1192 397 mea
1229 357 1382 411 atque
1405 341 1471 394 ad
1499 347 1741 404 mortem;
1764 337 1913 408 quasi
1940 337 2076 390 Deus
2104 337 2154 396 Α
2183 334 2343 390 Datus
2365 350 2492 404 ergo
2515 349 2577 388 ex
2605 333 2903 401 Divinitate,
2929 340 3081 387 natus
3107 347 3170 388 ex
3197 333 3433 404 Virgine,
3468 341 3658 389 natus
3677 333 3786 402 qui
3822 327 3824 378 i

534 436 936 508 contestabatur,
974 433 1273 488 Potestatem
1315 434 1470 485 habeo
1493 428 1712 497 ponendi
1739 443 1870 492 eam,
1907 435 1954 480 et
1982 440 2077 495 po-

535 539 757 583 testatem
794 527 950 580 habeo
986 526 1168 578 iterum
1209 522 1437 576 sumendi
1480 537 1589 573 eam
1617 519 1795 591 (Joan.
1846 533 1911 583 ι,
1960 516 2071 585 18).

532 616 825 674 Secundum
855 614 1029 668 carnis
1052 622 1287 668 naturam
1317 611 1369 665 in
1393 623 1548 664 cruce
1575 608 1853 678 pendebat,
1883 621 2072 661 secun-

530 711 654 763 dum
697 705 980 761 dirinitutis
1026 702 1370 758 substantiam
1418 698 1712 769 paradisum
1756 707 1809 752 et
1847 710 2066 764 regnum

528 798 749 851 casleste
782 793 1024 849 donabat.
1067 792 1173 846 Hoc
1202 790 1379 844 Ariani
1410 789 1689 843 obscurato
1715 784 1896 845 corde.
1925 783 2074 852 peni.

531 893 612 937 lus
637 897 741 936 non
772 882 1026 942 videntes,
1052 879 1172 948 quia
1195 876 1532 946 prmsumptio
1551 882 1606 928 et
1633 873 1791 928 elatio
1817 870 2068 925 suﬂundit

528 975 719 1028 mentis
746 971 1009 1032 intuitum,
1042 951 1319 1026 ad'Deum.
1351 979 1467 1033 quat
1496 971 1646 1017 erant
1681 961 1908 1015 hominis
1929 968 2072 1014 retu-

529 1065 723 1128 lerunt,
768 1077 824 1115 cr
858 1061 1044 1114 dentes
1073 1056 1213 1126 quod
1254 1056 1426 1107 minor
1471 1053 1769 1119 loqueretur
1796 1049 2067 1116 divinitas,

531 1154 616 1207 ubi
642 1153 751 1205 stula
782 1148 1006 1202 hominis
1049 1142 1502 1198 demonstrabatur
1537 1138 1834 1191 infirmitas.
1867 1135 2067 1190 Nullam

531 1259 578 1310 pi
603 1250 787 1294 nentes
835 1237 972 1289 inter
1010 1233 1246 1288 coelesda
1294 1239 1348 1283 et
1396 1239 1600 1281 terrena
1639 1226 1915 1285 rationem,
1945 1225 2066 1277 dum

534 1340 744 1384 naturas
774 1328 825 1379 in
857 1325 964 1378 Deo
993 1333 1045 1377 et
1073 1322 1281 1374 homine
1307 1319 1434 1372 duas
1465 1318 1697 1384 recipere
1741 1315 1944 1377 nolu~~t,
1977 1313 2067 1366 Dei

533 1415 874 1472 substanti'tm
938 1411 1270 1471 diviserunt;
1319 1416 1372 1461 et
1417 1405 1540 1459 dum
1579 1404 1643 1458 ad
1691 1403 1800 1457 sola
1844 1403 2068 1456 tominis

533 1509 691 1563 verba
738 1505 1038 1573 respiciunt,
1083 1501 1244 1556 Deum
1290 1499 1376 1567 qui
1423 1499 1605 1567 gloriae
1653 1495 1920 1564 plenitudo
1964 1503 2063 1559 est,

533 1597 828 1651 intellectus
871 1594 1065 1646 lumine
1095 1590 1452 1659 perdiderunt.
1500 1590 1574 1640 Ae
1619 1586 1695 1640 sic
1721 1626 1735 1648 ,
1777 1586 1863 1652 qui
1906 1584 2062 1636 Deum

534 1689 718 1742 Filium
751 1685 976 1738 hominis
1004 1681 1320 1737 credendum
1349 1679 1590 1746 denegat,
1616 1675 1838 1729 Nestorii
1883 1675 2066 1737 itnpie-

2172 1680 2242 1733 De
2269 1691 2447 1733 nOStro
2472 1679 2617 1733 dedit
2646 1680 2842 1747 peccati
2874 1679 3115 1742 hostiam,
3137 1679 3204 1732 de
3231 1693 3346 1741 suo,
3378 1677 3748 1744 indulgenti:

533 1785 637 1831 tate
665 1775 952 1828 maculatur
978 1791 990 1823 :
1021 1771 1112 1840 qui
1139 1770 1266 1823 duas
1288 1767 1605 1821 substantias
1635 1766 1684 1817 in
1717 1763 2067 1831 Redemptore

532 1883 634 1921 non
684 1864 879 1926 credit,
930 1862 1037 1915 Arii
1087 1860 1271 1928 laqueo
1310 1858 1559 1924 deceptus
1609 1854 1908 1908 involvitur.
1962 1854 2066 1908 Nos

532 1967 682 2015 vero,
710 1951 781 2003 ιιιὶ
823 1951 984 2001 frater
1033 1945 1320 2007 cnrissime,
1368 1943 1423 1995 in
1459 1941 1720 1996 Christum
1769 1941 1956 2005 Deum,
1997 1941 2065 1994 ita

533 2057 612 2110 pet
629 2041 761 2093 lecta
812 2049 862 2091 et
898 2034 1232 2104 insepztrabili
1265 2032 1610 2110 distinctione
1654 2031 1962 2096 credamus,
2013 2040 2068 2084 ιιι

532 2105 624 2184 Dei
669 2138 722 2182 et
745 2126 1001 2181 ‘honlinis
1051 2105 1338 2193 simplicem
1393 2137 1663 2191 personam
1712 2132 1763 2176 et
1804 2122 2064 2191 duplicem

534 2220 834 2273 noverimus
874 2229 997 2269 esse
1018 2214 1380 2268 substantiam.
1425 2211 1570 2266 Sicut
1595 2212 1768 2264 anima
1799 2221 1850 2264 et
1877 2225 2066 2277 corpus

529 2308 795 2362 hominem
838 2305 980 2369 facit,
1012 2302 1081 2357 ita
1123 2303 1365 2356 divinitas
1406 2311 1458 2355 et
1487 2300 1784 2354 humanitas
1830 2314 1960 2352 unus
1987 2306 2067 2351 est

531 2400 785 2454 Christus.
836 2396 920 2450 Tu
940 2406 1113 2450 autem
1155 2394 1292 2463 quod
1319 2394 1525 2461 gemino
1553 2406 1733 2445 errore
1773 2399 2068 2457 prmventus

532 2486 862 2542 scribendum
896 2484 1104 2552 putasti,
1131 2483 1233 2536 sub
1249 2482 1465 2535 duarum
1489 2490 1788 2532 naturarum
1811 2489 2068 2532 conventu

533 2575 724 2642 suscipi
756 2588 858 2626 non
905 2571 1133 2635 debere,
1177 2578 1234 2623 ut
1264 2571 1418 2631 Deus,
1450 2579 1599 2636 pater
1641 2567 1865 2622 hominis
1891 2570 1980 2634 sit,
2013 2578 2068 2622 ιιι

534 2668 724 2730 homo,
771 2671 937 2717 mater
987 2662 1083 2715 Dei
1117 2660 1224 2714 sit:
1255 2676 1380 2722 nos,
1431 2674 1583 2712 unam
1609 2659 1699 2712 Dei
1740 2658 2067 2728 hominisque

536 2767 810 2823 personam
855 2750 1165 2804 ﬁducialiter
1192 2758 1245 2803 et
1291 2749 1570 2803 salubriter
1597 2757 1891 2803 asserentes
1919 2747 1971 2801 in
2003 2761 2067 2802 eo

538 2843 621 2910 qui
647 2850 759 2896 crat
787 2841 837 2892 in
870 2840 1141 2909 principio,
1166 2848 1219 2894 et
1245 2838 1338 2906 qui
1362 2837 1460 2894 sub
1479 2840 1846 2909 redemptionis
1873 2849 2065 2893 nostra:

538 2941 768 2998 tempore
817 2931 982 2982 factus
1011 2937 1090 2983 est
1119 2928 1171 2981 in
1217 2929 1604 2985 similitudinem
1651 2929 1821 2982 carnis
1842 2930 2060 2997 peccati,

538 3019 590 3073 id
612 3029 710 3084 est,
731 3019 781 3072 in
803 3018 1020 3073 veritate
1047 3017 1290 3084 hominis,
1315 3026 1367 3071 et
1387 3016 1723 3072 similitudine
1745 2986 2031 3086 peccatoris
2051 3034 2065 3072 :
2094 2986 2140 3048 C

539 3124 633 3163 nos
660 3109 913 3180 (inquam)
944 3109 1013 3161 ita
1045 3109 1209 3162 Deum
1239 3118 1434 3177 patrem
1464 3109 1686 3163 hominis
1712 3111 1807 3162 Sttb
1837 3125 2070 3178 personae

538 3199 735 3253 unitate
757 3205 1023 3263 testamur,
1049 3198 1180 3251 sicut
1199 3199 1295 3251 sub
1310 3198 1541 3265 ejusdem
1567 3199 1778 3252 unitatis
1801 3200 2071 3268 amplexu,

541 3291 756 3344 Matrem
803 3288 893 3341 Dei
955 3288 1216 3341 hominem
1271 3287 1616 3351 conﬁtemur,
1659 3288 1804 3355 juxta
1851 3289 2072 3357 symboli

540 3378 902 3432 auctoritatem
950 3381 1029 3446 (ut
1057 3377 1161 3429 alia
1195 3377 1629 3445 praetermittam).
1658 3378 1776 3444 quia
1803 3379 2023 3431 dicimus
2055 3396 2068 3431 :

539 3468 711 3520 Credo
739 3477 790 3519 et
832 3467 883 3519 in
916 3466 1100 3518 Filium
1149 3466 1236 3517 Dei
1286 3465 1460 3518 Jesmn
1513 3464 1810 3529 Christum,
1835 3466 1920 3534 qui
1951 3481 2074 3518 con-

542 3567 725 3621 ceptus
749 3564 827 3608 est
854 3554 918 3607 de
946 3555 1143 3621 Spiritu
1170 3561 1371 3616 saneto,
1403 3563 1553 3605 natus
1573 3568 1636 3604 ex
1665 3554 1822 3605 Maria
1843 3553 2069 3622 Virgine.

541 3645 638 3709 Qui
668 3645 711 3696 si
743 3643 857 3695 talis
899 3656 1047 3694 error
1076 3648 1178 3702 est,
1211 3640 1262 3692 in
1294 3640 1510 3692 Domino
1539 3639 1808 3694 Salvatore
1839 3656 1994 3693 unam
2024 3652 2075 3696 et

541 3734 832 3802 simplicem
879 3732 1160 3786 credidisse
1197 3730 1560 3795 substantiam,
1607 3730 1772 3798 qualis
1801 3745 1949 3784 error
1971 3742 2072 3799 est,

524 3825 799 3892 .duplicem
837 3825 1129 3878 asseruisse
1163 3822 1474 3891 personam?
1504 3821 1630 3872 Nam
1660 3821 1702 3874 si
1747 3820 1796 3874 in
1826 3821 2074 3874 societate

539 3915 1028 3992 carnis'assumplze
1053 3953 1067 3976 ,
1101 3913 1317 3964 formam
1364 3911 1540 3964 famuli
1570 3909 1708 3962 Deus
1747 3909 1929 3972 induit,
1957 3908 2074 3962 dua:

539 4004 845 4056 substantia:
889 3998 993 4054 non
1045 4000 1276 4053 fuerunt.
1325 4001 1459 4068 Ergo
1491 4001 1540 4053 in
1570 4000 1780 4053 homine
1807 4003 1940 4054 Deus
1971 4015 2072 4053 non

541 4095 655 4158 fuit,
683 4102 736 4145 et
760 4100 995 4158 sepntata
1026 4105 1052 4140 a
1087 4091 1192 4142 Deo
1234 4105 1457 4156 persona
1499 4090 1722 4141 hominis
1761 4088 1889 4152 fuit;
1935 4102 1996 4140 ac
2029 4089 2071 4141 si

539 4182 636 4234 sub
679 4182 765 4233 tali
795 4196 950 4232 sensu
998 4180 1194 4232 videbis
1224 4179 1396 4231 Subito
1439 4189 1677 4245 quartam
1721 4178 1899 4230 nescio
1940 4176 2075 4231 unde

540 4269 832 4322 ac'crevisse
861 4283 981 4334 pers
1002 4284 1169 4330 mam;
1204 4279 1254 4320 et
1285 4270 1334 4318 in
1375 4271 1511 4318 hunc
1548 4268 1869 4320 intellectum
1903 4267 2075 4333 pravi-

541 4359 661 4411 tafis
685 4358 1052 4423 consequentia
1095 4356 1528 4421 prmcipitaberis,
1570 4365 1624 4407 ut
1649 4355 1754 4422 jam
1778 4370 1878 4408 non
1907 4356 2075 4409 Trini-

545 4457 699 4498 tatem
747 4460 959 4497 nerrsse
989 4447 1054 4495 sit
1082 4446 1336 4497 conliteri.
1384 4443 1514 4496 Audi
1545 4444 1717 4509 potius
1738 4444 2074 4512 quemadmo-

540 4539 666 4588 dum
691 4536 747 4589 S.
778 4536 971 4596 Esaias,
1003 4534 1248 4586 distincto
1277 4535 1460 4586 ordine
1484 4532 1864 4604 conjuncloqtte
1893 4532 2072 4584 discri-

540 4627 722 4685 mine,
768 4623 970 4674 Domini
1008 4623 1189 4675 ~nostri
1241 4637 1302 4675 ac
1345 4622 1705 4690 Redemptoris
1749 4623 2069 4675 nativitatem

539 4712 779 4779 disponat
823 4727 838 4761 :
878 4710 1129 4762 Parvulas
1175 4711 1406 4779 (inquit)
1441 4723 1583 4763 natus
1625 4722 1694 4763 est
1734 4712 1894 4776 nobis,
1934 4711 2070 4778 ﬁlius

539 4804 686 4853 datus
727 4810 798 4851 est
830 4797 1135 4865 nobisU-sai.
1181 4813 1249 4858 ιι,
1290 4799 1362 4864 6).
1407 4799 1596 4866 Act-ipe
1635 4799 1819 4853 Filium
1873 4800 1961 4854 Dei
2017 4799 2070 4853 in

537 4905 772 4945 extrema
805 4897 949 4955 parte
976 4887 1278 4939 sa-culorum
1301 4928 1314 4948 ,
1344 4903 1404 4938 ex
1437 4888 1648 4954 innupta
1678 4899 1862 4954 matre,
1892 4901 2073 4944 natura

538 4984 809 5047 ignorante
855 4987 906 5030 et
961 4974 1058 5028 tide
1102 4975 1377 5026 maritante
1415 4977 1733 5042 ptogenitum
1761 5018 1775 5043 ,
1825 4994 2074 5046 superve-

539 5074 714 5123 niente
761 5072 812 5121 in
859 5067 1110 5136 virginem
1158 5074 1336 5118 sancto
1386 5065 1613 5132 Spiritu,
1659 5069 1919 5122 hominem
1969 5070 2072 5122 Deo

540 5160 843 5212 mirabiliter
874 5157 1182 5224 impletum,
1232 5166 1281 5206 et
1315 5155 1474 5207 Deum
1504 5158 1550 5205 in
1584 5155 1845 5208 hominem
1873 5157 2074 5208 miseri-

539 5249 764 5301 corditer
789 5255 1192 5308 commutatum;
1223 5260 1318 5299 nec
1346 5245 1638 5298 exinanisse
1665 5244 1842 5311 gloriae
1878 5246 2076 5311 magni-

541 5338 794 5402 tudinem,
822 5337 914 5390 sed
946 5352 1037 5404 per
1062 5344 1353 5402 susceptam
1391 5340 1524 5388 setvi
1568 5335 1940 5392 conditionem.
1961 5333 2076 5389 ,Do-

541 5428 664 5475 unni
711 5426 1002 5481 ostendisse
1053 5428 1315 5493 pietatem.
1351 5425 1598 5480 Part'ulua
1629 5434 1774 5476 natus
1804 5433 1873 5476 est
1906 5421 2069 5488 nobis,

542 5514 674 5575 ﬁlius
708 5517 848 5568 datus
877 5525 946 5569 ut
989 5518 1125 5570 nobis
1142 5518 1158 5566 !
1189 5517 1344 5573 Natus
1393 5525 1471 5572 est
1502 5517 1648 5571 nobis
1679 5516 1762 5584 qui
1809 5515 1904 5569 sibi
1934 5523 2065 5572 erat.

2102 4321 2155 4380 D

2174 425 2391 478 sentiret
2415 438 2682 488 occasum,
2708 423 2860 476 datus
2881 424 2967 491 qui
2991 423 3211 478 nesciret
3231 424 3546 480 exordium.
3579 424 3784 478 Nam:
3821 419 3824 474 ἐ

2173 512 2258 581 qui
2303 520 2357 567 et
2401 521 2567 566 matre
2608 520 2749 566 esset
2785 511 2995 578 junior;
3043 511 3194 566 datus
3237 523 3293 567 et
3321 527 3566 582 quonec
3597 525 3786 584 pater
3821 491 3824 516 '

2172 609 2312 656 esset
2353 599 2611 670 antiquior
2659 617 2673 654 :
2718 609 2870 655 natus
2916 602 3002 670 qui
3047 613 3378 666 moreretur;
3432 605 3608 657 datus
3667 620 3782 669 per

2169 707 2323 762 quem
2353 694 2456 746 vita
2485 701 2866 748 renasceretur.
2893 691 3005 747 illic
3024 692 3342 758 dominatur,
3370 695 3453 748 hic
3481 695 3778 747 humilia-
3822 713 3824 730 ι

2171 791 2294 846 tur;
2321 783 2418 836 sibi
2462 792 2668 851 regnat,
2697 789 2749 835 et
2777 781 2902 836 mihi
2932 783 3138 837 militat.
3189 775 3650 837 Parvulus'uatus
3685 791 3776 834 eu

2170 873 2331 946 pobis,
2369 874 2503 941 (ilius
2542 873 2689 925 datus
2715 883 2787 926 est
2818 874 2958 926 nobis
2991 888 3010 926 :
3033 885 3078 926 et
3115 875 3275 944 [actus
3297 888 3367 926 est
3410 873 3770 943 principatus
3822 915 3824 948 ε

2169 978 2315 1032 super
2336 966 2595 1017 humerum
2616 965 2745 1032 ejus.
2761 964 3088 1019 Manifestum
3105 965 3368 1019 hominem
3391 967 3770 1018 demonstrat

2171 1053 2452 1118 humerus;
2475 1053 2716 1108 latentem
2741 1055 2902 1109 Deum
2924 1055 3150 1124 loquitur
3172 1056 3522 1122 principatus.
3552 1057 3768 1123 Agno—
3822 1065 3824 1114 ρ

2169 1157 2259 1199 sce
2298 1143 2554 1210 duplicem
2583 1143 2681 1198 sub
2727 1158 2964 1210 persona:
2994 1145 3194 1198 unitate
3234 1146 3630 1198 subatantiam.
3673 1141 3765 1197 De
3822 1149 3824 1212 ζ

2170 1243 2349 1288 nostro
2369 1243 2450 1288 est
2473 1234 2610 1303 quod
2633 1233 3080 1303 apprehendit,de
3092 1222 3189 1288 suo
3209 1245 3289 1289 est
3318 1235 3456 1303 quod
3483 1233 3759 1298 donarit,

2169 1325 2236 1379 de
2265 1336 2443 1378 nostro
2473 1299 2649 1377 habuit
2668 1299 2814 1377 unde
2840 1323 3083 1385 caderet,
3115 1323 3180 1377 de
3207 1337 3304 1376 suo
3332 1299 3476 1376 unde
3504 1337 3758 1375 consnr.
3822 1299 3824 1370 Ῠ

2167 1421 2311 1482 geret
2365 1412 2437 1465 De
2467 1419 2647 1465 nostro
2669 1411 2850 1465 habuit
2878 1412 3015 1466 unde
3054 1428 3149 1479 pro
3178 1410 3329 1465 nobis
3358 1411 3638 1475 solveret;
3678 1405 3756 1463 de

2167 1518 2262 1555 suo
2292 1502 2432 1557 unde
2470 1504 2674 1569 penitus
2704 1502 2758 1554 in
2786 1502 2928 1555 nullo
2957 1501 3161 1555 debitor
3188 1508 3490 1569 appareret.
3528 1501 3612 1553 De
3641 1515 3751 1553 κιο·

2167 1600 2277 1644 stro
2301 1590 2438 1644 unde
2465 1590 2879 1659 crucifigeretur,
2910 1589 2975 1644 de
3016 1605 3112 1643 suo
3142 1589 3278 1642 unde
3305 1591 3748 1656 glorificxrvtur.

2168 1769 2349 1823 tribuit
2385 1770 2638 1837 gratiam.
2671 1768 2744 1822 De
2768 1777 2945 1821 nostro
2977 1768 3150 1835 itaque
3195 1766 3613 1829 ltumiliatio,,de
3632 1782 3746 1836 suo
3822 1751 3824 1780 ⁵

2166 1875 2283 1916 esse
2310 1861 2562 1930 probatur
2587 1861 2846 1915 ascensio.
2870 1860 2944 1913 De
2960 1869 3140 1914 nostro
3163 1859 3357 1913 obtulit
3374 1858 3744 1922 sacriﬁdum.
3822 1903 3824 1936 ί

2170 1952 2235 2006 de
2264 1965 2361 2005 suo
2390 1953 2608 2006 contulit
2653 1950 2940 2018 prmmium.
2977 1949 3204 2002 Duarum
3251 1963 3376 2016 ergo
3407 1956 3744 2001 naturarum
3822 1937 3824 2008 i

2166 2057 2348 2111 capax,
2381 2039 2952 2107 homoinflrmitatihus
2989 2039 3307 2106 agnoscitur,
3339 2039 3474 2090 Deus
3507 2037 3742 2090 virtuti-

2168 2132 2267 2185 bus
2293 2132 2630 2198 approbatur.
2676 2128 2822 2196 Piget
2857 2141 3153 2180 sermonem
3180 2133 3284 2179 tam
3307 2125 3618 2179 manifesta:
3651 2125 3738 2178 rei

2166 2224 2458 2277 assertione
2501 2220 2809 2289 producere.
2861 2218 2982 2274 Scio
3019 2219 3164 2285 quod
3192 2217 3302 2270 haec
3341 2217 3453 2282 ipsa
3481 2216 3738 2269 breviter

2168 2311 2493 2381 strictimque
2511 2319 2938 2374 commemorata,
2962 2317 3158 2362 temere
3180 2307 3448 2361 committo
3474 2306 3564 2359 vel
3588 2307 3736 2358 meis

2167 2399 2401 2465 epistulis
2427 2398 2505 2451 vel
2535 2396 2772 2450 sensibus
2800 2397 2920 2449 tuis.
2946 2394 3051 2450 Sed
3081 2394 3201 2448 dum
3235 2404 3283 2447 te
3323 2395 3387 2446 ad
3412 2393 3725 2460 interroga-

2168 2492 2322 2546 tionis
2372 2491 2729 2545 salubritatem
2781 2489 2999 2543 sollicita
3053 2488 3342 2541 humilitate
3399 2483 3730 2544 submittis,

2167 2582 2384 2635 multum
2433 2579 2560 2633 mihi
2596 2579 2661 2632 de
2706 2566 2901 2631 erroris
2946 2579 3098 2646 hujus
3144 2575 3378 2631 remedio
3417 2571 3726 2641 polliceris.

2168 2669 2395 2736 Revoca,
2414 2682 2612 2736 quaso,
2629 2666 2695 2720 ab
2713 2666 2811 2721 hoc
2827 2667 3128 2720 discrimine
3145 2665 3326 2752 pedem
3343 2673 3510 2723 tuum,
3543 2660 3730 2728 prius-

2166 2772 2322 2826 quam
2366 2757 2416 2809 in
2463 2755 2774 2823 profundum
2820 2755 3168 2808 irrevocabile
3207 2752 3447 2806 elationis
3473 2759 3731 2802 torrente
3822 2755 3824 2824 Ι

2167 2847 2384 2915 rapiaris
2411 2863 2422 2899 :
2451 2855 2502 2900 et
2523 2856 2717 2899 rectum
2742 2845 2898 2897 ςιιιίιιιί
2925 2858 3134 2896 settSum
3151 2844 3236 2911 qui
3266 2842 3445 2894 multae
3463 2840 3729 2893 elationis

2171 2936 2372 3004 pondus
2407 2951 2510 2990 non
2555 2935 2797 2997 sustinet,
2832 2948 2927 2988 nec
2954 2934 3098 2986 novit
3141 2932 3440 2986 thesaurum
3472 2927 3729 2982 scientia:

2172 3024 2502 3094 dispensare,
2533 3025 2696 3094 magis
2726 3024 2913 3079 laboris
2934 3025 3278 3092 occupatione
3309 3023 3528 3090 castiga.
3559 3019 3729 3074 Tem-

2173 3129 2294 3184 pera
2335 3115 2730 3170 immoderatum
2774 3115 3107 3168 abstinentiae
3137 3114 3385 3182 rigorem,
3434 3113 3526 3180 qui
3557 3111 3728 3165 etiam

2173 3206 2329 3258 menti
2376 3212 2590 3272 generat
2626 3204 3009 3269 infirmitatem;
3051 3218 3205 3271 quem
3245 3211 3368 3268 puto
3390 3201 3514 3252 inde
3547 3197 3729 3258 nasci,

2173 3292 2309 3344 unde
2343 3291 2600 3345 scribendi
2644 3289 3122 3358 prmsumptionem.
3162 3287 3459 3356 Rogredere
3486 3285 3555 3339 ad
3583 3285 3726 3339 viam

2173 3380 2388 3445 regiam,
2434 3378 2685 3431 nutricem
2711 3378 2952 3430 ela‘ionis
2985 3379 3164 3445 rol‘uge
3193 3375 3640 3437 sollicitudinem;
3667 3385 3726 3430 et

2174 3468 2565 3536 quiaJegimus:
2597 3467 2906 3520 Manducare
2925 3471 3024 3519 me!
3051 3469 3400 3530 multum,non
3429 3477 3503 3520 est
3531 3468 3725 3520 bonum

2175 3554 2351 3624 (Prov.
2378 3557 2501 3623 tt,5)
2530 3556 2716 3624 (magis
2745 3559 2881 3608 enim
2911 3556 3056 3608 inflat
3081 3571 3259 3623 parum
3289 3555 3570 3610 fundatum
3600 3569 3724 3610 seu-

2174 3659 2286 3697 sum
2314 3644 2551 3708 scientia,
2572 3659 2723 3712 quam
2751 3643 3017 3713 aediﬁcat),
3038 3645 3109 3697 ita
3138 3659 3263 3697 cave
3285 3643 3503 3697 nimiam
3531 3643 3722 3698 lectio-

2174 3751 2312 3799 !!"tn,
2333 3747 2383 3787 ut
2408 3735 2550 3789 cordi
2570 3749 2750 3803 parum
2767 3736 2965 3802 capaci,
2987 3743 3231 3802 tanquam
3255 3734 3445 3801 sumpti
3462 3731 3720 3785 immode-

2175 3824 2332 3875 ratius
2355 3824 2460 3876 vini
2488 3823 2829 3889 periculosam
2844 3823 3057 3876 noveris
3079 3821 3410 3876 ebrietatem.
3435 3819 3717 3886 Nunquam

2173 3912 2575 3980 cogitationibus
2605 3916 2705 3966 tuis
2729 3914 2933 3976 credas,
2971 3911 3062 3965 sed
3091 3912 3254 3978 magis
3286 3909 3536 3963 imitanda
3574 3911 3718 3977 legas

2173 4018 2326 4069 quam
2345 4004 2561 4070 legenda
2577 4001 2908 4064 conscribas;
2932 4011 2984 4054 et
3012 4002 3062 4052 in
3085 4009 3263 4054 mente
3288 4009 3370 4051 tua
3389 3999 3630 4066 loquaris
3651 3999 3717 4050 al

2176 4091 2470 4151 Dominum,
2488 4090 2516 4140 1
2521 4109 2550 4142 ιι
2564 4092 2711 4142 corde
2723 4107 2829 4142 meo
2840 4091 3076 4143 abscondi
3087 4091 3283 4157 eloquia
3301 4099 3403 4153 tua,
3423 4098 3479 4140 ut
3491 4105 3592 4139 non
3603 4103 3717 4158 pec-

2175 4194 2278 4229 cem
2306 4179 2392 4229 tibi
2419 4176 2584 4245 (Psal.
2610 4178 2783 4244 xvtn).
2833 4180 2896 4230 Et
2925 4179 2966 4230 si
2991 4178 3213 4230 evadere
3257 4177 3487 4243 pericula
3518 4191 3627 4230 non
3649 4175 3716 4231 dc

2179 4266 2303 4318 foris
2332 4266 2640 4333 ingruentia,
2672 4267 2761 4317 sed
2797 4267 2935 4319 intus
2960 4277 3207 4333 concepta
3236 4265 3540 4328 desideras,
3583 4266 3718 4321 nihil

2180 4354 2269 4406 tibi
2301 4355 2477 4408 utilius
2520 4353 2653 4405 scias
2683 4369 2836 4421 quam
2873 4363 2927 4407 ιιι
2947 4356 3043 4407 sub
3068 4356 3169 4407 alio
3195 4368 3506 4421 quocunque
3527 4354 3716 4420 proh»

2179 4443 2380 4494 tissimo
2418 4441 2612 4494 abbate
2659 4443 2815 4494 vitam
2855 4450 2992 4496 tuam
3039 4443 3275 4510 munias,
3311 4457 3373 4496 ac
3413 4442 3714 4499 voluntates

2178 4540 2291 4583 tuas
2315 4531 2536 4584 senioris
2559 4531 2758 4599 legibus
2782 4533 2978 4586 tradas.
3007 4533 3073 4585 Et
3101 4542 3159 4586 ut
3183 4533 3468 4586 adversarii
3493 4533 3714 4589 insidias

2176 4622 2344 4688 possis
2372 4636 2638 4689 superare,
2667 4631 2719 4675 te
2747 4623 3108 4690 scripturulam
3149 4624 3315 4691 ipsam
3345 4624 3704 4690 retinendam,

2173 4710 2279 4764 imo
2302 4710 2723 4780 supprimendam
2755 4712 2926 4778 putavi
2952 4730 2964 4763 :
2989 4727 3056 4765 ne
3077 4712 3212 4766 ultra
3236 4713 3286 4766 in
3309 4713 3524 4768 alterius
3547 4712 3708 4770 alicu-

2169 4800 2253 4867 jus
2277 4800 2515 4854 catholici
2538 4840 2552 4863 ,
2583 4801 2668 4868 qui
2706 4810 2755 4854 te
2787 4801 2955 4854 minus
2983 4802 3243 4870 diligeret,
3273 4817 3484 4856 manum
3511 4811 3564 4858 et
3579 4817 3706 4858 con.

2172 4891 2442 4943 scientiam
2482 4891 2700 4943 veniret.
2744 4890 2816 4943 Et
2863 4892 2963 4943 hoc
2990 4901 3162 4944 autem
3204 4892 3398 4957 poteris
3421 4908 3706 4966 agnoscere

2172 4992 2295 5031 sana
2323 4993 2437 5031 esse
2470 4979 2649 5030 intima
2677 4977 2850 5031 cordis
2879 4979 2972 5045 ttti,
3001 4979 3046 5032 si
3075 4980 3250 5032 adhuc
3296 4981 3442 5048 quasi
3468 4973 3710 5039 libertis

2174 5067 2428 5121 cultorem
2453 5078 2594 5120 tuum
2618 5068 2883 5121 humiliter
2903 5075 2956 5120 et
2976 5069 3270 5122 amabiliter
3291 5079 3702 5128 cumtum

2175 5157 2394 5210 sollicite
2434 5169 2487 5211 et
2526 5159 2749 5212 libenter
2786 5158 3034 5212 audieris.
3075 5162 3210 5212 Ante
3249 5159 3703 5229 interrogationem

2177 5246 2382 5298 incauta
2404 5247 2658 5300 videbitur
2679 5248 2837 5300 fuisse
2863 5238 3149 5314 persuasio,
3179 5260 3294 5316 post
3317 5249 3596 5315 responsio
3621 5265 3704 5304 om

2175 5337 2537 5390 inexcusabilis
2572 5337 2844 5405 apparebit
2893 5338 3132 5392 intentio.
3179 5337 3328 5404 Quod
3357 5339 3404 5392 si
3431 5339 3574 5394 inter
3599 5339 3708 5393 hac

2173 5426 2363 5493 aliquid
2396 5427 2523 5478 mihi
2543 5465 2557 5487 ,
2601 5426 2688 5492 qui
2719 5427 2939 5480 austeris
2967 5427 3130 5494 magis
3169 5441 3327 5495 quam
3355 5427 3601 5482 dulcibus
3621 5441 3704 5500 sa-

2173 5519 2284 5576 nari
2331 5515 2552 5570 animam
2606 5525 2742 5569 tuatn
2773 5515 2954 5576 cupio.
2988 5507 3276 5572 credideris
3316 5516 3704 5586 imputandum.
