3824 6218
59 301 128 355 εδτ
1406 284 1773 340 EPIS'I‘OLE.

3086 279 3190 341 858

59 412 265 463 memento
289 401 480 457 osculis
511 401 648 455 male
695 399 1011 456 blandientis
1048 395 1283 468 praaponi
1323 395 1537 452 vulnera
1565 400 1618 457 Α
1645 411 1743 450 nec
1767 405 1939 451 tamen
1968 396 2138 466 capite
2178 409 2273 452 suo
2305 396 2488 466 juniur
2529 397 2817 462 invenitur;
2858 409 2920 450 ac
2962 394 3006 450 si
3053 396 3192 452 Deus

58 493 257 551 ciritatis.

514 558 838 614 EPISTOLA
879 558 969 612 vn
994 568 1042 612 ι.
1180 626 1182 629 ι

110 677 298 729 Domino
338 673 572 741 piissimo
609 672 752 727 etin
799 670 1012 726 Christo
1054 683 1262 725 summo
1300 668 1428 723 mihi
1458 667 1552 722 ho-

59 782 155 821 nore
177 762 495 834 singulariter
517 762 810 818 excolendo
846 760 1060 816 Ruricio
1088 760 1198 814 filio
1225 760 1468 814 Faustus.

110 857 227 912 Licet
250 869 338 922 per
377 866 745 922 quamcunque
775 865 1056 920 personam
1099 849 1386 918 jucundum
1423 846 1554 902 mihi

58 946 238 998 sitcum
275 943 544 997 individuo
592 950 806 1011 pectore
851 941 1015 1007 ipsius
1054 939 1290 994 caritatis
1337 938 1556 991 vocibus

57 1035 268 1102 colloqui,
302 1041 354 1088 et
380 1032 565 1087 sedula
610 1045 706 1085 vos
746 1029 1042 1085 officiorum
1084 1028 1369 1083 ambitione
1412 1041 1557 1080 com-

60 1123 312 1192 plecti;sed
355 1137 496 1175 nunc
538 1129 736 1190 quanto
775 1119 1146 1186 Opportunius,
1176 1127 1323 1172 tanto
1353 1117 1557 1171 avidius

59 1217 202 1285 pignus
226 1213 380 1267 animi
428 1213 611 1278 vestri,
645 1209 940 1264 ministerio
984 1209 1259 1263 domestici
1288 1207 1557 1274 portitoris

59 1303 299 1371 assumpsi;
343 1302 398 1356 in
432 1301 582 1369 cujus
611 1301 800 1354 merito
846 1299 1019 1352 minus
1064 1296 1342 1364 assignavit
1377 1295 1560 1349 relatio

59 1409 178 1463 quam
215 1391 448 1460 probavit
471 1389 684 1460 agnitio.
715 1388 784 1466 Et
818 1397 1094 1456 propterea
1122 1385 1187 1439 ad
1217 1386 1439 1438 fructum
1471 1399 1560 1437 ve-

60 1493 187 1538 strum
204 1481 431 1536 crevisse
450 1479 741 1550 gratulatus
758 1492 896 1549 sum,
919 1475 1058 1545 quod
1084 1476 1135 1529 in
1157 1488 1222 1528 eo
1243 1473 1344 1526 vita
1376 1471 1560 1526 melior

61 1573 364 1628 conditionem
417 1572 603 1640 primas
636 1565 923 1623 nativitatis
949 1564 1200 1628 abolevit,
1235 1569 1391 1631 atque
1419 1562 1471 1613 in
1497 1575 1562 1612 eo

63 1661 448 1730 utrum‘generis
472 1651 814 1712 manumissio
831 1652 1105 1733 religionis
1130 1651 1400 1715 abstersit,
1426 1660 1478 1703 et
1507 1649 1557 1701 in

1650 501 1828 545 noster
1852 507 1947 544 nec
1982 490 2266 558 permixtus
2292 492 2344 544 in
2377 489 2617 558 personis
2645 489 2892 557 propriis,
2939 504 3034 542 nec
3062 488 3191 542 divi-

1650 595 1757 644 sus,
1785 594 1888 634 una
1916 581 2102 647 virtus,
2144 595 2241 635 nec
2278 588 2536 649 potestate
2571 579 2761 645 divisa,
2802 582 3189 647 nec'teutpore.

1651 671 1800 727 Sicut
1837 672 1889 725 in
1941 670 2276 726 subsistentia
2310 672 2496 741 triplex
2525 678 2625 736 est,
2677 669 2797 739 quia
2839 668 2936 722 sibi
2972 671 3196 738 quiaque

1652 760 1908 827 subsistit,
1926 762 1994 831 ita
2013 762 2062 814 iu
2085 762 2373 815 substantia
2398 761 2639 840 si‘mplex,
2664 761 2784 822 quia
2802 775 2936 814 unus
2960 759 3194 826 seipsum

1653 851 1954 921 pmcedere
1994 852 2271 917 nesciens,
2316 865 2412 905 nec
2457 851 2799 918 posteriorem
2843 851 3057 916 recipit.
3101 859 3197 900 nec

1654 943 1904 1012 priorem.
1926 942 2050 996 inde
2077 952 2130 997 et
2159 956 2254 995 nos
2285 942 2349 996 de
2383 942 2479 994 hac
2505 942 2805 1008 accepimus
2841 925 3199 1006 simplicitate,

1653 1035 1699 1090 si
1733 1036 1786 1089 in
1817 1036 1966 1089 nobis
2003 1035 2131 1089 nihil
2165 1036 2234 1088 sit
2278 1035 2572 1098 dissonum,
2621 1034 2748 1087 nihil
2802 1035 3025 1098 varium,
3068 1031 3199 1086 nihil

1654 1125 1939 1186 diversum.
1979 1125 2021 1178 si
2054 1139 2264 1190 semper
2295 1125 2431 1178 idem
2465 1137 2582 1177 esse
2619 1123 2973 1191 probabilibus
3013 1121 3201 1175 studiis

1655 1226 1707 1269 et
1739 1213 1962 1269 fundatis
1992 1215 2045 1269 in
2068 1216 2278 1269 Christo
2298 1216 2544 1269 sensibus
2572 1216 2854 1276 enitamur,
2880 1225 2933 1266 ut
2956 1214 3201 1266 immuta-

1661 1305 1791 1358 biles
1837 1305 1889 1357 in
1941 1305 2118 1369 bono,
2167 1302 2318 1358 novis
2376 1312 2574 1357 tantum
2623 1303 2673 1356 in
2712 1303 2849 1356 diem
2890 1302 3203 1370 profectibus

1659 1395 2010 1448 iutmutemur.

1731 1484 1802 1538 De
1839 1499 1902 1553 eo
1928 1490 2135 1547 autem.
2173 1485 2310 1552 quod
2344 1483 2556 1552 quidam
2591 1484 2979 1552 provocationis
3025 1498 3206 1538 amore

1658 1572 1940 1639 consuluit,
1969 1571 2236 1627 salutifera
2267 1583 2320 1627 et
2361 1572 2588 1639 perfecta
2631 1572 2902 1625 meditatio
2943 1581 3023 1625 est
3054 1586 3208 1626 curas

1661 1661 1841 1728 animi,
1870 1663 2058 1731 partito
2076 1663 2367 1732 perplures
2390 1673 2613 1717 terrenae
2630 1660 2882 1730 regimine
2907 1660 3004 1723 rei,
3034 1661 3209 1713 subic-

61 1753 349 1822 tdoptionem
398 1749 593 1804 Christi
632 1733 910 1815 personam
957 1742 1202 1812 mancipii
1250 1741 1350 1796 fide
1376 1755 1557 1795 eman.

1685 1769 1787 1808 rare
1807 1762 1854 1809 et
1896 1762 2014 1822 post
2043 1755 2155 1810 ha‘c
2192 1754 2380 1822 triplici
2413 1755 2792 1809 deliberatione
2830 1763 3050 1807 tractare
3084 1753 3209 1818 quid

64 1843 216 1911 cipavit
244 1851 296 1895 et
337 1837 688 1906 transcripsit.
729 1823 1004 1902 Quomodo
1049 1844 1224 1887 autem
1269 1830 1407 1896 apud
1451 1829 1562 1897 ejus

65 1936 112 1991 till
154 1930 276 2000 apud
319 1929 644 1999 reliquorum
691 1925 910 1980 fratrum
954 1923 1173 1977 lacteam
1214 1920 1563 1976 sinceritatem

68 2036 187 2089 agere
227 2020 565 2084 deberemus,
605 2017 910 2071 latissimam
958 2013 1193 2083 Apostoli
1240 2009 1485 2078 (Philem.
1525 2006 1564 2078 ι)

67 2111 488 2180 dispensationem,
518 2105 760 2175 expedito
788 2105 1081 2175 digessistis
1109 2100 1358 2169 alloquio,
1380 2110 1566 2155 etcum

70 2215 215 2254 eorum
239 2198 543 2254 doctissima
593 2195 776 2264 pagina
819 2191 1205 2247 minusdoctus
1231 2188 1434 2243 asserit.
1466 2187 1569 2240 Nos

73 2304 210 2346 tamen
256 2291 307 2344 in
330 2302 517 2344 eorum
555 2285 806 2342 defecatis
833 2284 1068 2339 moribus
1112 2279 1351 2343 admirati
1392 2290 1570 2332 sumus

73 2397 138 2445 per
160 2381 338 2433 donum
382 2374 804 2432 mansuetudinis
831 2381 886 2427 et
929 2371 1263 2433 humilitatis,
1296 2366 1571 2435 plenitudi—

73 2483 161 2519 nem
203 2467 455 2530 lectionis.
496 2462 671 2517 Vincit
711 2461 850 2516 enim
892 2460 1102 2528 largitas
1131 2457 1311 2525 gratia:
1341 2454 1571 2507 instituta

70 2557 299 2610 doctrinm.
327 2555 460 2609 Nam
484 2553 581 2607 etsi
609 2551 706 2605 sub
733 2549 924 2617 exiguo
964 2558 1199 2614 tempore
1228 2546 1363 2598 intra
1389 2555 1571 2596 eorum

73 2648 206 2701 lucida
234 2659 444 2717 pectora
473 2655 525 2700 et
563 2643 834 2713 perspicua
864 2641 1148 2710 penetralia
1192 2635 1483 2696 intro-luxit
1517 2648 1575 2688 se

75 2753 239 2791 inurunt
265 2735 491 2791 candida
522 2735 742 2804 paritas,
773 2739 827 2787 et
853 2728 1102 2799 praeclara
1144 2726 1451 2794 simplicitas
1480 2738 1573 2792 per

73 2842 194 2893 quam
221 2827 409 2880 divinae
440 2822 683 2894 imaginis
698 2821 965 2891 speculum
987 2819 1039 2872 in
1062 2816 1324 2871 interioris
1347 2813 1571 2868 hominis

75 2918 213 2972 nitore
237 2917 525 2986 perfulget;
549 2914 760 2976 divinae,
792 2912 1023 2979 inquam,
1057 2906 1317 2976 imaginis.
1346 2905 1419 2958 Ita
1439 2903 1576 2956 enitn

76 3005 125 3057 de
150 3005 350 3058 Domino
385 3004 606 3072 legimus
636 3017 650 3055 :
678 3001 865 3064 Purus,
909 2997 1162 3065 simplex,
1208 2994 1429 3068 subtilis.
1475 2990 1577 3044 Sed

1666 1845 1851 1898 melius
1892 1844 1961 1900 sit
1996 1844 2193 1910 locare,
2239 1845 2320 1898 vel
2357 1844 2742 1909 administrare,
2798 1843 2882 1897 vel
2918 1842 3212 1895 distrahere

1669 1933 1930 2001 propriam
1958 1933 2275 2002 portionem.

1737 2022 1968 2075 Primum
2000 2037 2182 2078 revera
2219 2023 2412 2077 bonum
2450 2031 2622 2087 esset,
2663 2033 2719 2075 ut
2757 2022 2947 2076 Christi
2993 2022 3214 2074 famulus

1671 2112 1867 2166 Christi
1900 2113 2147 2181 pauperis
2193 2113 2305 2167 vias
2341 2128 2408 2168 ex
2437 2121 2547 2167 toto
2575 2128 2773 2181 pauper
2803 2113 3038 2166 studeret
3077 2111 3217 2165 ince-

1669 2204 1815 2266 dere,
1857 2202 1902 2255 si
1948 2202 2232 2271 perfectam
2264 2203 2438 2271 magni
2476 2203 2697 2270 alicujus
2737 2201 3039 2255 monasterii
3066 2201 3218 2254 scho-

1670 2292 1795 2355 lam,
1820 2292 1899 2344 vel
1923 2299 2068 2345 certe
2096 2290 2321 2344 insulam
2348 2293 2604 2360 angelicae
2626 2293 3050 2359 congregationis
3078 2292 3219 2342 mili-

1675 2381 1798 2434 tiam
1832 2380 2014 2435 liceret
2033 2389 2299 2448 expetere.
2342 2379 2472 2434 Nam
2505 2380 2558 2433 in
2587 2380 2759 2432 medio
2802 2381 2977 2432 sn‘culi
3016 2380 3219 2432 institu-

1676 2472 1874 2524 tionem
1919 2470 2240 2523 eremiticam
2281 2470 2534 2538 profiteri,
2580 2479 2771 2537 quanta
2803 2468 3220 2537 magnanimitas,

1675 2568 1819 2614 tanta
1848 2568 1929 2612 est
1959 2557 2258 2612 difficultas.

1745 2648 1866 2702 Suis
1893 2646 2022 2718 [Al.,
2053 2645 2205 2716 sertis]
2232 2662 2361 2703 vero
2386 2647 2525 2701 vitiis
2568 2661 2676 2699 suae
2708 2645 2909 2714 pondus
2935 2645 3223 2713 imponere,

1677 2739 1963 2793 secundum
2004 2752 2099 2807 pro
2127 2738 2316 2791 anima:
2345 2737 2671 2791 revelatione
2701 2736 3087 2803 compendium.
3121 2733 3224 2789 Sed

1681 2829 2073 2898 pervidendum,
2105 2829 2148 2882 si
2175 2828 2363 2894 aliquis
2395 2827 2616 2882 filiorum
2644 2837 2748 2880 tam
2771 2827 2933 2879 arduo
2960 2825 3226 2878 sufficiens

1679 2932 1797 2971 esse
1827 2917 1989 2986 possit
2019 2915 2296 2984 obsequio.
2327 2913 2355 2952 δ
2389 2914 2465 2967 Ne
2505 2913 2639 2967 forte
2680 2920 2891 2978 paterna
2930 2913 3043 2978 ejus
3086 2910 3227 2966 sonis

1682 3007 1785 3078 [AL
1813 3004 1970 3075 senis]
1993 3004 2276 3058 auctoritas
2305 3005 2357 3056 in
2386 3013 2702 3070 patrem.....
2752 3001 3019 3071 Oplimuut
3059 3010 3140 3054 cst
3177 3001 3228 3054 in

76 3093 204 3146 multo
228 3093 361 3146 aliud
387 3092 583 3145 indicat
609 3089 781 3143 divina
821 3088 911 3140 illa
951 3085 1278 3154 simplicitas.
1310 3080 1577 3148 Siquidem
1605 3075 1649 3135 Ο
1682 3075 1913 3147 gecundo
1950 3091 2112 3161 gradu
2143 3091 2240 3146 sub
2281 3091 2440 3145 notio
2485 3091 2754 3145 beneﬁciis
2802 3090 3228 3144 administrator-0

77 3181 114 3233 in
138 3181 268 3235 nobis
292 3181 483 3248 duplex
517 3178 674 3244 inest,
705 3177 757 3230 in
785 3176 972 3244 spiritu
1009 3181 1064 3228 et
1095 3187 1252 3226 carne
1272 3168 1579 3225 substantia.

77 3269 158 3323 Nos
179 3270 305 3338 quod
335 3269 612 3332 habemus,
652 3263 979 3334 accepimus;
1010 3260 1162 3315 nobis
1189 3259 1396 3314 divusa
1427 3257 1585 3309 virtu-

79 3371 161 3412 ltltll
173 3360 475 3414 charismata
499 3357 743 3426 adjuncta
762 3361 901 3418 sunt;
918 3365 1023 3406 non
1048 3350 1246 3404 innata.
1279 3348 1404 3402 Sine
1425 3345 1583 3400 dubio

79 3451 335 3517 apponitur,
365 3449 506 3518 quod
547 3444 742 3500 auferri
788 3450 964 3512 potest
993 3459 1007 3496 :
1033 3449 1091 3495 ut
1129 3438 1250 3494 boni
1282 3438 1472 3498 simus,
1519 3435 1586 3490 de

81 3541 270 3593 auctoris
313 3551 500 3592 sumus
552 3535 784 3591 bonitate
825 3533 1065 3588 mutuati.
1123 3529 1206 3584 Ea:
1240 3530 1326 3583 illo
1376 3528 1584 3597 quidem

81 3628 280 3692 uiuimus;
308 3628 400 3682 sed
423 3627 553 3695 vita,
585 3626 723 3681 sicut
741 3626 827 3679 ille
849 3634 948 3688 est,
972 3637 1076 3677 non
1096 3635 1293 3677 sumus.
1317 3619 1447 3674 Jqui
1471 3631 1588 3672 crse

83 3733 337 3785 possumus,
365 3719 567 3789 justitia
595 3733 714 3772 esse
742 3731 845 3772 non
889 3727 1184 3784 possumus.
1215 3713 1304 3765 lile
1326 3710 1442 3763 ideo
1463 3711 1590 3762 sim-

83 3813 194 3880 pler,
218 3815 331 3882 quia
377 3813 506 3868 nihil
548 3813 597 3867 ei
653 3827 718 3866 ex
761 3809 1030 3865 accedenti
1073 3807 1313 3874 largitate
1342 3805 1585 3857 collatum

83 3910 158 3954 est.
183 3903 270 3968 Qui
298 3920 361 3958 ex
393 3917 453 3956 se
490 3901 759 3974 subsistit,
788 3899 996 3951 aliunde
1025 3897 1152 3950 nihil
1180 3892 1420 3957 sumpsit.
1454 3891 1589 3943 Deus

84 3998 125 4042 et
161 3992 326 4046 vivens
355 3991 552 4060 pariter
592 3998 648 4043 et
671 3978 809 4049 vita;
841 3988 1008 4043 bonus
1037 3997 1090 4043 et
1124 3986 1359 4046 bonitas;
1389 3983 1590 4036 miseri-

86 4091 179 4132 cors
200 4089 248 4134 et
272 4079 666 4143 misericordia;
697 4078 750 4133 in
773 4079 1023 4132 virtutum
1044 4092 1252 4131 suarum
1274 4077 1458 4145 gloria,
1494 4073 1592 4126 hoc

85 4180 148 4221 est
167 4171 286 4238 ipse,
322 4170 466 4240 quod
496 4170 726 4238 possidet
751 4169 913 4223 verbo
952 4177 1103 4223 tenus
1131 4168 1286 4220 homo
1311 4165 1592 4219 deauratus

85 4264 163 4309 est.
198 4257 326 4314 Deus
347 4274 537 4313 aurum
575 4250 700 4312 est:
728 4257 943 4327 quodin
975 4258 1184 4310 homine
1227 4255 1390 4324 gratia
1415 4262 1514 4316 est,
1539 4254 1590 4306 iu

87 4342 172 4400 Deo
196 4357 369 4403 natura
395 4357 497 4403 est.
521 4348 586 4403 Et
607 4358 907 4418 prOpterea,
936 4347 1058 4418 quia
1094 4345 1222 4401 nihil
1252 4349 1298 4400 ei
1338 4346 1594 4399 extrinse-

1683 3182 1992 3246 consistere,
2026 3181 2071 3235 si
2093 3180 2175 3234 vel
2205 3181 2447 3234 voluntas
2475 3188 2739 3248 suppetat,
2778 3181 2860 3233 vel
2895 3179 3111 3234 facultas
3137 3195 3230 3233 ne-

1685 3270 1981 3325 cessitatem
2011 3283 2196 3322 annua:
2225 3269 2494 3338 pensionis
2520 3268 2838 3335 impleverit.

1750 3358 1986 3412 Tertium
2018 3369 2097 3411 est
2122 3372 2214 3424 per
2235 3357 2462 3411 ﬁdelium
2495 3357 2805 3410 famulorum
2834 3355 2996 3408 eiecti
3022 3354 3228 3419 solatia,

1686 3449 1942 3517 imposita:
1975 3446 2358 3514 procurationis
2392 3445 2600 3508 ofﬁciis,
2639 3445 2738 3497 sub
2778 3444 2984 3512 propria
3027 3459 3087 3495 ac
3129 3443 3231 3494 ηιίο

1687 3551 1815 3591 norc
1845 3534 2200 3590 sollicitudine
2243 3535 2588 3603 quantitatem
2630 3542 2910 3586 reservata:
2944 3533 3232 3599 gubernare

1687 3632 2016 3692 substantias,
2049 3639 2100 3683 et
2128 3645 2245 3683 eum
2289 3644 2381 3697 per
2407 3628 2542 3681 viam
2576 3627 2765 3695 regiam
2811 3634 2914 3678 tota
2957 3624 3234 3677 mediocri-

1687 3729 1794 3775 tate
1822 3722 2067 3790 dirigere.
2096 3720 2244 3786 Quod
2272 3735 2391 3773 cum
2420 3720 2638 3782 suadeo,
2666 3719 2849 3772 videor
2881 3720 2964 3771 vel
3003 3729 3230 3769 nostram

1688 3811 1999 3873 utilitatem,
2051 3811 2134 3862 vel
2177 3823 2465 3877 pauperum
2517 3811 2766 3872 rogitare.
2819 3808 2872 3858 ln
2912 3822 3013 3873 quo
3050 3806 3234 3858 ordine

1690 3913 1791 3949 non
1838 3911 2018 3964 pirum
2062 3903 2144 3949 est
2187 3896 2339 3960 lucri,
2378 3897 2420 3946 si
2467 3903 2730 3946 rrscrvato
2771 3908 2896 3955 usu,
2945 3895 3233 3958 prnprietas

1690 3983 2030 4038 distrahatur.
2067 3984 2242 4050 Itaque
2270 3981 2498 4036 breviter
2519 3982 2806 4034 indicantes
2840 3981 2960 4048 quid
2983 3983 3229 4049 primunt,

1690 4073 1810 4141 quid
1839 4072 2147 4135 secundum,
2181 4069 2372 4139 quidve
2400 4071 2469 4123 sit
2497 4072 2725 4133 tertium,
2758 4070 3066 4122 electionem
3090 4069 3234 4136 judi-

1691 4163 1774 4217 cio
1809 4162 1891 4215 vel
1934 4161 2258 4230 possibilitati
2293 4160 2675 4214 reservavimus
2714 4159 3055 4213 consulentis.
3098 4158 3235 4222 Quid

1692 4254 1855 4323 magis
1881 4263 2145 4320 competat
2174 4253 2318 4321 quod
2356 4253 2648 4320 promptius
2692 4252 2855 4317 possit
2889 4250 3115 4317 impleri,
3137 4249 3236 4302 ille

1694 4345 1960 4399 insinuare
1989 4343 2255 4411 dignetur,
2279 4357 2373 4411 pro
2393 4343 2538 4410 cujus
2564 4343 2753 4394 timore
2773 4349 2825 4393 et
2847 4355 3021 4393 :ntore
3051 4354 3238 4393 conso-

85 4447 157 4491 cus
178 4441 417 4506 accessit,
469 4414 682 4494 nihilvei
705 4414 926 4494 detrahi
953 4414 1164 4506 ‘potest.
1213 4439 1591 4493 Detrimentum
1620 4414 1668 4472 Ῐ)
1694 4435 1822 4489 latio
1849 4435 1958 4501 ipsa
2008 4442 2278 4487 tractatur.
2309 4433 2565 4486 Dominus
2605 4431 2741 4493 Deus
2777 4441 2954 4484 noster
2989 4432 3237 4484 beneficia

89 4537 169 4580 non
193 4520 388 4597 recipit,
415 4529 540 4598 quia
562 4528 1115 4598 nescit‘angmentum.
1153 4528 1268 4596 Ipso
1291 4538 1343 4581 et
1368 4528 1464 4581 sibi
1496 4542 1592 4579 au-

85 4621 177 4668 ctor
193 4625 238 4669 et
258 4616 410 4683 Filio,
443 4617 566 4686 quia
583 4633 686 4673 una
710 4617 856 4686 origo
876 4625 959 4671 est
981 4626 1035 4671 et
1062 4616 1240 4680 fontis,
1265 4624 1318 4669 et
1344 4615 1589 4670 fluminis.

89 4700 148 4754 Ex
169 4701 259 4767 his,
288 4721 404 4774 qua:
444 4707 650 4775 absque
691 4704 840 4762 initio
888 4704 1104 4772 habent,
1150 4704 1448 4759 communio
1487 4713 1590 4771 est,

91 4791 335 4846 transfusio
366 4810 472 4847 non
502 4802 604 4848 est.
711 4808 713 4810 ·

144 4879 200 4935 Et
220 4883 332 4950 quia
371 4883 438 4937 de
484 4883 616 4936 Filio
657 4881 911 4952 legimus:
956 4881 1192 4954 splendor
1234 4891 1306 4936 est
1351 4881 1591 4934 claritatis

92 4964 192 5033 Dei,-
215 4974 344 5025 sicut
370 4986 638 5040 nunquam
665 4972 803 5026 Deus
839 4974 952 5026 sine
992 4973 1289 5041 splendore,
1326 4971 1398 5025 ita
1439 4971 1594 5026 Pater

93 5068 318 5124 nunquam
350 5059 450 5113 fuit
478 5060 593 5112 sine
621 5057 738 5112 Filii
765 5059 1054 5128 majestate.
1085 5061 1150 5113 Et
1169 5061 1301 5114 sicut
1327 5061 1593 5129 utriusque

91 5155 285 5209 aequam
330 5156 456 5201 sunt
503 5147 717 5200 nomina
768 5149 892 5216 (nisi
948 5151 1087 5203 enim
1129 5150 1225 5203 iste
1271 5159 1590 5214 nasceretur,

92 5229 218 5287 Pater
237 5235 319 5290 ille
360 5251 467 5289 non
512 5235 819 5304 diceretur),
864 5236 935 5291 ita
983 5251 1076 5292 eos
1120 5240 1233 5293 sine
1265 5241 1596 5306 separatione

93 5322 283 5376 concitat
302 5324 455 5376 unius
478 5323 804 5391 paternitatis
829 5324 1144 5394 antiquitas;
1175 5343 1238 5381 ex
1261 5327 1347 5380 illo
1375 5335 1475 5392 est,
1501 5329 1592 5383 sed

89 5413 315 5479 posterior
339 5414 430 5469 illo
453 5429 558 5469 non
584 5422 665 5470 est
687 5432 699 5466 :
719 5415 856 5471 sicut
875 5416 1036 5471 facies
1059 5417 1126 5471 de
1146 5419 1314 5485 capite
1341 5420 1589 5488 nascitur,

147 5534 166 5593 ἐ
193 5522 305 5580 llaec
330 5524 547 5593 cpistola
576 5525 710 5593 apud
740 5523 1003 5580 Cattisium
1031 5536 1239 5581 notatur
1269 5527 1325 5581 V.

145 5591 167 5628 "
202 5591 375 5650 Locus
388 5591 624 5650 vitiosus.

1692 4525 1744 4577 in
1775 4523 1925 4579 nobis
1950 4538 2043 4578 sua
2075 4523 2213 4577 felici
2236 4536 2297 4577 ac
2323 4522 2510 4591 placita
2538 4521 2872 4588 ,ioungitate
2902 4520 3233 4586 multiplicet,

1691 4617 1901 4671 domine
1931 4616 2163 4686 piissime
2204 4627 2256 4671 et
2301 4617 2352 4669 in
2396 4614 2608 4668 Christo
2636 4630 2844 4668 summo
2872 4615 2994 4666 mihi
3037 4617 3235 4666 honore

1693 4709 2033 4777 singulariter
2059 4708 2347 4762 excolendo
2378 4708 2470 4760 fili.

2199 4797 2525 4851 EPISTULA
2561 4797 2668 4850 Vlll
2703 4809 2748 4852 ε.

1767 4888 1988 4941 Domino
2032 4887 2426 4941 deviuctissimo
2464 4897 2524 4940 et
2547 4897 2650 4940 tota
2687 4890 2891 4955 pietatis
2919 4891 3108 4943 virtute
3138 4890 3236 4941 sin-

1697 4975 1945 5044 gulariter
1969 4976 2257 5028 excolendo
2287 4976 2430 5028 fratri
2460 4975 2673 5028 Ruricio
2702 4976 2963 5039 Faustus,

1768 5066 1996 5133 Propitia
2041 5065 2314 5120 divini'ate
2351 5068 2402 5118 in
2445 5075 2648 5120 secreto
2698 5069 2964 5135 religionis
3012 5081 3237 5131 congruo

1700 5169 1751 5213 et
1780 5157 2209 5223 tranquillissituo
2248 5157 2302 5210 in
2346 5157 2553 5211 silentio
2591 5160 2882 5222 constituti,
2922 5159 2969 5209 in
3004 5173 3103 5220 quo
3137 5157 3232 5206 Do-

1700 5246 1876 5300 minus
1921 5244 1987 5297 ad
2036 5245 2324 5313 rubiginem
2372 5247 2524 5314 longa
2582 5242 2858 5301 securitate
2911 5252 3230 5297 contractam

1697 5334 1983 5389 salutiferas
2014 5335 2132 5388 lima
2165 5337 2522 5405 castigationis
2549 5338 2838 5390 admonuit.
2891 5333 2941 5385 lu
2991 5333 3114 5395 hacr
3152 5335 3232 5384 in-

1699 5440 1876 5493 quam,
1905 5426 1992 5493 qui
2021 5434 2071 5479 et
2103 5442 2310 5494 magna,
2354 5427 2397 5481 si
2427 5441 2792 5496 agnoscamus,
2835 5424 3104 5477 vacatione
3137 5424 3231 5478 do-

1775 5542 1795 5569 ε
1835 5531 1954 5587 Hmc
1983 5533 2200 5603 epistola
2230 5533 2365 5603 apud
2395 5534 2656 5590 Canisium
2684 5543 2889 5587 notatur
2921 5530 3012 5593 Vl,
