3824 6218
635 200 737 258 εεςο
1839 201 1891 253 s.
1937 199 2174 254 FAUSTl
2212 200 2608 259 ftllEGlENSlS
3755 199 3824 276 ei

631 320 760 383 nati,
788 317 909 371 dum
943 330 1104 370 novos
1128 315 1268 369 cives
1293 313 1608 368 commercio
1655 312 1889 368 caritatis
1935 312 2160 380 acquiri-
2187 316 2235 371 Α
2261 313 2347 366 ubi
2373 314 2454 368 ille
2485 315 2786 384 magnificus
2806 317 3052 386 ﬂelcana,
3085 323 3170 390 qui
3217 325 3493 390 possessio
3527 325 3632 378 D.i
3665 312 3824 390 interi

634 423 771 473 mus,
804 407 924 460 dum
967 409 1031 461 de
1067 407 1435 474 acquisitorum
1479 404 1644 458 salute
1677 404 1994 473 gaudemus,
2027 403 2163 456 inter
2264 412 2511 469 prctatur,
2540 407 2620 458 vir
2649 421 2780 460 unus
2805 409 3023 478 mystico
3046 421 3377 478 nuncupatur
3398 413 3652 480 eloquio.
3688 403 3824 480 Eni

635 498 745 550 hrrc
786 495 934 564 positi
977 495 1141 558 bona,
1188 494 1433 562 prazsenti
1479 493 1791 547 insnltamus
1834 493 2051 557 exsilio,
2109 501 2163 546 et
2261 491 2445 560 inquit,
2475 493 2547 545 vir
2575 511 2722 557 unus,
2751 495 2850 550 hoc
2875 508 2972 562 est,
3002 513 3213 566 semper
3234 501 3398 555 idem.
3429 502 3571 566 Quia
3605 504 3766 555 nihil
3801 491 3824 576 ιζ

631 593 830 653 patrem
878 598 972 637 nos
1013 599 1112 637 non
1140 582 1412 647 amisisse,
1445 582 1536 635 sed
1574 590 1926 636 commutasse
1968 594 2161 649 cogno-
2259 593 2322 632 eo
2343 582 2627 647 apparebat
2665 583 2904 649 dubium,
2952 588 3082 641 nihil
3133 589 3347 656 duplex,
3399 591 3533 644 nihil
3587 583 3824 668 var-iuni

632 675 842 728 scimus.
874 674 999 727 Nam
1029 671 1149 726 dum
1175 673 1352 726 fideles
1376 671 1552 725 famuli
1578 672 1665 726 Dei
1689 673 1739 724 in
1762 671 2161 725 necessitatibus
2261 668 2384 720 nihil
2412 669 2693 737 diversum,
2733 674 2825 727 sed
2867 691 2982 729 cum
3027 678 3074 730 in
3126 688 3264 733 statu
3311 682 3576 734 virtutum
3628 669 3824 737 int-oml

632 767 821 818 nostris
847 764 1126 818 bonitatem
1156 777 1264 816 suae
1294 762 1588 817 devotionis
1611 771 1879 825 exercent,
1904 762 2019 814 sine
2038 761 2162 816 sede
2259 772 2414 812 cusso
2435 761 2616 814 ordine
2646 777 3057 830 permanentem,
3082 770 3379 823 accedentia
3404 771 3454 824 in
3474 761 3824 848 cotttrariuri

633 854 836 921 propria
871 866 1225 918 possessores,
1249 853 1361 904 sine
1388 851 1718 919 possessione
1745 850 2155 903 divites‘sumus.

2259 861 2362 900 non
2399 851 2837 916 commovebant;
2894 856 3155 909 mutabilia
3196 868 3429 924 tempora
3475 876 3592 913 non
3639 849 3824 927 mutal

631 942 738 996 [mo
760 956 849 994 ρος
870 941 955 1009 qui
980 940 1043 994 de
1066 951 1238 993 nostra
1264 940 1486 994 fructum
1509 938 2154 1006 accipiuntconsolatione,
2259 934 2413 998 bant;
2458 942 2552 991 nec
2591 953 2732 1002 eum,
2770 950 2826 994 ut
2854 945 3052 1011 magnis
3080 946 3357 1003 virtulibus
3395 950 3567 1004 moris
3616 960 3739 1012 est,
3785 934 3824 1012 id

631 1031 886 1096 ἀὶιιηιιιε;
933 1031 1064 1083 miro
1095 1030 1251 1082 modo
1277 1030 1635 1082 consolatores
1662 1031 1821 1082 nostri
1854 1028 1920 1081 de
1944 1043 2163 1096 panpcr-
2256 1026 2482 1080 alternas
2504 1039 2676 1095 partes
2714 1031 2844 1084 levia
2877 1047 3148 1088 ventorum
3182 1037 3341 1091 flabr‘a
3372 1042 3706 1095 versabant.
3758 1026 3824 1099 ιιι

630 1122 760 1174 culis
785 1122 1133 1188 negotiantur,
1163 1129 1216 1172 et
1246 1120 1308 1171 de
1335 1120 1511 1186 egenis
1539 1119 1677 1172 lucra
1703 1129 1946 1187 perpetui
1972 1134 2159 1174 conse-
2256 1123 2309 1168 et
2328 1115 2585 1184 sollicitus
2611 1119 2698 1172 Dei
2728 1120 2949 1175 famulus
2985 1134 3127 1177 vasta
3169 1128 3306 1179 mole
3351 1128 3470 1182 fidei
3527 1115 3824 1202 funda.th

630 1225 874 1282 qutmtur.
923 1215 1028 1281 Ego
1073 1223 1242 1266 autem
1285 1212 1418 1266 hanc
1464 1213 1681 1281 primam
1728 1215 2154 1278 munificentiam,
2257 1202 2306 1255 ίη
2331 1204 2430 1257 hcc
2459 1213 2677 1271 ιηυιηηιν
2705 1209 2913 1262 Christo
2946 1211 2994 1263 ῖη
3041 1226 3099 1265 se
3136 1224 3408 1281 ορετειηιε.
3450 1229 3734 1280 πηλίκην.
3771 1209 3824 1280 Ei

2254 1292 2403 1345 novis
2431 1308 2637 1360 semper
2656 1298 2832 1364 gratiis
2858 1298 3121 1386 induatur.
3159 1302 3209 1354 ln
3239 1316 3362 1365 agro
3393 1308 3644 1371 pectoris
3667 1292 3824 1386 plani

2255 1388 2430 1434 tentur
2457 1383 2633 1449 utilia;
2664 1387 2813 1438 noxia
2854 1383 3206 1443 succidantur.
3261 1391 3324 1444 Et
3364 1393 3487 1461 quia
3543 1383 3824 1461 milita-nd

631 1482 816 1552 gionis,
873 1496 1079 1548 proram
1117 1481 1322 1543 salutis,
1367 1480 1570 1534 Excelsi
1616 1495 1772 1533 manu
1811 1480 2151 1543 gubernante,
2252 1473 2361 1524 suis
2387 1475 2633 1541 prmcepit
2656 1491 2828 1529 sermo
2857 1479 3083 1533 divinus.
3112 1481 3256 1544 Cum,
3291 1481 3480 1549 inquit,
3517 1486 3595 1535 ad
3620 1473 3824 1552 aufugi

631 1577 905 1637 convertit,
936 1573 1070 1642 quod
1101 1583 1217 1641 post
1242 1573 1452 1625 umbras
1481 1570 1837 1624 seducentium
1869 1570 2152 1621 sanitatum

2259 1564 2578 1628 processeris,
2607 1574 2652 1616 et
2675 1566 2801 1617 inter
2830 1569 3049 1637 reliquas
3075 1572 3266 1637 prada:
3294 1573 3494 1641 petieris
3533 1575 3816 1643 virginem,

630 1675 679 1719 et
706 1665 975 1718 illusiones
1003 1662 1430 1714 transvolantium
1459 1661 1801 1725 somniorum,
1832 1673 2070 1710 mansura
2098 1667 2148 1710 et
2181 1646 2225 1704 Β
2248 1651 2498 1704 abscinde:
2519 1670 2704 1723 ungues
2732 1665 2777 1708 et
2817 1660 2973 1711 crines
2995 1664 3121 1729 ejus,
3151 1671 3198 1713 ct
3219 1663 3287 1715 ita
3311 1679 3421 1715 eam
3444 1664 3538 1715 tibi
3562 1647 3824 1736 ειηῄυςιοξ

629 1752 793 1807 solida
818 1751 1132 1816 concupivit,
1154 1762 1204 1802 et
1225 1748 1473 1814 despecto
1496 1746 1699 1798 tandem
1723 1746 1916 1798 sarculo
1943 1745 2149 1808 infelici,
2254 1741 2508 1803 capulubis
2532 1739 2703 1812 (Deut.
2739 1761 2854 1812 xxi,
2877 1746 2965 1814 η)
2989 1764 3003 1808 ;
3028 1751 3095 1800 ita
3129 1764 3223 1802 nos
3249 1750 3316 1803 ad
3347 1763 3617 1818 sanetam,
3645 1741 3824 1818 Chri-i

629 1853 791 1896 artem
819 1841 932 1907 ejus
959 1852 1194 1907 magnam
1220 1837 1408 1904 rapuit,
1440 1836 1740 1887 felicitatem
1763 1843 1814 1886 et
1847 1833 2047 1886 lucrum
2074 1834 2151 1886 sui
2255 1830 2320 1881 s:i
2354 1830 2537 1884 timore
2568 1835 2854 1899 pra'ciucti,
2888 1838 3212 1903 prudentiam
3255 1841 3462 1906 smculi,
3509 1856 3637 1908 qua:
3681 1844 3816 1893 sim-

630 1930 693 1983 de
713 1929 905 1981 mundo
934 1934 1182 1994 pereunte
1209 1923 1500 1991 acquisivit,
1530 1933 1642 1975 arte
1672 1920 1828 1983 ﬁdeli,
1865 1931 2018 1989 atque
2043 1922 2152 1974 col-
2257 1918 2398 1983 plex,
2432 1919 2748 1988 ineorrnpta,
2777 1925 3000 1985 sincera,
3035 1939 3063 1976 a
3096 1926 3202 1978 Deo
3234 1926 3370 1982 facta
3397 1937 3502 1989 est,
3533 1918 3824 1995 captivam!

630 2019 908 2072 labentium
937 2030 1109 2068 rerum
1142 2014 1254 2080 fuga
1288 2014 1610 2081 prmteriens,
1639 2027 1737 2079 qua
1768 2026 1892 2078 opes
1921 2019 2156 2066 contem-
2256 2008 2477 2075 spiritali
2515 2010 2782 2075 sapientia:
2829 2012 3223 2080 subjungamus,
3257 2030 3320 2068 ac
3357 2015 3634 2082 superﬂua
3669 2019 3812 2082 ejus.

632 1304 852 1356 Domino
898 1302 1178 1370 largiente,
1225 1303 1472 1368 percepi,
1520 1302 1655 1369 quod
1699 1302 1963 1369 piissimus
2010 1317 2158 1356 mens

632 1394 876 1447 Ruricius
900 1404 1010 1459 post
1040 1393 1158 1444 vita:
1191 1391 1342 1458 hujus
1366 1391 1675 1458 jactationes
1703 1391 1768 1444 ad
1800 1401 2002 1458 portum
2033 1391 2156 1443 reli-

633 2117 725 2176 plu
754 2123 846 2159 suo
884 2105 1139 2169 contulit,
1173 2117 1286 2170 qua:
1325 2102 1432 2168 jam
1477 2116 1572 2154 usu
1616 2116 1710 2153 suo
1751 2102 1989 2154 conferre
2027 2102 2154 2154 nihil

630 2203 887 2265 poterant.
917 2193 1058 2248 Unde
1088 2200 1279 2260 quanta
1312 2190 1505 2243 dudum
1529 2189 1797 2243 alacritate
1821 2189 2154 2242 szccnlaribus

629 2284 812 2339 studiis
842 2283 1197 2346 militavimus,
1251 2289 1391 2333 tanta
1441 2296 1580 2332 nunc
1626 2279 1904 2333 devotione
1934 2278 2156 2330 Domino
2223 2329 2228 2334 .

630 2376 935 2432 serviamus.
967 2374 1028 2426 Et
1073 2374 1188 2441 quia
1238 2386 1323 2424 me
1367 2369 1624 2423 austerius
1669 2369 1807 2434 loqui
1857 2382 2031 2420 secum
2063 2382 2155 2433 pro

631 2474 960 2534 peccatorum
1000 2462 1287 2533 curatione,
1332 2459 1496 2524 pietas
1536 2466 1708 2510 vestra
1735 2456 2072 2523 constringit,
2104 2463 2157 2509 et

631 2554 768 2606 illius
802 2549 1077 2604 sententia:
1108 2563 1209 2600 non
1249 2548 1498 2599 observat
1535 2547 1803 2609 ithdiam,
1833 2559 1947 2625 qua:
1988 2545 2111 2597 dicit
2140 2561 2152 2596 :

630 2640 803 2694 Justus
829 2640 878 2690 in
909 2637 1155 2708 principio
1180 2636 1259 2688 sui
1287 2645 1357 2688 est
1378 2643 1639 2687 accusator
1666 2632 1840 2702 (Prov.
1873 2648 2015 2696 xvut,
2046 2632 2153 2701 l7).

633 2730 888 2799 Imprimis
916 2744 1040 2796 ergo
1083 2729 1257 2793 lapsus
1299 2728 1406 2779 oris
1447 2726 1726 2792 cordisque
1768 2726 2007 2778 vitemus.
2053 2723 2154 2775 Sed

632 2823 764 2890 quod
796 2821 894 2873 oris
925 2818 1149 2872 diximus
1170 2861 1182 2882 ,
1222 2817 1265 2869 si
1293 2816 1437 2869 cordi
1468 2815 1726 2867 studueris
1755 2814 2021 2866 .adhibere
2059 2827 2155 2866 cn-

631 2911 874 2975 studiam,
921 2910 997 2960 ori
1041 2922 1140 2958 non
1186 2905 1446 2959 laborabis
1499 2906 1767 2971 imponere
1804 2904 2150 2968 disciplinam.

2252 2100 2533 2166 amputatis
2562 2100 2719 2158 vitiis.
2744 2100 3133 2169 abscindamus,
3175 2112 3229 2158 et
3255 2114 3469 2174 pectore
3493 2115 3653 2157 casta
3674 2121 3808 2158 cono

2250 2188 2517 2254 junctioue
2539 2191 2815 2244 sociemus.

2323 2284 2455 2331 Ante
2491 2280 2662 2332 omnia
2703 2280 2754 2334 in
2791 2291 3060 2348 quantum,
3104 2283 3386 2351 adjuvante
3428 2282 3564 2370 Dep.
3612 2300 3806 2353 pessu-

2254 2380 2388 2428 mus,
2436 2367 2554 2420 illas
2592 2369 2639 2420 in
2678 2371 2825 2422 nobis
2853 2371 3119 2426 debellare
3143 2387 3387 2426 curemus
3411 2367 3651 2441 quinque
3681 2388 3808 2426 aea-

2255 2470 2403 2508 suum
2449 2460 2735 2525 passiones.
2776 2460 3034 2527 Quidquid
3075 2461 3214 2513 enim
3275 2461 3598 2526 pulclirescit
3640 2464 3760 2514 visu
3785 2503 3798 2524 ,

2254 2545 2499 2609 quidquid
2550 2547 2814 2600 blanditur
2856 2548 3107 2612 odoratu,
3159 2549 3410 2618 quidquid
3465 2551 3802 2603 lenocinatur

2256 2643 2472 2700 attactu,
2492 2637 2737 2704 quidquid
2763 2638 3202 2707 duleescitgustu,
3223 2639 3474 2706 quidquid
3495 2643 3798 2706 corrumpit

2255 2723 2452 2786 auditu,
2499 2724 2608 2777 ltmc
2637 2729 2830 2786 omnia,
2876 2727 2917 2778 si
2967 2725 3051 2778 his
3096 2727 3390 2787 abutamur.
3448 2728 3800 2780 intentionem

2255 2813 2444 2865 mentis
2474 2814 2539 2865 de
2571 2814 2890 2879 spiritalibus
2919 2815 2983 2868 ad
3017 2825 3220 2870 terrena
3246 2816 3552 2869 tlevolvent.
3589 2818 3653 2869 Et
3683 2819 3800 2871 ideo

2255 2903 2389 2953 sicut
2411 2912 2557 2968 pater
2587 2902 2702 2955 fidei
2739 2902 2886 2969 (Gen.
2919 2920 3022 2970 xiv,
3051 2905 3138 2972 li)
3166 2907 3389 2974 quinque
3418 2906 3539 2960 illos
3567 2921 3724 2974 reges
3748 2907 3798 2958 in

632 2998 754 3051 Siue
778 2990 1075 3048 difficultate
1108 2993 1288 3045 ostium
1330 2992 1714 3044 circumstantiis
1762 3005 2024 3059 opponere
2058 3007 2151 3060 po-
2183 2980 2226 3042 C
2261 2991 2506 3044 trecentis
2545 2992 2724 3046 decem
2773 3001 2825 3048 et
2870 3002 2990 3048 octo
3013 3005 3044 3058 ,'
3070 2996 3320 3065 mysterio
3351 2997 3548 3050 in......
3603 2996 3798 3051 latente

632 3086 749 3140 terit
775 3083 916 3136 labiis
943 3083 1046 3135 suis
1074 3081 1193 3149 (Ps.
1224 3095 1341 3144 οη,
1371 3081 1446 3146 5).
1479 3081 1604 3134 lllud
1631 3082 1882 3150 siquidem
1915 3097 2040 3135 voce
2065 3081 2156 3135 dc-

632 3178 900 3245 promitur,
933 3175 1068 3242 quod
1101 3174 1242 3241 prius
1282 3173 1333 3225 in
1365 3171 1572 3225 officina
1604 3173 1940 3226 conscientia:
1983 3172 2158 3224 defor-

632 3275 818 3318 matur.
870 3265 978 3317 lloc
1022 3264 1252 3316 exterior
1292 3261 1482 3326 reddit,
1534 3260 1670 3327 quod
1717 3260 1877 3313 dictat
1923 3259 2154 3314 interior.

634 3356 775 3408 Mens
802 3361 1008 3406 exercet
1051 3351 1323 3417 imperium
1348 3366 1363 3413 ;
1394 3351 1572 3417 lingua
1601 3349 1925 3402 famulatum.
1950 3349 2015 3400 Et
2041 3364 2158 3415 pro-

634 3455 809 3510 pterea
838 3441 1136 3494 caelestibus
1157 3440 1438 3493 edocetnsr
1458 3439 1732 3506 colloquiis
1755 3456 1768 3488 :
1805 3438 1880 3488 Ea:
1901 3439 2157 3489 abundan-

634 3536 702 3583 tia
731 3532 890 3583 cordis
915 3546 967 3580 os
998 3529 1214 3592 loquitur
1252 3527 1461 3596 (Matth.
1499 3541 1567 3578 ιιι
1589 3564 1602 3588 ,
1633 3526 1742 3592 Si).
1775 3526 1921 3589 Quod
1953 3525 2016 3578 de
2046 3540 2158 3578 ser-

633 3635 787 3673 mone
813 3617 954 3671 nasci
977 3616 1203 3679 videtur,
1231 3615 1376 3682 prius
1397 3612 1711 3680 cogitatione
1738 3612 2046 3680 concipitur.
2096 3613 2160 3667 Ut

632 3707 737 3762 uris
766 3718 923 3759 sonus
956 3704 1160 3773 indigna
1191 3717 1292 3756 uon
1327 3700 1587 3771 proferat,
1632 3701 1836 3754 animus
1857 3700 1994 3768 justa
2028 3716 2159 3769 prm-

631 3795 803 3864 cipiat.

702 3883 767 3936 Et
787 3881 906 3951 quia
930 3881 1035 3934 duo
1061 3888 1184 3932 sunt
1205 3879 1521 3947 jejuniorum
1549 3893 1763 3946 genera,
1796 3894 1952 3930 unum
1981 3878 2160 3932 incon-

632 3954 863 4025 libentiae
889 3969 1173 4038 appetitum
1202 3982 1229 4020 a
1255 3966 1386 4020 male
1425 3966 1627 4019 blandis
1660 3966 1958 4019 deliciarum
1989 3965 2159 4018 suavi-

633 4061 822 4114 tatibus
841 4071 1104 4121 coercere,
1125 4055 1418 4108 utexterior
1439 4066 1492 4109 et
1515 4064 1755 4109 terrenus
1778 4054 1934 4108 homo
1951 4069 2158 4108 vomere

633 4149 803 4201 crucis
846 4143 1104 4199 edomitus
1156 4144 1426 4196 commoda
1477 4143 1775 4195 infirmitate
1825 4152 2154 4203 macrescat;

632 4236 847 4288 alterum
868 4231 1193 4284 abstinentiae
1217 4243 1379 4296 genus
1400 4239 1481 4281 est
1505 4231 1666 4282 multo
1689 4230 1978 4288 sublimius,
1996 4229 2159 4280 multo

2256 3080 2287 3133 d
2309 3081 2479 3145 rvicit;
2525 3084 2591 3134 ita
2626 3099 2717 3148 per
2744 3085 3056 3151 adjutorium
3083 3087 3322 3156 Domini,
3355 3099 3406 3142 et
3458 3105 3557 3156 per
3587 3105 3796 3142 crucem

2255 3183 2400 3221 suam
2435 3171 2527 3222 has
2553 3172 2776 3236 quinque
2803 3173 3165 3241 principalium
3209 3175 3456 3228 vitiorum
3496 3191 3796 3244 expugnare

2254 3258 2550 3310 studeamus
2579 3260 2872 3314 illecebras.
2906 3262 3000 3315 Per
3028 3264 3194 3316 crucis
3215 3263 3352 3314 enim
3377 3263 3686 3330 signum,“
3705 3280 3796 3331 per

2256 3361 2459 3399 suorum
2483 3349 2606 3402 Jesu
2637 3365 2848 3414 nomen,
2886 3351 3020 3416 apud
3053 3352 3262 3405 Graecos
3297 3351 3439 3403 Hera
3469 3354 3646 3408 utrius
3671 3370 3798 3420 sup-

2258 3437 2536 3502 putationis
2569 3438 2900 3504 imprimitur.
2950 3440 3149 3504 Quibus
3181 3441 3340 3493 armis
3379 3443 3617 3496 carnalia
3656 3445 3792 3498 dele-

2257 3533 2516 3577 ctamenta
2565 3535 2875 3592 superantes
2913 3529 3248 3580 merebuntur
3286 3530 3472 3584 audire
3504 3549 3517 3583 :
3569 3533 3792 3589 Vincenti

2257 3613 2387 3665 dabo
2433 3629 2665 3667 coronam
2707 3616 2835 3668 vitta.
2893 3616 2997 3670 Et:
3043 3617 3140 3682 Qui
3183 3619 3350 3670 vicerit
3393 3634 3494 3671 non
3533 3622 3736 3674 [crnitur
3765 3641 3792 3674 α

2259 3712 2413 3754 morte
2448 3704 2662 3755 secunda
2704 3705 2887 3774 (Apoc.
2920 3705 3006 3775 ιι).
3054 3706 3201 3761 Unde
3239 3707 3348 3772 ipsa
3389 3706 3542 3762 facile
3589 3719 3790 3764 terrm

2257 3789 2419 3856 despit
2437 3791 2499 3851 is,
2545 3792 2624 3845 vel
2676 3793 2954 3846 fenerantis
2994 3809 3138 3850 more
3165 3795 3465 3863 dispensat,
3507 3797 3635 3850 dum
3665 3799 3788 3850 illud

2256 3879 2448 3945 cogitas
2479 3887 2684 3945 tempus
2714 3896 2817 3949 quo
2857 3893 3143 3937 exurentur
3185 3894 3494 3952 peccatores
3537 3886 3676 3940 sicut
3719 3887 3789 3940 fe-

2257 3980 2399 4030 num,
2422 3983 2523 4036 quo
2548 3979 2829 4023 mstuantes
2858 3972 3109 4038 gehennae
3129 3972 3305 4026 furore
3333 3984 3612 4040 perpetuo,
3641 3977 3786 4044 cujus

2258 4057 2421 4120 {mnus
2462 4059 2678 4111 ascendit
2721 4060 2772 4110 in
2809 4062 2992 4112 uacula
3028 4063 3321 4114 sarculoer
3367 4065 3549 4131 (Apoc.
3577 4080 3688 4128 ml.
3713 4068 3782 4130 ῗ).

2260 4143 2319 4195 lli
2348 4143 2431 4209 qui
2471 4146 2810 4209 neglexerunt
2838 4148 3030 4209 oblata,
3083 4149 3174 4200 tali
3203 4160 3372 4202 morte
3397 4153 3708 4217 punientur;
3733 4169 3780 4206 ut

2259 4233 2334 4281 eis
2381 4231 2511 4282 mori
2558 4232 2606 4282 in
2651 4230 2834 4284 dolore
2881 4248 2987 4285 non
3030 4235 3224 4288 liceat:
3271 4237 3510 4290 morituri
3551 4241 3692 4306 vita,
3735 4253 3781 4296 et

633 4320 933 4393 pretiosius,
972 4317 1054 4369 cui
1081 4318 1219 4369 nulla
1247 4317 1609 4369 contradicere
1645 4318 1807 4383 possit
1847 4318 2143 4378 infirmitas,
2187 4314 2228 4368 D
2254 4320 2406 4371 morti
2437 4322 2548 4371 sine
2571 4321 2672 4372 line
2699 4322 2920 4375 victuri._
2958 4324 3083 4376 Dum
3115 4326 3259 4390 illud,
3304 4327 3537 4394 inquam,
3589 4339 3782 4400 tempus

633 4419 804 4464 motus
828 4405 988 4459 animi
1016 4421 1219 4473 regere,
1252 4414 1304 4458 et
1331 4405 1711 4457 irrationabiles
1739 4404 2158 4470 perturbationes

634 4500 713 4554 vel
734 4497 1120 4551 colluctantium
1144 4494 1279 4547 inter
1308 4509 1364 4547 se
1387 4495 1522 4562 cogit
1560 4495 1595 4545 ti
1636 4507 1757 4546 num
1789 4492 2055 4554 tumultus,
2083 4492 2160 4543 in-

634 4587 839 4645 terioris
864 4587 1059 4653 judicio
1096 4584 1385 4647 refrenare,
1430 4595 1482 4638 et
1521 4595 1702 4638 contra
1746 4586 2160 4652 impugnationes

632 4676 892 4734 occultas,
958 4675 1035 4726 vel
1101 4684 1277 4727 cintra
1333 4675 1649 4727 domesticos
1703 4673 1942 4726 inimicos
1995 4672 2156 4723 rixam

612 4745 908 4836 ‘quamdam
942 4763 1245 4829 irascentes,
1289 4764 1406 4815 fidei
1436 4763 1742 4815 auctoritate
1770 4768 2063 4822 conterere,
2104 4770 2156 4812 et

633 4873 724 4928 per
774 4853 1214 4908 benevolentiam.
1276 4851 1763 4914 mansuetudinem,
1813 4848 2152 4918 patientiam,

631 4943 1076 5013 tranquillitatem,
1145 4940 1234 4992 Dei
1284 4939 1559 5006 imaginem
1608 4942 1658 4993 in
1712 4940 1840 4994 facie
1895 4937 2156 4991 interioris

631 5039 914 5096 excolere:
963 5031 1110 5095 cujus
1155 5028 1312 5082 decus
1351 5045 1450 5081 non
1485 5031 1534 5082 in
1575 5033 1809 5096 corporis
1849 5047 2153 5099 personam,

632 5126 724 5183 sed
755 5124 806 5177 in
832 5119 985 5174 animi
1020 5119 1235 5169 formam
1259 5118 1466 5170 solertia
1499 5117 1708 5171 factoris
1737 5121 2017 5186 impressit,

705 5213 879 5265 Virum
901 5205 1186 5276 spiritualia
1206 5217 1257 5258 et
1285 5205 1456 5259 divina
1479 5207 1787 5274 cogitantem
1817 5203 2021 5263 tristitia
2048 5225 2148 5264 non

634 5299 856 5364 frangat,
905 5296 1082 5350 lmtitia
1123 5308 1226 5344 non
1267 5294 1510 5355 resolvat,
1546 5296 1830 5349 stabilitum
1874 5300 1925 5350 in
1970 5299 2152 5353 timore

638 5383 728 5436 llci
753 5394 929 5449 pectus
963 5381 1358 5447 magnanimitas
1384 5382 1689 5446 arqualitatis
1714 5386 1973 5449 ostendat,
2018 5397 2074 5439 ut
2105 5397 2158 5440 et

636 5470 788 5523 nubis
814 5471 1038 5538 coaptari
1067 5469 1226 5538 possit
1247 5467 1403 5523 libelli
1439 5469 1576 5522 illius
1594 5470 1793 5538 insigne
1824 5473 2156 5542 principium,

2258 4416 2378 4459 ante
2400 4407 2579 4458 oculos
2603 4417 2720 4460 tuos
2747 4410 2965 4473 provida
2995 4411 3044 4463 in
3071 4413 3295 4466 futurum
3326 4425 3506 4469 mente
3533 4415 3782 4486 disponis,

2259 4495 2322 4545 de
2344 4508 2445 4561 quo
2469 4496 2686 4560 legimus
2715 4511 2728 4547 :
2757 4495 2982 4551 lntroibo
3013 4501 3060 4552 in
3088 4501 3133 4552 da
3155 4517 3286 4553 mum
3327 4511 3466 4554 tuam
3500 4520 3614 4556 cant
3647 4506 3778 4562 halo-

2259 4584 2442 4634 caustis
2464 4583 2576 4652 (Ps.
2611 4600 2726 4649 va,
2763 4588 2847 4655 l5)
2881 4605 2893 4639 :
2927 4589 2977 4641 id
3007 4599 3110 4653 est,
3149 4592 3355 4658 quando
3383 4594 3640 4659 honorum
3663 4599 3774 4663 5pc-

2261 4689 2372 4726 rum
2404 4675 2568 4727 fructu
2609 4677 3018 4744 subsarcinatus,
3055 4690 3108 4734 et
3141 4680 3358 4748 iustitia:
3390 4683 3680 4752 insignibus
3701 4701 3776 4739 rr-

2260 4761 2703 4828 dimitusjanuam
2752 4765 2872 4817 vitm
2910 4781 3026 4819 cum
3070 4769 3337 4837 triumpho
3382 4773 3570 4826 evicta
3615 4775 3774 4828 carnis

2263 4848 2496 4902 intrabis.
2529 4850 2598 4903 De
2628 4865 2729 4914 quo
2756 4853 2973 4919 legimus
3008 4871 3018 4905 :
3064 4856 3356 4910 Adorobunt
3382 4874 3500 4912 eam
3530 4860 3650 4928 ρει
3667 4859 3772 4931 Tyri

2258 4941 2308 4992 in
2349 4940 2630 4991 muneribus
2671 4938 2782 5005 (Ps.
2814 4957 2949 5003 xuv,
2985 4942 3089 5012 l5),
3140 4944 3189 4997 id
3217 4957 3317 5011 est,
3363 4935 3554 5001 auium
3582 4948 3771 5004 Christo

2260 5030 2323 5081 de
2348 5027 2587 5095 gentibus
2616 5029 2902 5095 acquisitze,
2943 5046 3153 5084 munera
3190 5049 3291 5086 non
3321 5035 3389 5088 de
3416 5049 3516 5090 auo
3543 5035 3768 5096 “erat.

2259 5136 2374 5173 cum
2417 5120 2695 5187 gratiarum
2739 5121 2944 5175 actione
2978 5121 3237 5178 dictura:
3272 5125 3412 5182 Ecce
3454 5125 3768 5200 multiplicari

2261 5210 2508 5260 talentum
2538 5207 2672 5274 quod
2699 5208 2905 5262 dedisti.
2953 5211 3144 5280 Recipe
3183 5227 3301 5267 cum
3332 5229 3496 5272 usura
3519 5261 3535 5284 ,
3559 5215 3768 5274 domine.

2263 5298 2409 5350 fenns
2430 5307 2593 5349 tuum.
2624 5296 2732 5348 Erit
2758 5300 2892 5351 enim
2923 5308 3028 5354 tum
3066 5302 3331 5370 quoddam
3363 5305 3527 5362 dandi
3558 5315 3616 5364 et
3649 5305 3768 5362 arci~

2261 5386 2430 5452 piendi
2464 5387 2832 5438 commercium
2861 5387 2996 5441 inter
3019 5389 3283 5444 hominem
3315 5401 3370 5446 et
3400 5393 3591 5450 Deum.
3631 5395 3766 5448 [tam

2263 5473 2446 5528 afferet
2471 5473 2602 5540 quod
2631 5472 2921 5538 laboravit;
2959 5487 3011 5530 et
3040 5477 3173 5532 Deus
3221 5480 3474 5536 restituet
3509 5479 3644 5552 quod
3661 5495 3762 5548 pre-
