3824 6218
0 287 30 338 il
1203 335 1206 339 ,
1326 273 1688 330 EPISTOLrE.

2957 285 3057 338 869

0 393 194 458 hit.an
216 399 454 461 tempore
485 404 605 444 eum
628 397 836 444 sanctus
859 389 991 443 alter
1017 403 1110 456 pro
1137 389 1306 450 altero,
1332 402 1422 442 re-
1450 387 1502 446 A
1528 389 1812 444 visceribus
1841 388 2155 454 evellantur,
2188 401 2240 442 ut
2269 390 2352 444 hic
2393 390 2607 445 vulnera
2635 391 2762 458 ipsis
2802 392 2906 444 alte
2945 407 3060 448 tne-

3 486 268 549 unerandus,
293 497 492 538 corona
522 482 710 551 duplici
736 496 830 551 pro
861 489 1038 534 mutua
1076 481 1244 534 salute
1271 479 1429 535 deco-

0 577 122 640 iedus,
148 574 314 628 audire
336 572 622 627 mereberis
649 588 664 623 :
691 570 850 641 Euge,
874 587 1009 637 serue
1033 571 1156 623 bone
1173 579 1217 624 et
1243 570 1427 638 fidelis,

0 670 180 730 insuper
205 678 366 731 pauca
401 663 546 731 fuisti
574 661 758 730 ﬁdelis,
787 677 939 728 super
967 661 1125 714 multa
1159 670 1205 715 te
1242 663 1431 716 consti-

0 772 88 816 επις
113 756 224 806 intra
249 753 301 805 in
327 752 575 821 gaudium
603 751 799 804 Domini
826 753 917 805 tui.

13 846 118 897 Tunc
143 858 280 896 usum
314 840 655 910 prazsentium
701 839 752 894 in
803 849 1114 895 aeternorum
1147 840 1430 908 proprieta-

5 951 37 985 ra
62 933 279 986 transisse
321 931 630 997 miraberis,
670 939 722 985 et
755 946 850 1008 pro
889 931 1158 984 datoribus
1189 932 1289 984 tuis
1316 930 1428 998 glo-

0 1023 208 1084 rtcandus,
257 1021 555 1074 debitorem
606 1030 655 1075 te
712 1024 760 1076 el
817 1021 930 1076 fieri
975 1021 1202 1090 jocunda
1249 1035 1424 1074 rerum

1 1111 179 1164 statione
204 1109 477 1176 gaudebis.

9 1200 277 1251 lttdividuum
309 1197 474 1253 tilium
513 1205 744 1250 nostrum
781 1197 1082 1265 Leontium,
1114 1213 1428 1265 omnemque

0 1304 108 1341 tntum
156 1288 246 1356 piis
299 1289 419 1343 illos
472 1304 591 1342 cum
647 1289 930 1358 majoribus
983 1289 1068 1358 pio
1114 1292 1428 1358 sospitamus

0 1379 98 1431 licio.
127 1377 365 1431 Dominus
392 1377 530 1431 Deus
561 1387 740 1433 noster
762 1378 1012 1432 beneficia
1053 1379 1104 1432 in
1133 1380 1280 1432 vobis
1309 1393 1424 1442 sua,

0 1473 53 1523 lci
76 1481 114 1523 et
139 1471 312 1538 placita
341 1470 446 1524 sibi
479 1470 808 1538 longzevitate
838 1469 1139 1536 multiplicet
1159 1509 1173 1532 ,
1216 1469 1426 1523 domine

0 1561 274 1613 ττίιιειὶεείιηο
324 1568 378 1613 et
427 1558 537 1612 sola
589 1558 796 1626 pietatis
840 1557 1030 1610 virtute
1091 1557 1422 1625 singulariter

0 1651 175 1704 tre-lende
203 1650 378 1703 frater.
720 1696 726 1703 .

411 1737 735 1795 EPISTULA
775 1738 844 1792 IX
873 1746 919 1791 ⁸.

17 1831 190 1882 Domino
207 1827 622 1895 devinctissimo,
641 1829 835 1883 honore
851 1828 1110 1898 prmcipuo
1131 1825 1425 1895 specialiter

0 1917 196 1981 nolendo,
226 1916 443 1971 Ruricio
473 1917 580 1969 tilio
600 1916 840 1971 Faustus.

15 2004 168 2058 Gratias
211 2004 468 2069 Domino,
522 2004 610 2072 qui
659 2005 708 2057 id
763 2004 993 2074 generali
1042 2003 1428 2071 dispensatione

0 2096 116 2162 agitus
139 2102 230 2160 est,
255 2104 311 2147 ut
341 2095 486 2148 inter
508 2107 600 2148 eos
624 2109 754 2162 quos
787 2095 1017 2148 locorum
1039 2093 1311 2147 intervalla
1349 2092 1427 2146 di-

0 2185 214 2247 :riminant,
237 2184 367 2238 liber
391 2197 458 2238 ac
483 2183 643 2238 nullis
665 2183 939 2238 conclusus
958 2181 1209 2235 absentiae
1229 2179 1427 2248 legibus

0 2276 110 2326 trimus
128 2282 455 2336 commearet,
474 2271 708 2341 nihilque
732 2283 866 2327 esset
895 2280 996 2324 tam
1018 2268 1426 2338 impenetrabile,

1 2364 64 2414 aud
88 2364 251 2417 mentis
275 2363 580 2432 aspectibus
610 2377 711 2416 nOn
743 2370 981 2431 pateret;
1017 2360 1108 2414 sed
1137 2370 1229 2429 per
1258 2358 1429 2412 cordis

0 2453 144 2504 ttuitum
183 2452 298 2506 inde
325 2467 385 2507 se
414 2453 638 2506 invicem
669 2452 798 2515 cari,
834 2453 999 2521 gratia
1028 2451 1426 2512 intercurrente,

0 2541 273 2606 inspicerent,
309 2540 397 2595 ubi
428 2541 623 2595 caritas
652 2541 759 2607 ipsa
790 2540 1058 2594 consistit.

23 2631 146 2682 [labet
187 2631 438 2698 siquidem
496 2637 547 2683 et
596 2628 812 2682 interior
851 2638 1030 2682 noster
1065 2628 1244 2703 oculos
1283 2639 1428 2691 suos,

3 2721 106 2773 albus
125 2736 172 2774 se
196 2721 530 2776 conscientia:
556 2720 702 2775 testis
738 2719 1059 2788 introspicit;
1087 2718 1275 2788 quibus
1298 2718 1351 2770 in
1375 2728 1432 2770 se

0 2823 188 2864 onversus
214 2819 298 2864 aut
325 2810 718 2873 erubescenda,
757 2802 854 2862 aut
889 2808 1158 2876 gaudenda
1196 2805 1434 2861 conside-

0 2907 50 2962 et;
69 2899 221 2966 quibus
249 2899 388 2954 diem
421 2898 663 2952 ultimum
689 2898 957 2966 pervidet;
988 2897 1174 2966 quibus
1195 2895 1276 2949 vel
1305 2909 1432 2948 con-

0 2990 165 3042 eibilem
191 2990 292 3055 vel,
325 2990 433 3044 Deo
464 2987 757 3052 tribuente,
784 2986 1094 3040 laudabilem
1125 2985 1282 3039 totius
1312 2982 1430 3035 vita:

1453 1729 1500 1787 B

1528 479 1684 534 dullis
1715 479 1964 548 impressa
2005 487 2278 547 curentur,
2319 490 2375 534 ut
2410 480 2495 536 hic
2527 481 2741 535 macula:
2780 481 3061 538 invisibiles

1529 571 1824 638 diluantur,
1867 578 1924 624 ut
1951 571 2038 626 hic
2069 577 2261 626 interna
2291 571 2476 640 gaudia
2513 571 2738 625 fidelium
2769 572 3061 626 studiorum

1529 659 1709 714 labore
1759 668 2148 728 comparentur.
2206 659 2316 713 illic
2364 659 2572 728 quidem
2628 661 2732 713 vita
2787 661 3060 728 praemium

1529 748 1678 804 istius
1704 751 1830 813 erit;
1858 751 1949 804 sed
1983 759 2188 818 eportct
2217 758 2271 804 ut
2300 751 2436 804 illius
2464 751 2560 804 ista
2587 750 2655 804 sit
2683 751 2929 817 pretium.

1596 838 1832 892 Praelatis
1860 839 2032 906 itaque
2057 839 2342 906 obsequiis,
2373 854 2551 906 quasso
2579 850 2636 893 ut
2665 854 2783 892 cum
2812 855 2870 894 se
2897 840 3060 895 facul~

1530 937 1607 982 tas
1637 938 1927 995 Opportune
1953 929 2248 993 praebuerit,
2282 929 2506 996 gaudere
2546 943 2640 982 nos
2669 929 2736 982 de
2775 940 2944 982 vestra
2976 944 3058 982 so-

1527 1019 1713 1084 Spitate
1740 1032 1800 1070 ac
1829 1020 2144 1086 proprietate
2165 1018 2386 1072 faciatis.
2415 1019 2513 1072 Pro
2537 1018 2654 1071 filiis
2672 1026 2723 1071 et
2754 1018 3058 1072 diaconibus

1528 1107 1660 1160 meis
1682 1107 1870 1160 uberes
1902 1106 2070 1160 refero
2114 1108 2326 1176 gratias.
2381 1107 2651 1162 Dominam
2686 1108 2842 1162 ﬁliam
2888 1123 3056 1162 meam

1528 1195 1794 1263 religionis
1833 1197 2127 1262 speculum,
2165 1205 2218 1249 et
2258 1195 2464 1264 pietatis
2508 1196 2840 1262 exemplum,
2882 1196 3057 1250 debito

1527 1288 1668 1340 cultu
1697 1297 1973 1340 veneratus
1995 1287 2182 1340 saluto.
2217 1287 2467 1340 Dominus
2491 1287 2626 1342 Deus
2655 1296 2833 1340 noster
2860 1285 3057 1354 magni-

1528 1377 1781 1429 ficentiam
1823 1376 1949 1428 mihi
1989 1376 2274 1430 bonitatem
2319 1386 2567 1442 vestram,
2616 1385 2670 1430 et
2716 1378 3058 1444 praesentibus

1528 1467 1727 1533 rep'eat
1763 1466 1947 1530 bonis,
1985 1475 2036 1519 et
2078 1467 2283 1534 dignam
2330 1467 2515 1520 reddat
2561 1468 2803 1535 aeternis,
2848 1467 3059 1520 domine

1524 1555 1914 1611 devinctissime
1944 1565 1996 1610 et
2039 1559 2234 1610 honore
2277 1556 2539 1624 praecipuo
2577 1557 2875 1624 specialiter
2901 1571 3058 1611 exco-

1527 1647 1676 1701 lettde
1699 1647 1789 1702 iiii.

2049 1734 2370 1790 EPISTOLA
2407 1735 2453 1790 X
2481 1745 2524 1791 ο.

1595 1827 1812 1882 1)οωίηο
1856 1827 2158 1882 beatissimo
2203 1836 2255 1882 et
2295 1842 2499 1882 summo
2540 1829 2665 1881 mihi
2702 1828 2898 1882 honore
2934 1837 3054 1882 ante

1525 1934 1706 1973 omnes
1733 1920 2064 1987 singulariter
2080 1919 2384 1983 excolendo,
2409 1918 2554 1973 fratri
2585 1918 2794 1972 Ruricio
2809 1921 3054 1990 episcopo

1527 2007 1767 2062 Faustus.
1814 2041 1824 2048 -

1595 2096 1756 2150 Tanta
1786 2094 1912 2148 mihi
1940 2093 2004 2150 de
2032 2095 2190 2149 animi
2220 2097 2378 2151 vestri
2408 2096 2723 2164 benignitate
2746 2097 2929 2151 ﬁducia
2955 2107 3053 2161 est,

1527 2193 1583 2239 ut
1622 2198 1687 2238 ex
1726 2184 1839 2252 ejus
1881 2182 2024 2239 fonte
2056 2185 2337 2252 purissimo
2371 2201 2472 2239 non
2510 2186 2616 2253 jam
2660 2186 2801 2242 solus
2849 2187 3056 2239 haurire

1526 2281 1800 2328 contentus
1829 2275 1951 2336 sim,
1996 2274 2088 2328 sed
2119 2274 2253 2329 alios
2287 2290 2518 2344 quoque,
2561 2277 2648 2345 qui
2680 2277 2791 2344 ejus
2822 2293 2914 2330 usu
2949 2292 3056 2329 me-

1528 2380 1646 2419 cum
1680 2365 2005 2428 reficiantur,
2036 2364 2270 2442 invitem.
2311 2364 2605 2419 Praesertim
2635 2381 2750 2419 cum
2784 2379 3055 2435 prorogata

1531 2454 1682 2522 hujus
1710 2453 1923 2521 largitas
1952 2453 2003 2506 in
2034 2453 2231 2508 lucrum
2263 2462 2491 2508 transeat
2514 2454 2813 2523 largientis;
2841 2456 3055 2523 ejusque

1531 2541 1668 2596 bono
1689 2544 1758 2596 ita
1783 2551 2087 2596 muneretur
2111 2543 2394 2610 accipiens,
2424 2551 2480 2596 ut
2507 2557 2606 2596 non
2633 2545 2920 2598 minoretur
2961 2547 3056 2599 im-

1531 2630 1790 2697 pertiens;
1820 2638 1871 2683 et
1896 2629 1947 2683 in
1974 2644 2172 2683 morem
2205 2630 2398 2683 fenoris
2423 2631 2503 2684 sui
2544 2640 2746 2686 crescat
2794 2634 3055 2701 expensis,

1531 2720 1741 2775 domine
1797 2720 2096 2774 beatissime
2157 2729 2209 2774 et
2265 2735 2469 2776 summo
2511 2722 2639 2776 mihi
2693 2708 2893 2777 honore
2940 2733 3058 2778 ante

1530 2823 1711 2864 omnes
1738 2809 2069 2877 singulariter
2091 2810 2396 2864 escolende.

1602 2899 1690 2952 His
1719 2899 1892 2964 itaque
1921 2897 2152 2951 caritatis
2183 2899 2575 2953 inexsolubilem
2608 2900 2930 2968 pensionem,
2960 2915 3059 2968 quo

1531 2986 1777 3040 solventis
1809 2986 1970 3054 magis
2000 3000 2186 3040 census
2216 2985 2422 3050 dilatus,
2447 2987 2692 3057 exhibeo,
2714 2998 2766 3060 et
2788 2989 3059 3041 materiam

0 3079 194 3145 utetiam,
217 3086 332 3134 ante
345 3077 540 3134 animo:
559 3091 665 3130 sua:
691 3076 872 3130 faciem
899 3075 1108 3143 provida
1132 3074 1182 3126 in
1206 3072 1429 3126 futurum
1459 3055 1504 3118 Ο
1534 3072 1655 3125 boni
1681 3072 1855 3140 operis
1879 3073 2113 3139 ingerere
2139 3088 2232 3140 pro
2255 3073 2580 3126 laborantum
2606 3055 3060 3130 commendatione

1 3167 217 3232 agitatione
242 3167 499 3234 disponit,
525 3173 581 3219 et
608 3165 659 3217 in
692 3164 1019 3231 praesentiam
1050 3161 1262 3229 trepida:
1290 3160 1433 3213 solli-

3 3253 152 3307 ttudinis
179 3263 372 3323 tempus
408 3251 693 3306 reddendae
732 3251 947 3305 rationis
991 3248 1241 3312 adducit;
1286 3259 1340 3300 et
1372 3262 1432 3300 ea

5 3359 52 3394 te
75 3346 230 3409 peth
259 3344 392 3398 Deus
430 3342 753 3413 diligentibus
800 3358 850 3394 se
893 3339 941 3409 (I
975 3341 1089 3394 Cor.
1137 3354 1172 3392 tt
1195 3379 1207 3402 ,
1237 3338 1336 3405 9ο),
1381 3338 1433 3390 itt

1 3444 119 3486 ccreta
135 3434 339 3503 pectoris
363 3435 443 3488 sui
464 3433 672 3503 pagina,
702 3447 793 3501 spe
815 3431 1150 3501 imaginante,
1178 3430 1428 3498 depingit.

0 3529 93 3586 lues,
129 3534 175 3576 ut
206 3533 341 3591 puto,
383 3525 568 3578 oculos
606 3537 656 3577 et
689 3524 799 3592 ipse
840 3523 903 3575 ad
945 3519 1199 3576 tremendi
1241 3519 1434 3574 Judicis

3 3611 160 3666 tironum
183 3630 382 3684 semper
410 3614 635 3677 attollis,
664 3623 719 3668 ut
751 3614 816 3668 de
847 3623 896 3667 te
924 3613 1048 3667 illud
1079 3610 1434 3682 prepbeticum

0 3704 113 3756 nerito
162 3704 251 3759 dici
294 3706 509 3774 possit:
559 3705 816 3771 Sapientis
855 3705 984 3758 σευιὶ
1024 3706 1077 3755 in
1123 3703 1283 3769 capite
1328 3704 1435 3770 ejus
1474 3703 1489 3710 "

3 3787 96 3842 Eccl.
121 3809 168 3859 tt,
193 3795 292 3863 id).
317 3795 344 3833 δ
373 3795 501 3850 inde
525 3805 624 3858 est,
655 3797 716 3848 ab
748 3810 808 3848 eo
840 3796 974 3849 enim
1019 3794 1122 3846 illic
1158 3792 1293 3844 filius
1321 3805 1433 3842 ma-

1 3893 117 3933 tr..."
143 3883 323 3938 ditores
359 3893 498 3937 tuos.
547 3883 669 3936 Inde
711 3895 808 3946 est,
850 3884 1078 3949 inquam,
1123 3879 1260 3948 quod
1304 3893 1434 3947 prae-

0 3969 140 4021 en'iutn
185 3984 349 4025 rerum
395 3971 738 4038 relinquenda
769 3970 1030 4033 subsidia,
1083 3969 1228 4036 qttasi
1255 3967 1434 4020 avidus

0 4055 208 4124 sacratur;
234 4074 324 4129 per
353 4060 520 4128 pretia
551 4059 900 4127 captivorum,
938 4058 987 4110 in
1027 4057 1146 4109 sinu
1195 4069 1436 4108 remune-

0 4144 130 4207 atoris,
157 4147 445 4200 seminantis
472 4161 638 4209 more,
671 4146 1034 4206 commendas;
1073 4144 1138 4198 de
1170 4159 1265 4198 usu
1310 4158 1430 4212 pro-

0 4229 188 4287 trientem
215 4235 353 4297 facis.
400 4243 456 4290 et
495 4234 548 4287 in
590 4248 846 4302 perennes
892 4235 1163 4287 thesauros
1207 4232 1436 4301 peritura

0 4325 193 4376 anrert'rs.
238 4323 357 4378 inde
400 4334 484 4378 est
518 4325 652 4392 quod
684 4339 800 4378 cum
847 4323 1141 4377 fidelissima
1181 4324 1305 4377 Sara
1349 4333 1432 4376 tua

0 4404 147 4461 ubuno
179 4412 363 4469 Christi
399 4415 526 4485 jugo
562 4415 626 4467 ad
667 4429 994 4467 communem
1031 4415 1248 4468 tendens
1288 4429 1436 4468 coro-

0 4507 81 4564 .atn,
104 4508 402 4558 terrenarum
435 4505 732 4571 despectos,
771 4514 821 4557 et
860 4503 1150 4560 caelestium
1180 4504 1434 4571 competi-

0 4595 53 4644 οῖ,
69 4590 209 4644 saeculi
228 4597 549 4662 peregrinus,
574 4605 619 4646 et
639 4592 868 4647 Paradisi
895 4594 1226 4658 candidatus;
1245 4593 1437 4647 mundo

0 4672 82 4734 illic,
109 4680 180 4744 qui
195 4680 290 4749 jam
316 4698 420 4753 non
462 4682 620 4737 habet
650 4684 786 4737 unde
821 4684 1040 4752 decipiat
1085 4686 1177 4738 vel
1203 4685 1434 4750 seducat,

0 4761 88 4814 nites
112 4765 280 4823 Christi
308 4781 548 4825 secretus
573 4770 779 4835 illudis;
813 4788 928 4826 cum
962 4774 1103 4842 regni
1138 4773 1439 4826 intermina-

0 4847 67 4899 ttlis
87 4854 199 4906 socia
219 4855 450 4925 jejuniis,
499 4867 554 4911 et
594 4859 933 4924 orationibus,
974 4871 1028 4916 et
1055 4861 1272 4928 quadam
1317 4861 1434 4916 fidei

0 4945 98 4989 nstin
128 4938 312 5007 januam
358 4947 501 5010 vitm,
549 4945 629 5016 pia
674 4950 1051 5016 conjuratione,
1100 4951 1335 5018 pulsatis,
1380 4958 1437 5003 ιιι

0 5019 182 5088 δυβιίεεω
209 5035 422 5100 palmam
450 5038 518 5092 de
548 5046 722 5091 mutua
750 5039 914 5093 salute
940 5041 1176 5105 capiatis.

38 5113 112 5168 Sed
145 5119 264 5176 inter
308 5125 418 5182 haec
461 5141 646 5196 parum
693 5137 801 5191 est,
842 5129 1092 5198 quidquid
1135 5129 1332 5199 agitur,
1377 5134 1439 5181 ut

0 5211 116 5294 filiai
134 5209 418 5271 insanabiles
465 5216 551 5271 hic
592 5229 864 5282 sanentur,
907 5229 960 5272 ut
1005 5218 1435 5287 inexstinguibilis

1 5291 169 5353 ’lnishic
192 5302 560 5373 esstinguatur,
587 5312 656 5371 ,ιιι
692 5305 1051 5360 inelttctabiles
1099 5305 1437 5359 necessitates

3 5375 348 5457 “imperentur,
379 5402 434 5446 ut
458 5392 544 5446 hic
571 5402 901 5461 peccatorum
930 5395 1126 5464 sagittae
1155 5395 1219 5450 de
1249 5397 1434 5450 animae

48 5492 181 5593 illaec
203 5501 400 5567 epistola
432 5511 640 5559 netatur
665 5502 752 5557 γη
781 5501 916 5573 apud
947 5502 1232 5558 Canisium.

93 5563 229 5615 Locus
247 5569 473 5615 ῖὶιὶιιςιιι-

125 5579 229 5623 ecus
247 5579 451 5626 νιιιοευε
460 5609 474 5624 .

1533 3177 1809 3229 praesumo.
1839 3161 1968 3227 Quia
1995 3164 2089 3216 etsi
2112 3163 2512 3216 insinuationem
2539 3168 2708 3220 meant
2745 3168 2805 3219 ad
2839 3167 3061 3220 lrut-tunt

1531 3262 1760 3306 vestrum
1799 3253 2060 3320 pertinere
2102 3252 2344 3316 conﬁdo,
2384 3260 2436 3306 et
2476 3254 2590 3308 ideo
2627 3255 3059 3320 misericordiam,

1531 3358 1681 3412 quam
1712 3343 1914 3397 miseris
1941 3343 2293 3397 ecclesiastica
2317 3343 2552 3412 praebere
2579 3348 2848 3401 consuevit
2874 3347 3062 3400 bunta~

1533 3434 1688 3496 nitas,
1723 3433 1905 3486 harum
1938 3432 2197 3501 portitori,
2243 3435 2327 3501 qui
2374 3434 2422 3486 in
2466 3434 2799 3503 Lugdunensi
2850 3438 3062 3505 pertulit

1534 3523 1903 3590 captivitatem,
1946 3538 2138 3594 negare
2175 3539 2276 3578 non
2317 3526 2480 3593 potui.
2527 3524 2739 3581 Utinam
2772 3537 2872 3581 tam
2901 3530 3062 3596 possit

1535 3622 1771 3682 prompta
1812 3629 1928 3667 esse
1968 3613 2199 3667 fidelium
2240 3615 2479 3682 largitas,
2525 3629 2676 3684 quam
2719 3618 2868 3684 hujus
2910 3619 3063 3672 nimis

1535 3703 1803 3756 manifesta
1826 3704 2111 3757 necessitas
2138 3705 2253 3757 est!
2300 3704 2364 3756 Et
2391 3706 2511 3771 quia
2549 3705 2600 3758 in
2645 3720 2702 3759 se
2743 3706 3063 3773 aliquatenus

1532 3794 1840 3856 absolutus,
1885 3795 1938 3845 in
1987 3807 2148 3846 uxore
2188 3795 2268 3846 vel
2309 3794 2530 3848 filiorum
2572 3803 2775 3848 tenetur
2814 3796 3064 3848 servitute

1533 3884 1787 3947 captivus,
1814 3882 2042 3948 przelatis
2068 3879 2275 3941 officiis,
2300 3897 2477 3948 quaeso
2506 3891 2562 3934 ut
2595 3897 2793 3935 morem
2829 3882 3063 3949 benigni-

1535 3969 1655 4022 tatis
1684 3978 1892 4033 vestrae,
1924 3970 2078 4022 etiam
2120 3970 2169 4021 in
2213 3969 2368 4036 hujus
2399 3970 2758 4024 consolatione
2800 3973 3059 4034 teneatis;

1532 4068 1585 4111 et
1609 4056 1744 4124 apud
1772 4065 1892 4110 ante
1921 4056 2145 4124 positos,
2185 4070 2288 4124 quo
2317 4057 2680 4125 poposcerint,
2718 4057 2909 4111 litteris
2938 4072 3060 4127 pro-

1533 4145 1791 4215 sequaris.

1601 4233 1919 4298 Conservus,
1951 4239 2004 4284 et
2041 4233 2305 4300 praecipue
2337 4232 2623 4286 admirator
2666 4243 2862 4299 vester,
2907 4234 3063 4289 frater

1536 4338 1706 4386 meus,
1759 4320 2034 4390 presbyter
2061 4320 2340 4375 Memorius
2392 4335 2595 4375 mecum
2639 4323 3064 4379 reverentissime

1465 4391 1512 4451 Ῑ)
1535 4412 1810 4480 sospitant.
1839 4411 2083 4485 Dominus
2105 4409 2240 4463 Deus
2266 4417 2445 4464 noster
2475 4425 2759 4465 memorem
2794 4413 2893 4467 mei
2928 4414 3064 4480 piam

1536 4503 1905 4556 beatitudinem
1933 4509 2158 4556 vestram
2192 4500 2440 4554 Ecclesiae
2461 4515 2569 4554 sure
2595 4501 2910 4570 profectibus
2929 4502 3062 4557 felici

1535 4592 1864 4659 longaevitate
1885 4598 2183 4654 conservet,
2215 4589 2426 4644 domine
2457 4590 2760 4647 beatissime
2785 4601 2841 4645 et
2862 4573 3095 4645 suntme.

1536 4683 1663 4735 mihi.
1717 4681 1916 4735 honore
1965 4687 2088 4734 ante
2139 4693 2322 4732 omnes
2381 4678 2720 4747 singulariter
2775 4682 3062 4736 excolendo

1539 4771 1714 4826 frater.

2055 4855 2375 4936 sorssors
2411 4856 2479 4911 Xl
2503 4853 2550 4910 δ.

1611 4948 1827 5004 Domino
1877 4947 2211 5012 beatissimo,
2259 4947 2430 5000 debita
2480 4948 2672 5016 pietate
2711 4947 3059 5018 suspiciende.

1539 5049 1696 5105 atque
1751 5035 2032 5105 apostolica
2095 5035 2222 5091 sede
2269 5035 2606 5106 dignissimo,
2661 5039 2805 5094 fratri
2860 5038 3063 5091 Ruricio

1541 5128 1804 5196 episcopo,
1836 5124 2074 5177 Faustus.

1609 5215 1811 5271 Gratias
1851 5213 1914 5265 ad
1959 5228 2077 5276 vos,
2119 5213 2242 5269 dum
2284 5215 2433 5271 vobis
2472 5216 2538 5271 de
2579 5219 2741 5286 patria
2771 5215 3062 5282 scribinms,

1540 5306 1625 5373 qui
1655 5304 1802 5356 nobis
1834 5301 2049 5370 patriam
2085 5303 2133 5356 in
2167 5305 2581 5373 peregrinatione
2611 5305 2821 5366 fecistis,
2860 5304 2945 5372 qui
2988 5305 3063 5357 iu~

1541 5394 1741 5449 defessa
1791 5393 2101 5447 liberalitate
2161 5397 2342 5462 patria:
2395 5398 2651 5454 desideria
2704 5397 3063 5464 tetnpsrastis;

1615 5511 1636 5570 ς
1678 5499 2040 5570 Ηωςᾼθνίδῑοιβ
2067 5500 2201 5570 apud
2225 5501 2484 5555 Canisium
2509 5511 2713 5564 notatur
2745 5504 2868 5558 \‘lll.

1612 5565 1634 5604 δ
1677 5568 1824 5635 Apud
1850 5565 2117 5623 Canisiuui
2147 5579 2356 5624 notatur
2381 5572 2466 5623 lx.
