3824 6218
672 210 778 266 865

1873 214 1929 266 5.
1969 210 2208 266 FAUSTI
2249 207 2640 265 RIIEGIENSIS

671 324 776 374 vim
809 320 1083 389 quamdam
1110 319 1300 374 divinas
1332 319 1973 400 iustitia:succedentibus
2003 318 2094 370 sibi
2113 319 2200 370 be-
2227 319 2278 376 Δ
2305 315 2480 370 debito
2508 316 2650 370 ctltu
2677 318 3004 386 singulariter
3035 319 3372 375 observando
3421 320 3483 372 in
3526 319 3824 408 Christo!

668 414 870 466 neticiis
904 413 1216 468 inferentes:
1259 423 1315 466 ut
1359 413 1496 481 quod
1534 393 1785 466 intulerat
1810 411 1873 464 ad
1898 411 2194 478 castigatio-

671 515 810 564 nem,
837 509 1164 555 convertcret
1191 501 1253 554 ad
1277 501 1548 565 honorem,
1583 503 1844 554 conterret
1866 499 1929 552 ad
1960 499 2194 552 consola-

668 592 884 656 tionem,
920 599 1146 644 mutaret
1169 591 1232 645 ad
1273 592 1501 659 requiem
1532 592 1748 652 mentis;
1782 601 1952 642 nostra
1986 597 2195 656 praeter-

667 679 917 748 mitteret,
945 690 1001 734 ut
1026 691 1195 735 vestra
1224 682 1544 745 cumularet;
1577 681 1745 734 debita
1777 681 2116 742 obliviscens,
2144 691 2195 732 et

617 775 624 782 ’
669 771 810 824 lucra
859 781 1030 825 vestra
1079 772 1460 839 multiplicans;
1527 771 1660 839 apud
1715 779 1962 836 utrasque
2022 779 2195 834 tartes

669 859 1078 925 magnitudinem
1125 875 1232 913 sua:
1274 859 1519 912 bonitatis
1559 874 1827 922 exercens,
1879 873 1973 910 nos
2021 867 2195 910 vestro

666 947 1004 1016 locupletaret
1053 949 1330 1016 obsequio,
1381 965 1470 1000 vos
1528 958 1707 1000 nostro
1754 948 1943 999 dilaret
1991 946 2191 998 exsilio.

672 1037 815 1091 Unde
846 1036 1038 1090 factum
1070 1047 1150 1090 est
1175 1046 1233 1090 ut
1255 1038 1363 1104 jam
1404 1038 1453 1088 in
1486 1038 1723 1103 praesenti
1756 1035 2190 1100 benedictionem,

668 1121 956 1175 futurorum
995 1124 1304 1190 impatiens,
1344 1123 1689 1200 dispensaret,
1742 1133 1797 1176 et
1841 1121 2192 1176 fidelissimum

667 1212 923 1264 famulum
949 1227 1101 1264 suum
1125 1227 1280 1278 super
1301 1212 1670 1266 candelabrum
1693 1211 1876 1265 domus
1904 1227 2012 1266 suae
2031 1253 2044 1274 ,
2073 1227 2195 1266 coo-

666 1311 880 1368 perante
908 1301 1527 1368 misericordia.justitia,
1569 1302 1884 1363 sinceritate,
1917 1301 2194 1353 continen-

668 1388 763 1451 tia,
793 1389 1129 1457 benignitate,
1178 1390 1225 1443 id
1256 1398 1358 1453 est,
1407 1390 1710 1444 domesﬁcis
1743 1391 2191 1458 suffragatoribus,

665 1477 991 1532 snblimaret.
1041 1480 1174 1533 Ecce
1214 1479 1350 1547 quali
1399 1482 1563 1548 pretio
1604 1480 1846 1534 Ruricius
1880 1495 2027 1533 meus
2054 1495 2194 1531 sum-

667 1581 806 1618 mum
857 1568 1204 1620 sacerdotium
1242 1569 1580 1636 comparavit.
1636 1568 1783 1624 Unde
1827 1571 1970 1633 emit,
2025 1570 2190 1636 ipsum

665 1666 742 1709 est
764 1658 899 1724 quod
929 1658 1081 1724 emit;
1111 1667 1165 1713 et
1191 1658 1406 1712 testibus
1429 1659 1653 1728 propriis
1682 1660 2106 1722 acclamantibus,
2143 1661 2195 1712 in
2224 1650 2268 1707 Β

662 1762 718 1800 se
741 1747 955 1801 honoris
987 1762 1188 1809 causas,
1218 1748 1412 1815 refugis
1443 1748 1657 1802 honoris
1686 1749 1942 1801 exhibuit.
1969 1750 2191 1802 Tantum

662 1835 838 1904 itaque
865 1850 1054 1888 munus
1093 1837 1189 1889 scit
1234 1835 1284 1888 in
1325 1834 1522 1888 (ihristi
1556 1836 1765 1888 nomine
1805 1835 2066 1889 custodire
2106 1838 2191 1904 qui

662 1926 817 1978 scivit
845 1925 1138 1992 acquirere.

732 2013 925 2065 Rarum
972 2023 1142 2064 autem
1195 2015 1496 2080 portitorem
1545 2022 1780 2067 sanctum
1832 2015 2190 2082 presbyterum

663 2099 986 2152 Florentium
1016 2100 1139 2152 mibi
1167 2101 1271 2168 jam
1302 2101 1388 2154 diu
1417 2083 1701 2170 cognitum,
1733 2112 1786 2154 et
1814 2103 2065 2172 exemplis
2088 2118 2195 2156 ma-

662 2187 828 2255 gistri,
857 2201 908 2240 et
939 2203 1137 2242 morum
1177 2189 1389 2243 floribus
1424 2190 1772 2254 adornatum;
1818 2190 1902 2258 qui
1949 2206 2040 2257 pro
2077 2206 2193 2259 gero

665 2291 832 2329 mante.
884 2291 994 2330 sure
1043 2279 1369 2333 absolutione
1414 2281 1791 2346 peregrinatur,
1831 2280 2059 2340 insinuo,
2106 2280 2192 2346 qui

665 2367 791 2420 mihi
824 2378 1169 2435 opportunum
1201 2369 1455 2422 mediator
1477 2370 1712 2436 ingessit.
1737 2370 1953 2420 Omnem
1983 2369 2190 2419 domum

663 2465 689 2492 ⁸
721 2466 973 2518 nostram,
1000 2457 1229 2509 seniores
1274 2472 1391 2508 cum
1438 2457 1728 2522 junioribus
1771 2463 1988 2522 paterno
2029 2457 2190 2520 Sospi-

667 2560 836 2597 tamus
864 2544 1070 2597 affectu.
1104 2544 1348 2596 Conservi
1390 2545 1512 2607 mei,
1542 2545 1802 2597 debitores
1831 2552 1884 2597 et
1907 2544 2191 2596 admirato-

663 2649 747 2687 res
772 2634 948 2698 vestri,
974 2650 1174 2688 mecum
1200 2622 1617 2689 reverentissime
1646 2637 1920 2702 SOSpitant.
1945 2634 2192 2688 Dominus

661 2734 840 2779 noster
881 2726 1309 2793 magnificandam
1362 2727 1484 2779 milii
1534 2728 1905 2780 beatitudinem
1963 2737 2191 2781 vestram

662 2815 907 2868 Ecclesiae
934 2829 1039 2867 sure
1071 2815 1401 2882 profectibus,
1423 2817 1712 2883 nostrisque.
1741 2817 1941 2884 gaudiis
1965 2817 2190 2884 perfecta

662 2901 986 2970 lengtevitate
1013 2914 1312 2967 conservet,
1362 2903 1572 2958 domine
1621 2904 1928 2959 beatissime
1955 2949 1969 2972 ,
2013 2904 2183 2958 debita

663 2969 852 3059 pietate
909 2992 1232 3058 suSpiciende
1293 3002 1446 3059 atque
1501 2995 1784 3061 apostolica
1825 2969 1964 3048 sedet
1992 2995 2184 3063 dignis-
2211 2969 2257 3032 (ἶ

664 3080 791 3132 sime
815 3079 991 3131 frater.

985 3173 1326 3227 EPISTOLA‘I
1383 3176 1849 3230 PSEL‘DONYMAS

664 3286 705 3334 A
743 3281 926 3336 Fausto
958 3287 1021 3336 ad
1050 3286 1309 3337 Ruricium
1360 3286 1745 3357 Lemovicensetn
1793 3288 2073 3357 episcopum
2099 3289 2185 3340 sub

1022 3357 1270 3403 rariorum
1299 3356 1573 3405 nonnnibus
1599 3359 1811 3424 sciiptaa.

1162 3441 1477 3494 EPISTULA
1518 3443 1602 3494 ΧΗ
1629 3443 1677 3495 δ.

736 3553 948 3604 Domino
980 3549 1242 3616 religionis
1280 3550 1475 3603 honore
1512 3552 1720 3604 sublimi
1764 3566 1824 3606 ac
1846 3553 1962 3607 fidei
1994 3555 2189 3609 meritis

663 3637 1040 3703 tnagnilicando
1066 3639 1170 3689 ﬁlio
1196 3638 1407 3692 Ruricio
1435 3640 1667 3694 Graecus.

677 3806 681 3808 _
728 3733 928 3786 Gratias
961 3733 1192 3796 Domino,
1227 3732 1363 3801 quod
1394 3733 1511 3788 fidei
1554 3741 1738 3788 vestra:
1778 3735 2017 3790 meritum
2055 3739 2191 3792 sicut

665 3820 868 3888 proficit
896 3823 1205 3889 devotione,
1255 3823 1321 3874 ita
1365 3824 1552 3877 crescit
1595 3835 1645 3876 et
1692 3840 1873 3892 opere.
1924 3826 2188 3881 Laboran-

663 3913 784 3962 tium
818 3912 1150 3964 necessitates
1190 3912 1540 3966 sollicitudine
1573 3915 1843 3982 pravenis,
1878 3914 2191 3983 ben‘gnitate

664 3999 829 4059 foves,
859 4000 1179 4053 humanitate
1203 4010 1484 4055 sustentes.
1520 4004 1606 4055 llis
1649 4005 1786 4056 enim
1842 4004 2017 4070 rebus,
2043 4006 2189 4072 juxta

663 4090 988 4155 Apostolum,
1019 4092 1193 4154 spiritu
1232 4091 1494 4157 ferventes,
1536 4090 1749 4144 Domino
1777 4096 2060 4157 servientes,
2105 4112 2193 4163 spe

663 4179 927 4244 gaudentes
957 4180 1130 4247 (Rom.
1166 4196 1256 4245 χιι,
1294 4181 1402 4248 Η),
1452 4182 1651 4234 divinas
1679 4185 1822 4235 vobis
1867 4196 2076 4238 aeterna:
2105 4201 2190 4239 rc—

665 4267 968 4319 tributimtes
997 4269 1284 4333 acquiritis.
1315 4269 1414 4320 Sed
1456 4270 1506 4321 in
1534 4272 1850 4325 sublimitate
1895 4287 2063 4325 vestra
2097 4275 2189 4325 ista

667 4369 771 4408 non
803 4370 932 4406 nova
959 4367 1116 4418 sunt;
1152 4357 1269 4422 quia
1298 4357 1500 4409 animus
1526 4369 1697 4410 vester
1735 4360 1864 4411 sicut
1897 4360 2083 4427 plenus
2117 4369 2196 4412 est

666 4445 756 4497 Dei
794 4443 998 4512 timore,
1025 4444 1090 4494 ita
1116 4444 1294 4510 plenus
1320 4453 1398 4497 est
1420 4447 1665 4507 caritate;
1698 4447 1933 4507 caritate,
1961 4449 2189 4514 inquam,

665 4549 780 4603 qua:
802 4534 912 4586 solo
938 4550 1029 4586 usu
1060 4534 1279 4602 proficit,
1310 4546 1358 4587 et
1379 4535 1644 4603 largiendo
1667 4538 1968 4601 succrescit,
1987 4549 2037 4590 ct
2061 4552 2193 4604 pen-

665 4639 779 4678 sum
799 4624 999 4697 sciens,
1026 4632 1077 4676 et
1123 4623 1430 4677 detrimenta
1473 4640 1570 4677 non
1600 4627 1845 4678 sentiens.
1882 4626 2008 4679 Dum
2055 4630 2190 4680 enim

664 4714 993 4779 dependitur,
1020 4729 1119 4766 non
1152 4716 1495 4780 cxpenditur;
1526 4717 1615 4769 sed
1649 4718 1830 4784 magis,
1857 4719 1978 4769 dum
2003 4734 2186 4785 proro-

663 4815 831 4869 gttur,
856 4812 1098 4868 augetur;
1131 4803 1344 4868 ejusque
1367 4805 1525 4870 gratia
1562 4806 1629 4855 ita
1654 4815 1973 4864 muneratur,
1999 4807 2168 4870 perci-

669 4895 810 4958 piens
826 4911 838 4955 ;
855 4902 904 4943 et
928 4905 1026 4942 non
1045 4892 1660 4957 minoratttrimpertiens,
1677 4910 1788 4962 qua:
1803 4894 1864 4946 ad
1887 4895 2192 4948 similitudi-

666 4997 781 5033 nem
803 4979 1091 5033 Divinitatis
1107 4979 1192 5030 dat
1207 4981 1342 5045 quod
1359 4980 1529 5045 habet,
1547 4981 1800 5049 habetque
1817 4983 1948 5050 quod
1967 4983 2187 5038 dederit.

1160 5085 1619 5163 crtsromxnt
1656 5122 1705 5162 ο.

733 5223 952 5276 Domino
983 5219 1282 5273 beatissimo
1314 5232 1373 5270 ac
1399 5219 1819 5274 reverentissimo
1870 5229 2026 5286 atquc
2054 5236 2082 5274 a
2108 5237 2192 5276 me

739 5371 758 5394 ο
795 5360 948 5412 Forte
981 5371 1208 5412 uestrum.

741 5428 762 5462 ἱι
791 5432 929 5486 .\pu-l
963 5430 1225 5480 Cztttisittttt
1259 5426 1322 5479 Χ.

743 5509 756 5528 θ
797 5498 938 5555 Apud
971 5496 1228 5549 Callistum
1264 5497 1345 5548 λι.

2293 412 2445 458 trono
2474 407 2681 460 Ruricio
2701 409 2943 475 episcOpo
2969 409 3292 467 Victorinus.
3822 421 3824 464 I

2363 497 2490 550 Cum
2514 497 2884 551 beatitudinem
2917 508 3145 555 vestram
3175 502 3378 564 videre,
3440 509 3504 554 et
3561 500 3824 558 breviss

2294 595 2549 653 tempore,
2580 596 2631 639 ct
2655 603 2751 640 una
2791 597 2984 641 tantum
3019 591 3128 642 vice
3173 589 3479 643 meruerim
3510 634 3528 653 ,
3594 589 3690 641 ita
3751 591 3824 648 ιη

2293 676 2357 728 ad
2410 678 2631 744 primum
2679 689 2863 731 veStrm
2916 680 3224 748 cognitionis
3271 679 3824 747 contemplationij

2297 779 2632 833 congressum
2683 783 2867 822 sensus
2922 785 3065 823 meos
3113 771 3252 824 fonte
3295 772 3638 839 purissimo
3701 763 3824 834 best

2298 856 2520 917 pectoris
2550 857 2804 921 lntrastis,
2834 865 2909 920 ut,
2939 859 3222 924 quamlibet
3261 860 3682 931 allogninrum
3713 859 3824 916 πελ

2296 958 2407 995 rum
2439 959 2650 996 munera
2683 945 2904 1011 pretiosa
2939 963 3042 1000 non
3089 949 3311 1016 capiam,
3371 951 3786 1017 priscntiam
3822 931 3824 1000 Ῑ

2297 1044 2415 1082 men
2441 1044 2664 1085 vestram
2691 1032 2825 1085 intra
2853 1039 3040 1088 mentis
3079 1037 3337 1104 profunda
3380 1039 3757 1112 possitinarn
3795 1029 3824 1090 :l

2293 1120 2391 1173 etsi
2419 1133 2603 1175 causas
2629 1121 2874 1175 desiderii
2904 1123 3169 1179 refovendi
3195 1128 3552 1180 extrinsecus
3611 1143 3742 1177 non
3777 1127 3824 1184 at

2295 1211 2455 1279 piam,
2486 1210 2620 1265 intra
2652 1228 2734 1265 me
2767 1227 2856 1266 eas
2884 1221 3054 1268 tamen
3085 1215 3206 1267 dum
3237 1216 3433 1282 gratia
3469 1223 3712 1268 vestra:
3749 1213 3824 1282 rei

2294 1303 2489 1366 niscor,
2537 1302 2816 1353 inveniam.
2875 1301 3049 1368 Neque
3095 1303 3231 1354 enim
3279 1301 3358 1354 fas
3407 1313 3526 1365 est,
3593 1314 3664 1354 ut
3705 1304 3820 1354 hoc

2293 1393 2419 1445 illud
2448 1407 2511 1443 ex
2541 1391 2905 1445 accedentibus
2950 1401 3144 1444 tantum
3193 1393 3433 1458 requirat
3466 1393 3802 1458 adiutoriis

2292 1494 2633 1543 crementum,
2664 1479 2800 1547 quod
2825 1478 3063 1532 medullis
3089 1489 3288 1531 constat
3317 1479 3610 1532 infusum.
3675 1481 3810 1543 Quo

2295 1582 2350 1625 ut
2377 1571 2582 1634 caritas,
2613 1586 2725 1636 qua:
2753 1572 2802 1622 in
2848 1568 3134 1626 visceribus
3181 1571 3308 1621 meis
3338 1568 3450 1636 iugi
3505 1567 3824 1636 recollatiq

2292 1664 2451 1717 vestri
2472 1662 2715 1714 innovata
2738 1660 3008 1724 dulcescit,
3037 1661 3263 1713 caritatis
3293 1661 3427 1712 mihi
3477 1670 3712 1714 vestrae
3741 1660 3824 1728 vid

2292 1749 2567 1801 situttinetn
2596 1749 2939 1813 repromittat.
2967 1749 3044 1800 Ac
3067 1750 3139 1801 sic
3162 1749 3384 1802 affectus
3412 1764 3553 1817 erga
3594 1764 3714 1802 vos
3745 1749 3824 1817 uti

2292 1837 2446 1889 vestri
2480 1836 2602 1887 mihi
2627 1836 2785 1887 animi
2818 1835 3091 1903 ﬁdejussor
3115 1838 3334 1901 accedit,
3367 1851 3420 1891 et
3454 1835 3824 1905 quodammd

2290 1925 2611 1978 conscientia
2639 1924 2902 1977 interioris
2923 1925 3021 1977 mei
3053 1935 3229 1977 mutuo
3277 1927 3403 1977 mihi
3461 1939 3687 1980 vestra:
3742 1924 3824 1984 td

2291 2015 2586 2068 dilectionis
2626 2015 2868 2068 assistit:
2910 2022 3370 2082 quantumcunque
3417 2016 3562 2068 mihi
3625 2017 3704 2069 de
3739 2011 3824 2082 vol

2293 2119 2608 2174 prmsumere
2637 2105 2876 2165 debeam,
2909 2111 3133 2156 mentem
3172 2117 3362 2166 meam,
3395 2119 3526 2169 quae
3571 2113 3706 2156 toto
3755 2105 3824 2178 eri

2291 2210 2383 2248 vos
2408 2195 2598 2247 amoris
2627 2193 2815 2246 ardore
2838 2191 3042 2261 flagrat,
3067 2193 3354 2260 interrogo.
3387 2192 3555 2247 Unde
3588 2179 3824 2261 salutati

2291 2298 2406 2336 nem
2435 2283 2695 2344 deferens,
2727 2290 2778 2334 et
2807 2282 3236 2335 intercessionem
3267 2282 3591 2349 deposcens
3638 2298 3746 2349 pro
3789 2279 3824 2349 bl

2289 2386 2402 2423 rum
2428 2372 2696 2435 portitore,
2727 2370 3099 2424 insufficicntes
3122 2370 3312 2437 gratias
3352 2370 3569 2425 refero.
3637 2371 3710 2424 Et
3751 2388 3782 2438 ει

2290 2461 2547 2513 infelicem
2571 2463 2730 2524 ipsius
2760 2461 3010 2523 laborem,
3043 2476 3146 2530 quo
3176 2476 3268 2528 pro
3317 2461 3690 2514 absolutione
3741 2475 3818 2514 nx

2289 2549 2365 2600 ris
2410 2563 2502 2616 per
2548 2549 2870 2601 diversarum
2915 2549 3180 2616 regioaum
3226 2556 3307 2600 est
3344 2547 3594 2613 iactatus
3651 2548 3814 2600 exsili

2291 2650 2432 2688 mors
2461 2635 2742 2703 redempta:
2766 2636 3000 2702 protinus
3025 2639 3301 2689 subsecuta
3337 2637 3610 2694 cassavit.
3647 2648 3708 2690 et
3731 2653 3766 2687 ιι

2290 2739 2467 2776 rursus
2499 2739 2591 2790 pro
2623 2724 2737 2775 filia:
2762 2724 3116 2790 redemptione
3136 2725 3373 2775 anxietas
3398 2734 3638 2788 paterna
3667 2725 3774 2775 dist

2289 2812 2447 2875 ditur,
2478 2814 2664 2866 veSIris
2691 2829 2811 2867 eum
2863 2813 3050 2866 litteris
3099 2813 3340 2880 prosequi
3390 2828 3492 2881 pro
3533 2813 3764 2865 comula

2290 2901 2547 2954 mercedis
2572 2911 2754 2955 vestrze
2785 2901 3020 2954 ubertate
3044 2900 3288 2968 jnbeatis.

2356 2989 2475 3043 Pius
2504 2990 2755 3043 Dominus
2791 2991 3126 3043 reverendam
3172 2990 3296 3043 mihi
3341 2991 3744 3045 beatitudinem
3775 3007 3802 3043 τ

2287 3091 2444 3134 stram
2467 3082 2528 3133 ad
2553 3081 2835 3147 profectum
2867 3091 2918 3134 et
2948 3090 3186 3134 ornatum
3217 3081 3472 3134 Ecclesiae
3503 3095 3643 3146 sne,
3671 3093 3730 3134 et
3763 3097 3790 3132 ι

2285 3171 2366 3222 nis
2402 3170 2743 3238 multiplicare
2775 3170 3016 3238 dignetur
3042 3178 3094 3224 et
3129 3171 3348 3235 meritis,
3383 3169 3609 3221 domine
3664 3168 3806 3220 beati

2287 3258 2415 3311 sime
2456 3274 2516 3309 ac
2559 3259 3016 3322 reverentis~ime,
3061 3267 3214 3326 atque
3260 3273 3290 3310 a
3336 3272 3425 3309 me
3475 3258 3670 3310 debito
3715 3257 3818 3308 calt

2288 3347 2618 3414 singulariter
2646 3347 2968 3402 observande
2997 3347 3047 3399 in
3071 3348 3273 3400 Christo
3301 3356 3555 3414 patrone.

3785 2361 3824 2564 ei

3765 2564 3824 2961 ἓ

3793 3273 3824 3600 ml

3755 3862 3824 4092 rei

3593 4092 3824 4368 is

3609 4256 3744 4306 casti

3721 4368 3824 4478 Ε]

3730 4478 3824 4886 gi

3730 4793 3816 4834 m-

2776 3497 3098 3552 EPISTOLA
3125 3497 3236 3551 XIV
3267 3495 3313 3549 δ.

2360 3632 2575 3685 Domino
2598 3641 2779 3685 sancto
2801 3648 2861 3686 ac
2885 3633 3205 3697 beatissimo,
3244 3640 3298 3687 et
3337 3634 3485 3687 utnui
3531 3636 3669 3688 mihi
3711 3641 3792 3688 cui

2289 3730 2443 3789 atque
2473 3720 2674 3772 honore
2699 3720 2995 3774 venerando
3027 3723 3178 3789 patri,
3209 3730 3260 3775 et
3291 3722 3339 3773 in
3374 3719 3596 3776 Christo
3625 3722 3782 3777 Domi.

2291 3818 2510 3876 patrono
2535 3808 2743 3860 Ruricio
2766 3810 3007 3874 episcopo
3037 3817 3060 3844 ε
3081 3807 3376 3862 Turentius.

2358 3898 2565 3951 Littera:
2589 3899 2884 3950 sanctitatis
2915 3907 3100 3952 vestrae
3132 3912 3215 3952 me
3234 3897 3454 3965 spiritali
3488 3899 3614 3952 cibo
3637 3911 3754 3967 past

2291 3984 2639 4038 incitaverunt
2668 3986 2732 4038 ad
2763 4001 2907 4051 spem
2939 3986 3247 4050 futurorum,
3294 3997 3345 4038 et
3387 3986 3560 4038 verba
3607 3989 3814 4056 mlle

2293 4074 2392 4127 tica
2443 4076 2676 4128 claritate
2725 4075 2983 4128 radiantia
3013 4115 3028 4139 ,
3079 4075 3142 4127 ad
3195 4075 3558 4128 discutienda

2293 4164 2553 4226 tenebras,
2579 4164 2852 4231 purissima
2880 4165 2995 4217 luce
3021 4164 3291 4215 fulserunt.
3338 4163 3692 4228 Recognosce
3729 4165 3806 4230 ple

2297 4268 2418 4304 num
2447 4253 2680 4305 caritatis
2708 4252 2967 4318 affectum,
2997 4260 3050 4305 et
3078 4251 3428 4304 sinceritatem
3466 4253 3573 4318 pia
3609 4256 3744 4306 casti

2299 4342 2472 4392 tionis.
2504 4339 2801 4406 Amplector
2831 4325 3175 4404 eloquentiam
3209 4339 3259 4391 in
3280 4338 3476 4403 verbis,
3502 4339 3558 4391 in
3578 4353 3734 4394 uel:

2299 4426 2688 4494 perfectionem,
2720 4426 2771 4479 in
2806 4427 3024 4480 consilio
3059 4428 3295 4494 gratiam,
3346 4426 3399 4478 in
3446 4426 3624 4479 ofﬁcio
3665 4428 3720 4480 in

2296 4516 2540 4584 gentiam.
2593 4517 2642 4568 in
2690 4517 2909 4569 veritate
2958 4517 3332 4578 conszantiam,
3374 4515 3428 4568 in
3474 4513 3730 4568 admoniti

2296 4604 2567 4656 veritatem
2594 4611 2645 4656 et
2676 4603 2963 4656 scientiam.
2998 4603 3231 4655 Probatis
3260 4603 3308 4654 in
3338 4600 3586 4669 dogmate
3617 4615 3716 4656 vos

2299 4693 2466 4758 liquos
2496 4691 2874 4760 Scripturarum
2914 4693 3240 4758 interpretes,
3270 4699 3322 4744 et
3345 4689 3642 4744 divinorum
3681 4695 3820 4744 volu-

2298 4783 2492 4835 minum
2524 4789 2846 4844 tractatores,
2885 4780 3172 4834 veneranda
3202 4779 3326 4831 mihi
3358 4778 3816 4850 nomina,Cypria-

2294 4887 2448 4934 num,
2503 4871 2867 4937 Augustinum,
2922 4870 3190 4931 Hilarium,
3227 4867 3586 4934 Ambrosium,
3633 4869 3726 4923 sed
3769 4877 3818 4920 et

2294 4959 2519 5011 illustres
2549 4958 2677 5009 alios
2716 4956 2970 5009 facundiae
2998 4955 3125 5006 ﬂore
3154 4963 3466 5016 vernantes.
3508 4954 3642 5009 alios
3675 4965 3728 5010 α
3765 4955 3810 5008 il

2298 5049 2586 5102 revelandis
2632 5045 2999 5098 occultioribus
3039 5043 3326 5109 spiritales,
3370 5043 3508 5096 alios
3545 5043 3810 5098 mulcendis

2300 5139 2652 5204 imperitorum
2682 5135 2921 5188 sensibus
2951 5131 3293 5194 blandientes,
3327 5131 3466 5186 alios
3492 5134 3548 5188 in
3582 5133 3696 5189 ﬁdei
3733 5145 3806 5186 Is-

2295 5228 2524 5278 sertione
2583 5232 2886 5291 pugnantes.
2919 5217 3215 5298 'Prazteritzn
3244 5219 3630 5279 calumniatur
3661 5219 3788 5278 ιωι

2372 5359 2394 5398 δ
2417 5361 2561 5422 Apud
2592 5358 2852 5411 Canisium
2884 5355 2999 5408 XII.

2372 5440 2393 5465 '
2421 5419 2579 5489 Alias,
2609 5429 2848 5480 Tttritt'us.
2875 5423 3148 5488 Turet'tt'tts,
3177 5419 3527 5480 Taulantius.
