3824 6218
1365 222 1732 278 ΕΡῙΞΤΟιΕ.

3020 229 3120 282 866

122 340 228 393 iros
247 337 365 390 illos
394 335 756 390 admiratione
784 333 1116 401 dignissimos
1148 332 1262 385 haec
1303 336 1489 388 smcnla
1516 334 1566 393 Α
1591 334 1729 387 dicta
1755 341 1895 398 sunt,
1926 332 2202 388 desideriis
2223 333 2520 400 obsistunt;
2561 352 2708 406 rogo,
2746 345 2799 391 et
2842 351 2932 404 pt-r
2966 337 3117 392 Citri-

122 432 279 483 lerunt
301 444 317 483 :
351 443 452 495 pro
473 435 627 482 certo
647 426 934 480 doctrinam
953 424 1174 492 iunioris
1196 422 1482 486 ambirent,

125 531 169 575 te
193 518 520 572 docuerunt.
553 517 662 585 Ego
696 525 867 570 autem
894 524 1097 569 etatem
1126 529 1241 568 eam
1271 528 1375 566 non
1424 512 1490 566 de

127 608 222 660 ium
253 605 539 673 putamine
589 604 889 672 capillorum
918 640 933 664 ,
987 617 1102 667 nec,
1151 602 1286 655 sicut
1323 600 1488 654 benti-

122 704 250 750 esm
274 694 342 746 de
373 693 626 746 saeculari
655 700 864 746 auctore
887 698 1117 744 mutuata
1156 698 1236 742 est
1255 728 1269 754 ,
1299 688 1363 741 de
1402 703 1489 741 co-

122 783 241 834 trba
277 780 524 834 albentis
552 792 799 848 agnosco.
849 778 979 830 Cum
1018 777 1218 830 etiarnsi
1260 790 1359 828 non
1404 790 1489 828 es-

122 888 131 924 I
156 878 405 937 computo
436 868 788 932 senescentis,
822 882 986 921 annos
1013 868 1305 934 decrepitos
1328 861 1488 919 inem-

122 975 148 1011 n
171 973 258 1026 per
278 957 460 1012 morbi
486 959 808 1012 incrementa
833 958 1102 1011 sentirem.
1129 957 1230 1011 Sed
1258 958 1488 1010 omnium

122 1064 148 1100 ιι
173 1047 485 1113 humilitate
503 1047 752 1116 deposco,
781 1058 838 1101 ut
882 1062 976 1116 pro
1014 1048 1338 1101 correctione
1380 1062 1492 1099 tuo-

122 1151 326 1203 teorurn,
358 1151 466 1204 pro
508 1137 811 1204 inspirando
854 1137 978 1189 milti
1019 1135 1283 1214 desiderio
1322 1134 1493 1203 pmni-i

143 1240 231 1293 pro
274 1224 498 1278 Domini
551 1223 716 1278 nostri
754 1224 1142 1293 propitiatione,
1195 1223 1244 1274 in
1292 1223 1488 1275 sanctis

122 1314 480 1368 rorationibus
512 1315 832 1381 supplicetis,
879 1321 936 1366 ιιι
979 1314 1064 1380 qui
1109 1311 1173 1363 ad
1221 1309 1484 1365 vitandum

122 1417 170 1456 re
194 1403 332 1456 illius
353 1404 460 1454 vim
495 1403 548 1455 in
578 1401 865 1470 perniciosa
900 1399 1180 1467 vergentis,
1206 1405 1400 1451 rectum
1434 1405 1486 1451 et

122 1494 259 1546 tbore
285 1491 641 1560 gradiendnm
676 1492 774 1543 iter
798 1488 1092 1552 ostenditis,
1123 1496 1175 1540 et
1197 1489 1486 1555 ingressum

122 1582 247 1650 peris
271 1591 326 1634 et
379 1581 488 1648 pia:
517 1570 894 1633 emendationis
917 1577 1194 1630 obtineatis
1219 1575 1478 1638 effectum,

1590 430 1728 475 stum
1759 435 1849 475 vos
1878 420 2084 489 adjuro,
2116 430 2172 475 ut
2195 436 2278 476 me
2316 424 2464 477 vobis
2489 433 2660 477 vestra
2702 438 2909 492 semper
2955 428 3121 494 pietas

1577 518 1947 576 .reprassrntet.
1970 509 2075 564 Nec
2100 510 2364 578 patiamini
2402 519 2456 564 ut
2485 526 2579 579 pro
2620 511 2914 565 officiorum
2959 513 3121 566 tardi-

1593 606 1698 651 tate
1739 597 2006 652 caritatem
2049 599 2347 661 imminuat,
2396 607 2488 658 aut
2517 598 2734 654 oﬂ'uscet
2765 600 2975 665 oblivio,
3024 602 3117 654 sed

1589 699 1684 752 pro
1714 700 1817 749 me,
1867 687 2003 739 sicut
2052 685 2221 740 facere
2263 701 2356 741 vos
2402 698 2578 742 certus
2620 703 2754 753 sum,
2798 687 3123 744 incessanter

1590 773 1788 838 oretis;
1833 784 1886 828 et
1934 775 2136 842 quoties
2174 784 2516 842 opportunum
2561 775 2746 843 fuerit,
2786 792 2994 831 servum
3033 793 3123 832 ve-

1589 871 1751 917 strum
1780 877 1873 931 per
1893 864 2150 933 colloquia
2180 864 2468 918 litterarum
2496 866 2707 920 visitare
2728 864 3029 934 dignemini.

2088 971 2407 1026 EPISTULA
2430 971 2542 1027 XVI
2573 982 2618 1026 ο.

1656 1059 1876 1112 Domino
1901 1067 2081 1113 sancto
2106 1075 2168 1113 ac
2198 1060 2500 1114 beatissimo
2544 1070 2598 1115 et
2642 1062 2926 1130 apostolica
2970 1077 3120 1117 reve-

1585 1147 1754 1198 rentia
1780 1146 2131 1215 suscipiendo,
2165 1161 2335 1216 papae,
2372 1157 2425 1202 et
2449 1162 2566 1203 meo
2599 1150 2811 1219 speciali
2851 1150 2984 1219 apud
3014 1151 3116 1205 Do.-

1585 1233 1780 1286 ntinum
1809 1244 2028 1302 patrono
2054 1235 2266 1289 Ruricio
2291 1236 2532 1292 Sedatus.

1651 1321 1850 1376 Reiecit
1881 1337 1964 1376 me
2006 1322 2142 1377 ﬁlius
2183 1332 2381 1390 noster,
2428 1326 2669 1394 salutem,
2723 1328 3118 1385 salutationem-

1583 1425 1684 1477 que
1705 1420 1841 1464 tuam
1874 1412 2115 1467 nuntians
2141 1429 2162 1466 :
2191 1428 2283 1481 per
2310 1430 2464 1482 quem
2489 1431 2587 1484 ego
2631 1431 2758 1485 quas
2807 1433 2910 1472 non
2957 1420 3126 1474 merui

1583 1498 1817 1552 litteras?
1846 1498 1974 1554 Dedi
2004 1516 2068 1555 ex
2096 1501 2194 1556 hoc
2222 1501 2482 1556 desiderio
2520 1518 2638 1556 meo
2686 1506 3034 1573 satisfaciens,
3079 1508 3127 1560 si

1585 1588 1664 1640 vel
1688 1586 1849 1641 oi'llcii
1889 1588 1954 1642 ad
1992 1604 2084 1643 vos
2124 1591 2306 1658 pagina
2353 1592 2674 1659 perveniret.
2724 1593 2904 1647 Saluto
2951 1594 3125 1663 itaque

122 1690 129 1725 ι
154 1673 352 1725 lervore
379 1670 705 1736 disciplinr,
736 1668 828 1724 sed
856 1668 906 1722 in
945 1668 1283 1738 indulgentia:
1319 1669 1484 1722 medi«
1515 1658 1561 1718 Β
1588 1674 1888 1745 plurimum,
1911 1685 1963 1731 ει
1982 1692 2107 1746 rogo
2134 1693 2224 1746 per
2249 1658 2390 1732 tum
2415 1680 2686 1734 caritatem
2709 1696 2822 1749 qum
2856 1681 2982 1735 mihi
3029 1658 3115 1735 gif-

122 1771 148 1814 ιι
189 1759 578 1816 misericordia
625 1759 856 1816 lenitate.
905 1760 1049 1814 lianc
1095 1775 1300 1828 quoque
1341 1760 1488 1814 vobis

126 1859 170 1904 te
190 1851 498 1904 mercedem
534 1867 547 1904 :
587 1851 790 1904 debetis
816 1851 952 1904 enim
994 1850 1141 1903 fenus
1171 1850 1389 1903 Domino
1425 1849 1490 1903 de

122 1954 204 2005 iro,
233 1940 320 2006 qui
350 1939 482 1993 ﬁdei
515 1949 705 1993 vestra:
726 1941 949 1994 traditus
981 1950 1033 1993 et
1069 1939 1216 1993 vobis
1241 1939 1326 1993 illo
1347 1954 1492 1992 com-

122 2036 220 2080 tnte
247 2037 542 2096 susceptus
560 2038 658 2082 est.

122 2115 269 2182 luirite
288 2117 670 2184 desperantes,
709 2117 910 2187 arguitc
951 2118 1292 2186 negligentes,
1335 2117 1485 2170 dedi-

123 2220 230 2256 mno
255 2205 460 2272 ignave
481 2207 777 2260 securitatis
803 2206 1054 2269 excutite,
1101 2205 1307 2258 desides
1347 2205 1489 2258 exci-

131 2292 270 2345 Decet
332 2307 493 2347 ovem
541 2294 792 2362 perditam
849 2294 902 2347 in
959 2295 1190 2347 humeris
1239 2293 1346 2346 suis
1400 2295 1493 2347 bo-

134 2391 389 2449 reportare
443 2393 753 2449 pastmem,
805 2390 859 2435 et
913 2382 1279 2436 munitioribus
1331 2381 1493 2437 caulis

122 2469 236 2523 tibus
269 2470 424 2539 lupus
455 2471 731 2525 insidiatur
760 2471 1042 2525 includere.

122 2569 256 2613 totum
298 2562 693 2630 Augustinum,
742 2563 876 2615 sicut
928 2562 1236 2630 jusseratis,
1299 2562 1492 2628 inveni,

155 2665 258 2704 cum
299 2653 412 2706 filio
454 2654 723 2711 communi
770 2653 986 2722 Rustico
1028 2656 1335 2722 presbytero
1377 2668 1495 2708 esse

122 2741 246 2796 chain.
265 2743 456 2811 Opera:
485 2746 707 2812 pretium
735 2753 814 2798 est
837 2754 891 2796 ut
914 2744 1239 2797 admiremini
1268 2744 1494 2798 studium

122 2845 155 2895 i,
193 2832 322 2898 quod
366 2848 492 2902 quae
538 2833 785 2901 opuscula
840 2833 1176 2897 continebat,
1226 2833 1494 2901 hucusque

122 2921 153 2969 ri
178 2932 313 2985 sane,
334 2933 360 2958 ι
391 2922 719 2990 capitulatim
741 2924 845 2990 jam
875 2924 1062 2976 librum
1097 2924 1380 2976 traditurus
1410 2926 1492 2975 itt-

124 3043 136 3056 .
157 3006 464 3065 Cltartaceus
498 3011 627 3065 liber
654 3022 756 3077 est,
781 3023 831 3065 et
861 3013 925 3065 ad
951 3012 1217 3065 ferendam
1250 3016 1488 3079 injuriam
1516 2993 1561 3050 (ἶ

122 3110 146 3145 ιι
164 3096 298 3150 fortts
325 3116 339 3150 :
384 3101 513 3167 quia
541 3101 692 3154 citius
713 3101 913 3166 charta,
943 3104 1078 3154 sicut
1108 3103 1270 3155 nostis
1291 3141 1306 3167 ,
1343 3113 1491 3156 vetu-

134 3188 462 3252 consumitnr;
497 3189 650 3256 legite
674 3189 717 3242 si
748 3188 910 3251 lubet,
943 3197 1099 3255 atque
1141 3190 1488 3243 transcribite.

122 3287 202 3324 tero
229 3289 274 3326 ιιι
302 3285 580 3343 postquam
610 3275 756 3328 vobis
778 3276 911 3328 bene
952 3276 1189 3342 cognitus
1221 3277 1392 3342 fuerit,
1422 3276 1488 3328 ad

122 3362 180 3408 cui
206 3371 278 3413 est
326 3364 647 3432 incognitus,
699 3367 1026 3426 remittatur;
1068 3363 1187 3430 (illia
1232 3365 1493 3432 οοηίῧετε

123 3454 320 3511 gentiam
364 3469 537 3505 meam
597 3454 920 3520 lrequentata
967 3451 1286 3509 membranae
1334 3457 1490 3524 ipsius

122 3551 185 3588 ine
207 3539 434 3607 dispono.
463 3544 570 3594 Ora
601 3558 691 3607 pro
721 3559 821 3597 nte.

432 3630 760 3686 EPISTULA
791 3633 880 3685 XV
907 3631 956 3684 δ.

122 3713 246 3768 ιιιιίοο
269 3731 446 3774 sancto
499 3737 561 3774 ac
598 3721 900 3776 beatissimo
943 3731 995 3775 et
1029 3724 1309 3790 apostolica
1339 3738 1490 3778 reve-

122 3804 152 3854 ιι
175 3807 512 3875 suscipiendo,
544 3825 688 3877 papae
713 3810 921 3862 Ruricio
942 3809 1183 3863 Sedatus.

122 3891 180 3942 itis
201 3895 406 3958 credidi,
437 3903 497 3948 et
521 3911 672 3961 quam
713 3896 904 3948 habere
934 3895 1032 3948 iter
1075 3896 1224 3950 vobis
1268 3896 1492 3949 laborio—

131 3990 262 4046 esset,
286 3994 335 4033 et
361 3983 707 4034 vehementer
727 3983 898 4049 optavi
927 3992 982 4035 ut
1019 3984 1083 4035 ad
1124 3987 1487 4037 necessitatem

122 4077 155 4125 ι,
174 4080 272 4132 qua:
298 4069 377 4123 hic
403 4087 505 4124 nos
530 4071 784 4134 exhibuit,
823 4073 1069 4126 veniretis
1096 4074 1174 4126 vel
1219 4088 1308 4141 per
1335 4089 1491 4128 occa-

122 4164 198 4216 :m;
225 4164 268 4207 et
294 4157 707 4212 benedictionem
739 4168 963 4213 vestram
992 4176 1241 4222 mererer,
1275 4172 1321 4216 et
1354 4164 1492 4216 dcsi-

122 4253 177 4289 ιιιι
201 4257 464 4301 commune
491 4258 666 4300 mutuo
692 4248 966 4302 satiari-tur
993 4258 1202 4316 aspectu
1227 4267 1238 4314 ;
1287 4260 1339 4303 et
1366 4267 1488 4304 vere

122 4336 292 4392 aequam
317 4348 396 4387 me
421 4338 717 4401 praesentiae
755 4350 941 4390 vestra:
973 4353 1090 4404 spes
1121 4339 1362 4391 frustrata
1386 4349 1483 4402 est,

122 4413 204 4467 ide
235 4430 460 4476 votorum
495 4424 718 4478 culmine
742 4425 992 4493 dejectus,
1019 4436 1070 4480 et
1106 4429 1270 4491 labor,
1298 4429 1382 4496 qui
1411 4429 1487 4480 in-

122 4501 177 4564 Iil,
201 4516 246 4557 et
278 4509 511 4564 absentia
540 4511 744 4575 domus,
783 4525 836 4566 et
876 4516 1067 4577 omnia,
1114 4515 1297 4581 quibus
1339 4516 1488 4583 ξιξετί-

122 4588 335 4660 tdcccpta:
363 4600 496 4667 Spei,
529 4610 583 4652 et
607 4604 842 4654 anxietas
866 4604 1154 4653 cumulatur
1184 4604 1230 4654 in
1257 4605 1484 4654 animum

122 4689 163 4724 tm
187 4684 355 4742 pariter
379 4699 757 4741 convenerunt.
792 4692 854 4743 Et
900 4692 997 4742 scit
1045 4689 1309 4752 Dominus,
1355 4692 1491 4757 quod

122 4767 194 4820 πθδ
213 4785 550 4843 suppeterent,
580 4791 666 4833 aut
696 4797 876 4848 parere
905 4781 1194 4841 desideriis,
1226 4782 1389 4834 astatis
1417 4786 1494 4835 in-

122 4853 516 4932 titaspateretur;
564 4881 653 4922 aut
693 4872 735 4922 si
775 4879 945 4924 essent
994 4863 1251 4931 animalia,
1304 4873 1491 4937 quibus

122 4957 192 4996 tum
227 4951 307 5006 tali
346 4968 577 5026 tempore
627 4971 799 5026 posset
846 4964 1041 5013 itineris
1095 4951 1349 5026 expediri.
1391 4977 1490 5014 non

122 5041 151 5079 ¹⁸
175 5045 254 5101 θιο
279 5053 305 5090 a
330 5043 510 5099 Tolosa
539 5058 847 5110 reverterer,
875 5066 1023 5116 quam
1057 5050 1384 5102 beatitudinis
1405 5067 1494 5103 vc-

122 5128 200 5170 tet
227 5127 482 5196 singularis
514 5135 648 5187 illius
678 5139 905 5191 caritatis
945 5140 1354 5193 benedictionem
1395 5142 1490 5194 de-

122 5207 390 5270 :ratissiniam
417 5237 761 5290 promererer.
796 5226 894 5278 Sed
924 5229 1036 5293 quia
1064 5229 1170 5280 lucc
1197 5244 1307 5294 qua:
1336 5243 1489 5296 supra

149 5331 271 5410 I’nrte
293 5343 514 5410 Capitula
544 5359 703 5400 tamen
725 5354 919 5404 librum.

122 5405 256 5470 Ἀνιια
284 5405 530 5470 Cztntsimtt
564 5418 694 5469 Χιιι.

144 5469 254 5528 Αιιιιιι
277 5480 524 5536 Canisitzttt
572 5486 700 5536 XIV.

1588 1767 1777 1821 fectum
1800 1767 2256 1838 dignationemque
2285 1777 2423 1822 tuam
2459 1771 2682 1835 nuntiat,
2730 1786 2795 1824 ne
2838 1780 2889 1825 te
2930 1774 3120 1841 pigeat,

1587 1858 1793 1924 quoties
1815 1865 2183 1926 opportunum,
2203 1872 2410 1912 servum
2435 1869 2574 1912 tuum
2599 1859 2884 1914 litterarum
2909 1876 3125 1916 munero

1588 1947 1818 2002 visitare.
1843 1947 1975 2013 Quia
2007 1955 2169 2002 testor
2197 1947 2470 2001 Dominum
2493 1946 2644 2016 quod
2663 1958 2774 2015 post
2800 1951 3124 2019 prtesentiatn

1591 2045 1730 2091 tuam
1759 2038 1886 2089 nihil
1915 2037 2039 2090 mihi
2071 2038 2269 2092 dulcius
2299 2048 2400 2101 est,
2425 2054 2577 2106 quant
2604 2040 2646 2091 si
2677 2040 2986 2108 colloquium
3031 2041 3125 2093 de-

1596 2125 2024 2179 siderantissime
2050 2128 2274 2194 pietatis,
2316 2127 2396 2180 vel
2436 2128 2723 2182 litterarum
2769 2131 3122 2199 dignationem

1600 2229 1858 2268 meruero.
1889 2216 2032 2284 Rogo
2057 2218 2234 2284 etiam,
2261 2227 2311 2270 et
2334 2220 2472 2270 ontni
2499 2234 2652 2286 prece
2673 2222 2917 2286 deposco.
2943 2232 2996 2273 ut
3032 2237 3125 2287 pro

1591 2319 1696 2368 me,
1720 2306 1852 2356 sicut
1882 2304 2050 2357 facere
2081 2319 2170 2357 vos
2199 2315 2369 2358 certus
2391 2321 2525 2370 sum,
2561 2309 2674 2360 sine
2713 2311 3002 2361 cessatione
3042 2311 3119 2362 in-

1593 2392 1861 2446 tercedere
1890 2403 1941 2446 et
1988 2407 2138 2445 mare
2167 2392 2470 2461 dignemini.
2501 2394 2664 2448 Filios
2703 2408 2906 2450 nostros
2953 2406 3004 2450 et
3032 2412 3123 2450 ve-

1601 2497 1790 2536 nerans
1819 2491 1873 2535 et
1898 2483 2203 2537 desiderans
2229 2483 2416 2537 saluto.
2787 2474 2790 2478 Α

2084 2596 2404 2651 EPISTULA
2433 2597 2569 2652 XVII
2590 2593 2643 2652 δ.
2729 2639 2736 2646 .

1667 2703 1886 2757 Domino
1914 2715 2114 2772 sancto,
2142 2705 2342 2758 meritis
2375 2706 2695 2772 beatissimo,
2730 2722 2895 2776 papas,
2918 2708 3127 2765 honors

1596 2791 1734 2843 cultu
1778 2793 2142 2860 suspiciendo,
2207 2804 2361 2861 atque
2415 2795 2701 2862 apostolico
2746 2795 2878 2863 patri
2917 2797 3127 2852 domino

1595 2876 1806 2932 Ruricio
1834 2883 2079 2946 episcopo
2102 2880 2385 2933 Eufrasius.

1665 2961 1951 3020 Tadiosam
2000 2965 2241 3033 pietatem
2283 2977 2504 3021 vestram
2553 2984 2669 3024 csse
2723 2971 2862 3025 tenui
2921 2987 3128 3026 rumore

1592 3057 1842 3122 cognovi;
1890 3054 1980 3108 sed
2017 3055 2198 3109 harum
2246 3056 2476 3124 hajulum
2508 3058 2782 3124 destinavi,
2811 3069 2868 3112 ut
2893 3061 3127 3114 anxieta-

1593 3155 1695 3198 tem
1724 3159 1888 3196 meam
1928 3145 1992 3197 de
2039 3145 2336 3204 acerbitate,
2372 3147 2536 3198 nuntii
2579 3148 2822 3203 celeriter
2857 3152 3126 3204 reveletis.

1590 3233 1720 3298 Quia
1749 3234 1843 3284 scit
1873 3232 2042 3284 divina
2087 3233 2250 3300 pictis
2294 3234 2429 3302 quod
2461 3243 2514 3287 et
2542 3236 2800 3289 tristitiam
2827 3244 2880 3290 et
2908 3238 3126 3290 inﬁrmi-

1593 3331 1747 3375 tatem
1771 3330 1993 3375 vestram
2027 3338 2126 3375 non
2155 3323 2543 3392 compatientis.
2571 3325 2661 3376 sed
2695 3327 3002 3391 perferentis
3037 3327 3127 3378 do-

1592 3411 1704 3465 lore
1731 3413 2003 3479 partiripo.
2034 3411 2119 3464 Sic
2163 3413 2230 3464 ita
2257 3412 2508 3466 concedat
2542 3413 2714 3466 divina
2748 3414 3030 3478 miseratio,
3073 3423 3126 3471 ut

1593 3502 1720 3554 mihi
1755 3503 2038 3566 permultos
2062 3515 2228 3555 annos
2255 3504 2528 3557 exterioris
2568 3503 2729 3557 vestri
2775 3505 3026 3572 vigorem,
3076 3514 3126 3559 et

1590 3592 1914 3644 alacritatem
1966 3592 2178 3659 integrae
2219 3593 2454 3646 sanitatis
2504 3592 2789 3660 indulgeat.
2832 3593 2961 3659 Quia
3005 3610 3127 3648 vero

1595 3691 1715 3732 tunc
1744 3691 2040 3746 reparatum
2072 3695 2188 3733 esse
2218 3696 2300 3733 me
2329 3681 2517 3744 sentio,
2558 3681 2604 3734 si
2643 3681 2708 3734 de
2749 3684 2998 3748 sospitate
3039 3698 3127 3736 ro—

1594 3776 1700 3820 stra
1729 3769 1954 3822 celerius
1978 3780 2150 3834 optata
2179 3785 2493 3836 cognovero.

2068 3875 2385 3928 EPISTOLA
2410 3873 2567 3927 XVIII
2601 3884 2643 3926 °.

1665 3983 1885 4036 Domino
1926 3993 2106 4034 sancto
2147 3982 2481 4035 meritissimo
2522 3985 2573 4034 in
2613 3980 2805 4036 Christi
2848 3969 3119 4041 luminaria

1594 4071 1929 4138 praeferendo
1986 4078 2035 4122 ct
2099 4071 2371 4136 plurimum
2419 4069 2472 4121 in
2523 4069 2731 4124 Christo
2773 4067 3118 4129 desiderando

1591 4160 1823 4229 piissimo
1835 4159 2048 4212 domino
2069 4159 2278 4210 Ruricio
2295 4160 2540 4226 episcopo
2553 4159 2808 4213 Ctesarius
2823 4153 3115 4230 episcopus.

1662 4250 1791 4301 Dum
1821 4250 2032 4301 nimium
2065 4248 2392 4317 tribularetur
2427 4249 2631 4301 animus
2659 4264 2827 4312 meus,
2858 4265 3021 4319 quare
3053 4252 3118 4304 ad

1596 4337 1848 4405 synodum
1863 4346 2082 4388 vestram
2102 4336 2426 4401 praesentiam
2446 4349 2546 4387 non
2560 4336 2843 4388 meruimus
2859 4337 3118 4403 obtinere,

1592 4415 1799 4478 sanctus
1828 4436 1880 4478 et
1900 4425 2119 4477 domnus
2145 4438 2291 4477 meus
2308 4423 2471 4478 Verus
2495 4425 2769 4491 episcopus
2791 4426 2914 4477 mihi
2938 4425 3120 4493 digna-

1590 4522 1672 4566 tus
1703 4525 1783 4567 est
1815 4515 2007 4576 dicere,
2032 4511 2167 4580 quod
2192 4526 2282 4579 per
2295 4527 2442 4563 suum
2465 4511 2743 4563 diaconum
2767 4513 2891 4563 mihi
2917 4510 3116 4579 t.ltgate

1590 4615 1787 4658 vestras
1817 4605 2014 4657 litteras
2038 4601 2371 4662 destinasset,
2397 4613 2525 4667 quas
2551 4613 2646 4666 ego
2671 4600 2846 4651 nescio
2868 4614 2970 4667 quo
2992 4616 3117 4654 casu

1593 4707 1680 4748 aut
1709 4711 1805 4762 qua
1837 4692 2145 4759 negligentia
2170 4705 2250 4742 me
2278 4704 2380 4742 non
2421 4689 2627 4740 retineo
2660 4689 2970 4754 suscepisse.
3013 4691 3118 4745 Sed

1593 4794 1765 4837 tamen
1791 4793 1969 4834 sancto
1996 4789 2049 4833 et
2077 4781 2284 4832 domino
2315 4792 2430 4830 meo
2453 4777 2598 4830 fratri
2628 4786 2800 4830 vestro
2828 4780 3120 4835 certissimo

1591 4875 1780 4934 credo;
1812 4882 1863 4924 et
1894 4871 2028 4923 malo
2058 4869 2156 4922 hoc
2186 4867 2453 4937 portitoris
2486 4867 2813 4936 negligentia:
2842 4869 3118 4936 imputare.

1595 4965 1693 5019 Sed
1731 4964 1846 5014 licet
1871 4968 2079 5012 sanctos
2103 4968 2154 5012 et
2183 4958 2556 5012 desiderabiles
2586 4967 2786 5013 vestros
2819 4964 2994 5028 apices
3020 4963 3119 5015 mi-

1594 5053 1787 5114 seritis,
1820 5062 1993 5102 tnmen
2020 5049 2154 5100 sicut
2181 5047 2277 5114 ipsi
2318 5048 2512 5114 optime
2555 5048 2739 5116 nostis,
2765 5049 3118 5117 dignissimum

1593 5142 1752 5194 fuerat
1779 5146 1833 5189 ut
1861 5149 2133 5203 personam
2157 5134 2448 5201 dirigeretis
2474 5151 2588 5202 qua.-
2618 5136 2680 5188 ad
2708 5137 2870 5190 vicem
2895 5146 3116 5190 vestram

1591 5227 1970 5287 subzcriberet;
1996 5233 2043 5276 et
2068 5224 2204 5291 quod
2226 5227 2388 5277 sancti
2415 5227 2598 5278 fratres
2626 5226 2781 5278 vestri
2804 5233 3114 5287 statuerunt,

1675 5357 1697 5395 δ
1722 5356 1866 5418 Apud
1899 5356 2157 5406 Canisitttn
2187 5355 2299 5407 XV.

1673 5435 1692 5459 ε
1721 5429 1862 5489 Apud
1892 5424 2153 5475 Catti~i-.ttt
2179 5423 2314 5475 idem
2341 5423 2418 5474 X\
2438 5424 2518 5475 III.

1678 5492 1861 5543 fFui-lc
1895 5510 1918 5541 α
1950 5494 2186 5542 clturilatr
2218 5502 2389 5542 rostra.
