3824 6218
623 218 728 274 867

621 428 825 483 sancto,
850 432 909 471 ac
932 416 1209 488 frequenti,
1232 425 1287 473 et
1308 422 1393 487 pio
1418 415 1681 473 desiderio
1705 417 1962 472 interesse
1986 414 2166 469 volue-

620 507 737 560 ritis
776 508 1019 562 omnibus
1066 506 1316 564 fratribus
1360 508 1549 563 vestris
1575 548 1591 574 ,
1634 515 1811 562 votum
1847 513 2076 575 vestrum
2116 510 2169 557 et

619 607 851 651 sanctam
883 597 1199 653 voluntatem
1227 597 1465 667 exposui,
1497 611 1591 667 pro
1615 612 1717 667 qua
1738 611 1795 652 re
1824 593 1955 649 nihil
1987 592 2167 662 pietati

618 695 805 739 vestrae
846 688 925 740 vel
972 688 1266 755 potuimus,
1300 686 1387 741 vel
1421 686 1696 741 debuimus
1737 686 2012 752 imputare.
2061 680 2165 736 Sed

621 775 741 830 licet
773 776 1174 831 desiderabilem
1205 781 1432 831 vestram
1476 775 1807 845 praesentiain
1837 789 1940 827 non
1970 771 2168 825 habue-

616 868 816 933 rimus,
871 867 1169 923 orationum
1215 877 1391 924 tamen
1441 873 1733 920 vestrarum
1780 863 2023 932 sun‘ragia
2073 876 2168 916 nos

616 950 873 1011 meruisse
894 959 1338 1026 persentimus,et
1361 957 1483 1013 ideo
1513 958 1593 1010 his
1622 955 1781 1009 dictis
1808 953 1981 1008 saluto
1998 951 2170 1020 pluri-

621 1059 763 1098 mum
793 1044 985 1100 affectu
1014 1054 1068 1100 et
1090 1046 1314 1111 honore,
1351 1061 1455 1115 quo
1483 1045 1697 1115 dignum
1738 1052 1847 1108 est;
1884 1051 1936 1098 et
1956 1057 2084 1110 rogo
2112 1049 2170 1095 ut

615 1150 701 1190 me
735 1136 931 1190 sanctis
963 1143 1018 1189 et
1062 1135 1355 1189 illustribus
1385 1137 1628 1204 precibus
1667 1134 1822 1191 simul
1861 1136 1923 1188 ac
1965 1134 2166 1188 meritis

615 1226 837 1283 Domino
855 1223 1262 1289 commendatis,
1280 1224 1545 1295 simulque
1566 1224 1738 1278 indico
1754 1223 1934 1293 pietati
1949 1229 2162 1288 vestrae,

614 1325 669 1369 et
691 1315 812 1383 quia
838 1314 975 1369 ﬁlius
996 1325 1170 1370 vester
1198 1314 1512 1382 Eudomius,
1541 1317 1584 1371 si
1610 1313 1839 1384 potuerit
1863 1313 1963 1369 hoc
1990 1313 2168 1369 elabo-

618 1419 755 1469 rare,
778 1404 1040 1459 desiderat
1065 1420 1079 1469 ;
1106 1413 1162 1459 ut
1189 1406 1593 1475 superveniente
1616 1420 1754 1460 anno
1778 1405 1984 1461 Tolosa:
2008 1417 2167 1473 synoo

618 1508 763 1567 pum,
794 1492 1005 1548 Christo
1045 1494 1287 1565 propitio,
1320 1496 1628 1565 habeamus,
1656 1496 1769 1562 ubi,
1805 1495 1964 1551 etiam
2000 1495 2045 1549 si
2075 1507 2169 1561 po-

621 1581 796 1641 tuerit,
828 1581 1092 1651 Hispanos
1118 1584 1231 1639 vult
1256 1585 1535 1654 episcopos
1575 1584 1880 1639 convenire.
1934 1583 2000 1637 Et
2048 1582 2166 1636 ideo

621 1679 645 1706 ι
674 1686 769 1725 oro
800 1680 849 1726 te
879 1682 934 1726 ut
965 1681 1070 1727 tam
1108 1682 1291 1729 sancto
1320 1673 1585 1729 desiderio
1634 1688 1730 1728 suo
1778 1672 2031 1728 Dominus
2074 1671 2169 1725 tri-
2197 1678 2243 1738 Β

620 1759 777 1816 liuere
798 1761 1039 1831 dignetur
1061 1763 1329 1819 eﬂ'ectum.

690 1852 939 1906 Sanctum
972 1868 1098 1908 vero
1127 1860 1181 1908 et
1218 1853 1580 1910 dulcissimum
1624 1853 1837 1908 fratrem
1866 1867 2039 1908 meum
2067 1852 2166 1908 Ca-

622 1938 873 2007 pillutum.
910 1940 1295 2010 presbyterum,
1340 1951 1628 1997 amatorem
1672 1952 1725 1997 et
1768 1942 2165 2011 praedicatorem

623 2033 871 2092 vestrum,
904 2033 1094 2079 vestra:
1123 2026 1510 2092 sanctimoniae,
1536 2036 1727 2097 quanta
1754 2028 1906 2083 valeo
1937 2029 2168 2084 insinua-

620 2115 760 2170 tione
783 2116 1124 2182 commendo;
1166 2126 1219 2172 et
1244 2132 1337 2186 pro
1366 2119 1480 2188 ipso
1522 2120 1671 2175 vobis
1697 2119 1933 2189 ingentes
1960 2131 2013 2177 et
2041 2120 2169 2178 ube-

618 2218 705 2259 res
725 2206 921 2273 gratias
947 2221 1066 2275 ago,
1098 2207 1219 2276 quia
1247 2217 1499 2278 quantum
1534 2208 1648 2279 ipse
1682 2210 1929 2278 asseruit,
1962 2218 2164 2266 tantum

616 2307 675 2347 se
701 2295 839 2349 circa
878 2294 1025 2349 illum
1073 2293 1330 2364 impendit
1372 2296 1457 2367 pia
1485 2306 1538 2353 et
1568 2297 1775 2353 sincera
1799 2298 2163 2355 benevolentia

619 2396 792 2440 vestra
823 2428 838 2452 ,
898 2393 954 2440 ut
1005 2386 1107 2441 hoc
1150 2386 1325 2441 nullus
1370 2386 1640 2442 hominum
1674 2388 1837 2455 possit
1878 2403 2162 2457 exponere.

619 2474 767 2528 Nunc
794 2488 921 2541 ergo
950 2474 1072 2543 quia
1099 2489 1194 2543 pro
1225 2483 1404 2529 vestro
1437 2475 1700 2530 desiderio
1735 2486 1963 2531 aestuans
1999 2478 2168 2546 pieta-

618 2576 723 2619 tem
749 2574 976 2619 vestram
1002 2565 1240 2633 expetiit,
1262 2566 1476 2635 dignum
1501 2565 1729 2635 iudicavi
1748 2608 1751 2613 η
1770 2575 1828 2620 ut
1872 2582 1963 2636 per
1993 2568 2163 2638 ipsum

619 2653 928 2708 humilitatis
976 2654 1181 2710 litteras
1226 2654 1582 2722 destinarem,
1632 2672 1735 2727 quo
1781 2668 2077 2725 remeante,
2120 2661 2164 2713 si

615 2746 857 2800 Christus
879 2746 1141 2812 annuerit,
1174 2747 1347 2817 apices
1373 2757 1599 2816 vestros,
1626 2751 1773 2819 quasi
1801 2751 2015 2806 caeleste
2045 2767 2162 2806 mu-

618 2850 715 2890 nus
741 2836 983 2892 desidero
1009 2838 1321 2905 promereri.
1346 2838 1449 2893 Ora
1477 2854 1572 2909 pro
1598 2855 1702 2896 me.
1796 2904 1799 2909 _

1134 3011 1462 3069 EPISTULA
1500 3014 1638 3069 XIX.

686 3163 712 3205 ιτ
742 3164 963 3218 Domino
991 3172 1173 3219 sancto
1202 3178 1263 3218 ac
1299 3163 1604 3219 beatissimo
1626 3172 1679 3220 et
1705 3167 1988 3236 apostolica
2016 3182 2164 3224 reve-

683 3308 709 3336 ι
735 3297 888 3352 Forte
912 3308 1071 3353 orate.

682 3366 712 3404 ι»
754 3368 983 3435 Epistula
1011 3368 1075 3420 a’d
1104 3381 1261 3435 quam
1292 3366 1378 3421 hic
1421 3367 1704 3435 respondet
1744 3368 1965 3425 Sedatus
1992 3383 2169 3426 exstat

617 3436 883 3556 iniguricii
909 3436 1258 3504 Epistolarum
1285 3436 1376 3489 lib.
1414 3450 1484 3499 tt,
1522 3437 1679 3503 epist.
1723 3435 1824 3501 5i,
1866 3452 2023 3507 supra
2059 3441 2162 3494 col.

691 3583 712 3610 ε
739 3571 916 3645 Codex
959 3585 1059 3625 ms.
1088 3570 1199 3645 haec
1227 3571 1342 3626 sine
1369 3571 1475 3625 ulla
1501 3570 1853 3645 distinctione
1880 3574 2164 3645 coniungit.

618 3640 731 3709 Ego
775 3642 990 3709 sejungo
1020 3651 1071 3694 et
1099 3640 1338 3693 lacunam
1388 3638 1531 3695 nato'.
1584 3640 1713 3694 Nam
1744 3643 1811 3696 ab
1840 3641 1938 3695 hoc
1968 3638 2162 3709 verbo,

617 3715 799 3780 quique
822 3712 1006 3775 etiam,
1032 3724 1205 3780 usque
1229 3709 1293 3780 ad
1321 3710 1476 3764 linem
1506 3709 1659 3778 hujus
1683 3712 1921 3779 epistola:
1941 3753 1955 3778 ,
1990 3716 2165 3769 omnia

616 3778 682 3833 ad
710 3778 921 3834 verbum
949 3784 1070 3851 sunt
1096 3778 1298 3851 Sidonii
1345 3780 1410 3833 ad
1457 3778 1757 3851 Hecdicium
1793 3780 1881 3851 lib.
1912 3795 1979 3847 tt,
2009 3785 2163 3851 epist.

621 3851 673 3913 l,
706 3866 819 3917 quae
859 3851 933 3901 sic
976 3850 1156 3915 incipit
1187 3866 1201 3899 :
1236 3848 1347 3901 Duo
1377 3865 1507 3902 nunc
1528 3850 1715 3917 pariter
1743 3850 1879 3902 mala
1922 3848 2165 3909 sustinent

616 3920 820 3972 Arverni
847 3921 937 3970 tui.
974 3918 1252 3979 Quanam?
1294 3919 1476 3987 inquis.
1522 3918 1850 3972 Prmentiam
1891 3921 2163 3986 Seronati,

616 4000 660 4041 et
687 3989 957 4061 absentiam
985 4000 1140 4061 ruant.
1175 3987 1405 4061 Seronati
1425 4028 1439 4051 ,
1472 3989 1789 4061 inquam,de
1812 3990 1952 4056 cujus
1980 4002 2035 4043 ut
2064 3994 2168 4061 pri-

616 4074 749 4109 mum
798 4059 944 4107 etiam
985 4058 1184 4109 nomine
1227 4057 1450 4127 loquar;
1491 4059 1563 4110 sic
1602 4058 1724 4109 milii
1769 4061 1980 4123 videtur,
2024 4057 2168 4127 quasi

615 4128 824 4194 prrescia
864 4127 1147 4194 futurorum
1194 4128 1368 4178 lusisse
1409 4126 1647 4193 fortuna,
1690 4128 1837 4179 sicuti
1875 4143 1935 4179 ea:
1962 4126 2167 4183 adverso

616 4200 827 4262 majores
868 4196 1023 4246 nostri
1062 4194 1237 4258 praelia
1262 4234 1276 4259 ,
1321 4198 1498 4261 quibus
1537 4194 1663 4246 nihil
1692 4206 1760 4247 est
1790 4197 1997 4263 fmziins,
2040 4199 2167 4250 bella

620 4264 849 4315 dixerunt
881 4279 897 4314 :
928 4264 1109 4331 quique
1152 4264 1298 4312 etiam
1329 4265 1438 4331 pari
1463 4266 1846 4331 contrarietate,
1880 4266 1983 4328 fata
2007 4306 2020 4327 ,
2051 4267 2167 4331 quia

618 4346 717 4381 non
757 4340 1039 4395 parcerent,
1076 4328 1261 4379 Parcas
1306 4330 1595 4380 vocitavere.
1632 4328 1827 4393 Rediit,
1859 4341 1912 4383 et
1940 4328 2127 4386 caetera
2149 4373 2163 4397 ,

618 4414 735 4464 qua:
768 4411 931 4463 usque
958 4398 1021 4447 ad
1050 4397 1207 4447 linem
1259 4398 1309 4447 in
1351 4411 1447 4448 ms.
1498 4404 1636 4448 sunt.
1679 4399 1950 4459 Quomodo
1993 4408 2165 4454 autem

619 4468 700 4518 hie
731 4481 878 4517 error
909 4466 1214 4533 contigerit,
1248 4474 1304 4517 ut
1349 4479 1466 4532 pars
1491 4466 1728 4533 epistolae
1757 4466 1933 4519 Sedati
1963 4469 2027 4519 ad
2058 4470 2168 4520 llu-

619 4536 826 4614 riciunt,
860 4542 909 4586 et
924 4548 1051 4625 Ipars
1070 4534 1303 4600 epistolae
1328 4534 1525 4625 Sidonii
1555 4534 1618 4615 ad
1660 4534 1960 4625 Hecdicium
1984 4538 2049 4625 ai)
2073 4552 2168 4625 er-
2190 4566 2240 4625 Β

620 4605 875 4671 scriptore
924 4604 1005 4657 hic
1048 4618 1321 4670 perperam
1353 4605 1459 4658 sint
1494 4604 1805 4672 conjunCta,
1855 4620 1958 4658 non
2010 4604 2162 4659 facile

620 4688 891 4740 assequor,
937 4674 1033 4725 nisi
1082 4674 1263 4743 scriba.
1299 4674 1551 4743 inciderit;
1578 4673 1631 4726 in
1675 4675 1907 4728 codicem
1958 4674 2008 4727 in
2056 4690 2160 4743 quo

620 4745 837 4810 pagellze
878 4746 1113 4811 quaedam
1160 4741 1492 4796 exciderunt.
1524 4741 1815 4813 Contigisse
1858 4752 2029 4813 autem
2075 4741 2160 4797 hic

622 4813 776 4865 talem
807 4826 1036 4863 errorem
1068 4819 1208 4879 patet
1237 4826 1297 4865 ex
1329 4812 1661 4880 epistolarinn
1696 4815 1867 4867 indice
1910 4816 1958 4866 in
1990 4812 2161 4867 fronte

622 4880 772 4944 lihri,
804 4881 886 4932 ubi
920 4894 1034 4947 pom
1076 4882 1210 4934 hanc
1247 4882 1521 4949 epistolam
1564 4880 1745 4935 Sedati
1780 4883 1844 4935 ad
1893 4882 2158 4936 Ruricium

622 4958 867 5002 notantur
905 4950 1062 5003 varia:
1108 4951 1344 5019 epistolae
1386 4950 1619 5013 Sidonii,
1658 4966 1875 5019 quarum
1920 4954 2060 5004 nulla
2105 4951 2157 5004 in

622 5032 721 5071 ms.
743 5019 924 5073 codice
951 5020 1143 5087 scripta
1172 5027 1272 5072 est.
1302 5018 1459 5073 Index
1482 5020 1620 5073 enim
1651 5018 1749 5076 hoc
1772 5021 1926 5076 modo
1953 5020 2111 5075 habet
2140 5037 2155 5075 :

760 5126 991 5193 Epistula
1016 5126 1191 5182 Sedati
1216 5127 1283 5179 ad
1305 5125 1589 5180 Ruricium.

762 5196 995 5265 Epistula
1022 5196 1225 5249 Sidonii
1238 5196 1311 5265 9d
1332 5196 1699 5253 Constantium.

762 5264 874 5317 Alia
904 5265 1101 5319 Sidonii
1130 5266 1195 5316 ad
1228 5264 1511 5317 Eucerium.

762 5334 874 5384 Alia
904 5334 1102 5387 Sidonii
1132 5335 1197 5385 ad
1226 5332 1541 5388 Tetradiunt.

764 5401 879 5455 Alia
908 5402 1105 5456 Sidonii
1127 5404 1191 5453 ad
1215 5402 1475 5470 Asperum.

766 5470 846 5521 ΑΙ.
878 5470 1074 5524 Sidonii
1100 5472 1165 5523 ad
1193 5470 1481 5522 Proculum.

764 5538 849 5592 At.
879 5540 1077 5594 Sidonii
1103 5543 1165 5593 ad
1196 5540 1514 5593 Damnatum.

1818 213 1879 273 s.
1922 210 2163 269 FAUSTI
2204 209 2600 266 unanimus
3776 208 3794 273 ε

620 336 675 387 in
704 342 929 398 persona
951 336 1122 384 vestra
1152 327 1475 383 ﬁrmaretur.
1527 326 1632 383 Sed
1674 325 1795 397 quia
1842 326 1966 382 novi
2006 339 2166 395 quam
2194 328 2245 388 Α
2267 326 2433 379 rentia
2482 320 2813 391 suscipiendo
2837 320 3049 380 domino
3070 332 3122 381 et
3144 340 3293 397 papa
3322 322 3593 380 Ruricio
3621 320 3794 398 opimi

2188 3029 2231 3090 Ο
2266 2998 2503 3090 nino..."

2268 413 2492 471 Sedatus
2518 414 2815 482 episcopus.

2339 504 2541 573 Equum
2590 518 2744 572 quem
2773 518 2867 574 per
2910 505 3122 560 fratrem
3160 514 3421 560 nostrum
3488 502 3794 575 presbyteri

2267 594 2647 657 transmisistis,‘
2670 594 2868 663 accepi,
2900 596 3186 664 magniﬁcis
3214 595 3535 651 verborum
3566 594 3794 664 vestrori

2269 684 2496 754 phaleris
2538 683 2849 737 honoratum
2883 701 2895 735 :
2929 685 2982 737 in
3011 686 3091 737 via
3118 684 3274 739 vilem
3300 727 3315 752 ,
3369 685 3438 738 in
3475 680 3715 752 epistola
3752 680 3794 754 pi

2271 777 2494 840 tiosnm;
2528 783 2824 829 moventem
2874 790 2932 829 se
2976 790 3095 830 cum
3145 775 3343 830 foditur
3396 774 3794 840 calcaribus.i

2268 873 2484 933 urgetur
2512 863 2818 919 verberibus
2838 906 2852 930 ,
2897 877 2951 919 et
2995 865 3121 920 nihil
3150 867 3368 934 penitus
3407 863 3794 934 promova

2269 952 2437 1006 forma
2492 950 2866 1015 deterrimum,
2908 951 3085 1008 colore
3128 944 3460 1008 vilissimum
3486 996 3507 1022 ,
3568 944 3794 1022 molliori

2270 1042 2490 1112 plumis,
2517 1041 2703 1096 statuis
2732 1041 3047 1111 pigriorem,
3088 1044 3254 1099 solida
3285 1060 3549 1112 corpora
3578 1041 3794 1112 pavesco

2267 1140 2396 1199 tem,
2433 1131 2646 1185 umbras
2680 1131 2882 1199 solum,
2920 1139 2980 1186 ut
3000 1132 3188 1197 credo,
3221 1134 3288 1189 de
3317 1131 3794 1199 consuetudinarii

2268 1221 2538 1276 timentem
2562 1236 2579 1283 ;
2603 1222 2870 1291 fugitivum
2893 1235 3012 1275 cum
3038 1220 3338 1288 dimittitur,
3367 1224 3719 1279 immobilem
3741 1220 3794 1291 ai

2265 1311 2515 1377 caeditur;
2543 1312 2597 1367 in
2627 1312 2798 1381 planis
2838 1320 3101 1378 stantem,
3141 1314 3195 1367 in
3222 1312 3453 1383 asperis
3485 1311 3794 1383 ωτι-νείκεά

2264 1404 2353 1474 qui
2384 1406 2551 1460 teneri
2583 1406 2807 1472 nesciat,
2834 1405 3106 1461 ambulare
3129 1421 3234 1462 non
3256 1408 3481 1477 possit;
3504 1423 3669 1476 quem
3695 1404 3794 1477 prid

2266 1508 2421 1561 quam
2452 1491 2709 1559 viderem,
2736 1496 2859 1548 dum
2880 1494 3132 1564 epistolas
3152 1506 3362 1551 vestras
3397 1497 3617 1567 relego,
3652 1491 3794 1567 illorui

2266 1582 2333 1638 de
2353 1593 2508 1653 gente
2534 1598 2653 1639 esse
2672 1584 2871 1641 credidi
2901 1599 3034 1654 quos
3063 1585 3271 1641 Dadala
3301 1586 3516 1641 Circe:

2390 1672 2645 1756 Supposita
2663 1695 2725 1743 de
2750 1702 2904 1746 matre
2923 1696 3098 1746 nOthos
3118 1694 3271 1747 furata
3289 1697 3514 1747 creavit.

2336 1827 2587 1885 Putabam
2624 1829 2769 1883 illum
2807 1829 3035 1892 calidum
3086 1830 3313 1897 animis,
3347 1844 3552 1886 acrem
3582 1831 3794 1897 corsiliai

2267 1917 2472 1987 ignem,
2511 1933 2630 1973 cum
2675 1916 3033 1984 exhiberetur,
3059 1918 3210 1974 elatis
3252 1919 3489 1974 naribus
3521 1905 3794 1987 aliisth

2267 2021 2641 2062 concussurmn
2666 2006 2834 2062 solido
2860 2021 3025 2061 cornu
3055 2020 3301 2074 campos;
3335 2008 3640 2063 celeritate
3664 2021 3749 2061 ven

2265 2107 2319 2155 et
2357 2097 2573 2152 ﬂumina
2604 2111 3010 2166 prtecursurum.
3035 2095 3210 2150 Talem
3240 2096 3390 2150 enim
3437 2096 3577 2149 mihi
3620 2096 3777 2164 splend

2265 2190 2513 2247 dissimus
2531 2189 2767 2259 epistola:
2790 2202 2968 2244 sermo
2990 2188 3321 2256 promiserat.
3346 2185 3662 2241 Credebam
3682 2185 3794 2259 etiaii

2265 2280 2404 2349 quod
2429 2280 2575 2334 illum
2604 2275 3004 2334 manducantem
3034 2276 3247 2340 frenos,
3280 2286 3563 2333 terentem
3584 2275 3794 2349 morsilioi

2266 2368 2494 2439 ferrum,
2548 2368 2652 2423 duo
2704 2368 2948 2423 lortiores
2992 2368 3093 2421 viri
3119 2381 3187 2422 ne
3217 2366 3487 2422 evaderet
3534 2366 3794 2439 retinet-end

2265 2456 2372 2513 Nec
2400 2474 2487 2514 me
2513 2459 2732 2525 refellit;
2760 2473 2880 2513 nam
2910 2458 3191 2513 trahebant
3208 2473 3327 2512 eum
3352 2458 3604 2527 aliquot;
3650 2456 3794 2527 impivi

2266 2546 2454 2613 gebant
2475 2547 2593 2605 alii.
2631 2557 2683 2602 et
2714 2548 2889 2615 plures
2916 2546 3209 2603 caedebant.
3232 2546 3409 2614 Quem
3443 2556 3505 2600 ut
3529 2550 3610 2602 sic
3634 2546 3794 2615 exhibit

2265 2643 2373 2688 tum
2398 2636 2527 2700 vidi,
2553 2637 2729 2706 optavi
2758 2645 2814 2690 ut
2836 2637 2956 2690 talia
2984 2636 3155 2706 qualia
3177 2645 3349 2701 erant,
3382 2651 3499 2691 nou
3528 2634 3691 2704 qualia
3714 2633 3794 2706 apii

2264 2724 2396 2777 stola
2440 2739 2555 2780 mea
2605 2725 2868 2792 continet,
2922 2739 3133 2793 semper
3176 2725 3318 2779 caris
3368 2724 3576 2777 vestris
3619 2724 3794 2793 muneri

2266 2812 2560 2868 mitterctis.
2594 2813 2703 2882 Ego
2732 2822 2904 2868 tamen
2947 2814 3066 2880 quia
3116 2812 3243 2867 mihi
3290 2826 3403 2866 non
3460 2812 3794 2882 reliquistisiri

2266 2907 2557 2961 transmissi
2605 2906 2839 2962 muneris
2880 2904 3034 2960 laude
3062 2904 3199 2974 quod
3239 2903 3485 2961 dicerem
3538 2913 3562 2942 ε
3610 2916 3672 2957 ne
3707 2903 3794 2974 oui

2331 3085 2357 3126 ιι
2387 3088 2592 3160 Quique
2620 3090 2781 3144 etiam
2824 3090 2936 3158 pari
2968 3087 3345 3143 contrarietate
3377 3088 3490 3143 lata
3510 3128 3525 3154 ,
3568 3100 3674 3155 qua:
3698 3082 3788 3148 quis

2272 3192 2375 3234 non
2407 3188 2707 3250 parcerent,
2740 3177 2931 3233 Parcas
2963 3179 3286 3234 vocitavere.
3337 3178 3521 3233 Rediit
3560 3178 3661 3245 ipse
3683 3171 3767 3223 Fati

2410 3312 2494 3382 ᾼι.
2533 3313 2734 3368 Sidonii
2757 3314 2823 3366 ad
2853 3314 3240 3382 Nymphidium.

2407 3380 2489 3433 AI.
2524 3381 2726 3449 Sidonii
2751 3383 2818 3433 ad
2841 3380 3181 3449 Simplicium.

2408 3449 2491 3500 Ai.
2519 3447 2719 3502 Sidonii
2746 3451 2814 3502 ad
2849 3447 3195 3504 Tan—mustum.

2409 3516 2493 3570 Al.
2517 3516 2720 3570 Sidonii
2742 3518 2809 3569 ad
2837 3517 3120 3570 Ruricium.

2407 3583 2490 3637 Al.
2523 3584 2727 3639 Sidonii
2755 3586 2823 3638 ad
2856 3584 3221 3648 Papianillant.

2407 3652 2490 3705 Al.
2525 3651 2727 3707 Sidonii
2752 3655 2818 3707 od
2849 3652 3127 3708 Patientem

2406 3723 2488 3793 Al.
2523 3721 2726 3793 Sidonii
2751 3724 2818 3776 ad
2842 3724 3038 3793 Lupum
3060 3725 3351 3792 episcopum
3387 3725 3430 3774 γ

2404 3792 2487 3845 Al.
2521 3791 2721 3847 Sidonii
2749 3794 2817 3845 ad
2846 3791 3155 3847 Censorium.

2409 3862 2527 3914 Alia
2558 3861 2763 3926 Sidonii
2788 3865 2854 3915 ad
2882 3863 3205 3917 Mamurium.

2404 3931 2520 4003 ᾼζξα
2549 3930 2751 4003 Sidonii
2775 3934 2843 3984 ad
2872 3934 3148 4003 Agrazrium
3168 3935 3493 4003 episcopum.

2405 3999 2522 4068 Alia
2550 3999 2753 4068 Sidonii
2779 4002 2844 4053 ad
2875 3999 3172 4068 sulpitium.

2403 4062 2517 4121 Alia
2539 4066 2740 4123 Sidonii
2758 4070 2824 4122 ad
2848 4062 3127 4125 Ruricium.

2404 4138 2521 4190 Alia
2546 4137 2750 4191 Sidonii
2772 4140 2839 4190 ad
2867 4137 3104 4192 Gothum.

2407 4206 2522 4278 .{llia
2551 4205 2751 4278 Sidonii
2772 4209 2839 4278 ad
2867 4207 3181 4278 Erincipium
3209 4211 3529 4278 episcopum.

2406 4274 2520 4347 ᾼζξα
2550 4274 2755 4347 Sidonii
2771 4276 2841 4347 ad
2867 4275 3156 4347 Remegium
3186 4274 3502 4347 episcopum.

2406 4341 2523 4415 Alia
2777 4344 2842 4415 ad
2866 4341 3112 4415 austum
3140 4341 3458 4415 episwpum.

2406 4411 2521 4462 Alia
2548 4409 2746 4464 Sidonii
2767 4411 2831 4463 ad
2856 4409 3139 4466 Heresium.

2410 4478 2590 4558 Habet.
2603 4480 2656 4530 in
2686 4480 2909 4558 sequenti
2928 4480 3255 4547 epistularum
3278 4483 3441 4537 libros
3468 4482 3501 4536 2
3520 4480 3669 4534 domui
3686 4478 3759 4531 Ra-

2479 4550 2590 4599 ricii
2617 4550 2855 4615 episwpi.

2408 4614 2598 4695 Deinde
2632 4616 2957 4695 epistularum
2986 4618 3164 4673 librum
3187 4637 3347 4675 unum
3373 4620 3542 4675 domui
3569 4614 3753 4673 Desidltii

2406 4699 2823 4833 Ιιεῖξωέἵὲἐξαιαε
2868 4755 3178 4811 diversorum
3213 4760 3277 4812 ad
3317 4760 3547 4814 eumdem
3569 4757 3747 4812 dolum

2472 4820 2809 4876 Desiderium.

2336 4992 2488 5048 Nulla
2528 4994 2747 5061 epistola
2776 4991 2975 5047 Sidonii
3020 5009 3084 5048 ex
3125 4995 3208 5051 his
3256 4996 3306 5050 in
3361 4999 3539 5054 codice
3567 4998 3743 5052 ιιι-εει.

2271 5063 2370 5118 nisi
2421 5060 2575 5131 quod
2610 5060 2902 5129 fragmento
2944 5064 3181 5131 epistola:
3225 5065 3409 5122 Sedati
3453 5070 3512 5123 ad
3548 5063 3745 5131 Rurici!!!

2272 5122 2542 5204 perpeiam
2566 5122 3178 5204 sine'ulladistinctione
3207 5122 3544 5204 coniunctum
3567 5122 3745 5204 αςιίὶαί

2274 5198 2616 5271 fragmentum
2642 5201 2874 5271 epistola:
2901 5201 3102 5257 Sidonii
3143 5204 3208 5259 ad
3258 5198 3575 5263 Hecdicium.
3598 5198 3745 5271 ιιευ·

2278 5265 2379 5323 lini
2408 5265 2696 5341 sequuntur
2716 5269 2839 5341 Aduo
2885 5272 3001 5325 libri
3043 5272 3389 5341 epistolarum
3436 5272 3624 5331 Burial.
3642 5265 3745 5341 ,ηπ

2274 5333 2496 5394 monere
2521 5338 2681 5391 volui.
2713 5338 2838 5393 Nam
2866 5342 2955 5395 diu
2977 5357 3059 5396 me
3078 5333 3311 5399 torserat
3355 5344 3447 5401 hic
3480 5333 3740 5399 locum”

2272 5421 2397 5461 ειυς.

2340 5472 2372 5547 d_
2398 5476 2535 5547 Quan
2554 5484 2843 5547 sequuntur
2870 5490 2989 5547 sunt
3020 5494 3080 5531 ex
3105 5481 3325 5547 episto'a
3356 5478 3551 5538 Sidonii
3584 5468 3739 5531 τάδε·

2272 5540 2467 5603 dicium
2487 5544 2578 5599 lib.
2611 5540 2669 5602 li.
2697 5546 2851 5614 epist.
2887 5546 2936 5613 l,
2965 5562 3121 5617 supra
3139 5540 3250 5604 'col.
3280 5548 3409 5604 471.
