3824 6218
22 264 75 319 69
1372 255 1742 315 SEMONES.
1764 248 1772 257 '

3026 265 3130 319 870

22 391 73 429 ns
96 370 255 427 seculi
300 370 472 426 nostri
522 350 689 441 nuper
712 377 737 406 ι
768 367 1043 425 Aturribus
1063 408 1078 433 ,
1110 376 1165 421 ut
1190 366 1494 436 sanguinem
1524 374 1569 431 Α
1596 368 1753 423 c'esia
1775 367 1999 439 iocatur,
2019 369 2070 422 itt
2091 367 2332 424 convivio
2358 369 2624 447 prmdicat,
2648 370 2698 425 in
2720 371 2956 426 cubiculo
2981 374 3129 429 dant-

22 476 281 529 irtunasque
306 461 652 525 miscrorum,
674 458 701 498 lt
722 474 839 529 qua:
859 459 959 514 sibi
984 474 1048 513 ex
1080 466 1227 527 parte
1252 457 1495 527 prepina-

20 564 121 617 mt,
147 567 205 605 ex
226 565 347 605 asse
367 550 639 605 misceret.

39 644 213 696 Scitote
248 642 301 693 in
344 656 413 694 eo
444 654 541 710 per
565 638 680 694 dies
708 637 948 707 spiritum
971 636 1058 691 diu
1084 636 1395 691 dissimulati
1418 636 1501 692 fu-

20 734 93 787 iris
116 729 317 798 aperiri.
344 731 547 795 Aperte
575 728 794 791 invidet,
820 725 1022 794 abiecte
1043 726 1209 795 fingit,
1237 725 1498 779 serviliter

20 822 206 889 iperbit,
233 829 256 857 ο
285 816 482 873 indicit
509 824 565 870 ut
601 816 875 882 dominus,
924 816 1085 884 exigit
1124 825 1181 869 ut
1209 826 1456 889 tyrannus
1482 855 1498 882 ,

20 888 141 963 ldicit
166 914 219 961 ut
242 905 436 974 judea,
460 905 809 959 calumniatur
836 913 892 957 ut
916 904 1193 965 barbarus,
1220 912 1328 956 toto
1359 888 1442 956 die
1470 920 1501 957 a

20 1012 95 1053 ιειιι
120 1007 349 1051 armatus
370 1036 386 1060 ,
418 997 488 1050 ab
516 996 730 1051 avaritia
756 996 994 1065 jejunus,
1025 1010 1057 1049 a
1086 996 1374 1063 cupiditate
1400 1006 1503 1051 ter-

24 1091 117 1141 bilis
136 1128 149 1152 ,
179 1102 206 1139 a
234 1087 477 1140 vanitate
504 1085 730 1140 crudelis
750 1124 764 1151 ,
795 1082 821 1121 ἀ
850 1100 953 1139 non
983 1097 1153 1139 cessat
1190 1085 1344 1138 simul
1369 1086 1501 1140 furta

18 1182 244 1243 etfacere,
278 1178 361 1232 vel
398 1179 613 1246 punire,
659 1178 829 1246 palam
858 1186 912 1231 et
936 1176 1229 1232 ridentibus
1250 1191 1501 1230 convoca-

18 1286 50 1335 t,
71 1279 227 1323 ructat
252 1269 399 1323 inter
429 1270 577 1323 cives
605 1279 818 1335 pugnas,
846 1266 981 1320 inter
1002 1265 1255 1319 barbaros
1284 1266 1499 1318 litteras.

20 1359 242 1429 pistolas,
293 1372 366 1414 ne
417 1357 610 1426 primis
653 1356 861 1426 quidem
912 1354 1148 1424 apicibus
1191 1353 1504 1407 sufficienter

18 1451 215 1513 titiatus,
246 1447 474 1515 publice
496 1445 794 1514 ajactantia
830 1443 1021 1506 dictat,
1075 1440 1142 1493 ah
1186 1441 1504 1508 impudentia

18 1538 223 1602 insudat;
263 1547 443 1592 totum
470 1535 612 1606 quod
652 1532 1004 1600 concupiscit,
1034 1531 1181 1600 quasi
1208 1537 1501 1599 comparat,

18 1642 58 1681 sc
76 1628 153 1679 dat
181 1625 351 1695 pretia
370 1664 388 1690 ,
411 1633 796 1687 contemnens,
825 1634 921 1674 nec
949 1620 1137 1689 accipit
1164 1619 1504 1674 instrumenta

18 1732 247 1789 csperans.
275 1716 335 1771 In
361 1716 599 1772 concilio
621 1714 787 1785 jubet,
818 1711 870 1767 in
892 1710 1114 1766 consilio
1140 1716 1273 1765 tacet
1291 1749 1307 1776 ,
1339 1710 1390 1763 in
1419 1723 1505 1765 ec-

1600 465 1718 523 nat,
1763 458 1817 511 in
1849 459 2136 526 quaestione
2174 457 2442 513 dormitat.
2476 456 2663 528 Implet
2688 460 2920 528 quotidie
2957 463 3157 532 sylvas

1596 546 1931 615 fugientibus,
1958 546 2107 600 villas
2130 555 2154 583 ο
2184 545 2443 612 hostibus,
2478 543 2497 584 ί
2527 545 2711 601 altaria
2740 547 2865 615 reis,
2893 562 3130 605 carceres

1596 634 1831 699 clericis;
1878 633 2147 687 exsultans
2186 632 2404 699 Gothis,
2458 634 2816 702 insultansque
2848 633 3129 702 Romanis,

1598 719 1819 777 illudens
1856 722 2111 790 praefectis
2130 763 2142 781 ,
2166 729 2193 769 s
2213 721 2587 790 colludensque
2616 724 2922 779 numerariis
2941 762 2957 790 ,
2989 726 3131 795 leges

1598 810 1987 867 Theodosianas
2029 811 2270 875 calcans,
2319 810 2759 866 Tlteodoricianas
2800 827 3127 883 proponens;

1598 914 1800 958 veteres
1822 904 2023 972 culpas,
2046 917 2179 958 nova
2201 903 2389 958 tributa
2413 905 2680 972 perquirit.
2714 905 2938 962 Proinde
2957 924 3133 965 moras

1600 1003 1714 1047 tuas
1760 990 1785 1029 δ’
1825 993 1975 1047 citius
2020 991 2240 1062 explica.
2269 991 2335 1045 Et
2358 991 2607 1060 quidquid
2654 993 2777 1048 illud
2806 1005 2887 1049 est
2914 998 3049 1065 quod
3076 1006 3127 1053 te

1599 1092 1854 1145 retentat,
1890 1081 1905 1120 ί
1939 1082 2126 1145 incide.
2152 1082 2229 1137 Te
2263 1091 2528 1152 exspectat
2554 1084 2908 1154 palpitantium
2935 1090 3128 1146 civium

1600 1182 1831 1228 extrema
1852 1174 2081 1229 libertas.
2111 1173 2368 1241 Quidquid
2396 1174 2739 1242 sperandum.
2765 1177 3013 1247 quidquid
3039 1180 3127 1237 de-

1599 1263 1912 1331 sperandum
1942 1272 2054 1328 est,
2086 1262 2197 1317 fieri
2230 1274 2281 1317 te
2307 1263 2508 1327 medio,
2534 1271 2589 1319 te
2616 1266 2835 1333 praesule
2861 1267 3046 1337 placet.
3072 1270 3130 1324 Si

1601 1350 1756 1404 nulla:
1799 1361 1830 1404 ι
1874 1350 2139 1419 republica
2184 1351 2360 1418 vires,
2409 1351 2552 1405 nulla
2589 1354 2863 1422 praesidia,
2906 1356 2950 1411 si
2977 1358 3131 1411 nulla:
3182 1410 3185 1411 ν

1602 1439 1889 1509 (quantum
1932 1452 2112 1492 rumor
2151 1435 2263 1507 est)
2314 1437 2329 1487 ἱ
2369 1438 2634 1494 Anthemii
2682 1440 2929 1511 principis
2975 1459 3130 1512 opes,

1601 1531 1813 1595 statuit,
1846 1539 1897 1585 te
1923 1538 2169 1598 auctore,
2206 1530 2452 1586 nobilitas
2480 1545 2573 1587 seu
2601 1533 2820 1600 patriam
2848 1533 3130 1601 dimittere,

1602 1636 1695 1676 seu
1714 1620 1949 1691 capillos.
1976 1619 2120 1675 Vale.
2614 1618 2617 1619 ⁷

40 1855 59 1881 ⁸
81 1849 143 1902 ita
168 1846 446 1915 expressis
495 1844 690 1915 litteris
717 1858 817 1897 ms.
849 1843 1009 1915 Recte
1049 1857 1174 1911 ergo
1213 1824 1409 1915 Sgtvaro
1442 1844 1499 1898 in
1526 1849 1573 1909 Β
1600 1843 1674 1898 nii
1706 1857 1850 1915 esse,
1881 1856 1985 1896 non
2013 1840 2217 1915 Sedatj;
2265 1855 2383 1895 nam
2412 1842 2748 1915 Sidoniusde
2771 1844 2953 1915 eodem
2977 1845 3131 1899 Sero-

16 1926 105 1985 put.
135 1919 183 1979 l,
213 1912 307 1985 lib.
336 1929 373 1969 tt
406 1914 617 1985 Sidonii
646 1913 721 1985 ita
744 1912 975 1985 correxit
1008 1913 1311 1985 et.no_tavi_t.
1344 1913 1499 1966 Atur-

16 1979 52 2039 is
70 1996 175 2038 sunt
192 1982 729 2051 Noventpopttlania},
754 1981 819 2034 ab
841 1980 1034 2051 Aturro
1055 1979 1245 2051 fluvio,
1259 1979 1494 2051 Aturres,

16 2056 101 2107 tah
122 2053 341 2115 Astura,
373 2048 630 2112 Astures,
660 2048 815 2103 Floro
843 2050 934 2102 lib.
975 2063 1052 2113 tv,
1082 2049 1181 2115 sub
1219 2048 1396 2101 finem.
1428 2049 1499 2102 De

16 2134 141 2175 itmro
168 2130 222 2176 et
242 2114 504 2174 Aturrico
526 2120 687 2185 pisce,
718 2117 839 2170 vide
862 2116 1045 2171 Sidon.
1078 2114 1168 2169 lib.
1201 2130 1310 2185 vin,
1340 2118 1493 2183 epist.

16 2190 241 2243 3.Cieitas
274 2184 627 2242 Aturensiutn
658 2188 816 2239 Notit.
850 2185 1091 2238 Provinc.
1121 2185 1172 2238 in
1209 2184 1501 2250 Novempo—

16 2260 140 2309 ιυιιιιιι
172 2256 450 2325 provincia
470 2296 507 2325 ,ί
521 2270 679 2325 quam
693 2254 1019 2325 itinerarium
1036 2253 1290 2325 _._An:oni_ni
1311 2252 1501 2325 Adiur-

16 2342 73 2377 rm
87 2322 243 2388 vocnt,
268 2325 359 2378 ubi
378 2326 450 2377 de
472 2323 641 2379 Gallia
663 2322 1006 2375 Narbonensi.
1035 2322 1096 2375 Et
1117 2322 1254 2389 quod
1278 2322 1501 2375 maxime

14 2395 84 2445 JCll
106 2396 159 2445 ad
189 2393 327 2446 hanc
356 2400 598 2445 veterem
626 2392 924 2453 lectionem,
952 2399 1005 2443 et
1025 2390 1223 2443 Sidonii
1251 2399 1499 2451 mentem,
1533 2428 1539 2433 .

14 2472 75 2512 nt
108 2474 218 2514 tunc
258 2461 528 2526 tempatis
560 2459 896 2512 Gotliicarum
929 2457 1165 2522 partium.
1198 2456 1501 2511 Commoni-

14 2546 142 2581 unum
168 2528 438 2581 Timothei
468 2544 482 2579 :
520 2526 741 2578 Atrianus
784 2526 855 2577 vir
893 2526 1173 2592 spectabitis
1211 2541 1273 2579 es:
1320 2540 1502 2590 prices-

14 2598 123 2665 uions
144 2597 215 2665 D.
244 2596 315 2650 Ν.
361 2594 717 2665 gloriosissinti
742 2593 897 2665 [tunc
928 2593 1237 2665 Acodicernde
1267 2592 1496 2665 Theodo-

18 2664 291 2733 iasilegibus
335 2662 496 2731 atque
539 2664 793 2714 sententiis
826 2662 976 2733 juris
1008 2664 1082 2714 vel
1120 2662 1325 2733 diversis
1362 2662 1501 2733 libris

14 2729 302 2800 lduris'anno
338 2729 418 2800 Ἠ
464 2746 525 2783 eo
566 2739 803 2800 regnante
844 2729 977 2783 edidi
1025 2739 1169 2797 atque
1211 2731 1501 2799 subscripsi.

14 2798 125 2868 l’ulgo
151 2803 289 2857 Aire.
321 2798 597 2855 Cautsws.

48 2866 271 2926 bSidonii
295 2870 549 2937 vulgatus
578 2866 760 2929 codex,
791 2866 1021 2937 quasille
1044 2866 1111 2918 ibi
1136 2875 1356 2937 exparte
1386 2881 1502 2937 pro—

13 2936 247 3004 tiamrat,
275 2938 361 2991 hic
390 2936 591 2990 exesse
627 2938 865 3004 misceret.
906 2936 978 2988 Ex
1019 2950 1119 3003 qua
1164 2936 1500 3004 ιιιιηδίλιίςει

12 3001 300 3072 tctijecturarn
332 3006 557 3069 ducere,
594 3003 691 3057 hoc
722 3001 1063 3069 fragmentum
1086 3004 1317 3069 epistolae
1345 3001 1499 3054 Sido-

1600 1919 1721 1991 nato
1750 1911 1840 1965 lib.
1870 1926 1956 1991 νιι,
1972 1926 2053 1977 ep.
2079 1912 2131 1975 7,
2151 1908 2448 1965 Seronatum
2474 1910 2695 1966 barbaris
2720 1914 2995 1981 provincia
3015 1930 3130 1982 pro-

1599 1982 1872 2049 pinantem.
1901 1982 2045 2033 lout.
2752 2042 2755 2045 Α

1673 2059 1694 2086 ε
1718 2048 1959 2101 Sidonius
1989 2049 2079 2101 lib.
2108 2063 2157 2111 ν,
2184 2061 2268 2116 ep.
2299 2049 2385 2113 15,
2407 2048 2473 2102 de
2494 2048 2679 2101 eodem
2702 2048 2976 2117 Seronato,
2999 2067 3130 2103 nunc

1600 2117 1838 2186 inauditis
1867 2117 2187 2186 indictionum
2212 2118 2472 2186 generibus
2501 2119 2745 2170 exhaurit.
2770 2120 2914 2171 IDBI.

1668 2183 1939 2256 {Vulgata
1961 2184 2154 2256 editio,
2185 2183 2283 2256 non
2311 2195 2468 2256 cessat
2490 2186 2640 2256 simul
2667 2186 2804 2255 [arta
2831 2188 2908 2241 vel
2929 2189 3125 2256 punire,

1601 2254 1676 2306 rel
1703 2253 1865 2321 facere
1886 2253 2073 2321 palam,
2096 2253 2455 2321 stridentibus.
2486 2253 2630 2307 lacn.

1674 2319 1841 2387 (λιι,
1874 2319 2163 2387 hospitibus.
2195 2320 2339 2372 lat-zu.

1634 2386 1695 2525 ,βε
1723 2388 1793 2510 lli“!
1822 2398 1875 2442 et
1902 2386 1999 2442 ms.
2019 2428 2033 2455 ,
2064 2387 2184 2441 licet
2204 2387 2258 2440 in
2282 2388 2515 2457 margine
2551 2388 2620 2441 sit
2654 2390 2820 2457 posita
2844 2388 2959 2444 hac
2996 2403 3127 2453 vox,

1634 2474 1644 2510 t
1687 2474 1730 2509 ς.
1786 2471 1909 2511 oss.

1602 2471 1730 2511 τιμε.
1764 2471 1909 2511 IDEI.

1676 2536 1699 2570 κ
1727 2526 1821 2578 Ms.
1860 2525 2061 2587 vitiose,
2097 2523 2525 2591 conclaudansque
2550 2526 2861 2579 numerariis.
2888 2525 2959 2578 Ita
2985 2527 3123 2580 enim

1606 2593 1656 2646 in
1690 2595 1862 2647 medio
1887 2595 1998 2645 hate
2029 2607 2127 2643 vox
2154 2606 2289 2656 rasa,
2321 2602 2373 2644 ct
2396 2602 2571 2656 pnstea
2600 2595 2777 2647 nescio
2797 2608 2823 2644 a
2844 2609 2941 2658 qua
2972 2610 3123 2646 manu

1604 2666 1751 2729 signo
1793 2666 1889 2714 hoc
1918 2662 2187 2727 cettjuncta
2212 2670 2310 2713 est.
2341 2659 2466 2713 Vide
2492 2676 2606 2729 qua:
2634 2670 2779 2715 notat
2819 2661 3012 2717 Savaro
3042 2662 3124 2715 hic

1606 2728 1671 2782 de
1693 2731 2017 2782 numerariis.
2060 2728 2205 2780 Ιυειι.
2512 2728 2519 2729 “
3052 2730 3053 2735 “

1674 2794 1699 2866 if
1728 2798 1894 2866 Vulg.,
1925 2800 2070 2866 citus.
2094 2794 2236 2866 lusu.

1682 2863 1697 2900 ί
1732 2863 1847 2926 Μελ
1877 2864 2093 2915 incidite.
2124 2863 2271 2916 IDEM.

1679 2932 1694 2981 ἕ
1732 2934 1804 2985 lta
1828 2934 1939 2999 lego
1953 2946 2065 2983 tuin
2084 2930 2300 2995 Savaro,
2323 2943 2439 2981 nam
2457 2929 2652 2988 ms._hic
2670 2928 2866 2995 mutile,
2881 2929 3024 2981 Ante.
3049 2928 3120 2983 lo.

796 3206 1437 3383 FAUSTI
1579 3207 2377 3318 EPISCOPI

1134 3417 1973 3543 SERMONES.

469 3739 698 3796 SERllO
742 3739 1003 3793 PRIMUS.

549 3831 626 3880 Ad
654 3827 932 3879 monac/tos.
1350 3876 1351 3879 η

12 3921 84 3987 (Ex
116 3935 205 3974 ms.
227 3917 431 3973 domini
464 3914 766 3987 Chauvelirt
792 3914 1048 3987 regiorum
1088 3910 1369 3978 sigillorum
1410 3926 1500 3963 cu-

638 3981 842 4044 stodis.)

59 4102 98 4149 l.
132 4097 200 4151 Ad
239 4098 418 4151 locum
452 4092 628 4156 hunc,
670 4090 957 4152 Carissiini,
1000 4105 1099 4141 non
1140 4088 1203 4141 ad
1244 4087 1497 4157 quietem,

12 4201 84 4236 non
116 4186 171 4237 ad
208 4186 580 4243 securitatem,
625 4178 716 4233 sed
755 4180 819 4231 ad
863 4184 1105 4246 pugnam,
1145 4178 1207 4231 ad
1235 4187 1497 4232 certamen

12 4273 321 4336 convenimus,
365 4270 435 4323 ad
476 4282 694 4336 agonem
731 4266 829 4319 huc
860 4266 1224 4333 processimus,
1258 4263 1320 4315 ad
1354 4279 1499 4317 eter-

12 4360 136 4411 teuda
179 4374 290 4414 cum
342 4357 501 4411 vitiis
550 4355 683 4409 bella
728 4355 1143 4407 conscendimus.
1204 4354 1314 4407 Vita
1362 4355 1499 4406 enim

14 4457 148 4509 nostra
174 4447 346 4502 hostes
375 4445 554 4501 nostri
582 4453 732 4508 sunt,
771 4444 837 4497 de
874 4445 1057 4509 quibus
1083 4443 1347 4509 Scriptura
1376 4456 1499 4510 pro-

13 4536 171 4589 nuntiat
190 4538 399 4593 dicens:
425 4533 565 4588 Care
588 4548 647 4583 ne
668 4548 877 4599 unquam
902 4532 1079 4585 habeas
1098 4548 1207 4583 cum
1227 4533 1293 4584 eis
1314 4534 1493 4584 sedem.

14 4619 261 4679 Necessaria
291 4626 451 4679 nobis
486 4632 586 4679 est,
617 4620 820 4683 fratres,
844 4622 1053 4688 pervigil
1080 4636 1221 4683 cura,
1246 4620 1499 4673 indefessa

13 4715 216 4776 custodia,
244 4716 362 4780 quia
395 4710 697 4765 conﬂictus
730 4711 826 4761 iste
868 4712 981 4762 sine
1028 4710 1148 4774 fine,
1199 4709 1358 4762 hostis
1404 4712 1501 4762 iste

14 4802 94 4851 line
115 4817 229 4868 pare
256 4815 356 4857 est.
392 4800 576 4855 Hostis
602 4799 697 4850 iste
727 4802 856 4851 vinci
888 4807 1075 4866 potest,
1104 4800 1259 4867 recipi
1290 4801 1339 4853 in
1368 4800 1499 4851 ami-

14 4890 145 4939 Cilldffl
169 4906 263 4942 non
288 4898 495 4957 potest.
528 4886 592 4939 Et
613 4886 727 4939 ideo
750 4886 979 4954 praelium
1008 4886 1141 4939 istud
1168 4888 1301 4954 quod
1326 4902 1501 4942 susce-

15 4974 160 5040 pimus,
197 4980 320 5031 satis
360 4978 562 5031 durum
590 4975 826 5042 satisque
864 4975 1201 5039 periculosum
1232 4986 1341 5040 est,
1381 4978 1497 5044 quia

1524 3739 1567 3797 C
1603 3754 1714 3790 tttus
1741 3739 1822 3792 vel
1853 3738 2035 3805 linguae
2063 3739 2286 3806 gladium
2334 3743 2683 3805 retundamus.
2716 3744 2823 3797 Non
2852 3750 3015 3805 solum
3042 3756 3121 3808 ln~

1600 3826 1761 3876 vicem
1798 3839 1899 3876 non
1935 3825 2215 3877 inferamus
2247 3826 2485 3891 injurias,
2515 3830 2605 3880 sed
2645 3844 2739 3882 nec
2770 3834 2834 3883 ab
2860 3834 2975 3887 aliis
3004 3851 3120 3891 sen-

1598 3916 1782 3966 tiamus
1810 3916 1996 3967 illatas.

1662 4003 1716 4053 2.
1760 4002 2089 4056 Peculiariter
2114 4004 2249 4056 enim
2276 4004 2369 4057 ista
2397 4008 2458 4057 ad
2488 4008 2861 4073 professionem
2889 4022 3116 4069 nostram

1598 4093 1883 4158 pertinent,
1918 4092 2039 4144 nihil
2071 4096 2121 4146 in
2153 4095 2245 4146 hac
2274 4097 2375 4147 vita
2403 4098 2774 4151 consolationis
2815 4103 3079 4169 requirere
3101 4150 3115 4170 ,

1599 4179 1721 4231 nihil
1754 4180 1989 4243 honoris;
2023 4183 2353 4247 prsesentium
2382 4198 2555 4237 rerum
2582 4186 2758 4239 solatia
2789 4189 3043 4257 refugere,
3065 4202 3118 4246 et

1596 4269 1659 4320 ad
1690 4268 1936 4336 promissa
1965 4278 2171 4321 (eterna:
2199 4274 2627 4325 remunerationis
2654 4277 2860 4341 prmmia
2889 4279 3113 4331 animum

1600 4373 1907 4425 praeparare.
1957 4360 2288 4425 Suhjectione
2333 4369 2389 4413 et
2432 4361 2721 4429 abjectione
2766 4365 3016 4431 gaudere,
3064 4377 3116 4419 et

1599 4457 1948 4514 paupertatem
1980 4448 2147 4500 studio
2176 4462 2436 4515 qurerere;
2468 4460 2521 4503 et
2560 4464 2663 4502 non
2703 4454 2868 4505 solum
2898 4453 3113 4505 faculta-

1602 4545 1699 4600 tes,
1723 4537 1811 4589 sed
1836 4538 1969 4603 ipsas
1995 4538 2283 4590 voluntates
2310 4538 2373 4590 de
2402 4539 2641 4593 cordibus
2667 4543 2947 4594 eradicare.
2980 4542 3115 4597 Nihil

1600 4626 1734 4677 enim
1762 4626 2021 4690 proprium
2045 4624 2234 4676 habere
2261 4624 2518 4678 interdum
2544 4640 2627 4679 res
2654 4629 2975 4682 necessitatis
3001 4632 3115 4683 cxi-

1599 4715 1687 4781 git,
1718 4714 1841 4765 nihil
1870 4724 2036 4764 autem
2066 4713 2429 4777 concupiscere
2458 4728 2541 4766 res
2564 4714 2785 4772 virtutis.

1668 4807 1718 4857 5.
1760 4803 1882 4855 Illud
1912 4806 2063 4852 etiam
2092 4802 2224 4853 scire
2251 4802 2525 4875 debemus,
2568 4806 2703 4871 quod
2734 4807 2821 4875 qui
2856 4808 2991 4863 inter
3020 4828 3115 4868 nos

1604 4894 1757 4945 vitam
1789 4892 1976 4943 habere
2004 4890 2387 4953 consutoimus,
2413 4872 2498 4945 a‘ut
2522 4908 2639 4947 cum
2673 4900 2852 4963 grandi
2886 4902 3115 4967 periculo

1599 4980 1677 5031 vel
1708 4979 1973 5042 diligentes
2000 4977 2079 5028 vel
2111 4978 2263 5031 etiam
2290 4980 2608 5047 negligentes
2633 4999 2831 5038 sumus.
2866 4988 3009 5043 Unde
3041 4992 3115 5044 fe-

20 5062 120 5114 inter
142 5065 394 5118 hominem
423 5069 650 5131 gentur,
678 5073 729 5114 et
756 5064 850 5114 nisi
877 5078 994 5115 cum
1024 5064 1136 5129 ipso
1165 5066 1371 5117 homine
1402 5082 1501 5118 non
1532 5055 1579 5112 D
1606 5068 1667 5119 lix
1700 5078 1776 5121 est
1807 5067 1890 5119 illa
1922 5070 2086 5120 anima
2114 5085 2261 5136 quae,
2304 5072 2425 5125 dum
2466 5074 2599 5128 bene
2637 5076 2686 5129 in
2717 5081 3113 5147 congregatione

20 5149 172 5203 linitur.
212 5152 335 5205 Ideo
360 5164 462 5204 nos
488 5148 556 5200 ad
587 5149 855 5214 tranquilla
888 5151 995 5200 tunc
1022 5162 1223 5203 secreta
1262 5150 1321 5203 et'
1345 5153 1500 5219 spiri-

22 5238 325 5296 lnaliacastra
355 5234 699 5298 contulimus,
748 5245 802 5286 ut
843 5237 1074 5303 quotidie
1120 5240 1343 5299 c0ntriti,
1389 5254 1503 5305 pas-

23 5324 157 5379 tiones
180 5337 381 5381 nostras
404 5321 713 5389 infatigabili
742 5324 1106 5390 congressione
1134 5336 1418 5387 certemus;
1448 5333 1502 5377 ut

23 5415 209 5479 quotidie
248 5413 486 5469 moribus
531 5410 723 5462 nostris
764 5412 907 5476 quasi
954 5410 1171 5463 famulas
1212 5415 1500 5465 voluntates

26 5515 185 5558 nostras
210 5504 573 5565 subjiciamus,
602 5505 656 5549 ut
692 5496 861 5552 cordis
891 5500 1149 5563 nequitias
1169 5501 1501 5555 circumcida-

1601 5167 1850 5217 versatur,
1896 5157 2171 5210 multorum
2212 5162 2449 5226 gaudium
2479 5173 2586 5229 est,
2630 5174 2683 5219 et
2726 5167 2930 5232 pluritni
2960 5184 3021 5221 ea
3051 5184 3110 5220 ea

1602 5244 1679 5295 vel
1723 5245 2040 5297 aedificantur
2075 5249 2156 5300 vel
2200 5247 2573 5306 illuminantur.
2626 5256 2761 5307 Bona
2806 5258 2943 5309 enim
2982 5260 3107 5309 dum

1602 5332 1773 5383 multis
1818 5335 2279 5403 comntunicantor,
2324 5339 2603 5397 adduntur.
2651 5343 2729 5395 Ad
2772 5344 2906 5409 quod
2952 5344 3106 5396 etiam

1602 5418 1965 5485 sapientissimi
1994 5422 2129 5475 illius
2154 5431 2407 5481 sententia
2438 5431 2662 5495 respicit,
2686 5444 2800 5497 quae
2823 5430 2940 5483 dicit
2967 5445 2979 5483 :
3006 5430 3033 5482 Ι
3056 5436 3108 5485 iti

1601 5505 1666 5555 nti
1690 5544 1703 5567 ,
1763 5506 1804 5556 εἱ
1844 5508 2033 5573 sop’ens
2068 5511 2223 5570 [uaris
2248 5552 2262 5573 ,
2311 5514 2395 5566 tibi
2432 5523 2475 5567 et
2512 5516 2746 5584 proximis
2791 5515 2887 5568 tuis
2929 5514 3105 5572 t’Pror.
