3824 6218
636 257 735 314 871

1850 261 1904 317 S.
1942 260 2177 317 FAUSTI
2218 258 2612 316 RiiEGIENSlS

3721 269 3803 321 8721

638 389 786 440 χχιιι,
820 371 926 441 15).
975 372 1153 443 itaque
1188 372 1233 428 si
1272 371 1389 442 quis
1425 372 1477 427 in
1517 373 1921 443 congregatione
1952 375 2182 441 positus,‘
2202 376 2254 433 Δ
2278 372 2424 436 simi,
2458 371 2691 442 quandiu
2720 386 2836 441 qua:
2862 373 2927 427 ad
2956 374 3213 429 mundum
3240 374 3496 443 pertinent
3516 418 3530 441 ,
3562 376 3662 431 illis
3689 382 3797 431 acti-

639 462 982 516 humilitatem
1003 477 1059 516 se
1080 462 1418 533 sequentibus
1436 472 1526 517 aut
1545 463 1845 532 patientiam
1871 464 2175 531 prrebuerit,

636 559 883 617 quantum
913 565 975 602 ex
1001 565 1060 605 se
1084 551 1280 605 bonum
1325 551 1583 618 proximis
1610 550 1936 616 commodat,
1976 558 2176 604 tantum

638 638 691 691 in
721 653 778 692 se
805 638 1022 692 aliorum
1052 639 1193 694 lucra
1222 641 1501 694 convertit.
1531 639 1587 695 Si
1609 654 1737 695 vero
1765 641 2061 695 econtrario
2085 654 2178 709 per

634 726 1038 781 inobedientiam
1061 728 1143 782 vel
1169 729 1468 797 superbiam
1496 738 1715 797 quaeret,
1738 730 1877 798 quod
1902 729 2047 798 pejus
2070 739 2172 795 est,

634 816 835 869 facilius
864 817 1083 870 inveniri
1111 818 1262 884 solet,
1286 819 1349 872 ad
1376 818 1497 872 mali
1524 819 1822 885 exemplum
1848 818 1959 873 sive
1986 819 2177 888 iniqui-

634 905 756 958 tatis
783 905 913 958 alios
938 906 1241 971 attraxerit,
1281 906 1880 985 quantosdestruxerit,
1920 908 1985 961 de
2016 910 2174 962 tantis

632 998 917 1065 periculum
941 1000 1287 1054 damnationis
1312 1000 1547 1065 incurrit,
1568 1001 1779 1070 quantis
1798 1000 2169 1055 detrimentum

630 1086 754 1151 fuit,
796 1088 951 1140 tantis
978 1088 1169 1141 damna
1197 1090 1486 1153 contraxit,
1528 1097 1583 1143 et
1620 1099 1892 1157 peccatum
1930 1090 2069 1159 quod
2107 1090 2172 1145 ab

630 1174 721 1228 illo
750 1177 909 1230 semel
941 1177 1182 1240 recessit,
1210 1176 1274 1231 ad
1306 1191 1425 1231 eum
1454 1176 1811 1245 multipliciter
1836 1178 2168 1233 redundabit.

631 1264 980 1329 Quamobrem
1027 1266 1162 1318 sicut
1208 1265 1296 1319 ille
1339 1265 1488 1320 valde
1529 1266 1868 1322 admirandus
1903 1277 1987 1327 est
2010 1277 2171 1339 atque

630 1351 921 1405 laudandus
962 1350 1049 1406 ‘est
1093 1353 1240 1423 cujus
1286 1353 1471 1409 cursus
1509 1354 1680 1410 bonus
1725 1356 2003 1411 multorum
2050 1373 2171 1426 pro-

632 1442 799 1494 fectus
828 1449 934 1505 est,
972 1440 1039 1495 ita
1082 1442 1171 1498 ille
1198 1444 1589 1500 nonimmerito
1618 1446 1872 1515 lugendus
1901 1456 1981 1502 est
2015 1448 2170 1517 cujus

628 1529 735 1582 vita
765 1528 1043 1583 multorum
1070 1531 1221 1585 ruina
1249 1541 1347 1587 est.
1378 1532 1632 1603 ideoque,
1660 1534 1852 1590 fratres
1878 1536 2164 1606 carissimi,

628 1631 745 1685 qure
770 1616 834 1671 ad
861 1618 1258 1673 aediﬁcationem
1287 1621 1588 1689 pertinent,
1629 1636 1691 1677 ea
1730 1624 1781 1676 in
1812 1624 1986 1679 medio
2012 1625 2165 1692 positi

2280 460 2380 513 bus
2404 470 2454 514 et
2483 460 2703 528 negotiis
2733 475 2940 516 eramus
2969 463 3273 529 militantes,
3314 463 3366 517 in
3398 466 3585 533 quibus
3610 482 3737 521 nunc
3758 482 3795 523 et

2279 549 2657 613 erubescimus,
2688 559 2811 603 tunc
2854 552 3005 607 nobis
3044 553 3383 609 adversarius
3411 570 3514 608 non
3546 557 3791 621 obstabat.

2278 638 2383 691 imo
2410 638 2568 692 etiam
2594 641 2981 705 consentiebat,
3024 642 3161 711 quod
3193 642 3332 696 circa
3363 644 3710 701 miserabilem
3748 665 3795 703 ac

2277 726 2531 794 perditam
2558 728 2715 780 vitam
2748 740 2976 782 nostram
3008 746 3110 784 non
3136 733 3435 787 inveniebat
3462 734 3513 786 in
3537 750 3640 802 quo
3666 751 3793 789 exer-

2275 822 2419 869 ceret
2464 815 2711 869 invidiam
2757 831 2928 871 suant.
2986 819 3392 876 Delectabantur
3441 822 3591 877 illum
3635 836 3791 880 nostra

2274 916 2462 970 Opera,
2505 901 2939 973 sufﬁciebantque
2966 905 3043 960 illi
3075 922 3166 974 per
3198 922 3257 963 se
3295 918 3476 964 nostra
3503 911 3714 965 crimina
3752 924 3792 967 et

2273 1003 2508 1061 peccata.
2556 993 2685 1060 Quis
2714 995 2851 1049 enim
2880 997 3132 1067 suscipiat
3168 992 3363 1054 bellum
3390 1010 3573 1056 contra
3598 1005 3789 1058 militem

2270 1097 2445 1148 suum,
2493 1091 2549 1138 et
2591 1085 2710 1154 quis
2756 1086 2883 1141 velit
2930 1087 3234 1157 impugnare
3280 1090 3576 1160 subjectum
3616 1097 3789 1147 suum?

2273 1175 2377 1230 Sed
2407 1191 2565 1246 super
2592 1193 2802 1233 omnem
2850 1180 3204 1239 infelicitatem
3248 1194 3365 1240 erat
3391 1189 3501 1242 vita
3547 1190 3680 1244 illius
3718 1191 3785 1244 cui

2270 1281 2463 1321 nocere
2505 1267 2886 1337 dedignabatur
2912 1271 3169 1327 inimicus.
3219 1276 3288 1328 At
3314 1290 3442 1331 vero
3486 1294 3623 1333 nunc
3664 1290 3783 1347 post-

2266 1373 2421 1427 quam
2443 1361 2795 1429 voluptatibus
2817 1361 2956 1416 illius
2977 1364 3410 1431 renuntiavimus,
3430 1368 3565 1422 vidit
3583 1371 3781 1423 cultores

2264 1464 2389 1504 suos
2415 1451 2479 1503 ad
2508 1451 2703 1505 actoris
2732 1450 2937 1519 pristini
2966 1452 3187 1507 rediisse
3215 1453 3524 1510 famulatum
3542 1498 3557 1521 ,
3586 1458 3703 1512 vidit
3740 1462 3778 1513 in

2266 1539 2415 1594 nobis
2444 1539 2671 1609 quodam
2700 1540 2856 1596 modo
2886 1540 3024 1595 idola
3054 1556 3148 1597 sua
3185 1543 3237 1596 in
3264 1543 3356 1598 Dei
3401 1545 3647 1612 templum
3686 1563 3777 1601 ntu-

2266 1631 2406 1696 tari,
2458 1640 2512 1685 et
2556 1630 2802 1686 frendens
2848 1641 2903 1686 et
2950 1642 3195 1702 tanquam
3241 1634 3325 1689 leo
3373 1638 3585 1705 rugiens
3624 1654 3776 1690 omnr's

626 1720 780 1774 agere
806 1708 1127 1771 studeamus,
1174 1725 1241 1763 ne
1288 1711 1369 1763 via
1412 1722 1588 1765 nostra
1638 1713 1857 1767 aliorum
1886 1715 2164 1769 virtutibus
2194 1702 2239 1761 Β
2268 1710 2497 1774 nocendi
2523 1720 2697 1776 aditus
2725 1720 2941 1790 pervigil
2980 1723 3252 1777 insidiator
3282 1702 3543 1792 explorat.
3595 1726 3660 1779 De
3695 1742 3772 1794 qua

625 1806 839 1860 noceat,
881 1808 932 1851 et
960 1813 1023 1852 tte
1049 1798 1269 1853 aliorum
1303 1800 1560 1877 fervorem
1593 1810 1739 1871 tepor
1758 1813 1945 1859 noster
1974 1806 2161 1860 debili—

628 1894 729 1948 tet;
756 1894 896 1939 etne
916 1887 1137 1941 aliorum
1166 1877 1464 1957 patientiam
1493 1901 1667 1945 nostra
1692 1893 1957 1946 iracundia
1979 1896 2155 1962 violet,

623 1988 721 2027 nec
748 1976 964 2028 aliorum
994 1977 1338 2030 humilitatem
1379 1980 1623 2047 superbia
1666 1993 1844 2036 n05tra
1884 1982 2157 2051 depravet,

628 2078 694 2115 ne
727 2063 947 2116 aliorum
994 2066 1429 2131 pulchritudinem
1471 2070 1677 2123 fteditas
1706 2081 1879 2124 nostra
1909 2073 2161 2127 contami-

628 2160 715 2202 net
750 2168 761 2203 :
807 2167 871 2203 ne
910 2151 1126 2205 aliorum
1167 2156 1412 2209 ardentes
1440 2159 1832 2227 exstiuguamus
1873 2162 2157 2230 lampad-s,

622 2238 664 2289 si
694 2246 896 2291 uestras
928 2239 1220 2295 illuminare
1246 2258 1345 2317 non
1378 2258 1670 2311 possumus.
1720 2248 1782 2302 Et
1808 2249 2015 2317 quidem
2056 2252 2157 2305 illre

622 2324 775 2378 fatuae
807 2326 1051 2394 virgines,
1081 2331 1365 2396 quamlibet
1403 2332 1557 2385 fatuae
1598 2345 1803 2402 essent,
1837 2352 1939 2389 non
1986 2348 2156 2392 tamen

622 2414 819 2467 alienas
854 2416 1186 2485 exstinguere
1230 2419 1513 2485 lampades,
1561 2422 1653 2475 sed
1700 2437 1820 2476 suas
1867 2424 2157 2479 illuminare

623 2504 931 2570 cupiebant;
963 2512 1015 2557 et
1040 2505 1155 2559 ideo
1180 2507 1245 2559 ad
1274 2508 1488 2560 istarum
1518 2508 1943 2575 similitudinem,
1988 2498 2037 2565 si
2074 2517 2155 2567 cui

621 2602 855 2646 nostrum
884 2595 1030 2647 deest
1060 2597 1397 2663 pinguissima
1437 2600 1599 2666 gratia
1636 2600 1978 2666 humilitatis,
2023 2612 2076 2657 et
2112 2606 2155 2658 si

619 2684 768 2737 deest
795 2685 927 2752 ignis
958 2686 1109 2750 fidei,
1156 2689 1199 2740 si
1231 2688 1436 2743 ﬂamma
1464 2689 1712 2757 fervoris,
1746 2694 1789 2747 si
1821 2695 1992 2748 oleum
2024 2696 2157 2750 cari-

619 2774 758 2834 tatis,
782 2773 822 2825 si
853 2773 1023 2827 lumen
1050 2775 1396 2845 discretionis,
1424 2782 1597 2835 veniat
1623 2782 1686 2835 ad
1713 2797 1805 2836 eos
1830 2800 1959 2852 quos
1990 2787 2154 2854 magis

618 2862 880 2916 abundare
910 2866 1256 2932 prospexerit,
1288 2868 1511 2935 gratiam
1545 2870 1593 2922 in
1625 2885 1682 2923 se
1709 2886 1736 2923 a
1766 2872 2016 2938 proximis
2050 2889 2151 2926 non

618 2954 922 3018 auferendo,
948 2955 1039 3007 sed
1068 2957 1314 3011 imitando
1344 2959 1684 3025 transfundat,
1713 2973 1765 3015 et
1788 2962 1921 3015 bona
1946 2978 2153 3031 posses-

2262 1808 2412 1863 leone
2435 1810 2702 1877 apostolus
2737 1810 2871 1865 bene
2898 1818 3211 1865 attestatur:
3248 1811 3498 1882 Vigilate,
3548 1814 3660 1883 quia
3698 1822 3768 1865 ad-

2258 1898 2504 1951 versarius
2526 1908 2680 1950 uester
2704 1898 2955 1965 diabolus,
2981 1910 3035 1952 ut
3059 1900 3137 1953 leo
3162 1902 3364 1971 rugiens
3383 1903 3562 1955 circuit
3583 1919 3770 1972 quarens

2257 2000 2401 2053 quem
2429 1985 2623 2037 devoret
2648 1981 2701 2052 (1
2734 1982 2870 2038 Petr.
2895 2001 2948 2049 v,
2969 1984 3045 2054 8).
3078 1987 3221 2041 Beati
3251 1982 3385 2056 quos
3412 1988 3499 2043 hic
3528 1990 3609 2044 leo
3636 1992 3770 2057 inqui-

2258 2073 2449 2128 rendus
2472 2073 2666 2142 judicat
2690 2081 2745 2127 et
2765 2073 3061 2143 sequendos
3085 2076 3267 2144 utique
3292 2078 3547 2131 virtutum
3574 2081 3770 2145 vestigiis

2256 2170 2309 2217 et
2335 2162 2495 2217 odore
2523 2163 2848 2217 meritorum.
2899 2163 3012 2216 Non
3052 2165 3191 2219 enim
3229 2164 3295 2217 ah
3331 2166 3425 2219 illo
3469 2166 3769 2234 inquiruntur

2256 2251 2355 2306 nisi
2399 2253 2555 2320 boni,
2597 2254 2718 2323 quia
2761 2268 2819 2307 se
2867 2253 3005 2308 ultro
3053 2256 3293 2323 ingerunt
3322 2257 3466 2310 mali.
3516 2256 3636 2311 Post
3677 2259 3770 2309 illos

2256 2343 2516 2397 violenter
2535 2345 2718 2398 currit.
2748 2342 2854 2397 Hos
2874 2344 3030 2397 etiam
3056 2345 3377 2413 negligenter
3399 2347 3631 2401 incurrit.
3651 2347 3769 2402 Βιιλιί

2256 2433 2412 2502 igitur
2438 2448 2571 2503 quos
2600 2434 2684 2487 hic
2712 2434 2795 2488 leo
2821 2434 3012 2488 invidia
3041 2437 3248 2503 cogitur
3276 2435 3538 2505 qttrcrere,
3565 2446 3617 2491 et
3640 2439 3767 2489 mali-

2257 2523 2325 2575 tia
2346 2537 2447 2576 non
2465 2522 2779 2591 permittitur
2794 2524 3049 2578 invenire.
3069 2524 3397 2579 Tct’ribiliter
3418 2527 3623 2592 quidem
3644 2536 3767 2579 sonat

2258 2612 2309 2666 in
2336 2614 2546 2668 auribus
2585 2616 2777 2669 nostris
2806 2612 2931 2668 dum
2970 2614 3262 2669 audivimus
3294 2614 3557 2683 Tanquam
3596 2615 3665 2669 leo
3697 2632 3767 2664 nr-

2255 2706 2410 2772 giens.
2454 2704 2556 2759 Sed
2584 2707 2703 2772 quia
2731 2705 2929 2760 dictum
2965 2714 3082 2760 est:
3118 2706 3259 2761 Esca
3296 2711 3409 2777 ejus
3442 2707 3609 2760 electa
3638 2719 3765 2763 sunt:

2255 2791 2389 2859 quod
2417 2792 2607 2860 quaerit
2632 2793 2904 2847 electionis
2930 2804 3042 2859 est;
3085 2796 3220 2862 quod
3252 2797 3390 2863 rugit
3416 2796 3766 2863 desperationis

2253 2890 2353 2935 est.
2382 2880 2529 2934 Sicut
2557 2881 2608 2935 in
2636 2882 2738 2936 alio
2765 2882 2883 2937 loco
2912 2882 3166 2951 legimus:
3204 2883 3441 2936 Dentibus
3469 2886 3574 2937 suis
3601 2886 3765 2952 fraudat

2253 2983 2299 3027 et
2325 2975 2557 3027 tabescet.
2590 2974 2662 3027 lta
2685 2973 2798 3029 hazc
2826 2975 3056 3044 loquitur
3079 2990 3254 3029 sermo
3278 2977 3507 3038 divinus,
3533 2988 3585 3028 ut
3607 2978 3765 3029 terrori

619 3041 783 3095 sionis
812 3043 991 3096 aliena:
1017 3059 1118 3097 non
1147 3047 1313 3100 solum
1344 3049 1454 3103 sine
1484 3050 1692 3115 damno,
1724 3052 1812 3105 sed
1841 3054 1996 3106 etiam
2030 3069 2149 3108 cum
2180 3032 2222 3093 (ἶ
2253 3065 2532 3133 conjuncta
2558 3067 2626 3118 sit
2650 3066 2955 3119 consolatio.
2986 3066 3201 3120 Cruenli
3227 3065 3438 3133 quidem
3466 3075 3545 3119 est
3569 3065 3764 3135 fraudat;

620 3130 767 3186 lucro
796 3135 1108 3200 possessoris
1138 3137 1360 3191 invadat.
1411 3138 1681 3208 Nunquam
1713 3143 1851 3196 enim
1882 3146 2039 3197 sentit
2069 3146 2149 3197 lu-

619 3222 775 3276 minis
804 3223 1049 3277 damnum
1088 3226 1321 3293 plurimis
1352 3228 1484 3297 ignis
1512 3245 1785 3296 accensus,
1834 3249 1928 3287 nec
1970 3234 2153 3287 minuit

617 3314 743 3369 solis
771 3314 940 3369 lucem
961 3317 1403 3373 considerantium
1432 3322 1725 3386 multitudo,
1749 3326 1923 3393 quanti
1945 3325 2009 3378 ad
2030 3341 2149 3379 eum

616 3406 993 3470 perspexerint,
1024 3407 1183 3460 tantis
1213 3423 1425 3462 munera
1455 3424 1547 3463 sua
1576 3413 1906 3479 commodat;
1950 3424 2002 3469 et
2042 3417 2152 3484 ipse

618 3499 789 3542 tamen
824 3505 1031 3558 semper
1057 3493 1257 3561 integer
1284 3508 1606 3562 perseverat.

684 3578 739 3631 4.
780 3579 1054 3632 Benedicta
1084 3581 1169 3635 illa
1196 3585 1369 3636 anima
1397 3594 1478 3639 est
1508 3602 1536 3637 a
1565 3586 1675 3641 Deo
1702 3589 1851 3656 cujus
1889 3590 2152 3645 humilitas

615 3665 828 3718 alterius
856 3666 1123 3720 confundit
1150 3670 1467 3737 superbiam,
1492 3672 1643 3741 cujus
1669 3676 1911 3742 patientia
1938 3678 2152 3732 alterius

614 3757 897 3826 exstinguit
930 3758 1272 3825 iracundiam,
1294 3761 1441 3830 cujus
1469 3762 1761 3819 obedientia
1786 3766 2044 3837 pigritiam
2076 3778 2152 3821 ta-

612 3847 715 3901 cite
745 3850 959 3903 alterius
986 3850 1247 3919 increpat;
1298 3854 1447 3922 cujus
1494 3854 1665 3909 fervor
1704 3857 1944 3913 inertiam
1992 3861 2148 3914 alieni

613 3939 806 4004 teporis
835 3942 1139 4007 exsuscitat,
1168 3943 1255 4010 qui
1286 3944 1507 4010 proximi
1537 3946 1615 3999 sui
1647 3960 1755 4016 pra:
1781 3949 1855 4002 ira
1885 3950 2147 4005 turbatum

612 4025 818 4078 oculum
841 4028 1012 4081 cordis
1034 4031 1195 4097 gratia
1220 4032 1591 4085 consolationis
1611 4044 1765 4103 atque
1788 4037 2149 4093 :edificationis

611 4111 887 4170 illuminat.
922 4117 1102 4172 Melius
1126 4128 1207 4179 est
1228 4120 1347 4174 huic
1372 4136 1527 4189 quam
1554 4124 1628 4177 illi
1655 4126 1739 4193 qui
1773 4126 1991 4181 fratrem
2021 4144 2150 4197 pau-

613 4200 773 4253 lulum
819 4205 884 4257 ab
929 4207 1099 4274 aliquo
1143 4211 1540 4274 contristatum,
1590 4229 1691 4267 non
1738 4223 1910 4269 tamen
1958 4218 2149 4272 solatio

611 4304 708 4343 suo
727 4303 960 4358 perrecta
991 4311 1143 4347 manu
1167 4311 1267 4349 non
1293 4300 1547 4364 sublevat,
1579 4302 1675 4355 sed-
1694 4304 2019 4371 titubantem,
2048 4312 2148 4361 sic-

2251 3155 2342 3209 sed
2389 3154 2510 3211 victi
2560 3156 2695 3224 quod
2738 3156 2958 3210 tabescit.
3029 3156 3093 3210 Et
3137 3156 3273 3210 inter
3325 3164 3519 3225 quanta
3563 3156 3661 3209 sint
3694 3155 3763 3206 illa

2251 3260 2366 3314 qua:
2424 3259 2452 3297 a
2511 3246 2617 3301 Deo
2659 3254 2952 3315 prmparata
3011 3254 3132 3299 sunt
3186 3244 3383 3299 homini
3448 3246 3579 3299 livor
3620 3243 3763 3311 prodit

2252 3338 2469 3392 inimici.

2325 3429 2378 3481 6.
2419 3428 2541 3482 Haec
2577 3428 2779 3497 itaque,
2820 3427 3106 3489 carissimi.
3148 3424 3468 3494 cogitantes,
3510 3433 3561 3478 et
3601 3424 3650 3476 in
3684 3421 3760 3471 hoc

2262 3529 2429 3583 agone
2456 3515 2772 3569 desudantes
2796 3516 3005 3583 gloriosi
3041 3522 3094 3569 et
3120 3515 3350 3582 praeclari
3384 3523 3411 3550 ι
3443 3513 3601 3580 patris
3626 3510 3759 3564 nostri

2254 3618 2349 3655 nos
2385 3613 2438 3655 et
2466 3602 2751 3668 discipulos
2779 3604 3167 3656 meminerimus
3198 3618 3314 3658 esse
3347 3612 3399 3657 et
3421 3602 3575 3657 filius.
3605 3600 3759 3665 Rapia-

2257 3707 2373 3746 mus
2403 3691 2756 3759 unusquisque
2781 3694 2916 3760 quod
2958 3707 3232 3759 possumus
3273 3693 3338 3745 de
3378 3694 3530 3745 bouis
3560 3690 3758 3745 intestati

2251 3781 2502 3851 parentis.
2535 3780 2629 3835 Hic
2650 3780 2716 3834 de
2746 3780 3050 3834 haereditate
3076 3789 3307 3833 assumat
3334 3778 3455 3833 fidei
3483 3779 3758 3832 olmericam

2248 3882 2512 3942 gestorum
2538 3872 2846 3925 varietatem
2891 3870 3193 3939 pretiosam.
3244 3870 3337 3923 llic
3377 3865 3760 3923 mansuetudinis

2247 3974 2311 4014 ac
2338 3960 2685 4028 simplicitatis
2708 3968 2930 4027 occupet
2957 3960 3227 4013 talentum.
3267 3958 3355 4011 Ille
3378 3958 3541 4011 decus
3572 3954 3761 4024 peetorir

2249 4049 2625 4104 benevolentia:
2654 4064 2714 4101 ac
2742 4049 3014 4115 sapientia:
3048 4048 3241 4101 monile
3274 4048 3373 4100 sibi
3406 4046 3646 4100 vindicet.
3686 4040 3761 4095 llic

2249 4139 2581 4206 margaritam
2627 4139 3043 4206 compunCtionis
3088 4146 3142 4191 et
3185 4138 3491 4192 thesaurum
3538 4133 3759 4192 cast'tatis

2249 4226 2475 4279 invadat.
2510 4226 2657 4278 Licet
2684 4227 2823 4278 enim
2856 4225 2943 4277 ille
2975 4224 3418 4292 locupletissimus
3449 4224 3541 4280 Dei
3569 4222 3755 4279 amicus,
3802 4272 3803 4305 ξ

2248 4314 2494 4381 quidquid
2540 4312 2719 4377 habuit
2761 4314 3020 4380 integrum
3066 4327 3241 4366 secum
3288 4315 3502 4377 tulerit,
3548 4323 3600 4367 et
3636 4310 3757 4363 nobis
3802 4330 3803 4333 η

613 4391 671 4435 ut
698 4382 945 4451 parietem
976 4383 1277 4437 inclinatum
1307 4388 1733 4455 maleloquiorum
1757 4392 1977 4459 impulsu
1998 4396 2144 4462 adju-
2177 4371 2226 4428 Ῐ)
2252 4371 2442 4467 tamen,
2477 4403 2520 4456 si
2550 4404 2810 4463 volumus,
2838 4371 3003 4466 totum
3033 4402 3268 4469 reliquit.
3323 4402 3397 4453 la
3428 4416 3556 4470 ergo
3579 4413 3756 4468 agamus

614 4481 701 4522 vat
729 4471 791 4523 ad
820 4471 1041 4534 ruinam,
1091 4480 1142 4525 et
1183 4474 1461 4527 salubriter
1506 4490 1599 4542 pro
1626 4477 1915 4545 disciplina:
1941 4482 2142 4536 ratione

609 4570 900 4613 correctum
930 4575 1021 4627 per
1042 4562 1250 4615 sinistra
1274 4564 1491 4617 consilia
1518 4565 1593 4617 sic
1620 4566 1821 4634 incitat,
1844 4576 1899 4620 ut
1927 4571 2136 4634 allidat;

608 4649 683 4700 sic
708 4660 891 4713 armat,
918 4660 973 4703 ut
1000 4652 1235 4718 perimat.

677 4738 728 4789 5.
770 4740 964 4807 itaque,
992 4741 1199 4807 fratres,
1223 4745 1307 4797 cui
1334 4746 1464 4799 mala
1492 4748 1697 4817 propria
1724 4764 1824 4803 non
1852 4749 2135 4817 sufficiunt,

609 4824 696 4879 ille
743 4827 818 4880 sic
861 4830 995 4895 agit,
1043 4841 1099 4884 ut
1132 4833 1383 4900 judicium
1412 4837 1568 4890 etiam
1610 4838 1795 4893 alienae
1835 4842 2142 4909 perditionis

608 4914 857 4968 incurrat.
884 4917 1024 4970 Certi
1045 4936 1243 4985 sumus,
1266 4926 1541 4991 carissimi,
1564 4929 1699 4996 quod
1723 4931 1821 4983 nisi
1843 4946 2137 4999 caveamus,

608 5005 705 5058 nisi
739 5015 942 5058 nostras
967 5010 1193 5073 quotidie
1221 5015 1485 5076 passiones
1510 5032 1810 5074 resecemus
1838 5031 1890 5075 et
1917 5023 2141 5076 circum-

605 5093 859 5157 cidamus,
892 5094 1177 5150 deteriores
1220 5102 1435 5155 multum
1479 5119 1574 5159 nos
1609 5108 1741 5161 effici
1779 5125 1929 5178 quam
1964 5113 2136 5164 fuera-

605 5196 739 5247 mus,
785 5182 905 5235 dum
956 5183 1005 5235 in
1052 5185 1151 5238 hoc
1196 5189 1387 5243 saeculo
1424 5194 1757 5251 viveremus:
1806 5202 1873 5253 ita
1916 5211 1969 5255 ut
2012 5202 2136 5255 fiant

602 5283 835 5327 extrema
865 5284 1037 5327 nostra
1067 5276 1242 5344 pejora
1274 5280 1551 5345 prioribus.
1603 5287 1666 5339 Et
1695 5291 1933 5359 quidem,
1964 5296 2131 5347 caris-

676 5454 700 5481 ι
722 5446 777 5500 S.
806 5448 1051 5501 Honorati
1084 5450 1216 5501 haud
1246 5451 1485 5511 dubium.
1522 5455 1607 5517 qui
1638 5457 1867 5512 fundavit
1895 5478 1955 5516 ac
1982 5466 2115 5517 rexit

609 5508 884 5571 Lerittettse
923 5522 1320 5582 monasterium,
1366 5522 1426 5572 ad
1458 5508 1602 5586 cujus
1632 5508 2115 5597 moniachioswvloqvu-é:

2248 4494 2381 4545 bona
2430 4493 2567 4545 illius
2612 4499 2890 4557 sectantes,
2940 4501 2995 4544 ut
3036 4492 3121 4557 qui
3172 4492 3223 4544 iu
3271 4500 3525 4544 aeternam
3571 4489 3754 4559 gloriam

2246 4579 2579 4634 suscitandus
2632 4580 2729 4633 sub
2776 4578 2876 4633 fine
2931 4580 3242 4633 saeculorum
3306 4578 3596 4643 reddetur,
3646 4589 3777 4628 nunc‘

2247 4669 2494 4722 Ecclesiae
2540 4668 2683 4737 prole
2720 4667 2895 4722 divina
2934 4667 2986 4721 in
3030 4668 3149 4722 filiis
3193 4682 3284 4735 per
3325 4668 3515 4721 merita
3552 4668 3650 4735 jam
3686 4679 3751 4716 re-

2243 4766 2441 4825 surgat.

2851 4847 3076 4902 SERMO
3113 4847 3175 4901 ll.

2800 4938 2879 4989 Ad
2930 4938 3218 4993 monachos.

2312 5026 2359 5077 1.
2400 5026 2546 5093 Quod
2578 5027 2853 5095 supplente
2892 5037 2943 5080 et
2984 5027 3207 5095 quodam
3238 5026 3395 5081 modo
3420 5040 3543 5083 cum
3566 5023 3748 5080 caritate

2235 5116 2449 5183 jubente
2497 5119 2602 5170 Deo
2652 5127 2704 5170 et
2748 5126 2920 5170 vestra
2968 5116 3317 5182 fraternitate,
3365 5116 3747 5186 qualemcunque

2238 5220 2537 5260 sermonem
2570 5204 2814 5273 profero;
2868 5205 2999 5258 facio
3044 5206 3143 5258 hoc
3182 5220 3284 5258 non
3325 5220 3393 5259 ex
3432 5205 3604 5274 aliqua
3638 5212 3744 5268 pm

2238 5298 2561 5366 sumptione,
2600 5297 2692 5349 sed
2729 5312 2791 5351 ex
2821 5310 2943 5351 vera
2971 5305 3025 5350 et
3048 5296 3247 5365 integra
3276 5296 3520 5350 caritate.
3567 5293 3630 5347 Et
3650 5290 3745 5340 lit‘f‘l

2222 5467 2373 5520 batur
2414 5466 2470 5521 S.
2513 5466 2733 5537 Faustus
2782 5475 2836 5537 et
2890 5469 2999 5534 ipse
3046 5468 3203 5521 etiam
3251 5474 3371 5523 ante
3415 5465 3741 5537 episcopium

2225 5537 2454 5601 ejusdettt
2492 5536 2590 5587 loci
2622 5534 2937 5589 monachus.
