3824 6218
134 278 222 330 873

1515 266 1886 351 ssnunries.

3186 322 3280 375 87!

133 399 223 441 tam
248 388 461 456 perfecti
487 389 602 445 Deo
616 392 839 460 propitio
862 394 997 453 sitis.
1022 405 1076 449 ut
1096 398 1450 453 admonitione
1473 410 1647 453 nostra
1678 404 1727 479 Α·
1755 383 1853 457 hoc
1877 407 2065 458 ninndo
2088 424 2189 463 non
2215 414 2507 481 corrigitur,
2538 417 2586 469 in
2609 417 2789 472 futuro
2811 426 3005 476 sarculo
3028 430 3283 491 punietur.

133 474 339 529 minime
364 478 598 544 egeatis:
632 487 804 531 tamen
849 480 1135 547 imperante
1171 484 1387 539 caritate
1415 501 1528 552 qua:
1556 502 1648 540 ne-

128 567 216 615 scit
241 565 448 629 timere,
478 567 636 620 etiam
656 568 795 635 quod
824 569 1021 635 optime
1048 572 1265 637 implere
1290 588 1381 626 vos
1411 577 1646 629 novimus

126 656 397 719 suggerere
419 662 472 707 et
497 655 783 710 admonere
805 670 923 709 cum
955 673 1075 710 vera
1115 659 1407 713 humilitate
1441 671 1493 714 et
1527 678 1645 729 per-

126 740 245 793 lecta
292 742 508 799 caritate
555 746 937 810 praesumimus,
986 761 1090 800 non
1140 757 1311 802 tamen
1356 749 1469 803 sine
1500 766 1645 803 vere-

124 830 323 891 cundia,
353 844 471 905 cum
519 845 616 883 nos
661 832 884 886 necdum
928 834 1147 889 idoneos
1190 839 1488 892 noverimus
1524 832 1643 893 esse

122 917 415 985 discipulos,
462 927 515 972 et
553 921 618 973 ad
664 933 1071 989 opussanctum
1106 926 1377 981 videamur
1417 930 1644 984 excitare

122 1007 409 1073 magistros.
438 1006 568 1060 Cum
593 1008 757 1063 simus
784 1012 939 1079 tepidi
964 1015 1199 1083 cogimur
1231 1017 1509 1070 admonere
1541 1020 1641 1072 ler-

120 1102 324 1154 ventes;
373 1108 490 1148 cum
531 1097 697 1150 simus
746 1108 1080 1167 peccatores,
1130 1106 1395 1171 arguimus
1435 1106 1637 1173 iustos;

118 1194 225 1231 cum
254 1182 686 1251 simusimperiti,
712 1186 951 1241 doctores
972 1189 1310 1258 instruimus;
1340 1207 1455 1245 cum
1478 1196 1639 1247 simus

118 1270 161 1317 in
192 1269 372 1337 pelago
399 1270 552 1338 hujus
578 1275 755 1327 mundi
786 1276 959 1329 nimiis
978 1278 1219 1333 ﬂuctibus
1242 1282 1438 1348 agitati,
1460 1283 1523 1333 ad
1546 1298 1638 1335 eos

114 1360 191 1423 qui
213 1358 275 1410 ad
305 1370 510 1426 portum
535 1371 638 1414 tam
666 1364 884 1418 feliciter
909 1378 1261 1432 pervenerunt
1286 1370 1637 1435 prazdictionis

113 1449 259 1501 verba
290 1450 621 1518 proferimus.
669 1452 772 1508 Sed
817 1465 1021 1521 tamen,
1064 1455 1252 1511 fratres
1279 1458 1631 1524 dilectissimi,

114 1538 225 1605 quia
253 1540 425 1593 solent
452 1557 611 1596 naves
637 1545 892 1609 superatis
928 1554 981 1598 et
1014 1546 1235 1599 devictis
1276 1547 1515 1602 ﬂuctibus
1545 1565 1634 1617 pe-

114 1625 239 1692 lagi,
283 1627 442 1680 etiam
492 1628 545 1681 in
595 1640 746 1697 portu
795 1630 1054 1686 tutissimo
1100 1633 1373 1702 laborare,
1431 1648 1485 1689 et
1535 1638 1632 1691 nisi

1711 476 1714 479 Δ
1750 487 1835 545 Sic
1862 495 1997 547 enim
2026 497 2091 550 de
2121 499 2245 563 lilio,
2277 501 2341 554 de
2370 517 2521 556 servo
2547 505 2719 560 divina
2750 508 3016 578 Scriptura
3055 530 3283 570 commes-

1749 591 1916 632 morat
1942 600 1956 633 :
1992 582 2085 642 Τι’.
2117 586 2300 649 inquit,
2323 591 2460 658 virga
2488 610 2599 645 eum
2628 597 2795 659 credis,
2821 607 2867 650 et
2896 604 3115 658 animant
3144 605 3281 658 illius

1746 670 1806 720 de
1835 671 2031 736 inferno
2061 675 2288 729 liberabis
2318 678 2504 748 (Prov.
2543 699 2698 744 χχιιι.
2742 688 2849 753 14).
2889 690 2946 742 Ει
2977 692 3114 758 ideo,
3144 698 3281 749 sicut

1744 775 1896 826 supra
1928 766 2188 831 snggessi,
2236 782 2337 820 non
2384 772 2553 825 solum
2580 778 2818 842 capitalia
2851 780 3065 836 crimina
3094 799 3279 839 cavea-

1744 864 1880 913 mus,
1921 851 2010 903 sed
2050 852 2205 906 etiam
2248 872 2430 923 parvas
2458 862 2814 929 neglignnzias,
2845 866 3017 938 [quas]
3046 876 3276 943 quotidie

1742 938 1888 1003 quasi
1910 955 2105 994 venena
2136 942 2324 996 diaboli
2357 950 2694 1015 respiramus.
2725 954 2855 1008 Sunt
2877 961 3013 1011 enim
3038 938 3276 1019 nonnulli

1741 1026 1828 1091 qui
1856 1039 1968 1092 post
1992 1030 2255 1097 religionis
2285 1036 2678 1102 professionem,
2706 1058 2804 1111 qua
2836 1046 3078 1101 videntur
3100 1053 3275 1106 exisse

1740 1113 1806 1167 de
1833 1120 2059 1181 stecnlo,
2105 1123 2259 1174 nimia
2298 1129 2578 1182 securitate
2620 1130 2910 1198 solvuntur,
2938 1146 2991 1188 et
3027 1137 3274 1207 impletur

1739 1202 1792 1254 in
1820 1206 1899 1274 eis
1926 1210 2180 1261 sententia
2213 1211 2412 1266 Domini
2438 1231 2534 1283 qua
2561 1217 2752 1273 dicitur
2777 1240 2787 1272 :
2829 1223 3030 1277 Utinam
3057 1228 3271 1299 frigidus

1738 1306 1884 1353 esses,
1916 1303 2003 1345 aut
2031 1298 2223 1348 calidus
2246 1315 2263 1350 :
2303 1317 2433 1353 nunc
2469 1316 2634 1357 autem
2663 1311 2781 1374 quia
2810 1314 3003 1374 tepidus
3028 1331 3108 1379 es,
3130 1298 3270 1369 Vinci-

1736 1381 1867 1446 piam
1896 1393 1942 1434 te
1972 1402 2161 1438 romere
2189 1404 2250 1440 ea:
2277 1406 2362 1442 ore
2382 1408 2493 1451 meo
2521 1395 2697 1463 (Apoc.
2736 1414 2823 1465 ιιι,
2861 1400 2968 1468 15).
3016 1404 3147 1469 Quid
3189 1415 3270 1459 est

1734 1472 1870 1539 quod
1895 1472 2028 1526 dixit
2054 1493 2064 1525 :
2103 1476 2305 1530 Utinam
2332 1469 2460 1534 esses
2489 1484 2683 1537 cal:dus
2708 1498 2795 1538 aut
2825 1490 3038 1558 frigidus
3058 1494 3083 1544 Ρ
3120 1493 3269 1548 Nunc

1734 1571 1903 1614 autem
1932 1566 2051 1631 quia
2081 1574 2133 1618 et
2164 1566 2229 1620 de
2249 1570 2441 1624 saeculo
2470 1576 2755 1639 recessisti,
2778 1586 2833 1631 et
2854 1583 3139 1645 spirvtalem
3165 1584 3264 1637 fer-

1734 1664 1910 1702 vorem
1940 1667 2031 1719 per
2052 1655 2411 1723 negligentiam
2438 1668 2578 1714 tuam
2606 1668 2998 1731 apprehendere
3026 1671 3261 1736 noluisti,

1456 1716 1457 1719 η
1941 1715 1952 1719 -
2122 1715 2139 1721 -
2190 1715 2215 1723 ν
2612 1715 2655 1731 ν,
2677 1715 2690 1731 ,
2712 1715 2722 1717 -
2744 1715 2763 1719 -
2791 1715 2996 1722 --η---ν
3026 1715 3261 1736 -.-.,.υ..,

111 1715 312 1779 grandis
340 1718 540 1771 cautela
570 1718 742 1785 fuerit,
775 1735 911 1789 pene
939 1724 1231 1796 submergi;
1271 1741 1388 1779 cum
1424 1742 1625 1781 Summa
1658 1732 1701 1789 Β
1733 1740 1933 1805 tepidus
1961 1743 2173 1798 effectus
2199 1762 2289 1814 es,
2330 1763 2395 1802 es
2429 1767 2520 1804 ore
2553 1752 2754 1808 Domini
2784 1760 2867 1810 vix
2901 1760 3085 1815 iterum
3125 1767 3263 1819 reci-

111 1803 393 1858 bumilitate
423 1814 473 1859 et
500 1807 693 1875 ingenti
724 1812 1015 1865 reverentia
1046 1814 1405 1878 admonemus,
1436 1832 1485 1870 ut
1508 1822 1625 1888 quia

111 1907 188 1946 ros
216 1892 456 1949 Christus
481 1899 790 1966 capitalibus
818 1902 1123 1957 criminibus
1152 1917 1393 1974 tanquam
1431 1908 1499 1961 de
1534 1926 1627 1977 pe-

108 1982 339 2037 riculosis
365 1985 604 2040 liberavit
633 1989 898 2054 ﬂuctibus,
933 1992 982 2043 in
1032 1988 1182 2059 portu
1211 1996 1401 2061 quietis
1426 2006 1478 2051 et
1504 1997 1626 2051 bea-

106 2072 328 2127 titodinis
374 2077 680 2143 constituti,
727 2094 913 2148 parvas
957 2084 1336 2153 negligentias,
1384 2096 1438 2141 et
1479 2090 1624 2155 quasi

105 2158 285 2214 minuta
316 2175 560 2230 peccata,
604 2181 720 2234 qua:
759 2167 915 2221 sicin
947 2170 1119 2223 anima
1146 2171 1445 2239 conﬂuunt,
1490 2188 1622 2242 quo-

102 2248 244 2299 modo
264 2252 752 2315 peruiinutissimas
770 2257 916 2308 navis
937 2258 1150 2311 rimulas
1172 2260 1222 2319 in
1243 2259 1446 2314 sentina
1467 2272 1624 2330 guttae

101 2346 426 2403 concurrunt,
456 2354 585 2393 cum
606 2343 748 2395 omni
775 2344 1058 2411 vigilantia,
1078 2347 1295 2402 Christo
1321 2350 1619 2417 adiuvante,

98 2426 364 2479 exhaurire
410 2427 608 2496 jugiter
651 2428 930 2484 festinetis.
987 2432 1116 2487 Nam
1162 2437 1424 2504 quomodo
1471 2443 1622 2494 navis

101 2522 263 2577 postea
288 2528 444 2582 quam
472 2515 637 2585 pelagi
664 2515 849 2571 ﬂuctus
876 2522 1129 2584 evaserit,
1161 2524 1205 2575 si
1236 2524 1287 2577 in
1318 2534 1468 2591 portu
1496 2541 1617 2591 sen-

99 2604 242 2656 tinata
269 2620 373 2658 non
398 2604 585 2671 luerit,
612 2607 678 2661 de
703 2607 917 2662 minutis
942 2620 1101 2679 guttis
1131 2613 1378 2682 impletur
1403 2627 1456 2669 et
1483 2634 1620 2671 mer-

96 2693 220 2757 gitur
256 2709 271 2746 :
302 2697 383 2749 sie
404 2702 461 2749 et
485 2697 792 2762 monachus,
831 2692 1062 2755 devictis
1075 2709 1128 2755 et
1156 2705 1413 2782 superatis
1439 2707 1616 2760 mundi

97 2780 236 2848 hujus
258 2785 586 2861 criminibus,
615 2788 763 2856 quasi
793 2791 1097 2857 periculosis
1121 2780 1382 2861 ﬂuctibus,
1407 2811 1524 2851 cum
1550 2798 1615 2851 ad

97 2879 288 2933 portum
333 2858 636 2928 monasterii
662 2879 906 2951 venerit,
946 2880 990 2931 si
1037 2881 1366 2951 subrepentia
1402 2886 1525 2938 vitia
1561 2896 1615 2940 et

96 2958 275 3012 minuta
305 2970 361 3014 et
383 2950 681 3028 quotidiana
713 2975 925 3032 peccata
951 2968 1016 3021 de
1044 2950 1230 3024 anima:
1268 2986 1377 3026 sua:
1411 2975 1613 3031 sentina

95 3047 353 3102 exhaurire
380 3051 693 3118 neglexerit,
729 3054 782 3105 in
807 3054 919 3122 ipso
946 3066 1097 3123 portu
1136 3060 1387 3129 naufragii
1426 3064 1607 3117 discri-
1634 3069 1678 3127 Ο
1709 3047 1758 3137 σε

95 3150 199 3189 men
217 3136 450 3193 incurrit.
474 3138 578 3193 Sed
599 3140 724 3194 dicit
742 3141 947 3209 aliquis,
968 3146 1226 3211 quomodo
1246 3160 1415 3215 potest
1436 3155 1606 3206 anima

94 3227 367 3281 seminari?
424 3228 612 3297 Utique
660 3230 893 3295 orando,
942 3233 1261 3302 jejunando,
1309 3240 1604 3306 vigilando,

96 3328 249 3370 veram
270 3320 543 3374 caritatem
571 3330 625 3374 et
646 3333 821 3375 veram
845 3321 1187 3380 humilitatem
1219 3337 1270 3381 et
1292 3345 1463 3384 veram
1491 3333 1608 3387 obe-

94 3404 322 3461 dientiam
370 3402 687 3464 exhibendo.
739 3413 1036 3478 Attendite,
1082 3417 1300 3483 fratres,
1347 3423 1607 3487 quomodo

94 3494 220 3548 navis
243 3498 538 3552 sentinatur
564 3516 596 3554 a
624 3501 797 3569 situla,
830 3504 905 3557 sic
930 3506 1103 3559 anima
1129 3507 1195 3559 ab
1224 3510 1469 3577 operibus
1496 3528 1605 3565 ma-

94 3580 144 3632 lis
178 3587 411 3639 oratione
437 3587 697 3642 dominica
731 3590 1019 3659 liberatur,
1068 3595 1109 3647 si
1153 3596 1290 3650 dicat
1332 3609 1383 3652 et
1425 3615 1603 3655 verum

92 3670 245 3741 dicat:
273 3674 482 3729 Dimitte
511 3681 650 3733 nobis
679 3681 841 3735 debita
866 3694 1035 3738 nostra
1070 3688 1199 3739 sicut
1238 3698 1285 3740 et
1321 3706 1409 3763 nos
1437 3692 1603 3763 dimit-

92 3758 219 3813 timus
248 3764 547 3817 debitoribus
585 3772 766 3821 nostris
800 3771 1010 3837 (Matth.
1044 3789 1120 3836 Vl,
1168 3774 1272 3842 ιε).
1322 3753 1418 3840 Qui
1463 3762 1601 3831 enim

92 3850 316 3903 omnibus
362 3853 412 3904 in
466 3866 525 3905 se
573 3857 907 3920 peccantibus
959 3860 1244 3915 clementer
1291 3859 1599 3935 indulserit,

92 3936 270 3988 nullius
300 3940 796 4008 peccativestigium
836 3946 887 3995 in
926 3945 1065 3998 illius
1092 3948 1263 4002 anima
1295 3954 1600 4007 remanebit.

90 4026 355 4090 Attendite,
392 4027 601 4092 fratres,
640 4043 691 4082 et
720 4035 1045 4089 considerate
1077 4039 1216 4103 quod
1245 4040 1381 4107 dixi,
1423 4050 1506 4113 qni
1553 4063 1599 4098 ιιι

89 4123 136 4163 se
174 4115 403 4180 peccanti
451 4116 764 4188 indulserit,
814 4138 914 4174 non
964 4125 1067 4177 dixi
1106 4128 1241 4191 quod
1277 4132 1361 4196 qui
1404 4132 1454 4184 in
1496 4132 1603 4185 Deo

89 4203 380 4268 peccaverit,
410 4205 507 4272 ipsi
537 4206 730 4261 debeas
753 4212 953 4262 veniam
986 4215 1129 4275 dare,
1155 4218 1291 4283 quod
1321 4220 1465 4285 pejus
1490 4233 1598 4283 est;

86 4289 326 4357 aliquoties
364 4295 452 4362 qui
502 4296 553 4349 in
601 4298 750 4352 nobis
779 4306 1105 4370 peccaverit,
1154 4319 1243 4359 ant
1288 4312 1466 4375 tarde,
1511 4325 1601 4368 aut

86 4378 278 4454 tlifllcile
305 4386 511 4439 veniam
538 4388 748 4454 damus;
792 4394 875 4460 qui
920 4394 969 4445 in
997 4395 1106 4449 Deo
1135 4397 1427 4467 deliquerit,
1461 4406 1598 4459 cele-
1631 4391 1680 4448 Ῑ)

87 4465 194 4521 riter
218 4472 564 4543 indulgemus.
612 4476 715 4532 Sed
755 4483 797 4532 si
838 4484 1078 4538 volumus
1115 4486 1254 4553 juste
1290 4505 1476 4559 agere,
1527 4496 1596 4549 illi

84 4558 154 4616 qui
184 4556 232 4609 in
274 4559 381 4615 Deo
416 4567 744 4631 peccaverit,
774 4572 886 4622 sine
914 4578 1243 4628 severissima
1275 4579 1597 4638 districtione

86 4655 171 4697 non
195 4647 445 4705 debemus
474 4654 737 4724 indulgere
767 4676 830 4713 ne
852 4701 864 4723 ,
883 4662 1003 4715 dum
1035 4664 1107 4717 il'i
1142 4682 1233 4733 per
1261 4670 1593 4727 indiscretam

86 4732 306 4793 pietatem
338 4742 639 4806 remittitur,
664 4754 958 4813 exemplum
992 4732 1297 4818 perditionis
1324 4760 1440 4810 aliis
1472 4776 1594 4826 pra:-

86 4818 264 4876 beatur.
314 4826 369 4879 In
417 4844 512 4881 suo
555 4847 681 4901 ergo
726 4852 782 4889 se
829 4844 1179 4911 unusquisque
1212 4849 1449 4900 omendat
1484 4854 1563 4902 cie

86 4919 308 4976 mentem,
340 4918 457 4983 quia
492 4920 739 4976 Duuiinns
768 4928 877 4982 ait:
912 4930 972 4981 Si
1002 4933 1287 4985 dimiseritis
1316 4938 1592 4991 Itonzinibus

83 5008 256 5059 peccata
282 5012 470 5060 eorum.
498 5008 705 5061 ditttiitet
736 5016 868 5065 vobis
899 5015 1223 5072 Paternester
1249 5024 1453 5076 ccclesiis
1481 5043 1595 5091 pcr-

83 5095 174 5136 cata
198 5100 355 5140 rostra
380 5090 430 5159 (1
438 5092 564 5154 bid.,
597 5097 618 5147 1
639 5097 705 5165 ί).

137 5171 183 5225 2.
220 5175 438 5243 Quando
465 5196 587 5233 vero
632 5185 681 5236 in
724 5187 881 5241 Deum
923 5192 1107 5260 aliquis
1148 5208 1415 5268 peccatum
1460 5220 1591 5270 prae-

81 5263 217 5316 sumit
242 5268 534 5333 admittere,
566 5271 941 5335 districtionth
969 5281 1123 5336 debet
1164 5263 1583 5347 monasterialem

81 5353 332 5407 sustinere.
382 5356 447 5409 Et
476 5356 572 5412 hoc
603 5360 793 5415 bonum
831 5369 914 5431 pio
948 5370 1123 5425 animo
1162 5373 1315 5430 debet
1346 5380 1490 5443 lieri,
1536 5394 1590 5436 nt

80 5441 273 5505 spiritali
302 5448 637 5514 castigatione
663 5452 727 5503 ita
760 5457 1051 5528 corrigatur
1082 5462 1130 5514 in
1166 5464 1261 5517 hoc
1285 5471 1499 5528 saeculo.
1533 5485 1586 5527 ut

80 5540 165 5582 non
192 5547 367 5599 pereat
402 5537 451 5591 in
490 5539 693 5594 futuro:
726 5521 1025 5611 quia’lomne
1054 5565 1317 5619 peccatum
1349 5562 1486 5625 quod
1518 5566 1578 5629 in

330 5631 592 5692 Ριτιιοι..
631 5636 817 5694 LVIII

1733 1831 1951 1896 piendus
1977 1838 2254 1889 evomeris.

1797 1921 1849 1976 3.
1892 1922 2148 1992 Ideoque,
2188 1926 2693 2000 fratres‘earissimi,
2729 1939 3043 1993 sententiam
3072 1941 3258 1998 divinat

1726 2010 2008 2081 Scriptura:
2051 2014 2326 2083 diligenter
2356 2022 2635 2087 attendite,
2672 2039 2771 2093 qua
2814 2027 3005 2082 dicitur
3050 2049 3063 2084 :
3108 2033 3259 2088 Omni

1725 2102 1953 2155 custodia
1989 2122 2128 2159 serva
2166 2125 2251 2161 cor
2279 2120 2414 2162 tuum
2441 2111 2618 2182 (Prov.
2661 2130 2733 2181 tv,
2775 2117 2888 2187 23).
2940 2120 3084 2177 Sicut
3120 2127 3258 2179 enim

1721 2192 2048 2257 gaudendum
2076 2196 2244 2250 estde
2271 2202 2528 2254 monacho
2553 2207 2640 2271 qui
2668 2207 2718 2259 in
2749 2216 3063 2265 monasterio
3083 2218 3259 2271 volue-

1723 2278 1790 2329 rit
1829 2283 2312 2348 mansuetudinem,
2356 2289 2734 2355 obedientiam,
2780 2298 3079 2363 patientiam
3117 2304 3257 2360 mitis

1720 2375 1775 2420 et
1816 2366 2023 2423 humilis
2066 2371 2347 2438 exhibere;
2384 2377 2451 2430 ita
2480 2392 2511 2431 e
2542 2382 2806 2436 contrario
2848 2385 3126 2461 lugendum
3168 2402 3253 2447 est

1720 2458 1785 2514 de
1831 2460 1920 2514 illo
1959 2462 2044 2523 qni
2092 2478 2310 2533 corpore
2357 2476 2555 2523 tantum
2595 2472 2798 2527 videtur
2824 2458 3017 2532 de'boe
3054 2482 3247 2536 saeculo

1719 2552 1910 2617 exisse,
1951 2553 2107 2609 corde
2136 2564 2307 2610 tamen
2350 2558 2400 2611 in
2443 2561 2636 2614 mundo
2662 2572 2753 2617 aut
2782 2569 3098 2623 remansisse
3134 2572 3254 2625 inll-

1717 2640 1924 2708 deliter,
1966 2653 2055 2696 aut
2093 2646 2312 2700 rediisse
2352 2650 2632 2706 infeliciter
2671 2659 3020 2722 cognoscitur,
3064 2670 3116 2715 et
3154 2677 3251 2731 pro

1717 2728 2005 2785 humilitate
2030 2733 2227 2800 profert
2253 2739 2572 2803 superbiam,
2614 2756 2708 2807 pro
2748 2747 2994 2811 patientia
3038 2728 3246 2803 iracun-

1716 2819 1851 2870 diam
1879 2862 1894 2885 ,
1943 2834 2037 2887 pro
2084 2821 2375 2876 obedientia
2426 2836 2776 2895 contemptum
2804 2874 2818 2897 ,
2874 2848 2967 2898 pro
3011 2837 3244 2891 caritatis

1714 2908 2089 2964 medicamento
2111 2914 2321 2968 malitia:
2343 2914 2558 2970 ell'undit
2579 2934 2857 2976 venenum.
2887 2923 3101 2980 Talibus
3120 2942 3245 2982 con-

1712 2998 1852 3051 venit
1890 2998 1973 3051 illa
1999 3001 2133 3053 beati
2166 3001 2305 3054 Petri
2336 3019 2453 3057 vera
2495 3017 2548 3057 et
2587 3008 2805 3062 multum
2850 3012 3077 3067 timenda
3118 3031 3240 3070 sen-

1763 3087 1887 3139 ntia.
1921 3088 2126 3162 Melius,
2155 3091 2338 3159 inquit,
2362 3094 2465 3146 illis
2488 3099 2651 3163 fuerat
2677 3114 2774 3149 non
2800 3116 3091 3168 cognoscere
3116 3105 3241 3159 viam

1697 3176 1945 3242 justitite,
1994 3194 2144 3245 quam
2189 3183 2301 3245 post
2342 3184 2673 3250 cognitionem
2715 3191 2984 3240 retrorsum
3024 3197 3241 3245 converti

1707 3262 2033 3339 (IlPetr.tt,
2059 3268 2169 3333 ΞΟ).
2212 3270 2276 3321 Et
2304 3271 2487 3324 iterum
2514 3289 2526 3324 :
2560 3272 2710 3327 Canis
2746 3291 2965 3329 reversus
2992 3280 3059 3329 ad
3083 3285 3233 3333 vomi-

1706 3363 1809 3405 tum
1834 3343 2010 3422 suum,
2050 3365 2096 3409 et
2131 3374 2218 3410 sus
2257 3360 2359 3413 lota
2394 3363 2447 3413 t'n
2483 3366 2741 3417 volutabra
2781 3366 2874 3420 luti
2906 3367 3086 3436 (lbid.,
3118 3371 3231 3431 2|).

1706 3443 1808 3495 Sed
1840 3458 1933 3497 nec
1961 3444 2025 3497 de
2056 3446 2243 3501 talibus
2280 3449 2663 3518 desperandum
2703 3466 2813 3519 est,
2857 3456 3074 3521 fratres.
3114 3462 3232 3527 quia

1706 3542 1891 3598 potens
1919 3543 2000 3588 est
2032 3534 2166 3588 Deus
2194 3538 2463 3592 orantibus
2491 3541 2639 3595 vobis
2674 3543 2951 3596 scintillam
2982 3560 3234 3612 compun-

1669 3644 1679 3669 l
1704 3621 1889 3673 ctionis
1916 3625 2221 3689 accendere,
2247 3635 2300 3680 et
2324 3643 2532 3681 omnem
2559 3631 2731 3682 saeculi
2758 3633 3069 3696 voluptatem
3094 3637 3236 3689 velut
3322 3676 3327 3680 ι

1703 3709 1879 3771 spinas
1915 3718 1970 3762 et
2010 3712 2228 3764 tribulos
2256 3717 2501 3779 nequitias
2528 3718 2723 3769 salubri
2759 3721 2873 3783 igne
2903 3736 3230 3784 consumere,

1703 3794 1793 3846 illo
1832 3796 2007 3863 utique
2054 3798 2171 3864 igne
2209 3799 2277 3852 de
2314 3815 2417 3868 quo
2458 3801 2708 3854 Dominus
2748 3806 2856 3858 ait:
2910 3805 3083 3875 Ignem
3124 3816 3233 3865 veni

1701 3883 1888 3934 mittere
1923 3884 1975 3935 in
2014 3894 2225 3950 terram,
2272 3879 2332 3939 ρι’
2355 3890 2477 3957 quid
2510 3894 2618 3943 volo
2659 3894 2751 3945 nisi
2792 3904 2845 3947 ut
2880 3898 3050 3959 ardeat
3082 3899 3226 3968 (Luc.

1702 3989 1808 4037 svi,
1836 3973 1964 4039 49)?

1771 4063 1821 4113 4.
1862 4063 2015 4114 Orate
2050 4078 2194 4130 ergo,
2228 4065 2414 4119 fratres
2442 4068 2796 4135 dileCtissimi,
2830 4087 2931 4125 non
2964 4077 3129 4127 so‘um
3173 4088 3229 4129 nt

1700 4149 1847 4203 vobis
1874 4150 2009 4203 Dens
2035 4156 2473 4219 persevcrantiam
2502 4157 2686 4221 bonam
2715 4161 2955 4224 dignetur
2980 4167 3225 4228 tribuere,

1699 4240 1787 4291 sed
1818 4246 1872 4292 et
1919 4239 1989 4293 illi
2031 4242 2117 4306 qui
2150 4243 2471 4311 negligentes
2502 4255 2621 4299 sunt
2674 4250 2879 4304 tmidem
2910 4254 3126 4306 debeant
3164 4260 3230 4312 de

1701 4326 1845 4380 fovea
1876 4330 2135 4396 superbiae
2164 4344 2221 4384 se
2250 4332 2550 4397 sublevare,
2601 4344 2651 4389 et
2688 4338 2754 4413 de
2793 4339 2992 4409 laqueis
3024 4358 3227 4399 eruere.

1705 4418 1759 4471 Si
1788 4420 1925 4473 enim
1954 4421 2101 4475 vobis
2129 4424 2425 4487 orantibus,
2470 4435 2523 4478 et.
2550 4440 2665 4478 cum
2701 4430 2917 4485 caritate
2955 4435 3229 4487 consilium

1703 4509 1967 4573 dantibus,
1989 4511 2281 4575 quicunque
2304 4521 2425 4564 sunt
2447 4514 2602 4579 tepidi
2628 4528 2677 4567 et
2701 4518 3017 4583 negligentes
3038 4521 3230 4574 fuerint

1702 4598 1997 4658 emendati,
2045 4598 2359 4662 duplicatum
2401 4601 2548 4652 vobis
2586 4605 2853 4667 prazminm
2890 4606 3140 4659 Dominus
3178 4624 3230 4663 et

1700 4684 1763 4735 de
1796 4671 1970 4735 vestra
2010 4694 2059 4736 et
2102 4684 2167 4736 de
2212 4685 2417 4738 illorum
2457 4689 2786 4756 correptione
2829 4706 3230 4760 recompensare

1699 4771 2009 4836 dignabitur.
2058 4772 2185 4825 Nam
2228 4790 2322 4826 nec
2361 4776 2431 4827 illi
2468 4780 2551 4841 qui
2596 4778 2714 4830 boni
2747 4791 2895 4845 sunt,
2942 4796 2997 4834 se
3041 4785 3231 4839 debent

1698 4858 1843 4923 quasi
1874 4859 1937 4911 de
1964 4860 2074 4912 suis
2115 4863 2311 4914 meritis
2352 4867 2637 4928 extollere;
2687 4882 2782 4920 nec
2823 4870 2895 4921 illi
2935 4874 3019 4938 qui
3063 4876 3228 4940 negli-

1697 4954 1875 5011 gentes
1905 4956 2055 5008 sunt,
2086 4947 2150 5001 de
2184 4950 2269 5003 Dei
2303 4952 2654 5007 misericordia
2686 4957 2964 5025 desperare
2991 4978 3004 5014 :
3038 4964 3124 5013 sed
3159 4964 3228 5013 illi

1698 5049 1812 5085 cum
1846 5034 2133 5091 humilitate
2182 5039 2268 5091 Dei
2319 5041 2452 5093 bona
2500 5046 2826 5111 custodiant,
2878 5058 2929 5100 et
2978 5049 3059 5100 isti
3108 5065 3225 5100 Clllll

1698 5126 1875 5189 grandi
1923 5130 2319 5190 compunctione
2352 5132 2587 5184 ,telerius
2634 5135 2696 5185 ad
2748 5138 3104 5202 paenitentiam
3150 5139 3224 5187 vel

1697 5215 2040 5277 correptionis
2080 5217 2458 5272 medicamenta
2499 5222 2799 5288 confugiant
2827 5238 2839 5273 :
2871 5224 2986 5289 quia
3019 5226 3099 5287 qui
3135 5225 3226 5277 bo—

1694 5319 1789 5354 nns
1818 5313 1891 5353 est
1912 5342 1926 5365 ,
1968 5304 2011 5356 si
2042 5308 2311 5373 superbire
2338 5314 2581 5378 cmperit,
2627 5312 3013 5373 humiliabitur;
3058 5324 3109 5365 et
3138 5318 3222 5379 qui

1692 5396 1945 5459 superbus
1973 5405 2071 5462 est,
2106 5398 2156 5467 si,
2175 5412 2233 5451 se
2260 5399 2636 5465 humiliaverit,
2681 5417 2771 5468 per
2794 5402 2884 5453 Dei
2922 5404 3224 5457 mrseriCtir-

1690 5483 1822 5531 diam
1854 5482 2227 5537 sublevahitnr.
2271 5487 2492 5541 Tantum
2536 5499 2615 5542 est
2664 5499 2716 5541 ut
2744 5504 2799 5541 se
2832 5504 2929 5541 non
2964 5496 3226 5556 perm’ttat

1688 5572 1908 5638 amp’ius
1937 5573 2214 5628 durissimo
2236 5576 2361 5644 jugo
2398 5580 2590 5645 premi,
2632 5595 2728 5632 nec
2757 5580 2911 5632 nimia
2945 5591 2993 5633 et
3028 5590 3225 5648 pericu-

2726 5671 2800 5729 28
