3824 6218
571 146 675 203 875

1767 149 1838 206 5.’
1863 149 2103 206 FAUSTI
2143 149 2540 205 RIIEGIENSIS

3645 155 3750 207 876

572 255 680 309 lusa
712 255 1121 310 dissimulatione
1149 256 1198 309 in
1231 257 1460 325 peccatis
1488 258 1876 326 perseverando
1905 257 2101 311 diutius
2131 263 2177 316 Α
2207 274 2353 326 pere,
2400 275 2463 312 ne
2500 259 2777 313 occasione
2809 258 3114 314 humilitatis
3143 260 3317 315 nimiae
3359 260 3688 332 prolongetur
3717 280 3744 316 a

570 345 843 406 nbdurari;
884 347 974 398 sed
1009 355 1110 401 tam
1143 346 1251 400 cito
1288 347 1553 415 confugiat
1589 345 1653 400 ad
1695 347 1941 415 pietatem
1979 346 2108 410 Dei,

572 445 627 486 nt
654 435 704 486 in
729 449 786 488 se
813 437 1007 502 peccati
1031 436 1302 502 vestigium
1333 453 1433 488 non
1465 438 1742 505 relinquat.
1783 437 1990 503 Optime
2017 451 2109 490 ca-

573 523 688 576 lidis
710 526 878 577 adhuc
898 524 1204 578 vulneribus
1228 524 1483 594 malagma
1506 527 1587 579 vel
1611 526 1764 579 fibula
1792 525 2105 594 apponitur:

569 616 684 680 quia
728 615 769 666 si
810 614 959 667 velox
996 615 1150 666 fuerit
1187 615 1250 666 ad
1288 614 1554 668 caelestem
1596 615 1856 667 medicum
1889 615 2109 667 intentio

568 706 898 772 resurgendi,
933 707 1207 774 vestigium
1246 707 1444 773 peccati
1483 721 1585 759 non
1616 707 1807 773 poterit
1835 719 2109 758 remanere

565 811 681 847 cum
702 796 864 863 lapsu,
887 797 1004 863 quia
1029 797 1124 848 sub
1145 810 1300 848 manu
1323 795 1697 861 omnipotentis
1722 794 1911 848 medici
1933 802 1985 847 et
2006 795 2108 846 cito

566 887 699 952 perit
729 889 958 948 morbus,
991 893 1045 938 et
1066 885 1318 938 velociter
1344 893 1557 936 sanatur
1582 892 1831 951 aegrotus.

636 976 687 1026 5.
717 975 904 1027 lterum
927 987 1084 1042 atque
1101 975 1286 1026 iterum
1307 986 1434 1037 rogo
1456 983 1503 1024 et
1527 972 1804 1036 admoneo,
1825 972 2032 1037 fratres,
2053 982 2108 1024 ut

567 1066 938 1127 obedientiam,
961 1075 1015 1118 et
1052 1063 1418 1126 humilitatem,
1442 1072 1494 1116 et
1524 1065 1793 1115 caritatem
1818 1079 1919 1114 non
1941 1064 2107 1122 solum

569 1155 863 1208 senioribus
890 1163 940 1206 et
968 1152 1339 1219 coaequalibus,
1379 1152 1470 1204 sed
1510 1152 1663 1204 etiam
1690 1151 1985 1218 junioribus
2013 1167 2109 1204 ex-

571 1249 751 1300 hibere
778 1246 968 1314 jugiter
995 1244 1283 1298 studentis:
1325 1243 1444 1312 quia
1478 1243 1724 1312 quat-libet
1761 1243 1894 1298 booa
1927 1256 2108 1294 servus

575 1339 662 1391 Dei
698 1340 885 1391 habere
910 1337 1202 1401 contendit,
1233 1349 1285 1389 et
1315 1335 1490 1388 omnia
1522 1335 1804 1401 perniciter
1833 1333 2030 1400 perdit,
2064 1333 2106 1385 si

573 1431 622 1481 in
663 1429 751 1480 illo
792 1427 1052 1480 humilitas
1096 1436 1148 1479 et
1194 1425 1382 1478 caritas
1409 1439 1531 1477 vera
1571 1439 1675 1477 non
1718 1422 1890 1477 fuerit.
1940 1422 2109 1475 Nolite

573 1526 916 1577 murmurare,
943 1517 1158 1577 fratres;
1181 1515 1431 1580 scriptum
1448 1520 1528 1566 est
1547 1513 1685 1564 enim
1713 1511 1848 1577 quod
1876 1525 2109 1563 murmu-

2211 361 2430 411 curpore
2467 355 2520 398 et
2559 349 2807 414 sanguine
2851 348 2935 400 cui
2981 361 3048 407 se
3072 349 3246 416 junxit
3272 361 3330 402 ιιι
3369 365 3526 404 unum
3558 366 3744 420 corpus

2209 435 2522 489 efﬁceretur.
2559 435 2931 490 Communicare
2976 453 3102 506 ergo
3144 455 3248 494 non
3277 440 3482 494 desinat
3508 444 3586 508 qui
3614 460 3738 511 pec-

2209 539 2331 578 care
2375 527 2596 591 quievit,
2647 535 2846 580 tantum
2889 527 2956 582 de
2998 530 3200 597 reliquo
3235 544 3340 582 nou
3373 540 3563 598 peccet.
3589 534 3735 585 'Nam

2208 617 2341 668 sicut
2371 616 2502 684 ignis
2535 617 2635 670 istc
2663 617 2885 670 visibilis
2914 618 3043 671 duas
3081 619 3131 671 iu
3173 635 3232 674 se
3257 621 3507 688 quasdam
3533 621 3737 675 effican-

2209 704 2308 755 tias
2337 704 2520 769 halzet,
2567 705 2617 757 id
2660 712 2741 758 est
2778 708 3086 759 comburere
3125 708 3324 777 fragilia
3366 721 3420 762 et
3458 710 3736 764 illuminare

2210 795 2528 856 tenebrosa;
2585 795 2653 846 ita
2703 793 2920 862 ignitum
2973 797 3098 848 illud
3150 797 3468 850 dominicum
3511 814 3730 866 cirpus,

2208 888 2418 952 quando
2446 899 2567 938 cum
2598 895 2742 939 metu
2781 895 2835 939 et
2872 889 3161 941 reverentia
3198 889 3381 957 grandi
3419 889 3565 943 fuerit
3594 904 3734 942 sum-

2210 983 2373 1040 ptum,
2399 973 2632 1041 corporis
2655 973 2865 1041 quidem
2893 975 3080 1029 delicta
3106 976 3390 1043 Consumit,
3417 979 3592 1031 animae
3615 995 3730 1031 vero

2208 1077 2419 1114 sensum
2467 1063 2759 1115 illuminat:
2803 1062 2869 1115 Et
2914 1062 3109 1117 idcirco
3151 1052 3382 1120 maxime
3427 1065 3728 1134 frequentius

2207 1167 2594 1206 commun'care
2623 1152 2794 1206 debet.
2845 1152 2901 1205 Si
2929 1168 3054 1206 vero
3096 1141 3304 1216 fuerit,2
3323 1155 3457 1207 sicut
3496 1155 3725 1220 scriptum

2209 1251 2313 1304 est,
2359 1244 2497 1309 lepra
2531 1243 2582 1294 in
2616 1242 2768 1310 pelle,
2804 1243 3070 1296 immunda
3099 1244 3230 1308 erit,
3278 1241 3330 1294 id
3360 1252 3442 1296 est
3479 1255 3726 1310 peccatum

2209 1331 2260 1383 iu
2293 1333 2570 1398 monacho,
2612 1334 2732 1399 quia
2777 1335 2966 1402 pellem
2997 1347 3114 1387 esse
3139 1333 3453 1386 monachum
3479 1335 3723 1401 Scriptura

2208 1424 2526 1488 pronuntiat,
2553 1421 2953 1476 niortillcantem
2977 1423 3210 1477 membra
3234 1436 3328 1474 sua
3354 1436 3506 1490 super
3526 1432 3719 1480 terram,

2206 1514 2354 1575 cuius
2382 1511 2588 1562 ossibus
2616 1510 2835 1565 adhaesit
2865 1527 3010 1577 caro,
3049 1526 3166 1580 quae
3202 1514 3503 1564 immolatur
3533 1521 3725 1576 propter

573 1619 747 1659 rantes
793 1620 820 1656 a
866 1604 1195 1672 serpentibus
1241 1603 1526 1668 perierunt.
1580 1599 1750 1652 Nolite
1795 1599 2069 1651 detrahere
2090 1638 2104 1660 ,
2136 1591 2183 1648 Β
2210 1600 2407 1662 oleum,
2435 1611 2485 1653 et
2512 1617 2538 1652 a
2561 1599 2759 1668 jejunio
2785 1600 3100 1666 infirmatur,
3128 1611 3182 1656 et
3204 1601 3380 1668 jejuna
3408 1601 3542 1654 velut
3565 1600 3722 1652 fenum

569 1695 774 1760 fratres,
805 1695 922 1762 quia
953 1692 1203 1760 scriptum
1234 1702 1349 1744 est:
1384 1691 1481 1753 Qui
1514 1691 1731 1742 detrahit
1772 1689 1914 1756 fratri
1944 1689 2108 1740 cradi-

568 1787 780 1838 cabitur.
831 1784 1000 1838 Nolite
1041 1782 1362 1837 iracundiam
1408 1783 1457 1834 in
1501 1771 1945 1848 corde‘servare,
1989 1780 2108 1848 quia

570 1880 816 1943 scriptum
839 1886 916 1930 est
939 1895 950 1928 :
982 1873 1069 1927 Ira
1094 1876 1224 1927 enim
1250 1876 1340 1926 viri
1360 1875 1611 1944 justitiam
1637 1872 1729 1926 Dei
1757 1890 1855 1925 non
1879 1883 2110 1939 aperutur

573 1964 710 2028 (Jac.
735 1979 788 2025 ιι,
812 1965 925 2030 ΞΟ).
958 1963 1129 2017 Nolite.
1155 1977 1247 2015 vos
1273 1964 1493 2016 invicem
1518 1962 1639 2016 odio
1662 1964 1873 2028 habere,
1901 1971 2110 2028 propter

575 2054 698 2107 illud
727 2053 862 2122 quod
894 2054 1141 2119 scriptum
1171 2061 1289 2106 est:
1322 2052 1420 2116 Qui
1457 2053 1560 2104 odit
1596 2054 1803 2119 fratrem
1839 2068 1983 2104 suum
2012 2051 2107 2102 ho-
2184 2081 2186 2083 ›

574 2143 754 2195 micida
783 2153 852 2194 est
881 2141 933 2212 (1
952 2140 1105 2195 Joan.
1132 2158 1208 2206 ιιι,
1243 2144 1348 2210 15).
1387 2141 1490 2197 Sed
1521 2157 1622 2196 non
1652 2157 1783 2210 opus
1809 2152 1889 2196 est
1915 2153 1970 2196 ut
1994 2143 2110 2195 din-

573 2230 675 2285 tiu's
721 2241 953 2286 sanctam
1003 2232 1272 2285 caritatem
1317 2240 1541 2286 vestram
1589 2232 1766 2284 verbis
1805 2231 2108 2293 doceamus,

571 2321 706 2389 quod
753 2336 844 2374 vos
889 2321 954 2372 ad
999 2320 1189 2374 Christi
1235 2321 1453 2387 gloriam
1501 2321 1748 2386 operibus
1793 2319 2010 2399 implere
2059 2331 2112 2374 et

573 2413 932 2487 cognoscimus
981 2419 1034 2462 et
1078 2410 1384 2476 gaudemus.
1446 2409 1554 2461 lloc
1598 2411 1765 2462 solum
1816 2409 2113 2478 specialiter
2154 2459 2156 2462 ,

575 2499 821 2567 petimus,
855 2508 910 2550 ut
939 2498 1060 2566 quia
1085 2511 1176 2551 vos
1210 2498 1344 2550 Deus
1380 2497 1431 2550 iu
1462 2497 1630 2550 lucum
1666 2498 1852 2564 quietis
1883 2509 1935 2551 ct
1965 2509 2109 2552 tran-

574 2587 844 2656 quillitatis
891 2586 1151 2639 collocare
1194 2584 1434 2652 dignatus
1481 2595 1597 2649 est,
1649 2601 1743 2652 pro
1787 2586 1938 2641 nobis
1980 2599 2111 2652 qitos

575 2678 750 2732 saeculi
802 2678 948 2731 istius
997 2685 1333 2743 tempestates
1379 2686 1432 2731 et
1473 2678 1879 2731 innumerabiles
1927 2679 2114 2731 iluctus

575 2767 850 2836 aﬂligunt,
905 2767 1252 2821 abundantius
1303 2767 1521 2820 Domino
1571 2767 1914 2835 supplinetis:
1966 2777 2021 2819 ut
2068 2767 2112 2820 si

578 2857 751 2919 nobis,
779 2855 865 2922 qui
893 2870 994 2907 non
1024 2869 1305 2918 meremur,
1335 2857 1495 2933 gloria
1529 2870 1631 2906 non
1673 2854 1903 2920 dabitur,
1928 2857 2113 2909 saltem

2208 1688 2417 1740 arescit.
2472 1687 2609 1756 Ergo
2641 1689 2686 1743 si
2730 1688 2780 1740 in
2824 1691 2920 1742 hac
2951 1691 3084 1757 pelle
3113 1690 3221 1742 visa
3259 1689 3417 1742 fuerit
3449 1692 3610 1758 lepra,
3639 1690 3724 1741 imo

2209 1777 2399 1828 munda
2419 1777 2539 1841 erit,
2562 1785 2617 1830 et
2641 1778 2738 1830 nisi
2766 1777 2918 1832 fuerit
2941 1779 3194 1845 jacintina
3221 1790 3310 1831 aut
3334 1781 3483 1832 rubra
3511 1792 3650 1846 pura,
3670 1778 3723 1829 ad

2208 1875 2446 1918 ornatqu
2480 1865 2806 1921 tabernaculi
2837 1881 2940 1921 non
2973 1868 3072 1922 erit
3098 1880 3238 1935 apta.

2809 1997 3034 2052 SERMO
3070 1997 3158 2061 IV,

2209 2099 2324 2138 SIVE
2362 2099 2637 2139 ADIlONl'I'IO
2665 2100 2976 2140 NECESSABIA
2997 2103 3060 2139 DE
3093 2103 3176 2139 υιε
3196 2101 3398 2151 JUDICII,
3422 2102 3483 2140 ετ
3505 2101 3722 2141 ΙΑιοιῠιι

2281 2167 2463 2216 ΡΩΕΝᾹ,
2502 2170 2597 2206 νει.
2630 2168 2864 2209 ιιοιιοιιυιι
2904 2170 3124 2218 ϐιιιιιιιλς
3156 2171 3218 2208 Ετ
3251 2170 3386 2216 QUOD
3426 2171 3576 2209 ετιΑιι
3610 2171 3721 2209 ιιιει

2279 2237 2377 2274 ιςοιι
2424 2236 2631 2275 ιιιιτΑτο
2677 2238 2867 2277 ΗΑΒΙΪυ
2908 2239 3112 2279 νοεδιῐιτ
3151 2240 3216 2276 ετ
3259 2240 3454 2278 οειςειιτ
3499 2239 3720 2287 ουοτιυιε

2282 2305 2655 2345 ΗΕΜΤΕΝΤΙΔΙ
2689 2307 2879 2374 Δαιξιιε.

2785 2382 2864 2434 Ad
2900 2381 3189 2435 monachos.

2211 2467 2303 2531 (Ex
2325 2482 2412 2517 ms.
2432 2468 2711 2518 Corbeiensi
2757 2467 3292 2591 Ιίιιεὲιιιξδεῶοἷιιιείείε
3325 2476 3438 2519 ante
3461 2481 3602 2519 anuos
3614 2468 3723 2518 mille

2902 2546 2929 2576 Χ
2989 2547 2998 2556 ·
3068 2567 3078 2576 .

2902 2546 3078 2576 xarato.

2283 2609 2429 2676 Rogo
2457 2624 2581 2675 vos,
2629 2608 2818 2664 fratres
2859 2611 3150 2676 carissimi,
3194 2620 3252 2665 ut
3287 2613 3422 2665 sicut
3449 2613 3716 2679 frequenter

2222 2698 2490 2764 admonui,
2509 2698 2644 2752 diem
2674 2700 2858 2753 mortis
2883 2695 3075 2753 nostra:
3102 2709 3157 2754 et
3185 2702 3418 2754 terribile
3438 2715 3500 2755 ac
3520 2713 3722 2754 metuen-

2215 2789 2339 2842 dum
2364 2788 2615 2858 judicium
2640 2788 2833 2857 jugiter
2873 2790 3173 2843 studeamus
3196 2791 3446 2858 cogitare.
3487 2789 3724 2843 Admoneo

2220 2880 2359 2933 enim
2391 2889 2720 2946 peccaturum
2753 2880 2964 2933 vulnera
2998 2880 3136 2934 nulla
3159 2881 3396 2934 invenire
3416 2888 3619 2949 possunt
3641 2883 3722 2931 uti-

578 2945 727 2999 νουίδ
747 2946 1017 3000 orantibus
1040 2930 1368 3013 ρεοωιυτυιίτ
1390 2943 1543 2998 venia
1567 2944 1842 3000 ιτίυυειιιτ-
1860 2946 2049 2998 Αωεη·
2145 2930 2191 2990 (⁵
2221 2930 2359 3023 ἠδέ
2382 2930 3723 3039 ;.‘..a*..*."q.....".‘.;magica;agis]...

1171 3054 1395 3109 SERMO
1432 3055 1514 3110 Ill.
1606 3087 1608 3089 >

924 3146 1003 3199 Ad
1029 3147 1318 3199 monachos.
1363 3146 1438 3199 De
1467 3147 1767 3216 pcenitcntia.

647 3233 809 3287 Detur
836 3235 1137 3301 poenitentia
1162 3235 1422 3298 saeculari,
1449 3236 1598 3304 cujus
1625 3237 1795 3290 adhuc
1820 3239 1992 3291 cervis
2022 3239 2119 3292 sub

578 3325 702 3392 iugo
726 3323 983 3390 dependet
1014 3324 1214 3386 saeculi,
1243 3335 1297 3377 et
1321 3326 1444 3393 huic
1469 3340 1566 3393 pro
1596 3327 1920 3380 immanitate
1943 3327 2118 3380 delicti

580 3409 887 3464 terminetur
915 3419 1138 3479 tempus,
1171 3412 1255 3463 cui
1284 3412 1454 3465 adhuc
1485 3422 1692 3479 tempus
1726 3415 1906 3468 servit.
1953 3417 2120 3469 Caute-

579 3514 697 3554 rum
725 3501 769 3553 si
796 3498 1168 3554 abrenuntians
1198 3502 1389 3552 saeculo
1416 3509 1470 3554 et
1495 3501 1608 3569 ejus
1637 3502 1851 3566 militize,
1884 3513 1937 3556 et
1963 3519 2120 3572 spon-

580 3587 713 3642 dens
736 3601 792 3641 se
818 3590 1020 3642 cunctis
1049 3589 1233 3642 diebus
1261 3589 1575 3642 serviturum
1598 3589 1726 3656 Deo,
1749 3605 1843 3644 cur
1869 3592 2120 3658 paeniten-

580 3664 703 3734 tiam
720 3691 1000 3741 mereatur,
1015 3681 1101 3748 qui
1124 3679 1254 3732 liber
1271 3677 1504 3746 eliectus,
1523 3680 1667 3734 velut
1682 3695 1878 3750 onager
1891 3693 2120 3736 sectatur

580 3770 743 3824 eremi
767 3771 1082 3835 vastitatem,
1106 3771 1244 3823 sicut
1267 3772 1339 3822 ait
1358 3769 1457 3824 Job
1479 3787 1492 3821 :
1520 3771 1641 3834 Quis
1665 3772 1850 3824 dimisit
1875 3788 2119 3843 onagrum

581 3860 790 3913 liberum
817 3863 869 3914 in
896 3862 1088 3914 deserto
1106 3859 1251 3930 (Job.
1291 3876 1480 3925 xxxix,
1520 3861 1620 3927 8)?
1671 3866 1706 3912 Α
1742 3863 1892 3914 leone
1919 3861 2120 3918 fortiter

580 3963 792 4018 caveat,
838 3963 888 4006 et
926 3953 1194 4005 arentibus
1231 3952 1406 4005 herbis
1435 3961 1488 4005 et
1515 3952 1705 4020 poculo
1733 3952 1924 4021 ειίειιο
1951 3955 2120 4006 alatur

583 4042 634 4095 in
654 4057 851 4095 eremo.
883 4042 1059 4110 Erigat
1087 4045 1136 4096 in
1161 4058 1280 4096 aera
1306 4052 1482 4105 caput,
1504 4051 1558 4096 et
1578 4043 1878 4110 ﬂagrantem
1902 4045 2118 4097 nimium

585 4129 696 4181 sitis
712 4131 951 4183 ardorem
972 4132 1195 4197 Spiritus
1219 4133 1381 4183 sancti
1409 4145 1533 4182 aura
1559 4132 1863 4198 restinguat,
1887 4148 1972 4196 ne,
1995 4133 2119 4186 dum

2220 3057 2365 3111 illam
2389 3061 2598 3126 quando
2636 3059 2732 3112 erit
2775 3059 2842 3112 de
2878 3059 2977 3111 hoc
3020 3059 3216 3113 saeculo
3261 3061 3586 3128 migraturus.
3613 3058 3724 3123 Quu-

2218 3147 2373 3201 modo
2409 3150 2549 3202 enim
2603 3157 2776 3215 potest
2814 3149 2929 3203 ﬁeri
2957 3158 3014 3209 ut
3041 3150 3212 3217 aliqua
3244 3161 3455 3218 peccata
3485 3154 3723 3214 praesumat

2217 3237 2521 3303 admittere,
2554 3238 2642 3302 qui
2681 3251 2740 3289 se
2782 3237 3060 3291 momentis
3105 3237 3326 3306 singulis
3367 3237 3529 3290 credit
3563 3236 3622 3289 de
3644 3232 3723 3287 hic

2220 3326 2335 3386 luce
2363 3325 2709 3392 migrare.Sic
2731 3326 2871 3377 enim
2897 3325 3163 3393 Scriptura
3191 3327 3319 3379 dicit
3341 3343 3355 3379 :
3383 3326 3630 3388 Memento,
3648 3321 3725 3390 ﬁli.

2219 3414 2353 3482 quod
2383 3430 2515 3466 mors
2538 3431 2635 3466 non
2665 3416 2830 3465 tardat
2872 3413 3058 3482 (Eat-li.
3087 3430 3194 3475 stv,
3221 3416 3332 3482 l2).
3363 3416 3427 3468 Et
3456 3413 3608 3468 illud:
3635 3411 3723 3462 Ιο-

2219 3515 2383 3556 mento
2404 3505 2801 3562 nouissimorum.
2816 3514 2863 3555 et
2883 3504 3086 3556 desiste:
3105 3503 3367 3556 inimicare
3386 3502 3563 3573 (Ea-li.
3578 3516 3722 3558 smn.
3778 3545 3779 3554 η

2218 3592 2294 3659 6).
2320 3591 2415 3657 Qui
2447 3593 2583 3644 enim
2615 3591 2888 3658 diligenter
2914 3590 3135 3645 attendit
3168 3606 3323 3659 quam
3353 3590 3481 3643 dura
3511 3589 3600 3642 erit
3621 3602 3718 3641 eta-

2220 3683 2435 3736 minatio
2481 3691 2604 3735 ante
2654 3681 2879 3734 tribunal
2927 3679 3158 3743 Christi,
3217 3682 3301 3732 ubi
3340 3689 3626 3742 recepturus
3662 3686 3721 3727 est
3778 3665 3779 3674 “

2219 3774 2576 3842 unusquisque
2593 3773 2879 3825 secundum
2902 3786 3114 3837 operam
3136 3785 3306 3834 suam,
3331 3784 3435 3822 non
3457 3769 3503 3822 ei
3525 3775 3720 3834 poterunt

2222 3863 2427 3930 placere
2457 3870 2668 3930 peccata
2697 3860 2779 3914 vel
2807 3861 3024 3913 crinuna
3056 3859 3286 3927 propria.
3314 3857 3444 3912 Cum
3476 3867 3587 3910 ante
3605 3853 3718 3907 illum

2225 3953 2550 4005 tremendum
2568 3951 2797 4018 judicem
2812 3957 3141 4018 congregatae
3163 3948 3542 4002 fuerintomues
3555 3952 3716 4014 gentes.

2219 4046 2342 4111 quid
2372 4053 2494 4096 tunc
2527 4042 2630 4095 erit
2667 4041 2874 4109 injustis
2899 4048 2954 4093 et
2978 4039 3228 4093 adulteris
3265 4049 3423 4106 atque
3452 4031 3717 4106 rapacibus?

2221 4132 2373 4184 ﬂetus
2419 4130 2720 4192 oculorum,
2755 4129 2951 4182 stridor
2990 4128 3258 4192 dentium,
3296 4143 3418 4181 cum
3467 4135 3714 4179 sanctorum

586 4216 734 4270 valde
758 4217 1022 4270 desiderat
1050 4232 1252 4270 ammua
1280 4218 1526 4279 virentia,
1557 4218 1729 4270 nimiis
1758 4213 1958 4275 deliciis
1986 4237 2116 4292 prae;
2146 4255 2198 4312 D
2225 4219 2556 4272 multitudine
2577 4218 2641 4271 ad
2661 4218 2934 4271 dexteram
2965 4220 3101 4285 regis
3129 4216 3337 4279 aeterni,
3360 4225 3416 4268 et
3439 4214 3634 4284 gloriam
3655 4225 3712 4260 se-

584 4305 791 4374 peditus
824 4307 1102 4372 periculum
1131 4307 1311 4359 salutis
1333 4305 1584 4358 incurrat.

655 4395 814 4464 Igitur
856 4396 1246 4449 abrenuntianti
1296 4395 1496 4462 publica
1549 4397 1854 4463 poenitentia
1893 4413 1998 4452 non
2044 4409 2126 4454 est

584 4487 909 4554 necessaria,
956 4489 1075 4555 quia
1101 4500 1387 4554 conversus
1423 4487 1707 4554 ingemuit,
1755 4498 1809 4542 et
1851 4504 1971 4542 cum
2020 4490 2124 4543 Deo

585 4585 840 4631 aeternum
871 4584 1075 4644 pactum
1104 4577 1268 4630 inivit.
1317 4576 1396 4629 Ex
1425 4575 1515 4629 illo
1547 4577 1703 4644 igitur
1744 4578 1829 4631 die
1870 4594 1973 4631 nun
2018 4595 2125 4632 me-

587 4674 854 4719 morantur
879 4666 992 4734 ejus
1022 4666 1211 4721 delicta
1235 4680 1351 4732 quae
1378 4665 1537 4732 gessit
1577 4666 1628 4718 in
1666 4668 1880 4732 stcculo,
1927 4668 1980 4724 in
2021 4684 2125 4736 quo

587 4754 842 4809 facturum
887 4771 947 4809 se
985 4754 1237 4823 justitiam
1281 4754 1348 4805 de
1395 4754 1597 4820 reliquo
1643 4754 1946 4821 promiserit
1995 4757 2117 4809 Deo.

589 4845 775 4913 ‘Ergo
817 4856 934 4914 post
981 4843 1383 4912 chirographum
1420 4841 1444 4879 δ
1479 4845 1546 4895 de
1588 4859 1690 4912 quo
1733 4860 1792 4898 se
1836 4846 2126 4900 monachus

589 4935 823 4991 debitum
849 4951 911 4989 ex
938 4943 1043 4989 tota
1076 4935 1174 4988 fide
1205 4933 1502 5000 promiserit
1531 4932 1771 4998 implere,
1814 4936 1912 4988 etsi
1958 4934 2127 4989 fichus

590 5029 755 5079 factus
786 5025 1080 5092 peccaverit
1122 5025 1173 5077 in
1218 5021 1429 5084 szeculo,
1475 5028 1592 5087 post
1621 5021 2125 5077 abrenuntiationciu

591 5118 779 5170 iterum
809 5113 995 5166 iactam
1027 5113 1340 5166 dominicum
1380 5122 1568 5176 corpus
1610 5122 1710 5162 non
1747 5110 1947 5164 dubitet
1991 5117 2132 5165 acci-

665 5286 687 5310 α
721 5273 850 5325 llinc
881 5279 1022 5337 patet
1062 5270 1433 5337 professionem
1466 5263 1763 5337 religiosam
1792 5277 1908 5337 esse
1936 5278 2126 5317 secun.

597 5343 717 5394 dum
742 5332 1016 5400 baptisma,
1048 5332 1152 5406 quo
1180 5346 1360 5406 cuncta
1391 5333 1659 5406 insaeculo
1683 5332 1981 5406 cummi“!
2002 5349 2124 5399 Ρεο·

598 5423 710 5460 cata
743 5411 1040 5471 abluuntur,
1068 5401 1128 5459 ἰιι
1158 5404 1293 5472 quod
1315 5413 1369 5457 et
1401 5403 1488 5456 alii
1534 5401 1699 5453 sancti
1727 5401 1907 5455 Patres
1934 5401 2130 5456 diserte

599 5481 805 5534 docent.

2223 4319 2454 4378 ἔτεὲηίειι
2496 4309 2694 4371 ιιθθοθιὶ
2726 4308 2916 4374 populo
2949 4307 3000 4358 in
3024 4306 3279 4374 profundo
3308 4305 3489 4357 tartari
3515 4303 3616 4356 sine
3637 4298 3713 4350 ullo

2226 4400 2576 4453 miserationis
2605 4400 2707 4452 tlne
2737 4406 2827 4449 aut
2875 4399 3041 4448 venite
3069 4395 3347 4456 demerso,
3379 4391 3574 4447 excludi
3597 4403 3645 4442 se
3679 4389 3713 4436 in

2229 4491 2457 4543 tenebris
2487 4490 2595 4543 suis
2622 4503 2651 4541 a
2693 4497 2993 4542 sanctorum
3023 4487 3176 4540 beata
3215 4486 3331 4540 luce
3358 4485 3539 4538 viderit
3555 4494 3601 4536 ct
3625 4493 3711 4542 ιπο·

2229 4580 2389 4632 futtdu
2422 4579 2606 4631 inferni
2639 4580 2754 4632 sine
2786 4577 2889 4630 fine
2913 4576 3261 4638 descendens,
3323 4589 3507 4643 urgere
3529 4579 3712 4625 ossuum

2229 4673 2385 4738 puieo
2413 4681 2606 4721 interna
2634 4667 2886 4734 supplicia
2916 4675 2969 4720 et
2998 4679 3246 4735 perpetua
3275 4674 3445 4719 morte
3467 4679 3560 4718 non
3585 4657 3707 4714 nori-

2230 4769 2425 4816 turum.
2451 4760 2582 4811 Petit
2621 4758 2810 4811 frustra
2840 4772 3132 4810 extremum
3165 4756 3347 4816 Lazari
3385 4755 3585 4822 digitum
3607 4744 3710 4818 quo"

2228 4848 2421 4901 ardens
2448 4847 2807 4914 refrigeretur,
2839 4845 3111 4899 arentibus
3144 4844 3296 4896 labiis
3322 4843 3518 4911 rogavit
3545 4834 3710 4904 apponi-

2231 4940 2295 4992 Et
2323 4939 2460 4999 ideo,
2494 4941 2678 4990 fratres
2709 4937 2966 4989 carissimi
2991 4937 3028 4995 ,'
3050 4935 3171 4987 dum
3220 4935 3393 4986 adhuc
3421 4933 3556 4992 licet,
3577 4921 3709 4980 consi-

2230 5027 2471 5080 deremus
2499 5026 2847 5078 conscientias
2893 5033 3127 5084 nostras,
3159 5032 3213 5076 et
3261 5023 3302 5074 si
3351 5021 3516 5090 aliqua
3539 5012 3712 5071 crithitII

2231 5117 2310 5169 vel
2335 5124 2545 5184 peccata
2567 5113 2806 5182 capitalia
2833 5113 3050 5166 necdum
3072 5112 3421 5181 elei-mosynis
3444 5119 3494 5164 et
3519 5102 3680 5159 oratio"
3696 5119 3711 5128 '

2302 5264 2328 5301 ιι
2387 5264 2600 5329 Scripto
2660 5277 2786 5329 ergo
2852 5260 3322 5314 commendabatur
3359 5328 3362 5329 ν
3393 5253 3712 5329 pacm!“

2241 5305 2764 5395 monachi-perpetrm
2791 5343 2850 5382 se
2880 5332 2984 5381 Deo
3013 5331 3307 5382 servituros
3337 5305 3712 5395 de'vovcbqlg‘id

2242 5379 2273 5466 ii
2281 5379 2394 5521 ίῐῖίέῐ
2405 5379 2771 5518 assignant
2794 5379 3127 5463 praescripsit
3155 5379 3233 5450 εἰ
3251 5379 3548 5449 Benedictus
3571 5383 3614 5436 in
3641 5379 3708 5430 Ιιθ

2242 5486 2308 5536 gu
2333 5485 2379 5530 a,
2415 5482 2529 5532 cap.
2632 5504 2643 5516 .
