3824 6218
130 208 217 260 877
1490 214 1609 271 SER

1714 216 1858 272 NES.

3154 234 3254 290 878

128 297 203 374 bus
228 326 424 389 purgata
466 319 519 374 in
556 320 708 375 nobis
741 321 911 377 adhuc
933 322 1192 379 dominari
1222 338 1619 394 cognoscamus,
1649 328 1701 385 A
1726 336 1807 381 est
1836 300 2011 384 crucis
2044 331 2194 386 titulo
2222 331 2365 387 frons
2410 342 2585 389 nostra
2612 336 2839 407 depingi,
2870 354 2937 394 ne
2967 339 3133 397 locum
3163 360 3253 396 au-

125 421 295 479 pnrtum
336 411 681 477 poenitentiae,
722 411 943 467 devictis
982 425 1314 481 peccatorum
1350 414 1617 482 ﬂuctibus,

121 501 294 554 Christo
326 501 679 570 gubernante,
714 500 1022 558 festinemus
1046 505 1255 565 intrare
1275 545 1291 570 ,
1330 516 1382 558 et
1421 505 1462 558 si
1494 506 1616 573 quid

119 590 161 640 in
186 588 399 642 navicula
426 589 615 642 animai
643 598 837 643 nostra:
866 590 1044 645 multis
1080 592 1473 659 tempestatibus
1498 607 1616 661 pec-

114 693 315 733 catorum
335 720 349 743 ,
395 686 487 731 aut
514 694 606 747 per
632 681 921 746 avaritiam,
944 690 1036 736 aut
1060 699 1153 752 per
1180 684 1495 752 superbiam,
1520 694 1611 738 aut

113 768 255 836 iniqua
276 768 556 836 cupiditate
579 780 878 834 corruptum
906 787 1025 826 esse
1050 788 1446 842 cognoscemus,
1471 789 1617 830 com-

112 871 277 923 ponere
300 857 659 925 vel~reparare
690 860 838 912 licitis
867 861 1113 928 operibus
1144 863 1465 918 festinemus.
1493 864 1605 917 Non

109 947 223 997 enim
245 955 427 999 nocent
454 956 667 1012 peccata
695 950 955 1014 praeterita
985 949 1027 1002 si
1050 965 1151 1003 non
1188 951 1391 1018 placent
1417 967 1432 1014 ;
1477 953 1615 1006 sicut

109 1034 213 1085 uulli
231 1034 482 1100 justurum
522 1034 712 1088 suflicit
735 1036 934 1103 justitia
956 1052 1071 1105 sua,
1104 1039 1146 1091 si
1177 1053 1279 1091 non
1309 1052 1613 1106 persevera-

106 1122 218 1173 verit
251 1136 407 1188 usque
454 1122 505 1174 in
551 1122 735 1189 linem,
756 1123 826 1176 ita
878 1126 1005 1178 nulli
1047 1133 1375 1193 peccatorum
1421 1141 1610 1181 nocere

1718 418 1865 483 gelus
1887 420 2260 475 exterminator
2284 422 2529 478 inveniat.
2560 426 2669 481 Sub
2699 427 2798 482 hoc
2824 432 3061 498 tempore
3088 448 3252 487 excu-

1720 504 1844 557 titur
1864 504 2064 575 Pharao
2089 522 2205 562 cum
2222 511 2449 565 exercitu
2472 513 2584 581 ejus
2600 514 2652 566 in
2671 516 2800 569 mari
2817 516 3011 581 Rubro,
3030 534 3252 586 pereun-

1715 593 1853 647 tibus
1897 609 2049 650 sacro
2095 598 2145 650 in
2188 597 2331 655 fonte
2376 604 2619 669 peccatis,
2666 613 2906 674 tanquam
2956 608 3009 661 in
3046 610 3249 665 Rubras

1713 681 1944 751 Egyptii
1968 685 2343 754 demerguntur
2365 692 2562 755 undas,
2593 692 2640 746 id
2670 705 2750 747 est
2778 694 2966 750 Christi
2997 701 3247 767 sanguine

1711 779 2061 827 consecratas.
2078 775 2192 829 Sub
2219 778 2316 831 hoc
2344 780 2516 833 reditu
2545 796 2639 849 pro
2662 792 2896 851 tempore
2917 786 3006 840 lilii
3027 788 3246 853 iunioris

1710 860 1797 926 qui
1824 863 2051 929 perierat
2078 872 2133 917 et
2160 864 2402 919 inventus
2429 878 2527 932 est,
2563 870 2612 922 id
2640 880 2722 925 est
2756 889 2851 939 pro
2874 876 3041 929 salute
3069 882 3241 945 genti-

1711 946 1835 1002 lium
1874 952 2138 1019 saginatus
2186 954 2274 1008 ille
2320 955 2512 1011 vitulus
2552 958 2849 1015 immolatus
2899 972 3021 1028 est;
3069 967 3249 1039 iunior,

1710 1046 1882 1090 autem
1911 1038 2048 1092 ﬁlius
2081 1056 2175 1094 nos
2203 1057 2404 1107 sumus,
2436 1047 2643 1100 seniore
2668 1048 2843 1115 fratre,
2876 1052 2922 1104 id
2946 1063 3027 1105 est
3050 1054 3243 1110 indicis

1711 1126 2034 1181 tardantihus
2055 1138 2107 1182 et
2134 1130 2332 1185 intrare
2354 1133 2677 1200 nolentibus,
2706 1137 2770 1189 ad
2814 1138 3113 1194 Creatorem
3143 1159 3241 1197 no-

106 1213 266 1278 poterit
300 1212 543 1280 iniquitas
584 1226 680 1266 sua
705 1254 721 1276 ,
760 1216 805 1267 si
852 1224 1132 1283 antequam
1170 1216 1235 1270 de
1264 1230 1482 1283 corpore
1508 1214 1611 1271 isto

103 1301 328 1368 discedat,
351 1302 415 1354 ad
443 1301 897 1372 elecmosynarnm
923 1304 1148 1359 remedia
1175 1304 1256 1357 vel
1291 1304 1609 1370 panitentite

104 1390 460 1444 medicamenta
502 1390 813 1458 confugerit.
846 1391 951 1445 Sed
988 1394 1110 1460 quia
1136 1393 1364 1459 quando,
1394 1393 1478 1447 vel
1506 1410 1607 1461 qua

1706 1220 1870 1267 strum
1898 1218 2210 1271 revertimur
2226 1220 2325 1274 sub
2356 1222 2682 1287 paenitudine
2711 1237 3059 1291 peccatorum.
3080 1231 3241 1290 Ever-

1706 1312 1935 1359 teramus
1961 1309 2099 1360 enim
2120 1316 2172 1362 et
2200 1309 2593 1375 perdideramus
2617 1326 2881 1381 acceptam
2911 1332 2939 1370 a
2968 1318 3075 1372 Deo
3097 1335 3240 1388 patre
3310 1330 3314 1332 ‘

1706 1402 1887 1448 nostro
1911 1394 2287 1464 substantiam;
2313 1397 2582 1455 videamus
2604 1416 2757 1469 quam
2794 1405 3156 1474 substantiam,
3185 1410 3237 1464 id

104 1476 213 1529 liora
235 1476 299 1531 de
328 1477 426 1530 hoc
454 1477 647 1530 saeculo
686 1479 950 1545 rapiamur
983 1480 1119 1533 scire
1161 1495 1264 1533 non
1306 1494 1605 1549 possumus,
1703 1488 1786 1534 est
1819 1484 2075 1538 universae
2118 1493 2318 1541 natura
2346 1486 2503 1541 bona.
2537 1488 2631 1543 Dei
2657 1491 2795 1544 enim
2839 1492 3130 1549 substantia
3158 1508 3238 1551 est

102 1570 198 1622 sine
220 1568 318 1622 ulla
344 1569 593 1623 dilatione
619 1569 697 1622 vel
726 1570 922 1639 absque
949 1586 1094 1625 mora
1118 1571 1184 1626 de
1203 1574 1411 1629 sinistra
1439 1576 1602 1644 lugia-
1706 1583 1863 1625 omne
1889 1572 2026 1639 quod
2046 1573 2289 1638 vivimus,
2314 1575 2569 1644 sapimus,
2592 1578 2918 1646 cogitamus:
2946 1583 3237 1639 intellectus

104 1670 201 1710 mus
228 1657 289 1711 ad
319 1657 612 1712 ἀοιωηιη,
646 1657 759 1713 Non
789 1660 930 1714 enim
963 1661 1237 1716 sanitatem
1284 1664 1600 1720 credendum
1631 1646 1679 1708 Β
1706 1665 1760 1711 et
1789 1659 1923 1713 ratio
1946 1660 2010 1713 ad
2038 1660 2409 1717 discretionem
2439 1664 2561 1720 boni
2587 1675 2641 1719 et
2674 1668 2795 1721 mali
2822 1668 2915 1723 Dei
2946 1671 3234 1728 substantia

102 1752 166 1798 ω
194 1785 208 1810 ,
249 1760 349 1800 non
392 1758 603 1802 amem
649 1748 703 1803 in
749 1750 1036 1803 remedium
1082 1750 1265 1807 salutis
1302 1767 1412 1808 sua
1459 1770 1601 1808 sem-
1702 1758 1819 1811 est;
1854 1748 2010 1802 etiam
2037 1748 2249 1805 libertas
2287 1752 2488 1808 arbitrii
2529 1770 2686 1823 quam
2725 1772 3125 1829 acceperamus,
3154 1766 3234 1817 Vel

100 1850 256 1901 ρει...
304 1836 541 1891 intardus
581 1846 698 1901 est,
738 1838 861 1908 quia
884 1838 1003 1893 vita:
1023 1853 1132 1893 suae
1180 1856 1339 1909 super
1377 1842 1605 1898 incertus
1701 1838 1767 1892 ad
1788 1838 2094 1894 declinanda
2118 1841 2472 1898 blandimenta
2492 1849 2711 1915 peccati,
2729 1851 2810 1904 vel
2829 1851 2895 1905 ad
2916 1852 3232 1909 incitandum

100 1933 162 1976 est
189 1963 203 1987 ,
261 1925 381 1994 quia
436 1926 523 1995 qui
588 1940 686 1980 nos
745 1942 965 1983 secum
1018 1929 1147 1985 fecit
1194 1932 1416 1989 dicendo
1480 1950 1601 2004 pec.
1703 1927 1878 1983 liberae
1905 1930 2185 2011 voluntatis
2207 1932 2447 1988 aﬂ’ectum
2469 1936 2520 1989 in
2547 1940 2773 1993 auctoris
2792 1940 3119 2011 obsequium,
3146 1948 3231 1999 vel

100 2016 235 2070 calori
262 2033 275 2067 :
305 2017 369 2070 In
421 2034 714 2088 quacunque
760 2022 843 2074 die
894 2038 1155 2078 conversus
1210 2026 1387 2092 fuerit,
1437 2044 1605 2081 omnes

1713 2018 1765 2070 id
1785 2000 2180 2075 custodiendam
2202 2021 2479 2091 imaginem
2501 2035 2553 2080 et
2572 2000 2965 2085 similitudinem
2994 2000 3234 2090 Dei.'Has

101 2106 352 2175 iniquitates
370 2109 508 2163 illius
532 2108 769 2165 oblivioni
795 2111 1601 2186 tradentur(Ezech.xxsttt,12);
1701 2119 1826 2176 0'80
1850 2108 1999 2164 dans
2028 2112 2179 2167 ηοῧίε
2200 2121 2253 2167 ει
2276 2114 2415 2168 illius
2452 2117 2674 2173 ίηδθτιθδ
2699 2135 2726 2172 ³
2753 2120 3002 2178 creatore
3028 2125 3233 2182 diVilias

102 2197 192 2263 ίρω
215 2200 363 2252 etiam
394 2216 491 2254 nos
514 2212 694 2256 cautos
716 2204 876 2258 νοιυίι
902 2218 1019 2259 esse
1048 2206 1226 2260 dicens
1252 2224 1264 2259 ε
1297 2206 1473 2269 Name
1500 2219 1604 2260 ων-
1702 2194 1754 2247 in
1799 2210 1988 2264 pravos
2018 2200 2453 2267 transtuleramus
2482 2219 2638 2268 usus,
2670 2216 2723 2260 et
2748 2222 3233 2278 consumpserainus

100 2286 201 2337 dm
216 2290 421 2339 om...“
447 2288 515 2340 αα
543 2288 829 2354 Dominum,
856 2308 915 2344 ηε
938 2279 1186 2357 aggerati,
1211 2295 1271 2347 de
1296 2294 1377 2347 die
1400 2296 1451 2347 εη
1473 2296 1604 2347 diem
1701 2286 1753 2341 in
1780 2288 2031 2341 exercitia
2052 2289 2318 2356 vitiorum,
2342 2291 2591 2348 derelicto
2616 2294 2755 2352 fonte
2784 2300 3049 2364 virtutum,
3082 2316 3233 2367 pere-

101 2373 259 2442 (Ereti.
284 2390 335 2440 v,
366 2377 443 2444 8).
470 2376 573 2432 Sed
604 2377 738 2433 forte
766 2382 972 2447 quando
995 2384 1311 2451 generaliter
1332 2386 1602 2439 omnesad
1700 2389 1792 2443 8'0
1820 2384 1877 2429 ει
1902 2376 2054 2430 nimis
2081 2378 2233 2447 ιοιιϐθ
2263 2393 2293 2432 ³
2322 2389 2469 2449 l3mre
2494 2383 2712 2450 Ρτοῖθείί
2731 2424 2747 2450 ι
2793 2401 2899 2441 που
2928 2388 3053 2443 ίοοίε
3079 2390 3143 2444 ab
3165 2408 3234 2445 80

100 2462 430 2527 penitentiam
479 2479 853 2532 provocamur,
904 2467 1093 2538 aliquis
1130 2470 1266 2524 intra
1308 2484 1367 2526 se
1411 2473 1602 2540 cngitat
1701 2470 1755 2515 et
1782 2463 2107 2532 regionibus,
2137 2466 2229 2520 sed
2259 2469 2503 2523 cordibus
2531 2481 2582 2525 et
2612 2472 2857 2541 operibus
2880 2474 3224 2531 discedentes.

101 2550 286 2604 dicens:
320 2551 429 2621 Ego
445 2551 650 2621 juvenis
675 2554 829 2610 homo
856 2570 1069 2611 uxorem
1094 2557 1311 2624 habens,
1339 2561 1602 2629 quomodo

1713 2550 1798 2615 Qui
1820 2554 1958 2607 enim
1984 2558 2219 2624 sequitur
2244 2560 2481 2627 proprias
2502 2562 2817 2627 voluntates,
2842 2575 2895 2620 et
2922 2581 3018 2635 per
3038 2570 3235 2636 passio-

102 2654 286 2706 possum
317 2654 407 2697 aut
429 2644 645 2711 capillos
682 2646 948 2713 minuere,
976 2657 1065 2702 aut
1084 2649 1317 2705 habitum
1340 2652 1603 2722 religionis
1703 2656 1797 2696 n83
1823 2658 1942 2697 ⁸1³³8
1965 2646 2193 2712 "Dim".
2212 2661 2241 2700 ³
2266 2648 2373 2702 Deo
2405 2651 2549 2703 θιειιι
2576 2651 2836 2718 cuicui";
2866 2655 2930 2707 ad
2959 2671 3112 2724 quem
3141 2671 3233 2710 δυ’

101 2734 374 2787 assumere?
392 2732 500 2787 Nec
516 2748 613 2788 nos
633 2736 731 2789 lioc
741 2735 985 2802 dicimus,
999 2737 1190 2793 fratres
1204 2741 1483 2807 carissimi,
1501 2758 1601 2797 non

1713 2741 1877 2799 tcepta
1915 2744 2243 2801 peccatorum
2278 2739 2544 2807 agnitione
2589 2742 2926 2799 redeuntibus
2967 2746 3135 2813 nobis,
3180 2756 3233 2802 et

102 2818 182 2873 hoc
200 2822 562 2889 praedicamus,
586 2833 643 2877 ut
659 2824 983 2897 juvenesqui
1006 2829 1244 2898 conjugia
1274 2832 1602 2888 rationabilia

1713 2822 1909 2889 quidem
1936 2823 2272 2880 redeuntibus
2295 2842 2399 2881 non
2428 2831 2611 2897 gressu
2638 2831 2892 2898 corporis,
2916 2834 3008 2887 sed
3038 2840 3234 2890 mentis

103 2908 269 2965 habere
287 2911 550 2979 videntur,
572 2912 806 2969 habitum
827 2916 989 2985 magis
1008 2932 1164 2986 quam
1184 2934 1355 2975 mores
1380 2922 1601 2976 debeant
1634 2973 1673 2987 _
1702 2913 1889 2969 aﬂectu
1906 2956 1920 2981 ,
1951 2929 2067 2969 cum
2098 2916 2348 2973 immensa
2385 2920 2741 2975 misericordia
2764 2962 2780 2987 ,
2810 2937 2929 2977 cum
2980 2926 3229 2981 ineﬂ'abili

100 3010 414 3056 οοιιιωηιετε,
452 2973 587 3069 Quid
627 3005 767 3058 enim
797 2973 994 3060 υοωῖηε
1023 2973 1607 3067 ξιχθτθηίῇέιβέιίιῖξιο.
1627 2973 1676 3037 c
1707 3002 1879 3057 laetitia
1901 3012 1954 3058 et
1978 3006 2333 3060 consolatione
2351 3008 2558 3061 obviam
2582 3009 2754 3075 venit;
2779 3011 2934 3065 intrat
2954 3013 3084 3069 festa
3110 3030 3235 3069 con-

101 3099 193 3151 cet,
217 3088 260 3142 si
290 3102 463 3143 mores
491 3090 723 3157 perditos
762 3092 986 3147 noluerit
1014 3080 1314 3162 habiti-3,3;
1338 3100 1401 3152 ad
1447 3114 1605 3167 opera
1706 3095 1857 3159 vivii;
1887 3095 2098 3150 ordinat
2122 3097 2313 3153 choros
2333 3108 2489 3168 atque
2509 3102 2929 3171 symphonias,id
2959 3114 3042 3159 est
3065 3108 3236 3160 exsul-

103 3174 213 3229 bnna
238 3179 321 3232 vel
350 3178 569 3232 honesta
594 3189 930 3247 convertere,
961 3182 1006 3235 si
1036 3195 1365 3247 peccatorum
1391 3202 1604 3242 suorum
1708 3187 1932 3239 taliones
1956 3188 2249 3241 caelestium
2275 3191 2602 3257 gaudiorum,
2644 3192 2835 3260 quibus
2869 3194 3038 3261 angeli
3061 3200 3237 3250 exsul-

102 3264 289 3321 vuluera
309 3266 658 3336 eleemosynis
681 3278 736 3323 et
758 3270 1081 3325 orationibus
1109 3274 1173 3325 ad
1199 3275 1474 3330 sanitatem
1503 3278 1609 3345 pri-
1708 3281 1819 3325 lant
1847 3276 1897 3326 in
1913 3274 2064 3328 celis
2090 3290 2250 3344 super
2270 3290 2371 3330 uno
2396 3286 2667 3346 peccatore
2694 3281 3052 3346 paenitentiam
3076 3298 3234 3350 agen-

103 3355 262 3410 stinam
296 3371 542 3412 revocare
562 3358 594 3410 ἳ-
636 3356 771 3412 Vera
807 3360 945 3413 enim
982 3365 1257 3419 conversio
1299 3364 1412 3420 sine
1452 3370 1610 3422 vesti.
1708 3369 1779 3414 te.
1805 3360 2162 3417 Redeuntibus
2193 3365 2363 3433 itaque
2397 3366 2547 3420 nobis
2572 3367 2637 3420 ad
2667 3369 3102 3437 emendationem,
3136 3374 3235 3427 hoc

104 3455 369 3501 mentorum
415 3449 824 3505 commutatione
868 3451 1061 3507 sufficit
1104 3455 1249 3510 sibi:
1296 3458 1607 3512 vestimenta

1713 3449 2001 3503 convivium
2035 3452 2267 3520 quotidie
2295 3454 2590 3509 celebratur
2615 3472 2631 3519 ;
2672 3459 2902 3526 quotidie
2928 3472 3073 3528 pater
3100 3464 3233 3517 lilios

104 3550 206 3590 vero
239 3539 479 3607 religiosa
516 3542 630 3595 sine
652 3542 802 3596 bonis
840 3545 1085 3612 operibus
1117 3562 1218 3600 ηοη
1242 3549 1411 3602 εοιυεη
1440 3565 1611 3605 reme-
1708 3540 1914 3606 recipit,
1937 3554 2146 3608 semper
2174 3540 2412 3597 Christus
2446 3544 2779 3600 credentibus
2800 3547 3112 3603 immolatur.

104 3624 220 3680 dium
247 3628 440 3686 habere
466 3645 569 3685 non
592 3641 859 3701 poterunt,
882 3634 974 3688 sed
998 3636 1152 3689 etiam
1176 3638 1372 3703 justum
1412 3640 1500 3692 Dei
1526 3642 1609 3706 jn-

1713 3638 1788 3680 est
1813 3643 1938 3697 ergo
1966 3629 2053 3683 ille
2074 3631 2263 3684 vitulus
2290 3632 2553 3701 saginatus
2580 3649 2734 3703 quem
2765 3636 2815 3689 in
2843 3637 3018 3691 Veteri
3045 3638 3234 3693 Testa-

104 3712 272 3771 dicium
309 3720 662 3776 sustinebunt.
693 3719 1069 3776 Convertamur
1116 3739 1240 3791 ergo
1288 3729 1351 3777 ad
1392 3727 1606 3779 meliora
1708 3731 1883 3774 mento
1919 3722 2167 3776 docemur
2191 3724 2379 3778 oﬂ'erre
2405 3743 2416 3778 :
2447 3727 2641 3780 vitulus
2677 3735 2732 3781 et
2768 3728 2955 3794 bubus,
2987 3730 3037 3783 id
3062 3744 3143 3785 est
3170 3749 3235 3786 ex

104 3801 204 3857 dum
249 3806 301 3858 in
345 3817 527 3860 nostra
570 3818 692 3860 sunt
720 3818 978 3873 potestate
1004 3812 1255 3879 remedia.
1285 3812 1380 3865 Hic
1406 3814 1607 3866 exstin-

103 3902 293 3955 guamus
330 3903 552 3946 mortem
579 3895 849 3949 moriendo
890 3899 1135 3964 peccatis.
1170 3897 1262 3951 Hic
1301 3899 1459 3952 vitam
1489 3901 1609 3955 vita:

106 3982 276 4035 meritis
337 3997 702 4051 comparemus
733 4024 748 4048 ,
816 3996 1093 4051 praestante
1147 3987 1371 4042 Domino
1429 4001 1609 4044 nostro

106 4068 205 4123 Jesu
239 4069 478 4135 Christo,
516 4070 606 4139 qui
644 4071 769 4126 vivit
800 4084 852 4125 et
890 4086 1071 4143 regnat
1097 4076 1148 4128 in
1173 4079 1368 4131 saecula
1392 4080 1611 4133 sreculo-

104 4172 217 4215 rntn.
244 4164 430 4217 Amen.

1707 3810 2118 3877 patriarcharum
2156 3822 2209 3868 et
2251 3813 2642 3883 prophetarum,
2673 3831 2738 3871 ex
2777 3818 2999 3873 Ahrahm
3037 3824 3236 3877 semine

1706 3898 2070 3957 descendens:
2113 3907 2375 3960 masculus
2416 3908 2815 3975 immaculatus;
2855 3914 3144 3977 masculus,
3185 3915 3233 3965 id

1705 4000 1786 4045 est
1814 4002 1994 4047 contra
2029 4009 2186 4049 omne
2216 4008 2482 4061 peccatum
2512 3999 2758 4053 robustus
2782 4009 2836 4054 et
2862 4003 3090 4054 validus:
3113 4016 3234 4055 sma-

1706 4080 1891 4134 sculini
1922 4084 2063 4134 enim
2091 4093 2143 4135 et
2184 4084 2348 4137 virilis
2388 4087 2548 4138 animi
2599 4096 2680 4139 est
2722 4087 2993 4143 illecebras
3034 4093 3236 4159 rupisse

1707 4168 1942 4235 peccati,
1985 4169 2122 4222 sicut
2161 4169 2399 4226 feminea:
2445 4171 2736 4241 fragilitatis
2774 4176 2975 4244 ignavia
3012 4189 3092 4233 est
3123 4180 3235 4235 vitii

1631 4300 1686 4359 Β
1710 4259 1999 4323 suscepisse
2023 4260 2312 4321 lasciviam.
2346 4260 2494 4317 Unde
2518 4272 2571 4317 et
2598 4263 2686 4317 ille
2708 4273 2884 4334 typum
2913 4282 3100 4335 gerens
3122 4268 3238 4324 dia-

1711 4347 1815 4401 buli
1846 4345 2049 4404 Pharao
2072 4364 2311 4418 premens
2339 4352 2581 4420 p0pulum
2608 4352 2722 4416 Dei,
2748 4355 2987 4410 inimicus
3011 4359 3234 4427 spiritui,

1714 4441 1909 4494 amicus
1936 4443 2105 4505 carni,
2140 4442 2467 4499 fortitudines
2505 4443 2841 4512 praefocabat,
2865 4451 3235 4516 concupiscen-

1714 4530 1812 4581 tias
1841 4530 2119 4583 nutriebat.

626 4253 881 4325 SERMO
922 4256 961 4307 v
992 4265 1037 4309 ο.

303 4343 384 4395 Ad
420 4343 707 4396 monachos.
740 4342 804 4396 In
837 4344 915 4397 die
943 4354 1115 4399 sancto
1139 4347 1368 4403 Pascha.

559 4431 650 4501 (εχ
682 4445 767 4480 ms.
794 4432 1130 4495 Morbacensi.)

161 4516 202 4568 l.
230 4517 534 4587 Opportune
563 4530 616 4574 et
652 4534 880 4588 congrue
918 4524 1015 4576 sub
1039 4524 1123 4577 die
1154 4526 1339 4594 insigni
1359 4527 1609 4581 solemni-

102 4606 201 4658 tatis
232 4605 499 4661 hodierna:
534 4608 587 4660 in
617 4622 744 4662 voce
772 4612 1133 4663 exsultationis
1176 4616 1526 4682 assurgimus.
1559 4627 1611 4670 et

101 4704 197 4743 cuin
210 4693 458 4762 Apostolo
480 4696 735 4750 dicimus:
763 4696 887 4751 Ecce
909 4716 1037 4751 nunc
1062 4700 1165 4751 dies
1184 4701 1360 4754 salutis
1387 4702 1467 4771 (11
1489 4704 1607 4756 Car.

101 4780 177 4846 vi).
205 4780 365 4836 Hodie
391 4782 680 4840 interfectis
706 4786 985 4858 Egyptiis,
1016 4788 1083 4843 de
1110 4790 1215 4859 luto
1238 4806 1300 4844 ac
1328 4794 1487 4858 paleis
1519 4793 1609 4846 Dei

101 4871 311 4936 populus,
333 4873 390 4925 id
417 4881 499 4926 est
525 4873 592 4928 de
619 4877 885 4930 vilissimis
912 4892 975 4932 ac
1004 4880 1325 4933 inanissimis
1344 4883 1607 4949 operibus,

103 4955 342 5014 liberatur.
374 4959 545 5015 Hodie
569 4964 747 5030 Agnus
786 4967 873 5019 ille
900 4963 989 5034 qui
1030 4969 1160 5021 tollit
1194 4979 1402 5036 peccata
1432 4974 1607 5025 mundi

103 5044 144 5098 in
164 5049 516 5118 redemptione
546 5052 782 5106 humanae
802 5059 983 5109 salutis
1008 5059 1222 5113 offertur
1245 5078 1259 5125 ;
1284 5063 1491 5129 quando
1518 5080 1611 5129 po-

102 5143 189 5188 διες
214 5138 487 5192 domorum
531 5144 786 5207 sanguine
828 5144 965 5198 illius
1009 5147 1256 5214 jubcutur
1294 5151 1529 5219 inscribi,
1559 5154 1607 5207 id

156 5292 178 5319 ⁸
206 5284 345 5338 llunc
369 5295 422 5340 et
450 5295 751 5353 sequentem
789 5302 1084 5345 sermonem
1131 5306 1309 5355 rogatu
1352 5316 1470 5352 meo
1513 5302 1605 5355 de-

105 5356 279 5427 scripsit
305 5356 541 5427 erudittis
563 5355 883 5427 virdomnus
906 5360 1166 5427 Remigius
1188 5355 1372 5416 Seiller
1395 5385 1457 5421 ex
1485 5386 1608 5423 con-

105 5426 372 5489 gregatione
399 5425 455 5480 S.
482 5423 677 5494 Vito‘ni,
707 5440 770 5478 ex
793 5436 997 5479 vetusto
1035 5423 1216 5483 codice
1254 5434 1603 5494 Morbacensus

106 5494 518 5559 monastei'ii,.ubi
563 5492 767 5547 Eusebii
808 5494 1126 5550 Casuricitsis
1166 5502 1380 5571 episcopi
1412 5492 1599 5561 nomen

1778 4618 1832 4669 2.
1865 4619 2093 4670 Mortuus
2128 4628 2209 4671 est
2243 4634 2368 4687 ergo
2417 4619 2655 4675 Christus
2690 4610 3238 4694 propter'iniquitates

1714 4716 1951 4766 nostras,
1993 4715 2045 4759 et
2082 4707 2215 4760 sicut
2252 4711 2365 4762 ovis
2394 4715 2458 4763 ad
2488 4712 2799 4767 occisionem
2821 4713 3008 4768 ductus
3034 4727 3115 4771 est
3141 4734 3155 4782 ;
3190 4731 3241 4775 et

1710 4797 1837 4846 sicut
1864 4812 2019 4863 agnus
2049 4812 2215 4849 coram
2236 4800 2467 4852 tondente
2487 4817 2566 4863 se,
2589 4802 2660 4854 sic
2684 4819 2783 4854 non
2805 4806 2995 4870 aperuit
3024 4822 3078 4860 os
3097 4824 3242 4861 suum

1712 4882 1861 4948 (lsai.
1892 4900 2001 4948 Llll,
2034 4886 2110 4953 7).
2146 4887 2239 4940 llic
2278 4897 2357 4940 est
2387 4890 2474 4943 ille
2500 4906 2664 4958 agnus
2691 4908 2844 4959 quem
2881 4896 2931 4947 iu
2961 4913 3057 4949 una
3089 4905 3243 4951 domu

1713 4974 1992 5026 comedere
2029 4988 2093 5026 ex
2123 4976 2234 5043 lege
2258 4979 2610 5046 praecipimur,
2636 4982 2913 5037 succinctis
2940 4986 3127 5040 lumbis
3153 5004 3242 5040 uo-

1711 5066 1854 5116 stris.
1885 5063 2173 5119 Comedere
2200 5079 2373 5121 autem
2399 5079 2557 5139 caput
2574 5086 2690 5125 cum
2714 5074 2930 5139 pedibus
2948 5077 3067 5142 quid
3093 5088 3171 5130 est
3192 5078 3241 5131 in

1716 5169 1815 5208 una
1841 5155 2034 5208 domo?
2057 5156 2109 5209 id
2138 5167 2219 5210 est
2244 5159 2294 5211 in
2320 5159 2566 5214 Ecclesiae
2594 5162 2791 5217 unitate
2812 5178 2995 5218 carnes
3019 5166 3131 5232 ejus
3162 5166 3240 5231 ju-

1717 5304 2082 5378 pra’fert,_ctim
2106 5306 2223 5358 aliis
2246 5309 2593 5373 sermonibus,
2620 5326 2734 5378 quae
2757 5312 2980 5365 Eusebio
3004 5314 3240 5371 Emisenn

1714 5374 1870 5439 vulgo
1897 5374 2217 5453 tribuuntur,
2252 5391 2382 5443 quos
2398 5378 2497 5431 viti
2526 5374 2714 5433 eruditi
2742 5381 2936 5433 Fatislo
2968 5382 3241 5452 llliegicnsi

1712 5456 1959 5511 episcopo
1986 5452 2285 5499 restituunt.
