3824 6218
573 234 674 285 879

1747 235 1804 290 s.
1845 233 2081 306 FAUSfl‘l

2179 237 2514 297 HEGIENSIS
2610 265 2611 272 η
3617 255 3699 308 830
3780 199 3781 252 ξ

573 347 754 427 bentur
773 360 1055 399 assumere.
1079 346 1256 401 Ariani
1276 360 1400 414 ergo
1420 354 1473 401 et
1493 347 1710 401 diversa:
1731 347 2094 409 haereticorum
2123 349 2171 408 Α
2197 360 2323 418 gunt
2349 363 2552 408 acetum
2595 341 2828 426 malitiae,
2858 359 2980 428 quia
3005 362 3180 417 vinum
3208 364 3499 432 sapientiai,
3535 369 3652 432 quod
3676 388 3698 417 ι

572 433 935 498 perversitates
980 447 1081 486 non
1121 435 1173 487 in
1207 449 1304 487 una
1338 434 1482 492 illum
1509 434 1789 490 comedunt
1813 436 1970 489 domo
1997 452 2011 497 ;
2043 445 2096 488 et

570 516 690 595 ideo,
723 520 851 574 sicnt
878 523 926 574 in
961 521 1151 575 diluvio
1181 538 1282 576 non
1311 523 1541 596 salvatus
1567 532 1654 579 est
1693 526 1790 577 nisi
1834 525 1923 592 qui
1958 525 2091 577 intra

567 593 740 662 arcam
768 608 876 663 Noe
906 609 994 661 fuit
1026 610 1301 683 inventus,
1346 593 1414 664 ita
1447 613 1667 666 diversas
1705 613 1821 666 fidei
1854 609 2093 666 homines

566 701 609 749 si
640 709 787 750 extra
821 687 1304 773 domumEcclesite
1334 710 1472 763 sunt,
1502 716 1606 754 non
1649 701 1841 754 habent
1887 705 2093 770 Agnum

566 785 653 853 qui
688 772 924 839 Christus
955 772 1054 839 est.
1083 786 1232 852 Quod
1270 802 1393 863 vero
1432 788 1584 856 hujus
1629 790 1748 858 agni
1774 799 1928 856 caput
1972 805 2116 854 cum,

568 870 1078 941 pedibus'comedere
1098 890 1192 930 nos
1203 875 1394 938 debere
1414 877 1681 945 Scriptura
1696 889 2090 951 commemorat,

570 963 669 1016 hoc
695 972 775 1017 est
803 973 860 1016 ut
885 964 1045 1018 Deum
1074 973 1129 1017 et
1157 964 1419 1017 hominem
1448 969 1554 1044 pari
1579 967 1908 1044 confessione
1936 983 2093 1022 vene-

568 1066 764 1103 remur.
791 1050 957 1118 Caput
985 1067 1111 1118 ergo
1140 1052 1333 1118 divina,
1365 1051 1521 1119 pedes
1548 1053 1770 1112 humana
1802 1055 2087 1115 substantia

565 1149 665 1191 est.
687 1137 856 1206 Caput
874 1127 1194 1206 accipiamus
1214 1139 1277 1192 de
1298 1136 1368 1196 eo
1391 1140 1530 1206 quod
1558 1141 1682 1194 dicit
1718 1143 1899 1195 beatus
1922 1142 2087 1196 Joan-

564 1215 690 1278 nes:
724 1223 787 1276 In
825 1227 1072 1292 principio
1096 1236 1202 1300 erat
1233 1225 1443 1278 Verbum
1472 1228 1643 1297 (Joan.
1676 1228 1750 1298 I);
1786 1231 1942 1299 pedes
1963 1247 2087 1286 vero

459 1323 469 1340 κ
565 1313 632 1365 de
659 1327 762 1380 quo
788 1312 979 1366 Paulus
1003 1315 1266 1382 apostolus
1295 1315 1477 1368 scribit
1505 1333 1516 1367 :
1549 1316 1879 1395 Semclipsum
1908 1321 2099 1381 exime

565 1405 713 1480 trivit,
728 1400 939 1472 formarit
950 1399 1072 1476 servi
1087 1396 1351 1474 accipiens,
1366 1407 1417 1457 in
1433 1405 1809 1467 similitudinem
1829 1397 2088 1470 hominum

565 1496 745 1560 factus,
772 1492 819 1542 et
845 1493 1015 1545 habitu
1047 1495 1270 1546 inuentus
1292 1504 1365 1547 est
1391 1503 1442 1546 ut
1467 1494 1614 1549 homo
1648 1494 1869 1565 (Philip.
1903 1511 1968 1564 tt,
2001 1497 2083 1566 7);

563 1591 644 1648 ct,
682 1582 865 1636 Factus
898 1601 959 1636 ex
997 1585 1227 1649 muliere,
1267 1586 1430 1653 factus
1465 1587 1554 1638 sub
1593 1586 1699 1655 lege
1734 1586 1871 1656 (Gal.
1903 1603 1974 1651 tv,
2006 1590 2084 1655 ι).

2193 436 2400 492 Christo
2444 454 2768 510 acceperant,
2811 450 3075 512 peccando
3119 452 3472 519 perdiderant.
3517 451 3698 507 Petatur

2192 529 2474 584 acerbitate
2501 533 2751 593 malorum
2787 546 3104 604 nostrorum,
3143 540 3363 595 daturus
3400 542 3696 598 dulcediqu

2192 614 2443 672 bonorum
2473 635 2708 675 suorum.
2745 625 2848 678 Sed
2876 636 2930 680 et
2957 642 3095 681 nunc
3122 631 3356 697 quotidie
3381 631 3577 698 quando
3599 649 3698 701 pec-

2191 706 2323 769 catis
2362 711 2702 773 contristatur
2730 722 2781 764 et
2823 717 3191 781 exacerbatur,
3239 730 3444 772 acetum
3471 720 3695 783 quoddam

2192 793 2262 856 illi
2285 805 2432 860 potus
2467 810 2517 850 et
2544 798 2689 851 cibus
2716 799 2849 877 fellis
2877 803 3149 872 ingeritur.
3171 805 3356 859 Velum
3387 809 3556 875 templi
3581 814 3696 861 scin~

2190 881 2355 945 ditur;
2389 888 2556 939 velum
2583 901 2944 944 ornamentum
2969 893 3248 948 habitaculi
3273 904 3375 950 est.
3405 896 3691 951 Coruscaute

2191 971 2346 1038 igitur
2375 977 2564 1042 gratia,
2599 977 2830 1032 Ecclesia
2874 983 3182 1049 mdilicatur,
3210 984 3478 1054 Synagoga
3501 986 3691 1039 destrui-

2190 1070 2272 1118 tur
2295 1104 2309 1128 ,
2331 1056 2428 1116 veli
2466 1067 2713 1132 templum
2744 1068 2942 1124 honore
2987 1072 3244 1136 nudatur,
3280 1083 3480 1128 remoto
3515 1089 3596 1141 per
3620 1076 3694 1126 ad-

2187 1159 2396 1203 ventum
2439 1150 2630 1206 Christi
2665 1155 2918 1210 velamine
2966 1159 3184 1223 litteraa;
3217 1169 3274 1214 ut
3313 1177 3429 1216 cum
3474 1163 3690 1230 Apostolo

2189 1238 2417 1292 revelata
2446 1239 2576 1295 facie
2602 1242 2734 1308 legis
2768 1243 3014 1300 interiora
3041 1249 3350 1314 pandantur.
3379 1251 3520 1316 Quod
3546 1264 3688 1305 autem

2187 1340 2519 1386 monumenta
2549 1334 2873 1400 aperiuntur,
2899 1336 3082 1390 mortis
3123 1340 3349 1391 claustra
3398 1350 3684 1402 reserantur,

2187 1430 2463 1486 resurgunt
2487 1420 2656 1474 laxata
2684 1425 2809 1477 sede
2862 1433 3082 1480 tartarea
3121 1440 3239 1480 cum
3267 1427 3472 1481 Christo
3509 1432 3687 1482 sancti:

2187 1513 2241 1557 et
2263 1512 2417 1573 quem
2445 1508 2621 1575 superi
2648 1524 2751 1563 non
2786 1511 3069 1579 recipiunt,
3108 1513 3260 1566 inferi
3307 1515 3464 1568 Deum
3492 1530 3597 1568 esse
3621 1530 3689 1566 co~

2186 1602 2462 1658 gnoscunt.
2491 1594 2638 1649 Unde
2669 1613 2765 1651 nos
2788 1608 3135 1667 agnoscentes
3160 1616 3285 1670 erga
3317 1617 3409 1656 nos
3429 1604 3687 1656 divinorum

561 1670 801 1737 Oportuit
826 1686 951 1740 ergo
981 1682 1037 1725 ut
1065 1673 1355 1740 hujusmodi
1382 1675 1502 1742 agni
1531 1675 1779 1728 carnibus
1806 1677 2085 1731 succinctis
2121 1675 2163 1732 Β
2188 1682 2557 1748 beneficiorum
2600 1688 2704 1740 alta
2746 1692 3025 1760 mysteria,
3081 1693 3482 1760 respondeamus
3519 1697 3568 1746 in
3604 1711 3686 1761 quo

561 1758 787 1825 lumbis,
836 1761 890 1814 id
927 1771 1010 1814 est
1052 1761 1375 1839 mortificatis
1401 1763 1696 1840 carnalibus
1737 1766 2096 1837 passionibus,-

565 1867 681 1904 cum
727 1842 1152 1919 summacordis
1176 1858 1229 1902 et
1266 1848 1499 1917 corporis
1529 1850 2082 1918 puritatevescamur.

561 1941 726 2006 Caput
745 1953 862 1993 cum
892 1938 1127 2003 pedibus,
1155 1938 1204 1990 itl
1223 1948 1304 1990 est
1322 1953 1386 1991 es
1409 1937 1515 1992 Deo
1535 1939 1765 2005 genitum
1787 1940 2082 2017 credamus,

562 2039 615 2080 et
650 2043 714 2082 ex
746 2028 956 2080 homine
1004 2036 1350 2095 procreatum.
1397 2027 1544 2094 Quod
1574 2041 1747 2084 autem
1775 2029 1915 2093 dixi,
1942 2041 1995 2084 et
2020 2047 2083 2085 ex

564 2117 671 2169 Deo
703 2114 954 2188 genitum,
985 2115 1251 2173 iortesint
1282 2117 1438 2183 aliqui
1469 2116 1534 2173 de
1558 2106 1729 2174 minus
1752 2120 1970 2174 eruditis
1995 2121 2081 2189 qui

560 2209 737 2261 dicant
757 2209 807 2260 in
826 2206 983 2260 corde
1007 2221 1102 2260 suo
1123 2223 1135 2257 :
1153 2207 1422 2272 Quomodo
1437 2207 1581 2281 Deus,
1599 2207 1758 2263 lilium
1774 2210 1989 2277 genuit?
2003 2208 2083 2262 Nil

560 2297 642 2347 hic
661 2309 966 2361 corporeum
993 2295 1300 2364 cogitemus.
1322 2295 1454 2360 Quid
1484 2305 1565 2349 est
1592 2297 1739 2371 enim.
1762 2298 1898 2370 Deus
1922 2297 2080 2350 Deum

557 2379 982 2456 genuit,.'nisi'de
1008 2385 1132 2453 igne
1155 2377 1288 2450 ignis
1319 2385 1576 2450 apparuit,
1606 2370 1694 2437 lux
1726 2387 1792 2450 de
1822 2386 1937 2442 luce
1965 2399 2083 2453 pro-

558 2474 749 2525 cessit?
779 2471 913 2540 Ergo
939 2481 1156 2544 promer
1187 2472 1391 2537 aliquos
1413 2470 1501 2538 qui
1529 2471 1663 2522 tardi
1692 2480 1811 2522 sunt
1839 2471 1904 2522 ad
1931 2471 2083 2522 intel-

560 2558 844 2629 lgenduin,
882 2561 1104 2626 aliquam
1142 2559 1366 2624 speciem
1395 2559 1499 2626 jam
1529 2560 1610 2613 vel
1636 2561 2076 2634 comparatinietn

559 2649 870 2702 de’terrenis
899 2662 958 2699 ac
985 2635 1274 2700 \isibilibus
1314 2633 1656 2725 assiimumus.
1691 2649 1840 2710 Verbi
1893 2653 2090 2725 gratia,

556 2740 601 2792 si
633 2739 829 2806 lampas
851 2738 1164 2790 accendatur
1184 2753 1246 2807 es
1272 2738 1530 2804 lampade,
1556 2740 1599 2790 si
1627 2724 1726 2791 una
1755 2742 2080 2794 illuminetur
2121 2793 2124 2798 ,

555 2845 620 2884 es
645 2828 766 2890 alia,
811 2841 982 2880 nonne
1027 2827 1117 2879 tibi
1160 2828 1363 2893 videtur
1405 2827 1660 2899 llatnnmn
1696 2830 2078 2899 quodaminodo

558 2904 759 2994 flamma
782 2901 1069 2991 parturiens
1084 2899 1409 2983 splendorem
1427 2920 1497 2994 de,
1510 2917 1787 2984 splendore
1805 2919 2077 2988 genuisse?
2121 2966 2126 2971 .

2188 1787 2461 1840 possumus
2510 1777 2880 1839 misericordiae
2947 1781 3296 1850 redemptoris
3323 1782 3567 1837 -:'demus
3627 1783 3684 1837 illi

2183 1867 2630 1932 compunctionem
2657 1869 2723 1922 de
2752 1880 3078 1937 peccatorum
3108 1873 3469 1927 emendatione
3492 1889 3584 1941 pro
3597 1877 3684 1942 api.

2185 1952 2266 2004 nis
2306 1953 2448 2017 suis;
2481 1954 2761 2011 offeramus
2782 1959 2856 2012 illi
2883 1975 2976 2015 cor
2993 1976 3089 2015 suo
3130 1965 3318 2017 timore
3342 1964 3588 2018 conﬁsum
3613 1981 3686 2031 pro

2183 2041 2346 2112 clavis
2374 2043 2515 2109 suis;
2541 2045 2819 2107 reddamus
2849 2049 2923 2107 illi
2944 2051 3166 2116 palmam
3189 2054 3584 2120 perseverantia!
3609 2067 3684 2119 pro

2182 2134 2350 2202 alapis
2376 2133 2506 2190 suis.
3077 2199 3080 2202 .

2773 2204 3001 2260 SEBMO
3049 2206 3137 2262 Vl.

2391 2292 2470 2342 Aa
2507 2287 2790 2374 monachos.
2833 2293 2907 2348 De
2942 2297 3098 2349 natali
3145 2301 3304 2351 sancti
3345 2300 3500 2353 Petri.

2667 2388 2763 2450 (Ex
2785 2403 2875 2444 ms.
2900 2392 3244 2457 liorbacensi.)

2251 2487 2302 2540 l.
2357 2488 2770 2557 Gloriosissimos
2809 2493 3106 2549 christiana
3157 2496 3278 2551 ﬁdei
3319 2498 3568 2566 principes
3607 2512 3682 2550 an-

2181 2579 2298 2638 nuis
2336 2579 2753 2635 solemnitatibus
2801 2582 3152 2646 honorantes,
3185 2585 3377 2640 fratres
3427 2587 3679 2646 carissimi,

2181 2668 2347 2732 ipsum
2373 2667 2539 2726 Deum
2567 2683 2627 2721 ac
2658 2669 2930 2736 Dominum
2953 2685 3218 2736 nostrum,
3248 2675 3512 2742 qui-hujus
3525 2687 3677 2728 auctor

2179 2763 2264 2807 cst
2295 2754 2410 2808 ﬁdei
2431 2794 2446 2818 ,
2473 2756 2643 2811 debita
2673 2757 2926 2823 religione
2948 2774 3277 2813 veneramur.
3305 2763 3530 2826 Apostoli
3556 2776 3679 2814 nam-

2178 2858 2279 2911 que
2309 2844 2492 2900 Latino
2524 2862 2765 2906 sermone
2790 2842 3032 2904 dicuntur
3076 2851 3254 2911 missi;
3287 2849 3377 2917 qui
3394 2865 3512 2917 ergo
3549 2851 3676 2901 bone

2181 2943 2298 2993 rant
2340 2936 2550 3001 missos,
2588 2936 2918 3000 manifestum
2950 2949 3030 2991 est
3075 2953 3168 2993 eos
3202 2941 3457 2992 honorare
3499 2939 3676 2991 mitten-

555 2993 688 3084 Nnm
725 3008 814 3059 tibi
843 2993 1042 3086 ridetur
1063 2998 1067 3002 ’
1089 3008 1428 3087 iniu-limabili
1459 3009 1662 3084 ratione
1684 3017 1874 3080 natum
1921 3011 2078 3072 {03588
2105 3002 2154 3068 (ἶ
2183 3034 2316 3090 tem;
2346 3039 2466 3078 cum
2508 2993 2737 3091 dignitas
2777 2996 2896 3095 qua:
2919 3028 3154 3082 defertur
3181 3029 3451 3097 ministris,
3497 3030 3560 3083 illi
3585 3029 3679 3081 sine

555 3100 726 3152 lumen
756 3114 817 3151 es
844 3097 1077 3167 lumine?
1105 3098 1168 3169 Et
1194 3112 1310 3159 cum
1331 3098 1396 3163 de
1426 3097 1662 3167 lampade
1691 3099 1754 3170 ad
1785 3099 2078 3170 lampadem

555 3170 920 3263 transferatur,
938 3187 1063 3250 licet
1089 3186 1205 3239 dum
1235 3186 1499 3254 lampades
1527 3187 1764 3263 ardeant,
1795 3196 1965 3259 tainen
1994 3189 2081 3242 ille

553 3259 687 3351 ignis
708 3276 816 3342 ipse
845 3285 924 3328 est
946 3275 1122 3350 utique
1157 3275 1207 3326 in
1231 3275 1456 3351 secunda
1483 3275 1570 3340 qui
1597 3259 1867 3352 splendeat
1894 3277 1946 3329 in
1969 3278 2078 3344 pri-

555 3377 658 3429 ma.
683 3363 922 3430 Nunquid
956 3363 1022 3415 de
1044 3362 1224 3435 nihilo
1246 3372 1334 3415 aut
1375 3363 1440 3415 de
1467 3364 1640 3438 aliquo
1668 3378 1802 3416 novo
1835 3366 1980 3417 initio
2006 3365 2080 3438 ta-

555 3445 665 3502 ctus
685 3460 766 3503 est
788 3451 872 3502 ille
895 3450 1064 3517 ignis?
1086 3451 1176 3516 sed
1203 3452 1368 3518 magis
1383 3452 1453 3524 de
1476 3463 1660 3519 natura
1685 3453 1762 3510 sui
1788 3454 2081 3519 stileudoris

554 3525 748 3606 effusus
773 3545 854 3589 est
879 3553 889 3586 :
916 3551 1041 3604 ergo
1069 3538 1157 3589 illa
1194 3527 1503 3610 illuminatio
1531 3553 1644 3606 qua:
1672 3538 1748 3601 de.
1764 3542 1925 3604 prima
1953 3545 2080 3594 lam-

553 3627 686 3702 pade
708 3618 909 3676 videtur
935 3614 1302 3700 acc_ensa,_'non
1324 3625 1559 3702 quasieit
1587 3626 1748 3680 nihilo
1775 3627 1825 3679 in
1851 3631 2078 3696 secunda

553 3696 670 3766 esse
699 3698 875 3786 carpit,
904 3713 994 3766 sed
1023 3697 1088 3791 de
1115 3724 1337 3791 cognato
1355 3699 1648 3786 ‘sple‘ndore
1685 3713 1960 3787 processit,
1991 3719 2076 3785 qui

553 3785 792 3871 inprimi
832 3785 1276 3880 luniinis'oaigirie
1313 3785 1421 3871 jam
1468 3785 1730 3876 manebat.
1767 3806 1834 3864 Et
1876 3807 1995 3864 licet
2025 3811 2074 3870 in

552 3906 768 3973 utraque
814 3894 1050 3973 lampade
1092 3894 1295 3962 gemina
1322 3904 1375 3947 et
1398 3894 1857 3973 duplex‘videa‘tur
1882 3898 2075 3962 micare

552 3968 778 4048 llannna,
805 3969 1220 4050 utraquetamen
1247 4000 1346 4037 una
1376 3986 1662 4049 substantia
1683 3969 1799 4048 est;
1840 3988 1909 4054 ita
1939 3998 1991 4040 et
2015 3989 2070 4049 in

553 4060 814 4149 unigenito
845 4075 932 4125 Dei
961 4074 1088 4126 Filio
1125 4059 1234 4151 etsi.
1261 4090 1499 4142 persona:
1527 4080 1727 4143 species
1757 4080 1960 4147 propria
1993 4090 2075 4137 est

555 4165 784 4229 generis,
815 4175 983 4243 tamen
1033 4177 1213 4218 natura
1242 4168 1544 4232 communis,
1565 4179 1668 4232 est,
1703 4184 1802 4235 non
1829 4171 2074 4244 de'l'atre

556 4241 831 4328 incipiens,
855 4237 1034 4324 sed-ex
1059 4255 1212 4307 Patre
1230 4270 1346 4308 cum
1377 4256 1528 4316 Patre
1550 4257 1863 4312 subsistens.

622 4343 673 4392 5.
712 4324 891 4392 Omnia
919 4343 983 4395 tle
1016 4343 1178 4394 nihilo
1203 4349 1373 4395 creata
1403 4354 1559 4414 suntl;
1592 4345 1678 4413 ille
1711 4349 1852 4399 solus
1881 4346 1947 4401 de
1968 4347 2072 4402 Deo

557 4414 710 4482 Dens.
743 4429 832 4480 llic
870 4446 991 4496 ergo
1041 4447 1156 4483 cum
1186 4433 1235 4483 iu
1284 4432 1444 4499 forma
1502 4432 1594 4485 Dei
1636 4433 2073 4496 esset,,forinatn

556 4498 696 4569 servi
719 4530 812 4582 pro
825 4531 1087 4568 servorum
1123 4519 1287 4571 salute
1314 4521 1566 4588 suscepit;
1590 4531 1642 4573 et
1668 4521 2073 4594 inligno‘crucis

555 4621 672 4657 cum
693 4605 795 4656 vita
817 4615 952 4656 esset
975 4644 989 4668 ,
1020 4605 1070 4656 in
1099 4607 1234 4678 ligno
1254 4623 1511 4678 appetistis
1535 4619 1613 4661 est
1639 4629 1650 4661 :
1674 4615 1818 4680 quasi
1842 4614 2070 4680 seipsutn

557 4700 801 4763 pensaret
820 4695 867 4743 in
901 4696 1064 4770 pretio
1085 4679 1430 4770 perditorum;
1461 4698 1621 4770 alapis
1642 4679 1807 4753 caesus
1834 4679 1936 4766 est,
1964 4705 2082 4769 ερίτ,

556 4789 633 4839 nis
657 4793 931 4838 coronatus
956 4791 1052 4835 est.
1101 4783 1244 4848 Quod
1285 4798 1406 4856 vero
1454 4788 1693 4840 coccinea
1739 4790 1948 4855 indutus
1992 4805 2074 4847 est

553 4858 845 4943 chlamyde,
869 4859 1162 4924 indumenta
1184 4871 1374 4922 Christi
1399 4875 1576 4926 merita
1602 4887 1905 4950 sanctorum
1924 4891 2070 4948 sunt;

556 4971 675 5018 item
709 4979 826 5016 tunc
854 4948 1023 5029 itaque
1049 4954 1331 5036 martyrum
1366 4963 1612 5027 sanguine
1642 4963 1691 5015 in
1720 4948 1808 5031 illo
1833 4971 2074 5025 coccineo

554 5057 727 5106 colore
775 5039 1110 5119 perfunditur.
1155 5037 1327 5114 Qitod
1380 5057 1551 5100 autent
1597 5051 1766 5121 dudmi
1817 5069 2073 5122 purpurea

555 5124 822 5210 chlamyde
849 5137 1082 5191 indutum
1104 5136 1242 5217 flexo
1265 5136 1482 5188 adorant
1503 5152 1676 5203 genu:
1710 5139 1866 5191 velint
1890 5143 2071 5210 nolint,

556 5232 741 5297 lit-gem
772 5219 985 5282 illuniet
1013 5229 1281 5281 Dominum
1305 5227 1631 5279 conlitentur.
1658 5228 1802 5292 Quod
1825 5241 1993 5282 autem
2025 5232 2074 5282 in

554 5337 703 5371 cruce
732 5321 858 5370 dixit
882 5320 1017 5381 sitio,
1063 5319 1212 5370 (idem
1247 5317 1702 5384 suis'requirebat.
1744 5318 1844 5370 Sed
1883 5320 1999 5383 quia
2025 5320 2075 5370 in

557 5411 753 5474 propria
781 5409 934 5464 venit,
960 5416 1011 5458 ct
1031 5408 1108 5458 sui
1129 5419 1244 5457 eum
1269 5408 1499 5472 recipere
1524 5406 1822 5471 noluerunt,
1845 5421 1937 5474 pro
1958 5422 2073 5460 sua-

556 5506 708 5549 xitaie
738 5498 849 5549 ﬁdei
881 5509 1078 5548 acetum
1108 5498 1151 5548 ei
1183 5497 1406 5564 perfidia:
1440 5494 1859 5564 propinat/erant.
1895 5501 2069 5554 Porri-

2179 3114 2337 3169 dubio
2365 3115 2510 3182 cujus
2535 3115 2759 3170 ministri
2784 3115 3230 3184 suntexbibetur,
3279 3127 3336 3170 ut
3361 3119 3430 3170 ait
3458 3119 3558 3185 ipse
3584 3117 3678 3170 Sal-

2178 3214 2325 3256 κηποι·
2353 3206 2414 3255 ad
2442 3205 2878 3272 discipulossuos
2909 3223 2922 3258 :
2957 3207 3054 3271 Qui
3079 3225 3162 3260 res
3186 3209 3327 3260 audit
3355 3225 3431 3260 nte
3459 3209 3610 3268 audit,
3643 3217 3679 3257 rt

2177 3293 2264 3360 qui
2305 3309 2388 3344 vos
2426 3295 2599 3362 recipit
2643 3309 2721 3348 me
2766 3295 2941 3360 recipit
2969 3293 3114 3363 (Luc.
3165 3311 3225 3358 ι,
3260 3297 3372 3361 16).
3408 3296 3530 3349 Vere
3555 3295 3675 3346 beata

2179 3383 2533 3445 apostolorum
2561 3385 2768 3448 merita,
2795 3383 2847 3437 in
2891 3383 3080 3449 quibus
3115 3397 3176 3437 se
3211 3385 3446 3437 Christus
3471 3394 3518 3436 et
3544 3382 3675 3446 recipi

2179 3469 2427 3535 praedicat
2448 3473 2506 3522 "et
2525 3469 2703 3521 audiri
2716 3485 2743 3533 ι;
2777 3470 2910 3522 beati
2940 3471 3277 3523 nihilominus
3303 3480 3358 3525 et
3386 3473 3453 3524 illi
3490 3483 3674 3536 quorum

2178 3555 2388 3616 devotio
2411 3556 2579 3631 delata
2608 3557 2853 3622 apostolis
2875 3557 3107 3614 recurrit
3122 3559 3172 3612 in
3203 3559 3478 3612 Christum.
3508 3558 3676 3611 Tenen-

2177 3650 2256 3699 tes
2285 3642 2490 3711 itaque,
2521 3643 2728 3707 fratres,
2760 3653 2916 3698 tantm
2957 3645 3110 3711 huius
3136 3647 3491 3713 promissionis
3517 3645 3674 3706 ﬁdem,

2175 3731 2242 3793 de
2270 3733 2536 3802 suppliciis
2561 3743 2761 3804 patrum
2809 3743 3128 3812 nostrorum,
3170 3752 3263 3804 pro
3290 3737 3475 3791 Christi
3501 3735 3676 3790 caules-

2174 3821 2323 3882 sione
2349 3822 2626 3891 susceptis,
2668 3822 2908 3880 ﬁdelibus
2951 3825 3156 3892 gaudiis
3197 3826 3676 3890 exsultemus‘:quo-

2175 3913 2313 3972 niam
2342 3916 2428 3982 qui
2449 3912 2516 3967 de
2542 3923 2826 3979 martyrum
2854 3923 3022 3967 morte
3062 3917 3297 3982 laetatur,
3331 3925 3570 3985 martyres
3591 3927 3671 3965 non

2173 4000 2372 4060 dubitat
2394 4017 2512 4057 cum
2538 4001 2749 4061 Christo
2776 4018 2997 4072 regnare
3033 4014 3149 4070 post
3189 4017 3431 4059 mortem.
3453 4005 3550 4059 Nos
3570 4017 3674 4055 sero

2177 4088 2521 4154 Ecclesiarnm
2545 4091 2776 4149 omnium
2799 4093 3268 4147 reverendissimos
3285 4105 3473 4162 patres,
3495 4093 3673 4148 Petrum

2173 4177 2290 4232 dico
2316 4189 2368 4232 et
2396 4180 2626 4238 Paulum,
2656 4181 2903 4247 piissimis
2922 4181 3109 4233 studiis
3132 4187 3468 4247 honoremus,
3487 4182 3667 4249 quibus.

2172 4265 2366 4338 Christi
2397 4276 2674 4334 prmstanle
2711 4271 2896 4335 gratia,
2949 4267 3115 4326 factus
3147 4279 3230 4322 est
3258 4270 3412 4324 hodie
3440 4271 3503 4323 de
3533 4277 3672 4322 morte

2101 4332 2150 4389 D
2178 4332 2607 4421 natalis;vquibus
2636 4332 2891 4433 liois_vita:
2919 4356 3122 4410 vivendi
3150 4358 3354 4412 initium
3382 4357 3551 4434 dedit;
3573 4357 3668 4424 qui-

2179 4446 2292 4509 bus,
2324 4453 2380 4498 ut
2419 4445 2490 4496 ait
2513 4443 2777 4512 apostolus
2796 4485 2798 4488 μ
2819 4443 3032 4506 Paulus,
3069 4444 3475 4522 siacquhristas
3496 4451 3610 4504 erat,
3634 4449 3669 4493 et

2178 4536 2304 4587 mori
2330 4535 2539 4586 lucrum.
2570 4532 2697 4587 Erat
2717 4534 2896 4600 utique
2922 4535 3001 4587 eis
3025 4531 3269 4587 Christus
3292 4533 3486 4596 slvere,
3511 4530 3669 4599 quibus

2176 4626 2278 4678 vita
2311 4639 2412 4681 non
2431 4631 2543 4677 erat
2567 4624 2682 4676 sine
2704 4619 2915 4676 Christo
2937 4638 2952 4685 ;
2992 4634 3107 4676 erat
3129 4624 3212 4678 eis
3238 4623 3474 4677 Christus
3493 4623 3664 4680 vivere.

2174 4717 2290 4784 quia
2309 4711 3002 4784 totuanhristiprnflciebat
3018 4713 3264 4767 licclesiis
3284 4713 3421 4782 quod
3445 4712 3665 4767 vivebant.

2182 4781 2307 4857 Erat
2329 4807 2404 4855 eis
2422 4781 2486 4856 et.
2502 4800 2882 4862 mori-lucrum.
2907 4803 3026 4868 quia
3074 4801 3163 4854 tali
3211 4781 3315 4856 bac
3355 4801 3666 4854 mortarium

2177 4894 2274 4949 sibi
2317 4892 2977 4954 merebanturmteruam;
3028 4897 3138 4942 erat
3176 4889 3254 4944 eis
3289 4891 3423 4943 mori
3469 4889 3664 4947 tuarum.-

2177 4994 2397 5045 quorum
2413 4978 2730 5044 corruptioni
2743 4975 3066 5044 incorruptio
3077 4975 3409 5050 succedebat,
3436 4987 3493 5030 et
3508 4975 3664 5028 danti:

2177 5068 2505 5132 prmsentium
2537 5079 2827 5141 temporum
2857 5067 3290 5133 lucraaperpetua
3323 5051 3672 5140 sequelranfm

2177 5154 2278 5206 Sed
2313 5154 2419 5220 jam
2451 5147 2820 5224 necessarium
2841 5153 3143 5217 ,.carissimi
3164 5194 3179 5218 ,
3217 5153 3456 5214 arbitror,
3490 5157 3552 5204 ιιι-
3572 5158 3666 5214 μυ·

2180 5244 2315 5308 prius
2340 5256 2623 5306 eorumque
2642 5243 2897 5308 speciales
2917 5242 3152 5305 virtutes,
3190 5249 3345 5308 prout
3367 5237 3572 5310 priditas

2179 5344 2291 5394 gum
2317 5341 2506 5382 nostra;
2531 5328 2825 5402 ingeniique
2852 5330 3077 5382 tenuitas
3103 5315 3441 5402 patitur,imo
3466 5333 3519 5380 tit
3541 5320 3666 5380 mist

2181 5417 2338 5468 ricorx
2372 5417 2509 5484 Deus
2531 5400 2736 5487 annuit,
2767 5403 3171 5486 proloquamlll';

2248 5502 2300 5552 2.
2341 5502 2434 5556 llic
2477 5505 2649 5568 itaque
2692 5503 2780 5557 ille
2802 5511 2883 5556 est
2909 5503 3091 5567 Petrus
3114 5504 3204 5569 qui
3231 5490 3666 5560 conhteudﬂw'
