3824 6218
96 326 171 377 881

1470 311 1593 367 SER
1604 308 1835 363 MUNES.

3117 297 3219 350 88?.

92 452 204 493 stum
230 437 502 489 Dominum
538 433 639 485 vivi
668 431 757 483 Dei
783 443 899 482 esse
925 426 1142 489 Filium,
1172 423 1486 477 validissima
1514 422 1591 471 in-
1617 422 1668 477 Δ
1694 419 1916 471 libenter
1942 416 2171 469 indulsit.
2220 415 2280 467 Ut
2324 413 2485 477 enim,
2530 410 2664 464 sicut
2718 407 2982 474 apostolus
3033 404 3220 457 Paulus

93 538 297 593 victaque
319 525 467 577 nobis
490 519 733 574 credendi
763 517 1094 571 fundamenta
1123 511 1412 567 c0nstituit.
1462 507 1589 562 Nam

91 611 413 683 percunctanti
441 610 661 662 Domino
680 606 794 673 quis
821 619 939 659 esse
965 606 1031 656 ab
1056 600 1355 656 hominibus
1387 599 1591 652 dicere-

89 717 173 766 tur,
196 702 459 768 reSpondit
488 716 500 750 t
531 696 609 749 Tu
628 712 678 747 es
706 695 929 747 Christus
952 690 1115 743 Filius
1141 690 1229 741 Dei
1260 690 1354 741 viui
1376 685 1589 754 (Matth.

90 809 179 858 nr,
209 793 322 859 l6);
352 791 401 842 id
428 799 531 851 est,
548 798 621 851 tu,
640 786 876 849 Domine,
902 784 968 837 de
994 796 1152 837 carne
1172 778 1399 847 Virginis
1426 777 1593 830 {actus

87 899 133 933 es
167 881 411 939 Christus,
437 876 523 945 qui
561 876 661 926 vivi
708 875 796 926 Dei
832 871 994 924 Filius
1009 886 1077 923 .es
1100 862 1484 935 sempiternus;
1516 872 1617 927 tu,

90 970 303 1031 Domine,
328 967 626 1018 hominibus
665 972 815 1015 natus
841 976 899 1014 es
937 960 1118 1025 homo,
1145 958 1234 1028 qui
1276 952 1592 1024 incogitabili

87 1059 331 1123 majestate
363 1056 497 1108 Deus
525 1067 582 1105 es
609 1032 745 1118 apud
786 1050 973 1104 Deum.
1013 1049 1091 1102 'l‘u
1112 1062 1170 1101 es
1195 1046 1462 1110 Christus,
1505 1045 1594 1111 qui

88 1161 164 1212 pro
198 1143 553 1209 redemptione
582 1151 754 1193 nostra
784 1138 849 1192 ad
878 1137 1173 1208 passionem
1200 1136 1417 1193 veniens
1437 1174 1453 1199 ,
1500 1134 1597 1186 im-

88 1232 318 1300 passibilis
343 1242 613 1298 permanes
637 1226 773 1295 apud
800 1228 1027 1280 Patrem.
1044 1226 1171 1291 Quis
1203 1223 1359 1290 igitur
1372 1236 1593 1290 unquam

89 1324 130 1375 in
153 1333 344 1374 tantum
382 1322 484 1373 hoc
505 1317 957 1384 incomprehenste
994 1314 1211 1368 Deitatis
1232 1326 1476 1366 arcanum
1502 1313 1597 1363 hu-

90 1409 205 1462 mani
241 1422 429 1462 sensus
454 1406 697 1460 attollere
723 1404 979 1473 potuisset
1003 1402 1264 1463 obtutum,
1291 1399 1390 1451 nisi
1417 1400 1482 1451 ab
1506 1413 1599 1451 ore

90 1488 464 1552 Petrisalutaris
487 1496 639 1563 hujus
661 1494 779 1548 lidei
806 1493 996 1550 veritas
1016 1488 1304 1543 radiasset?
1332 1487 1459 1553 Quis
1486 1501 1597 1539 nte-

89 1592 281 1639 ritorum
310 1586 425 1652 ejus
449 1584 665 1651 gloriam
691 1580 927 1648 quamvis
948 1591 1133 1646 magno
1146 1563 1466 1645 aequiparare
1480 1589 1600 1642 pos—

86 1677 141 1729 sit
164 1677 387 1743 eloquio,
416 1690 444 1725 a
473 1687 576 1741 quo
600 1671 750 1723 nobis
774 1668 1053 1722 adoranda:
1076 1665 1365 1720 Divinitatis
1398 1664 1525 1718 ﬁdes
1546 1673 1601 1717 et

1694 508 1919 568 edocuit,
1944 517 2084 577 petra
2110 515 2213 558 erat
2243 504 2465 557 Christus
2478 518 2511 566 ;
2527 503 2594 553 ita
2624 513 2715 567 per
2734 498 2999 551 Christum
3040 496 3223 548 Petrus

1694 599 1859 651 lactus
1886 606 1965 650 est
1987 606 2151 663 petra,
2205 594 2409 646 dicente
2453 590 2502 643 ei
2540 589 2759 651 Domino
2789 603 2811 637 ει
2832 584 2911 637 Tu
2938 600 2989 637 es
3009 582 3219 643 Petrus,

1693 704 1735 744 et
1763 703 1912 754 super
1970 689 2098 739 hanc
2160 696 2349 753 petram
2420 679 2676 745 redi/icabo
2722 675 2998 729 Ecclesium
3063 688 3224 726 nteant

1694 779 1903 851 (Matth.
1930 793 2045 839 xvr,
2070 775 2178 842 18).
2205 774 2332 825 Nam
2358 772 2492 823 sicut
2510 772 2562 822 in
2604 768 2835 833 deserto,
2864 764 3126 817 dominico
3150 763 3221 815 si-

1694 868 1840 923 tienti
1886 866 2108 937 populo,
2160 876 2291 929 aqua
2346 860 2494 912 ﬂuxit
2534 874 2565 911 e
2616 866 2793 923 petra,
2853 855 2923 907 ita
2986 853 3226 905 universo

1695 955 1888 1010 mundo
1917 952 2149 1022 perﬁdiae
2181 949 2420 1002 ariditate
2466 944 2788 1008 lassanti,_de
2815 959 2907 998 ore
2940 943 3078 1005 Petri
3109 943 3224 996 fons
3302 1012 3303 1015 η

1692 1045 1974 1099 salutifera:
1997 1032 2341 1096 confessionis
2378 1036 2609 1091 emersit.
2641 1035 2735 1087 [lic
2766 1021 2852 1087 est.
2890 1032 3074 1086 Petrus
3094 1070 3110 1095 ,
3133 1032 3227 1093 ,cui

1692 1137 1933 1191 Christus
1960 1148 2271 1189 ascensurus
2298 1132 2360 1185 ad
2406 1131 2630 1193 Patrem,
2673 1124 2955 1195 pascendas
2995 1121 3227 1177 oviculas

1694 1243 1815 1282 suas
1841 1240 2105 1294 agnosque
2126 1221 2493 1277 commendat:
2516 1228 2573 1272 ut
2592 1231 2720 1286 quos
2740 1216 2828 1269 ille
2851 1214 3057 1282 pietatis
3072 1212 3246 1267 mise-.

1693 1318 1894 1371 ratione
1916 1315 2232 1377 redemerat,
2266 1311 2350 1363 hic
2378 1308 2499 1363 ﬁdei
2524 1321 2629 1360 suae
2659 1306 2851 1358 virtute
2878 1309 3126 1356 servaret.
3166 1301 3229 1353 Et

1694 1415 1837 1458 recte
1864 1416 1991 1456 sane
2021 1402 2070 1455 ei
2093 1397 2641 1454 arbiter'occultorum
2681 1394 2771 1447 Dei
2807 1393 2970 1445 Filius
3001 1403 3225 1460 pascen-

1696 1494 1789 1547 das
1815 1506 1942 1546 oves
1984 1502 2107 1545 suas
2130 1489 2455 1559 tuendasque
2482 1483 2875 1557 commisit,eui
2921 1491 3136 1541 noverat
3176 1481 3227 1533 in

1701 1582 1973 1638 nutriendo
1996 1595 2150 1650 grege
2174 1577 2434 1633 dominico
2459 1591 2557 1630 nec
2585 1574 2809 1629 studium
2840 1566 3149 1633 deesselnoc
3165 1568 3227 1622 (i-

1698 1676 1836 1728 dem.
1885 1673 1977 1726 Hic
2002 1679 2085 1725 est
2123 1670 2327 1729 Petrus,
2363 1665 2450 1732 qui
2486 1665 2607 1717 dum
2635 1662 2700 1715 ad
2735 1676 2941 1715 crucem
2988 1669 3229 1724 tanquam

88 1765 222 1829 erepit
262 1742 314 1816 et
344 1758 647 1829 permanet?
671 1756 804 1823 Quid
835 1765 979 1810 tanto
1019 1753 1298 1822 gloriosius
1323 1751 1464 1817 viro,
1507 1751 1593 1819 qui

1706 1760 1931 1815 cruciﬁxi
1958 1757 2242 1825 discipulus
2268 1755 2564 1819 duceretur,
2588 1766 2740 1804 verso
2767 1764 2824 1804 se
2859 1762 3078 1817 poscens
3113 1762 3230 1821 cor-

88 1856 220 1907 tidem
264 1852 455 1906 secreti
491 1847 841 1903 inscrntabilis
867 1846 1123 1914 loquendo
1151 1844 1344 1907 edidit,
1374 1842 1600 1897 vivendo

88 1941 259 2005 docuit,
290 1939 537 2009 patiendo
562 1938 820 1991 ﬁrmavit?
847 1936 915 1991 Ut
940 1948 1113 1989 autem
1135 1933 1479 1988 confessionis
1506 1932 1603 1985 hu-

91 2035 156 2101 jus
179 2043 364 2099 quanta
390 2038 533 2084 esset
563 2027 861 2096 magnitudo
892 2027 1129 2082 Salvator
1173 2024 1492 2088 ostenderet,
1531 2024 1605 2075 ait

91 2122 128 2172 ei
155 2136 168 2172 :
196 2119 377 2171 Beatus
405 2135 456 2171 es
473 2158 488 2182 ,
522 2117 697 2173 Simon
736 2115 963 2184 Barjona
988 2155 1002 2179 ,
1028 2116 1145 2183 quia
1170 2130 1289 2167 caro
1315 2121 1362 2166 et
1403 2113 1604 2182 sanguis

94 2224 174 2258 non
196 2207 425 2259 reuelauit
453 2205 562 2268 tibi,
583 2204 669 2257 sed
697 2202 851 2255 Pater
872 2218 1007 2255 meus
1032 2202 1117 2269 qui
1140 2209 1210 2254 est
1236 2203 1290 2254 in
1310 2200 1481 2262 cretis;
1504 2199 1601 2251 Et:

94 2294 184 2346 Tibi
200 2296 325 2348 dabo
349 2296 513 2347 claves
538 2292 677 2361 regni
707 2289 939 2345 calorum
964 2286 1150 2358 (Ibid.,
1180 2287 1288 2357 Π).
1326 2288 1454 2356 Quis
1481 2300 1605 2353 ergo

94 2384 328 2437 Christum
358 2397 452 2450 per
475 2395 686 2437 carnem
714 2390 765 2434 et
787 2380 839 2433 in
868 2394 1027 2434 carne
1048 2390 1247 2455 natum,
1269 2379 1609 2445 omnipoten-

97 2475 149 2527 tis
174 2475 334 2527 Patris
362 2488 481 2527 esse
510 2471 696 2525 Filium
743 2472 937 2525 sentire
960 2471 1237 2538 potuisset,
1284 2470 1387 2523 nisi
1429 2471 1606 2538 propi-
1632 2514 1635 2517 .

100 2568 184 2617 tius
210 2565 304 2617 huc
333 2564 448 2630 ipse
489 2563 640 2615 Pater
690 2576 784 2629 per
818 2561 1026 2614 Petrum
1080 2560 1231 2613 nobis
1273 2560 1554 2614 revelassct
1580 2576 1612 2615 ο

96 2654 250 2707 coelo?
276 2654 400 2706 llaec
426 2651 500 2704 illi
539 2650 803 2705 confessio
828 2650 995 2717 dedit,
1026 2657 1084 2701 ut
1110 2657 1231 2703 ante
1264 2650 1438 2703 claves
1467 2650 1611 2717 regni

96 2745 297 2798 ttelestis
326 2741 586 2809 acciperet
625 2755 776 2807 quam
804 2740 922 2794 caeli
955 2739 1143 2807 ianuas
1190 2741 1455 2793 introiret.
1508 2739 1633 2793 Sed.

97 2850 149 2886 ne
172 2850 262 2903 qua
287 2846 401 2895 vos,
434 2831 641 2892 intres,
678 2830 746 2883 de
777 2830 991 2883 creditis
1019 2829 1176 2882 Petro
1203 2828 1435 2882 clavibus
1466 2828 1613 2896 regni

100 2938 223 2976 more
262 2934 558 2977 nostrarum
601 2921 821 2974 claviutn
854 2919 1098 2987 cogitatio
1146 2927 1478 2984 promoveat,
1509 2916 1614 2970 cla—

98 3025 172 3062 ves
212 3012 327 3064 coeli
371 3010 543 3077 lingua
582 3018 664 3062 est
708 3008 882 3069 Petri;
915 3008 1034 3075 quia
1080 3006 1400 3075 singulorum
1432 3008 1615 3059 merita

98 3100 328 3151 censenda
356 3099 624 3165 apostolus
653 3096 929 3163 unicuique
956 3074 1179 3161 regnum
1199 3096 1318 3163 (ἠωιί
1354 3106 1439 3146 aut
1472 3095 1614 3148 clau-
1639 3074 1683 3135 Ο

100 3186 160 3237 d.t
178 3194 261 3239 aut
284 3188 473 3253 aperit.
504 3183 616 3236 Non
646 3192 726 3236 est
754 3197 877 3248 ergo
900 3183 1062 3236 clavis
1087 3182 1185 3235 ism
1212 3183 1447 3234 mortalis
1487 3184 1634 3235 arti--

105 3274 199 3326 ficis
241 3283 412 3341 aptata
451 3271 749 3333 manu,.sed
791 3270 909 3323 data
958 3278 1040 3324 est
1076 3284 1106 3322 a
1148 3269 1357 3323 Christo
1385 3279 1635 3339 potestas.

98 3363 355 3428 iudicandi.
373 3361 607 3429 Denique
626 3355 696 3413 ait
715 3360 761 3412 ei
787 3377 799 3411 :
834 3359 1057 3429 Quorum
1080 3358 1367 3413 remiseritis
1389 3368 1631 3427 peccata,

101 3456 282 3507 remissa
324 3462 506 3516 erunt;
547 3460 593 3505 et
630 3466 841 3520 quorum
877 3449 1210 3511 detinueritis,
1252 3450 1447 3503 detenta
1473 3459 1613 3503 erant

101 3544 249 3609 (loco.
273 3558 372 3610 xx,
396 3542 506 3613 25).
525 3542 620 3596 llic
638 3550 719 3594 est
738 3540 938 3601 Petrus.
968 3553 1123 3607 quem
1150 3536 1339 3591 Christi
1360 3551 1477 3592 esse
1492 3553 1617 3591 cou-

102 3632 481 3685 liduntissimum
510 3626 1008 3697 subjecta-vestigiis
1031 3627 1145 3693 ejus
1172 3627 1333 3678 maria
1358 3626 1635 3694 ,με-θὴςινθο,

101 3732 218 3777 runt.
238 3722 367 3777 Nam
396 3738 424 3773 a
454 3721 673 3775 Domino
694 3733 792 3772 suo
814 3732 977 3771 novos
1003 3718 1102 3771 sibi
1126 3717 1239 3769 dari
1276 3716 1327 3768 in
1371 3715 1613 3768 ﬂuetibus

99 3826 308 3879 gressus,
333 3822 395 3867 ut
423 3813 594 3865 ﬁdelis
630 3810 885 3877 p0poscit,
915 3816 969 3861 et
1009 3817 1065 3859 ut
1104 3806 1324 3859 dilectus
1346 3805 1564 3856 emeruit
1594 3820 1607 3853 :

103 3904 171 3965 qui
196 3904 259 3955 ob
283 3905 385 3955 hoc
412 3900 579 3955 solum
608 3898 893 3962 trepidasse
932 3894 1075 3946 visus
1100 3900 1202 3954 est,
1254 3900 1315 3943 ut
1357 3889 1609 3956 lragilitas

103 3990 299 4041 humana
325 3991 672 4055 cognosceret
699 3991 886 4050 quanta
914 3988 1055 4036 esset
1085 3979 1218 4032 inter
1254 3978 1532 4031 Dominum
1552 3987 1606 4030 et

102 4090 283 4129 servum
305 4073 576 4133 distantia,
606 4071 727 4124 dum
755 4077 1029 4137 aggravata
1071 4066 1293 4135 peccatis
1315 4080 1436 4119 caro
1475 4080 1612 4118 mer-

103 4176 234 4230 μιν,
263 4173 316 4216 et
356 4160 672 4216 imniacuiati
716 4160 882 4212 nescit
933 4159 1105 4225 planta
1132 4154 1409 4209 desidere:
1458 4154 1611 4207 simul

101 4262 141 4304 et
170 4254 308 4317 illud,
335 4266 426 4316 ne,
460 4252 581 4304 dum
607 4263 764 4317 super
790 4260 952 4314 aquas
975 4246 1244 4298 ambulans
1270 4243 1454 4297 Petrus
1480 4243 1611 4312 pede

102 4340 336 4411 intrepido
362 4338 684 4409 pervenisset
722 4337 786 4391 ad
828 4336 1112 4401 Christum,
1139 4333 1342 4388 Domini
1376 4333 1506 4386 forte
1527 4332 1606 4385 sui

101 4400 691 4499 virtuiibus'equaretur.
718 4426 822 4482 Sed
851 4425 973 4495 quid
1008 4400 1154 4477 illum
1184 4431 1452 4491 tantopere
1476 4421 1604 4475 dici-
1640 4400 1686 4459 ί)

104 4534 203 4574 mus
231 4519 541 4587 trepidasse,
584 4531 703 4571 cum
757 4515 840 4583 pia
891 4514 1167 4581 trepidatio
1214 4526 1306 4565 sua
1357 4510 1608 4577 majorem

103 4610 293 4670 proiecit
318 4610 386 4661 ad
417 4607 609 4661 ﬁdem?
658 4605 724 4659 Ut
759 4605 899 4658 enim
946 4602 1166 4655 credidit
1188 4602 1369 4654 Petrus
1392 4598 1608 4665 imperio

104 4696 281 4751 Domini
303 4698 385 4752 sui
408 4710 564 4765 posse
590 4710 649 4749 se
670 4711 701 4748 a
725 4695 964 4748 ﬂuctibus
991 4690 1300 4750 sustentari.
1328 4692 1396 4742 ita
1424 4688 1611 4741 nihilo-

102 4786 248 4861 minus
272 4788 397 4840 dum
426 4786 696 4855 mergitur,
722 4784 943 4839 credidit
988 4784 1151 4849 ipsius
1187 4780 1393 4834 Domini
1436 4780 1514 4832 sui
1552 4792 1610 4831 se

103 4877 265 4930 virtute
288 4876 621 4930 salvandum.
650 4874 789 4929 Vere
813 4874 947 4927 beati
994 4872 1130 4925 Petri
1159 4879 1212 4924 et
1232 4872 1355 4923 dum
1387 4868 1609 4934 trepidat

102 4966 325 5018 mirabilis
356 4966 509 5027 ﬁdes,
534 4980 690 5034 quam
744 4980 839 5019 nec
890 4965 1119 5031 urgentis
1172 4960 1391 5030 periculi
1442 4960 1607 5027 potuit

105 5055 289 5109 turbare
313 5054 569 5109 formido:
597 5054 869 5106 clamando
888 5058 1027 5106 enim
1058 5053 1179 5104 dum
1198 5049 1464 5115 mergitur,
1506 5045 1609 5097 Do-

104 5144 214 5197 mine
234 5184 248 5208 ,
280 5145 433 5198 libera
453 5159 530 5197 me
568 5143 778 5211 (Matth.
814 5158 928 5206 vin,
964 5142 1075 5207 25),
1104 5142 1167 5195 de
1196 5154 1253 5193 se
1269 5138 1473 5192 difﬁsus
1498 5147 1609 5203 est,

107 5250 191 5287 nun
213 5235 275 5289 de
302 5236 521 5289 Domino
537 5234 808 5287 dubitavit.
829 5233 903 5285 Ne
926 5234 1041 5299 quis
1057 5245 1183 5299 ergo
1208 5232 1449 5283 timorem
1473 5228 1610 5281 hunc

106 5325 437 5391 gloriosissimi
478 5323 613 5377 Petri
640 5322 794 5375 ducat
822 5321 873 5372 in
916 5322 1094 5373 vitium
1128 5340 1142 5373 :
1173 5320 1415 5387 quoniam
1457 5319 1612 5370 timor

107 5415 189 5470 iste
208 5416 439 5485 quamvis
469 5415 684 5479 primam
701 5410 813 5478 ejus
842 5408 1128 5461 turbaverit
1148 5408 1324 5471 ﬁdem,
1348 5410 1614 5460 conliden-

109 5504 212 5556 tiam
253 5515 424 5558 tamen
446 5502 499 5555 in
545 5516 608 5555 eo
637 5507 889 5566 reparata:
916 5496 1242 5571 credulitatis
1264 5492 1488 5550 ornavit.
1518 5495 1613 5548 Hie

107 5602 174 5644 cst
197 5593 393 5659 Petrus,
418 5593 500 5647 cui
530 5590 766 5645 Christus
810 5584 1230 5667 communionem
1272 5586 1353 5641 sui
1384 5584 1609 5639 nominis

1200 5800 1221 5891 ἓ

1194 5904 1211 5937 1

1190 5962 1201 5989 i

1700 1866 1824 1917 pure
1854 1846 2117 1914 cruciﬁgi,
2138 1845 2432 1911 passionem
2460 1857 2561 1896 non
2595 1839 2799 1903 renuit,
2842 1836 2932 1900 sed
2960 1836 3231 1904 aqualita-

1701 1948 1806 1993 tem
1842 1938 2011 1991 crucis
2038 1935 2313 1987 dominica:
2352 1930 2659 1992 declinaiit;
2704 1937 2759 1981 ut
2794 1926 3094 1980 ostenderet
3120 1926 3234 1977 uui-

1701 2031 1868 2083 versis
1886 2026 2204 2081 admiranda:
2232 2025 2429 2077 scilicet
2467 2021 2771 2073 humilitatis
2799 2020 3061 2079 virtutem,
3090 2016 3234 2067 novi—

1701 2135 1803 2188 que
1842 2118 2071 2189 mystcrii
2103 2115 2433 2183 disciplinam
2461 2122 2513 2165 et
2541 2113 2673 2165 inter
2695 2116 2949 2189 tormenta
2974 2120 3230 2173 servasse.
3258 2108 3261 2113 ⁵

1701 2211 1866 2273 Quam
1892 2221 2130 2266 securus.
2153 2202 2429 2262 carissimi,
2454 2200 2679 2269 perrexit
2706 2181 2886 2251 Peirns
2906 2198 2971 2249 ad
2998 2210 3233 2255 cmcem;

1703 2299 1787 2364 qui
1834 2301 2043 2364 repulso
2085 2294 2271 2345 timore
2310 2291 2524 2351 mortis,
2571 2287 2823 2340 mer'endi
2862 2285 3096 2339 ordinem
3132 2294 3235 2337 tam

1704 2388 1889 2438 acerba
1918 2386 1967 2436 in
2000 2383 2239 2450 passione
2264 2379 2518 2447 qumsivit.

1774 2475 1827 2526 3.
1866 2470 1999 2537 Quid
2025 2472 2181 2524 etiam
2205 2468 2268 2521 de
2295 2467 2667 2534 gloriosissimo
2705 2461 2924 2516 referam
2952 2459 3145 2522 Paulo,
3179 2459 3231 2510 in

1707 2577 1812 2626 quo
1851 2560 2099 2613 Dominus
2126 2558 2281 2611 ﬁdem
2327 2556 2550 2609 nominis
2587 2556 2687 2613 sui,
2718 2554 2837 2605 dum
2869 2555 3031 2619 ipsam
3062 2562 3238 2617 perse-

1709 2658 1976 2720 queretur,
2005 2649 2192 2716 elegit?
2222 2647 2309 2713 qui
2346 2646 2469 2697 dum
2502 2644 2642 2697 velut
2673 2642 2957 2696 acerrimus
2998 2652 3240 2706 persecu-

1713 2753 1792 2793 tor
1834 2740 2172 2793 christianam
2220 2742 2387 2787 vastat
2434 2733 2751 2792 Ecclesiam,
2800 2729 3009 2782 inimico
3073 2726 3237 2779 adhuc

1711 2828 1824 2894 ejus
1868 2827 1918 2881 in
1966 2834 2174 2891 pectore
2213 2820 2436 2874 amicum
2480 2820 2578 2871 sibi
2619 2832 2709 2872 cor
2736 2806 2969 2870 Christus
2998 2814 3237 2868 invenit:

1713 2919 1940 2989 dumque
1983 2913 2285 2980 temporalia
2314 2910 2451 2978 cepit
2495 2908 2818 2962 Christianos
2858 2904 2921 2957 ad
2951 2902 3198 2972 supp'icia
3222 2944 3238 2963 ,

1715 3010 1824 3072 ipse
1841 3013 2144 3073 perpetuum
2171 3011 2353 3069 captus
2389 2999 2451 3051 ad
2476 2998 2714 3066 gratiam,
2747 2994 2910 3047 factus
2950 3000 3031 3047 est
3070 2993 3239 3071 subito

1714 3068 1888 3161 pastor
1915 3068 1980 3147 ex
2009 3095 2150 3159 lupo.
2189 3106 2250 3143 ex
2284 3088 2525 3157 praedone
2552 3094 2748 3149 custos,
2787 3099 2851 3137 ex
2890 3084 3037 3136 hoste
3064 3068 3241 3134 delen-

1711 3201 1818 3238 sur.
1848 3184 1996 3237 Unde
2024 3182 2189 3249 patuit
2213 3194 2312 3245 nec
2337 3179 2551 3231 Paulum
2574 3176 2813 3243 maligna:
2837 3174 3024 3225 mentis
3049 3186 3240 3239 prapo-

1710 3275 1812 3325 sito
1843 3273 2045 3339 plebem
2082 3270 2392 3324 dominicam
2432 3274 2754 3333 persecutum
2777 3302 2793 3327 ,
2845 3278 2941 3316 nec
2981 3262 3239 3314 Christum

1711 3360 1920 3412 latuisse
1936 3373 2088 3425 quem
2116 3358 2335 3423 eligeret
2360 3356 2410 3406 in
2449 3353 2628 3406 Paulo.
2656 3352 2749 3405 Hic
2772 3361 2856 3405 est
2894 3351 3112 3413 Paulus,
3152 3351 3238 3417 qui

1708 3446 1899 3501 Christi
1929 3446 2140 3499 vocibus
2166 3445 2475 3505 inclamatus
2515 3457 2546 3494 e
2584 3442 2736 3503 ctelo,
2783 3439 2949 3493 oculis
2975 3438 3027 3491 in
3053 3451 3110 3512 se
3151 3437 3241 3491 Ju-

1708 3538 1873 3590 daicae
1911 3535 2226 3589 inﬁdelitatis
2254 3531 2473 3595 obtusis,
2506 3530 2717 3585 videndi
2744 3530 2906 3581 aciem
2937 3542 3039 3580 non
3069 3527 3241 3592 pcrdi-

1710 3628 1806 3687 tlit,
1855 3626 1948 3679 sed
1998 3623 2233 3677 mutavit.
2268 3621 2452 3674 Amisit
2480 3620 2659 3672 oculos
2700 3628 2754 3671 ct
2783 3616 2997 3682 recepit,
3046 3623 3103 3667 ut
3141 3628 3242 3666 uno

1708 3715 1997 3780 eodemque
2021 3718 2251 3777 ternpbre
2279 3719 2331 3762 et
2361 3712 2408 3760 in
2439 3717 2833 3774 persequentem
2861 3702 3108 3757 cmcitatis
3132 3702 3238 3752 vin-

1708 3802 1842 3852 dicta
1872 3797 2195 3872 procederet,
2222 3805 2275 3847 et
2318 3794 2550 3846 vocantis
2597 3792 2687 3844 Dei
2726 3791 2886 3857 gratia
2930 3790 3241 3841 illutninaret

1712 3888 2014 3940 Ecclesiam.
2038 3887 2124 3938 Ait
2149 3899 2366 3949 namque
2390 3881 2462 3934 illi
2489 3880 2555 3934 de
2578 3880 2713 3933 ccelo
2744 3880 2989 3932 Dominus
3012 3895 3024 3929 :
3049 3876 3206 3931 Saule
3223 3918 3239 3943 ,

1709 3978 1892 4043 Saule,
1921 3979 2039 4043 quid
2075 3992 2150 4027 me
2184 3974 2487 4041 persequeris
2515 3973 2647 4041 (Act.
2678 3988 2727 4025 ιι
2747 4011 2765 4045 ,_
2790 3971 2885 4036 4)?
2908 3971 2955 4023 id
3003 3980 3103 4033 est,
3145 3985 3238 4021 cur

1707 4083 1791 4121 me
1819 4066 2166 4133 persequeris,
2210 4063 2404 4117 Saule?
2450 4062 2577 4128 Qua:
2616 4075 2728 4112 mea
2762 4060 2938 4112 odium
2982 4072 3103 4125 erga
3156 4070 3239 4109 me
3323 4126 3326 4129 Α

1710 4165 1853 4208 tuum
1899 4152 2143 4206 excitavit
2185 4150 2478 4216 iniquitas?
2524 4148 2757 4213 Nunquid
2801 4148 2917 4213 quia
2958 4144 3240 4197 illuminavi

1708 4257 1894 4302 caecos,
1922 4241 2040 4309 quia
2065 4238 2245 4291 sanavi
2272 4248 2516 4305 aagrotos,
2547 4236 2664 4303 quia
2719 4234 2886 4300 fugavi
2936 4234 3199 4285 darmopes
3220 4270 3236 4294 ,

1709 4333 1827 4400 quia
1866 4332 2158 4384 esurientes
2189 4327 2406 4395 papulas
2448 4326 2675 4393 quinque
2715 4322 2931 4391 panibus
2960 4323 3113 4389 pavi?
3158 4320 3239 4373 An

1710 4424 1827 4489 quia
1849 4423 1913 4475 de
1942 4422 2153 4475 tumulis
2205 4428 2439 4472 mortuos
2489 4413 2771 4469 suscitavi?
2808 4428 2873 4465 an
2918 4412 3050 4464 forte
3079 4411 3241 4477 magis

1708 4516 1826 4584 quia
1859 4512 2094 4565 ﬁdelibus
2135 4509 2264 4562 meis
2290 4520 2502 4573 regnum
2541 4504 2753 4557 caeleste
2778 4500 3022 4568 promisi?
3048 4497 3152 4554 Sed
3191 4497 3238 4548 si

1712 4616 1955 4673 praestare
1990 4616 2071 4653 me
2100 4612 2251 4665 posse
2272 4595 2476 4647 dubitas
2506 4592 2643 4660 quod
2674 4591 2938 4657 promitto,
2970 4588 3162 4654 aspice,
3184 4586 3228 4636 si

1925 4655 2256 4755 p0tes,-unde
2290 4692 2339 4735 te
2367 4682 2448 4733 vel
2489 4655 2633 4747 quasi
2661 4655 2883 4744 appello.
2928 4674 3031 4728 Sed
3079 4655 3260 4743 quare.

1711 4797 1794 4833 me
1841 4774 2191 4847 persequeris,
2241 4770 2418 4833 Saule,
2459 4779 2546 4821 aut
2591 4767 2714 4835 quid
2760 4780 2841 4817 tne
2878 4764 3239 4832 persequendo

1714 4865 1953 4935 proﬁcis?
1980 4860 2216 4929 Nunquid
2246 4860 2495 4913 adversus
2516 4866 2818 4925 regnantem
2841 4854 2891 4906 in
2919 4854 3054 4906 ctelo
3075 4852 3237 4905 ullum

1716 4970 1801 5013 tua
1846 4955 2134 5023 persecutio
2189 4951 2398 5004 habebit
2448 4947 2718 5002 aﬂ'ecmut?
2771 4944 2999 5011 nunquid
3050 4957 3239 4995 nocere

1714 5048 1836 5102 mihi
1860 5044 2139 5113 quidquam
2168 5052 2379 5108 potens,
2405 5036 2557 5106 quem
2587 5052 2687 5089 non
2708 5042 2855 5103 potes
2877 5032 3102 5085 intueri?
3129 5026 3238 5098 Ego

1712 5136 1841 5189 enim
1872 5146 1983 5185 sum
2002 5130 2147 5181 Jestts
2176 5127 2492 5185 Nazarenus.
2524 5140 2669 5192 quem
2704 5132 2755 5173 tu
2780 5120 3078 5187 persequeris
3100 5117 3233 5185 (Act.

1712 5222 1965 5287 xxn,8);
1997 5220 2085 5287 qui
2111 5227 2278 5270 terras
2319 5214 2487 5277 ctrlo.
2534 5223 2742 5266 crucem
2788 5221 2966 5275 regno,
3011 5214 3232 5256 mortem

1712 5311 2052 5382 perpetuitate
2098 5308 2289 5373 mutavi
2316 5320 2331 5359 :
2358 5306 2421 5356 de
2460 5302 2645 5369 quibus
2670 5296 2908 5350 omnibus
2936 5306 3039 5344 non
3069 5299 3120 5342 te
3146 5290 3239 5341 de-

1710 5378 1835 5455 bere
1854 5395 2085 5452 cunctari
2104 5436 2119 5461 ,
2152 5401 2206 5459 et
2229 5405 2439 5460 ereptus
2467 5388 2558 5442 tibi
2587 5400 2721 5439 nunc
2749 5392 2802 5436 et
2832 5390 2945 5449 post
2974 5378 3236 5447 paululum

1711 5488 1941 5549 redditus
1972 5483 2209 5539 suadebit
2247 5487 2509 5557 aspectus.
2562 5478 2631 5530 At
2676 5470 3004 5557 beatissimus
3050 5467 3237 5522 Paulus

1710 5564 1976 5645 repentina
1990 5572 2193 5640 quidem
2210 5554 2440 5626 ctecitate
2466 5563 2742 5627 coercitus,
2770 5556 3030 5614 intellecta
3057 5567 3230 5613 tamen
