3824 6218
574 269 680 322 835

1753 269 1808 324 S.
1846 267 2088 325 FAUSTI
2129 268 2537 331 RHEGIENSIS

3285 102 3775 210 ‘—

3653 283 3746 336 88b

571 380 840 446 majestate
863 380 1120 446 loquentis
1148 395 1179 434 e
1203 381 1360 446 C(BIO,
1383 380 1633 436 continuo
1663 377 1832 432 fidelis
1859 377 2101 441 effectus,
2130 382 2182 438 Δ
2207 378 2478 436 debemus.
2512 374 2706 438 Futura
2734 385 3008 442 beatitudo
3047 387 3468 457 acqnh-l‘potest,
3501 391 3738 446 cstimsri

570 475 624 518 et
651 481 680 518 a
711 468 1071 536 persecutione
1107 468 1329 532 destitit,
1382 478 1436 522 et
1485 481 1648 522 novos
1692 466 1928 521 intuendi
1971 466 2117 520 Chri-

568 571 595 608 s
621 573 704 611 um
733 559 912 612 oculos
936 559 1225 628 acquisivit.
1257 559 1350 612 ilic
1376 568 1458 612 est
1496 558 1707 619 Paulus,
1738 555 1825 624 qui
1866 570 1959 623 pro
1993 568 2112 607 sua-

568 661 683 699 rum
710 651 1131 701 remuneratione
1173 649 1444 711 virtutum,
1481 648 1615 701 ultra
1656 648 1878 699 humana
1926 647 2111 698 merita

570 737 778 788 tertium
815 747 994 805 raptus
1021 737 1084 790 ad
1111 739 1323 801 cmlum,
1342 737 1588 792 caelestia
1617 748 1820 791 secreta
1840 735 2109 803 cognovit;

569 831 623 876 ut
650 823 1001 878 Ecclesiarum
1029 826 1228 879 futurus
1258 827 1457 889 doctor,
1485 826 1618 880 inter
1647 825 1859 893 angelos
1885 825 2114 877 disceret

568 913 702 980 quod
731 916 869 968 inter
897 915 1132 968 homines
1171 916 1497 983 pra-dicaret.
1531 922 1633 969 Aut
1662 914 1780 980 quis
1808 913 1856 966 ei
1901 913 2110 978 impune

565 1006 700 1056 ultra
723 1018 823 1057 non
854 1005 1054 1066 credat,
1076 1005 1164 1073 qui
1205 1005 1271 1058 de
1319 1003 1663 1058 sacramentis
1691 1001 1968 1055 dominicis
2004 1015 2105 1054 non

566 1092 736 1145 solum
762 1094 937 1147 audita
969 1094 1219 1160 loquitur,
1259 1093 1351 1148 sed
1397 1102 1450 1147 et
1476 1095 1584 1146 visa
1637 1101 1874 1146 testatur.
1907 1093 2104 1158 Quanta

567 1183 685 1249 hoc,
718 1182 929 1248 fratres,
984 1183 1075 1237 Dei
1123 1183 1288 1258 nostri
1319 1193 1490 1236 sctum
1531 1192 1611 1235 est
1650 1182 1835 1250 gratia,
1877 1180 2011 1249 quod
2039 1182 2105 1234 de

563 1269 864 1324 caelestibus
883 1271 936 1325 in
958 1273 1301 1339 apostolatum
1325 1282 1538 1324 vocatus
1563 1280 1664 1333 est,
1695 1280 1750 1323 ut
1777 1269 2101 1337 apostolatus

565 1359 676 1424 ejus
696 1369 1089 1414 consecraretur
1119 1362 1169 1413 in
1196 1361 1360 1415 ccelo?
1409 1359 1473 1413 Et
1526 1369 1641 1428 post
1664 1362 1838 1414 omnia
1885 1361 1968 1412 hic
2019 1368 2101 1413 est

567 1449 759 1504 Paulus
799 1450 885 1518 qui
927 1452 1157 1506 cervices
1184 1466 1327 1517 suas,
1354 1465 1482 1520 quas
1504 1451 1756 1505 advenas
1780 1448 1970 1504 Christi
2005 1465 2099 1502 no-

565 1555 682 1594 men
704 1541 955 1608 superbus
982 1552 1238 1606 erexerat,
1282 1543 1596 1611 perfidorum
1623 1539 1900 1594 caedendae
1924 1540 2095 1608 gladio

563 1628 885 1682 humillimus
913 1645 1008 1698 pro
1043 1630 1239 1685 Christi
1280 1632 1478 1685 honore
1496 1630 1735 1684 submisit
1762 1645 1774 1681 :
1810 1642 1907 1682 nec
1935 1629 2095 1696 piguit

562 1733 680 1772 eum
707 1733 800 1786 pro
831 1719 918 1772 illo
947 1721 1079 1774 mori
1105 1734 1257 1787 quem
1284 1732 1423 1785 saepe
1460 1718 1773 1785 probaverat
1810 1717 1990 1771 vivere
2041 1725 2093 1770 et
2123 1704 2170 1763 Β

563 1820 778 1873 regnare
806 1817 919 1873 post
937 1820 1176 1861 mortem.
1203 1807 1374 1876 Atque
1392 1808 1461 1860 ita
1493 1806 1682 1859 factum
1711 1817 1789 1859 est
1818 1814 1872 1858 ut
1899 1804 2094 1872 glorio-

561 1909 674 1948 sum
704 1895 940 1960 Paulum,
968 1899 1055 1965 qui
1099 1897 1154 1952 in
1174 1898 1391 1950 diversis
1413 1895 1656 1964 gentibus
1698 1909 1790 1962 pro
1820 1895 1918 1947 ﬁde
1938 1893 2091 1948 Chri-

561 1988 626 2038 sti
655 1987 817 2039 multo
844 1989 1128 2045 certamine
1169 1987 1460 2042 dimicando
1498 1986 1768 2039 innumera
1792 1985 1921 2038 bella
1944 1998 2094 2052 pereo

563 2085 745 2145 gerat,
794 2079 874 2131 vel
923 2079 1171 2131 victorem
1235 2077 1410 2130 mundi
1482 2078 1642 2130 Roma
1696 2075 1984 2142 susciperet
2026 2074 2090 2126 ad

564 2166 897 2233 triumphum.
924 2166 984 2219 Hi
1015 2181 1140 2234 ergo
1159 2177 1280 2219 sunt
1301 2165 1581 2220 beatissimi
1605 2165 1788 2218 Petrus
1805 2171 1859 2217 et
1878 2163 2086 2229 Paulus,

561 2252 647 2319 qui
682 2264 1061 2308 sacramentum
1097 2254 1325 2308 ccclestis
1359 2254 1505 2323 regni
1547 2267 1651 2307 uno
1679 2254 1861 2322 spiritu
1906 2252 2091 2319 pracdi-

480 2355 485 2360 ‘
560 2353 753 2408 eantes,
784 2344 880 2398 sub
905 2346 1056 2399 unius
1098 2345 1340 2410 passione
1367 2347 1470 2399 diei
1513 2345 1802 2399 doctrinam
1833 2359 1978 2396 suam
2003 2344 2092 2410 pio

560 2433 806 2498 sanguine
825 2443 876 2486 et
899 2443 1065 2487 morte
1093 2423 1369 2504 fortissima
1390 2442 1796 2494 consecrarunt;
1821 2430 1907 2498 qui
1935 2431 2090 2483 etiam

562 2529 806 2586 tanquam
854 2521 1206 2574 Ecclesiarum
1255 2523 1486 2578 omnium
1526 2520 1787 2588 principes
1835 2520 1950 2571 facti
1987 2519 2094 2573 dis-

563 2610 862 2674 pensatione
876 2611 1094 2674 ccelesti,
1123 2611 1340 2666 Romam
1365 2620 1596 2678 petentes
1619 2611 1966 2665 sacratissima
1998 2624 2091 2662 sua

562 2713 775 2764 corpora
799 2700 847 2751 in
869 2698 1005 2754 illius
1027 2701 1167 2754 urbis
1191 2715 1310 2755 arce
1348 2701 1744 2756 recondidcrunt
1761 2741 1774 2764 ,
1797 2716 1910 2768 quae
1934 2700 2092 2752 totius

563 2786 700 2838 orbis
740 2789 1034 2842 obtinuerat
1079 2791 1422 2858 principatum
1456 2808 1467 2841 :
1499 2801 1753 2857 quatenus
1803 2789 2088 2856 potentiam

563 2877 763 2928 virtutis
789 2892 895 2930 sum:
917 2877 1156 2932 Christus
1193 2879 1493 2944 ostendens,
1547 2878 1633 2931 ubi
1684 2877 1908 2930 mundus
1934 2888 2090 2943 caput

563 2963 786 3017 habebat
815 2965 1043 3034 imperii,
1072 2967 1140 3020 ibi
1164 2970 1313 3036 regni
1361 2969 1438 3021 sui
1479 2968 1743 3036 principes
1782 2966 2086 3020 collocaret.

1150 3055 1368 3109 SERMO
1412 3054 1510 3107 VII.

1017 3134 1021 3138 Ἰ
1114 3149 1193 3201 Ad
1242 3151 1530 3203 monachos.

631 3235 842 3290 instruit
864 3251 959 3290 nos
981 3247 1132 3306 atque
1160 3239 1395 3292 hortatur
1413 3255 1588 3294 sermo
1609 3239 1834 3305 divinus,
1867 3240 2090 3308 qualiter

519 3339 659 3382 .nos
711 3331 983 3398 accingere
1032 3330 1316 3383 debeamus
1362 3331 1427 3383 ad
1479 3328 1788 3399 inquirenda
1835 3335 2088 3398 promissa

564 3431 674 3479 sua,
724 3426 777 3470 et
820 3418 1096 3469 obtinenda
1141 3417 1227 3469 illa
1257 3418 1392 3470 bona
1415 3433 1531 3484 qua;
1557 3433 1652 3469 nec
1678 3418 1790 3470 visu
1811 3419 1924 3484 capi
1949 3457 1963 3480 ,
1995 3431 2090 3471 nec

564 3508 741 3557 auditu
788 3505 1008 3572 percipi,
1052 3519 1146 3557 nec
1196 3489 1422 3570 cogitatu
1452 3505 1822 3572 comprehendi
1855 3515 2088 3571 possunt.

571 3594 725 3645 Potite
751 3593 983 3663 (inquit),
1005 3604 1051 3644 et
1073 3593 1268 3644 dabitur
1293 3594 1426 3644 vobis
1447 3608 1464 3654 ;
1486 3595 1703 3659 qururite,
1733 3602 1777 3643 et
1803 3593 2089 3655 invenietis;

567 3682 776 3748 pulsate,
803 3691 847 3732 et
869 3681 1114 3752 aperietur
1135 3681 1267 3733 vobis
1289 3697 1306 3735 :
1338 3681 1385 3732 id
1412 3692 1512 3742 est,
1537 3690 1593 3732 ttt
1617 3689 1850 3748 petamus
1870 3680 2087 3743 orando,

567 3757 858 3837 qureramus
891 3769 1195 3832 laborando,
1224 3773 1488 3837 pulsemus
1510 3769 1926 3837 perseverando;
1958 3781 2007 3822 et
2038 3766 2087 3822 in

565 3877 709 3930 spem
739 3862 1027 3915 cmlestium
1070 3870 1213 3913 tanto
1248 3862 1522 3914 incitemur
1552 3860 1743 3924 studio,
1773 3869 1917 3912 tanto
1947 3859 2087 3912 inar-

565 3955 834 4005 descamus
859 3952 1079 4014 affectu;
1109 3961 1163 4003 ut
1189 3966 1304 4004 cum
1343 3952 1671 4017 praemiorum
1702 3950 1970 4018 dignitate,
1995 3949 2088 4002 de-

565 4041 874 4093 s‘deriorum
932 4039 1230 4105 magnitudo
1280 4039 1581 4092 concordet.
1638 4038 1750 4092 Non
1790 4038 1900 4089 vult
1949 4037 2087 4089 enim

567 4132 703 4183 Deus
731 4140 904 4182 noster
934 4130 1063 4180 bona
1089 4142 1177 4180 sua
1210 4129 1364 4180 nimia
1400 4127 1696 4180 inveniendi
1739 4127 1984 4178 facilitate
2016 4125 2089 4175 vi-

566 4221 783 4271 lescere.
831 4217 1057 4268 Pretiosa
1096 4226 1147 4268 et
1193 4216 1608 4283 concupiscibilis
1653 4229 1796 4267 merx
1845 4214 2088 4278 cupidum

566 4316 870 4370 amatorem,
903 4317 1054 4370 atque
1078 4306 1281 4357 avidum
1306 4309 1676 4370 negotiatorem
1700 4304 1932 4368 requirit.
1955 4304 2089 4370 Ergo

567 4396 653 4447 ille
696 4404 954 4445 tantorum
998 4408 1268 4445 munerum
1323 4392 1668 4457 repromissor
1725 4407 1828 4442 non
1880 4393 1989 4444 vult
2038 4391 2088 4443 in

567 4494 723 4548 opere
766 4495 860 4532 suo
908 4480 1160 4547 tepidum,
1207 4480 1423 4547 despicit
1478 4480 1835 4542 fastidiosum,
1886 4486 2092 4531 recusat

565 4578 801 4622 coactum
830 4578 882 4619 et
923 4570 1200 4636 ingratum,
1243 4568 1438 4633 respuit
1493 4566 1811 4618 indevotum.
1871 4566 2088 4619 Lenlum

565 4661 703 4712 enim
737 4668 786 4708 et
829 4673 1006 4724 parum
1037 4667 1236 4723 gratum
1277 4671 1507 4723 quaerere
1532 4657 1750 4722 gratiam
1782 4655 1940 4707 divini
1974 4670 2088 4705 mu-

566 4748 706 4800 neris
739 4747 957 4797 maxima
986 4756 1064 4796 est
1103 4747 1284 4810 injuria
1319 4745 1759 4796 Remuneratoris.
1797 4744 1934 4810 Ergo
1965 4745 2086 4795 totis

566 4839 689 4892 licet
735 4837 920 4887 anima:
949 4843 1000 4886 et
1028 4836 1257 4897 corporis
1301 4834 1568 4886 laboribus
1608 4834 1942 4898 deattdcmus,
1969 4835 2089 4885 totis

565 4931 688 4981 licet
731 4921 1038 4977 obedientim
1089 4923 1282 4973 viribus
1320 4937 1685 4982 exerceamur;
1741 4923 1865 4974 nihil
1918 4935 2087 4974 tamen

562 5015 873 5081 condignum
914 5009 1046 5077 quod
1095 5010 1280 5061 merito
1309 5025 1400 5072 pro
1443 5011 1739 5062 cmlestihus
1783 5012 1934 5063 bonis
1966 5025 2089 5075 pen-

562 5120 680 5157 sare
702 5113 754 5155 et
782 5102 968 5154 offerre
1000 5103 1282 5150 valeamus.
1307 5098 1418 5149 Non
1443 5099 1614 5150 valent
1642 5100 1759 5151 vita:
1787 5101 2088 5166 temporalis

564 5191 809 5257 obsequia
840 5198 1047 5240 mterna:
1081 5187 1197 5238 vita:
1218 5187 1421 5252 gaudia.
1448 5186 1754 5239 Lassescant
1777 5188 1898 5240 licet
1926 5203 2090 5240 mem-

563 5281 654 5332 bra
679 5279 883 5345 vigiliis,
924 5277 1208 5343 pallescant
1236 5290 1324 5327 ora
1343 5273 1584 5339 jejuniis;
1619 5291 1722 5325 non
1751 5285 1889 5326 erunt
1916 5284 2087 5328 tamen

565 5369 820 5433 condigna:
848 5366 1097 5431 passiones
1144 5365 1290 5431 hujus
1342 5362 1573 5428 temporis
1606 5363 1670 5412 ad
1708 5366 1930 5428 futuram
1976 5365 2086 5431 glo-

565 5455 689 5503 riam
744 5470 852 5517 quin
890 5452 1180 5502 revelabitur
1239 5453 1290 5501 in
1342 5450 1500 5502 nobis.
1551 5449 1820 5502 Pulsemus
1861 5465 1987 5518 ergo
2038 5455 2088 5504 in

574 5553 820 5611 quantum
849 5556 1142 5609 possumus,
1166 5543 1282 5609 quia
1323 5556 1423 5594 non
1463 5551 1734 5607 possumus
1769 5541 1816 5592 in
1839 5550 2087 5606 quantum

2116 4359 2168 4417 D

2213 486 2317 524 non
2351 481 2538 539 potest.
2570 473 2678 528 Nisi
2707 477 2845 530 enim
2873 491 2991 530 cum
3021 477 3301 544 aviditate,
3337 478 3434 532 nisi
3461 493 3581 532 cum
3612 481 3737 533 bona

2217 557 2481 617 voluntate
2495 572 2548 617 et
2567 579 2683 617 cum
2707 565 2884 619 laetitia
2918 566 3008 620 Dei
3040 581 3196 633 opera
3219 568 3500 636 egerimus,
3523 567 3628 621 Deo
3651 584 3735 623 nos

2215 653 2386 720 perire
2418 657 2744 714 noverimus.
2776 656 3026 710 Putamus
3071 658 3376 726 (carissimi)
3412 645 3551 725 quod
3595 659 3736 725 digne

2212 753 2412 809 quaerat
2441 745 2527 798 illa
2549 746 2744 811 anima,
2775 755 2832 800 et
2857 747 2925 799 ita
2968 746 3134 814 pulset
3157 757 3212 801 ut
3236 747 3282 799 ei
3309 747 3600 810 aperiatur;
3629 764 3732 812 qua:

2211 831 2274 882 ad
2305 833 2423 885 leve
2452 844 2770 900 praeceptum
2800 833 3023 888 senioris
3047 835 3369 902 respondere
3402 837 3662 903 pmsumit
3686 847 3728 888 et

2207 917 2414 973 dicere:
2446 919 2682 989 Nunquid
2710 921 2848 976 servi
2877 924 3036 976 vestri
3057 923 3283 976 sumus?
3311 923 3424 977 lam
3449 923 3549 978 feci
3576 925 3725 977 vicem

2211 1025 2411 1064 meam:
2442 1023 2493 1065 et
2522 1013 2608 1066 ille
2635 1012 2786 1067 faciat
2835 1029 3001 1068 suam.
3044 1015 3318 1079 Quomodo
3364 1015 3460 1069 hoc
3490 1017 3633 1079 dicit,
3651 1017 3722 1069 cui

2207 1111 2522 1170 praeceptum
2549 1114 2630 1156 est
2657 1121 2670 1156 :
2699 1102 2872 1156 Nolite
2893 1119 3112 1171 quaerere
3138 1120 3251 1172 quia
3293 1116 3452 1157 vestra
3489 1107 3644 1158 sunt?
3670 1105 3720 1157 Et

2204 1191 2389 1243 iterum
2415 1206 2436 1244 :
2463 1191 2574 1244 Non
2598 1206 2710 1258 quis
2731 1208 2825 1244 sua
2846 1201 2959 1244 sunt
2984 1192 3172 1261 singuli
3192 1193 3563 1256 desiderantes;
3583 1207 3610 1244 a
3630 1207 3718 1260 quo

2201 1295 2306 1332 non
2333 1279 2431 1333 hoc
2459 1281 2718 1348 expe:itur
2746 1290 2800 1333 ttt
2837 1281 3130 1335 mercedem
3182 1295 3331 1333 suam
3371 1281 3609 1348 impleat,
3637 1282 3714 1334 sed

2201 1379 2258 1421 ut
2273 1369 2469 1421 alienas
2494 1369 2719 1432 invadat,
2739 1380 3088 1439 praeoccupet,
3110 1370 3314 1436 rapiat?
3335 1370 3582 1423 Putamus
3594 1374 3711 1436 quod

2198 1459 2267 1511 ita
2298 1466 2438 1527 petat
2460 1470 2513 1511 ut
2537 1461 2778 1528 accipiat,
2807 1460 2876 1513 ita
2901 1469 3100 1528 quierat
3125 1468 3180 1512 ut
3208 1440 3460 1523 inveniat,
3481 1461 3546 1513 ita
3565 1461 3710 1527 pulset

2197 1556 2252 1600 ut
2274 1548 2320 1600 ei
2351 1548 2633 1614 aperiatur,
2659 1549 2745 1616 qui
2773 1563 2866 1616 pro
2888 1549 3060 1617 aliqua
3099 1549 3410 1617 negligentia
3439 1561 3706 1616 correptus,

2193 1647 2245 1688 et
2265 1651 2360 1704 pro
2379 1637 2665 1703 disciplinas
2699 1637 2882 1692 ordine
2912 1639 3211 1707 castigatus,
3241 1653 3345 1692 non
3372 1653 3432 1692 se
3456 1639 3520 1691 ad
3552 1653 3706 1692 cmen-

2195 1725 2473 1788 dationem,
2495 1741 2597 1780 non
2620 1727 2682 1779 ad
2705 1727 3105 1782 satisfactionem
3130 1728 3355 1792 confert,
3368 1728 3459 1782 sed
3479 1729 3631 1796 magis
3649 1729 3701 1781 ad

2194 1815 2332 1867 illam
2357 1816 2688 1882 proterviam,
2720 1826 2772 1868 ut
2801 1817 2957 1882 dicat,
2984 1817 3173 1871 desero
3192 1826 3348 1886 atque
3374 1817 3598 1880 discedo,
3621 1818 3702 1869 hoc

2191 1917 2288 1971 ego
2300 1904 2438 1958 ferre
2451 1919 2554 1957 non
2569 1905 2752 1972 patior,
2769 1905 3020 1974 ingenuus
3035 1907 3191 1960 homo
3204 1909 3349 1960 sum!
3370 1906 3485 1961 Jam
3501 1907 3696 1973 primunt

2191 1994 2276 2060 qui
2301 2001 2420 2046 ante
2446 1994 2778 2061 praepositum
2803 1995 2886 2050 vel
2908 1996 3146 2048 abbatem
3167 2033 3181 2057 ,
3219 1995 3496 2062 ingenuum
3524 2007 3578 2046 se
3600 2007 3698 2045 esse

2187 2080 2370 2146 jactat,
2403 2092 2524 2148 puto
2543 2083 2682 2150 quod
2709 2082 2878 2134 adhuc
2905 2092 3136 2150 emptum
3163 2095 3282 2135 esse
3305 2096 3364 2134 se
3388 2081 3593 2134 nesciat.
3617 2079 3696 2145 Qui

2188 2168 2499 2225 Christianae
2543 2171 2739 2225 militiae
2784 2173 3107 2238 mancipatus
3153 2171 3421 2238 prazsurnit
3463 2171 3624 2223 dicere
3646 2184 3692 2221 se

2191 2260 2502 2323 ingenuum,
2555 2275 2686 2328 pene
2732 2269 2812 2312 est
2851 2269 2906 2313 ut
2946 2269 3005 2314 se
3049 2270 3201 2328 neget
3239 2260 3431 2314 Christi
3475 2260 3695 2327 sanguine

2189 2343 2565 2414 comparatu’m.
2595 2347 2728 2413 Quid
2755 2359 2834 2402 est
2880 2349 2977 2401 hoc
3008 2348 3145 2402 aliud
3188 2363 3342 2416 quam
3377 2350 3470 2417 ipsi
3503 2349 3692 2402 Domino

2190 2436 2441 2490 clamare:
2477 2435 2630 2489 Liber
2674 2451 2808 2500 sum,
2862 2437 2989 2490 nihil
3039 2438 3130 2490 tibi
3159 2437 3363 2490 debeo?
3408 2438 3477 2489 De
3529 2435 3693 2488 talibus

2190 2522 2394 2576 dicebat
2415 2525 2694 2591 Apostolus
2720 2540 2730 2574 :
2761 2522 2886 2576 Cum
2916 2527 3044 2576 enim
3089 2525 3216 2577 strui
3241 2526 3411 2576 essetis
3448 2525 3698 2577 inobedtcn-

2191 2611 2292 2675 tice,
2320 2612 2460 2664 liberi
2497 2614 2658 2680 fuistis
2679 2614 2894 2682 justitia:
2931 2614 3101 2682 (Rom.
3135 2613 3247 2681 vit).
3280 2613 3391 2666 Non
3415 2613 3541 2666 bene
3567 2614 3687 2679 inge-

2191 2715 2324 2752 nuus
2346 2702 2638 2769 appellatur
2667 2704 2753 2769 qui
2780 2705 2966 2755 misera
2995 2704 3240 2754 vitiorum
3271 2702 3519 2754 servitute
3544 2701 3688 2765 depri-

2192 2793 2368 2842 mitur.
2420 2790 2623 2844 Clamat
2666 2801 2837 2844 autem
2874 2793 2924 2844 in
2971 2791 3285 2844 contumelia
3332 2792 3618 2859 disciplina,
3649 2793 3686 2838 in

2189 2890 2403 2946 peccato
2424 2880 2611 2932 animte
2636 2893 2741 2932 sum.
2764 2895 2776 2930 :
2807 2879 2939 2931 Milo
2962 2879 3230 2931 di~cedere
3250 2893 3404 2946 quam
3435 2877 3684 2932 emendari.

2189 2979 2342 3032 quam
2367 2965 2694 3030 satisfacere,
2721 2979 2872 3032 quam
2904 2965 3120 3031 implere
3141 2966 3278 3030 quod
3308 2965 3553 3032 praecipis.
3577 2963 3684 3027 Quid

2115 3043 2159 3100 (ἶ
2184 3039 2270 3109 est
2300 3055 2397 3110 hoc
2417 3055 2555 3108 aliud
2579 3070 2730 3122 quam
2753 3055 2931 3123 jugum
2969 3053 3157 3106 (‘hristi
3208 3053 3391 3108 rebelli
3419 3053 3604 3106 cervice
3626 3051 3684 3101 di-

2188 3145 2431 3200 scutere?
2473 3146 2558 3198 lsti
2604 3149 2735 3198 tales
2789 3147 3026 3208 nesciunt
3072 3145 3196 3213 quid
3243 3155 3514 3208 voverunt,
3561 3142 3681 3196 obliti

2189 3244 2310 3289 sunt
2335 3244 2548 3302 propter
2575 3235 2697 3303 quid
2727 3235 2828 3289 huc
2852 3247 3127 3289 venerunt.
3175 3235 3261 3288 Isti
3292 3235 3421 3287 tales
3457 3248 3550 3287 non
3577 3231 3682 3283 bene

2189 3332 2395 3392 petunt.
2436 3325 2478 3377 si
2507 3324 2643 3377 male
2673 3325 2813 3377 vitiis
2841 3333 3174 3390 appetuntur,
3206 3337 3309 3376 non
3354 3323 3452 3374 fide
3480 3321 3680 3389 pulsant.

2190 3417 2282 3470 sed
2328 3417 2631 3469 infidelitate
2658 3413 2945 3483 pulsantur.
2984 3416 3114 3479 Quid
3147 3416 3359 3481 prodest
3394 3415 3522 3484 quod
3546 3413 3680 3465 disce-

2191 3504 2300 3568 dis,
2329 3504 2414 3570 qui
2445 3505 2670 3571 undique
2723 3505 2964 3556 astrictus
3010 3518 3069 3556 es
3108 3505 3330 3556 vinculis
3378 3499 3680 3570 passionum?

2191 3608 2344 3661 quem
2373 3593 2493 3646 hinc
2515 3602 2668 3660 atque
2691 3593 2811 3645 inde
2834 3594 3223 3646 circumvallant
3242 3596 3362 3646 vitia
3393 3595 3514 3647 sua‘l
3546 3592 3678 3652 Digne

2189 3667 2380 3750 aliquis
2401 3683 2711 3749 discederet,
2741 3684 2782 3736 si
2815 3683 2901 3737 illo
2937 3684 3010 3736 ire
3051 3693 3246 3750 posset,
3294 3684 3380 3736 ubi
3423 3683 3554 3735 illum
3596 3679 3678 3731 dia-

2190 3772 2337 3825 bolus
2360 3772 2592 3826 invenire
2620 3787 2721 3824 non
2748 3780 2939 3840 posset.
2973 3771 3136 3825 Nemo
3159 3786 3216 3825 se
3242 3771 3400 3834 fallat,
3435 3784 3528 3826 non
3550 3767 3678 3834 fugiat

2188 3862 2541 3914 adversarium
2568 3861 2766 3914 deloco
2791 3861 2854 3913 ad
2885 3862 3074 3922 locum.
3102 3861 3192 3914 sed
3215 3861 3280 3913 de
3311 3861 3438 3912 vitio
3463 3858 3520 3912 ad
3545 3856 3674 3908 virtu-
3755 3900 3757 3929 1

2189 3957 2317 4010 tem,
2345 3949 2411 4001 de
2439 3949 2681 4016 passione
2710 3949 2772 4000 ad
2827 3949 3267 4002 emendationem.
3300 3947 3352 4001 Si
3387 3962 3501 4000 eum
3527 3942 3670 4010 fugiat.

2189 4039 2425 4105 sequitur
2465 4056 2476 4088 :
2523 4037 2742 4090 emenda
2771 4045 2821 4090 te
2844 4077 2858 4099 ,
2886 4046 2937 4090 et
2977 4037 3138 4104 fugiet
3163 4051 3191 4088 a
3224 4047 3296 4099 te,
3324 4037 3458 4090 sicut
3489 4034 3552 4088 sit
3575 4043 3672 4096 apo.

2189 4130 2383 4180 stolus:
2412 4126 2641 4178 Resistite
2665 4126 2882 4189 diabolo,
2908 4136 2952 4177 et
2980 4127 3132 4193 fugiet
3161 4143 3192 4176 a
3218 4126 3352 4178 vobis
3373 4123 3501 4188 (Jac.
3530 4136 3588 4180 tv.
3611 4119 3669 4178 6i-

2191 4214 2302 4265 Non
2328 4213 2538 4265 obedire
2555 4222 2729 4266 autem
2757 4224 2808 4266 et
2841 4214 2970 4266 velle
2999 4213 3293 4276 discedere,
3327 4214 3422 4265 hoc
3443 4217 3516 4265 est
3539 4207 3669 4272 duph‘

2192 4302 2320 4354 citer
2347 4300 2520 4353 facere
2547 4300 2742 4352 diaboli
2789 4301 3104 4352 voluntatem
3134 4340 3146 4358 ,
3180 4300 3278 4351 hoc
3309 4313 3389 4351 est
3427 4292 3667 4351 voluntarie

2193 4390 2288 4442 sibi
2331 4389 2427 4456 ipsi
2472 4383 2649 4454 (etiam
2705 4390 2753 4441 in
2807 4388 3068 4456 praesenti)
3099 4388 3480 4441 damnationem
3515 4388 3665 4438 inferre

2194 4479 2408 4543 peccati.
2442 4477 2544 4529 illis
2570 4477 2696 4542 ipsis
2716 4476 2800 4540 qui
2823 4481 3047 4543 graviter
3074 4475 3209 4542 apud
3257 4491 3352 4528 nos
3379 4475 3664 4541 delinquunt.

2191 4568 2384 4618 nullam
2414 4567 2714 4628 tristiorem,
2743 4565 2936 4616 nullam
2975 4564 3295 4617 acerbiorem
3341 4575 3590 4632 possumus
3606 4558 3666 4609 in-

2191 4657 2368 4708 venire
2389 4656 2720 4716 sententiam,
2743 4667 2896 4719 quam
2921 4663 2975 4706 ut
3004 4668 3030 4704 a
3058 4669 3278 4720 corpore
3305 4648 3662 4723 congregationis

2189 4743 2407 4795 abscisci
2438 4743 2550 4795 sine
2571 4756 2695 4810 pace
2723 4741 2986 4794 discedat:
3012 4741 3075 4793 Et
3097 4742 3326 4808 nunquid
3351 4758 3448 4795 non
3470 4737 3660 4793 amenti:

2190 4848 2349 4900 genus
2381 4842 2487 4895 est,
2520 4843 2576 4885 ut
2623 4833 2719 4885 hoc
2747 4833 3018 4900 quisquam
3070 4846 3161 4898 pro
3211 4833 3447 4886 remedio
3470 4835 3656 4896 expetiti.

2189 4921 2325 4988 quod
2355 4923 2508 4973 etiam
2536 4935 2563 4972 a
2589 4922 2861 4988 praeposito
2892 4922 2986 4974 nisi
3019 4936 3111 4988 pro
3135 4935 3344 4974 summo
3371 4921 3565 4975 crimine
3581 4928 3654 4970 non

2190 5013 2352 5076 possit
2375 5010 2593 5062 inferri?
2619 5011 2968 5079 intelligamus
2997 5025 3122 5078 ergo
3144 5011 3276 5064 istas
3307 5012 3600 5080 indignitates
3617 5011 3654 5054 ei

2191 5099 2656 5162 contradictiones,
2709 5099 2922 5164 inimico
2955 5110 3270 5166 cooperante
3297 5112 3348 5154 et
3377 5101 3652 5167 disponente,

2193 5189 2490 5253 pr0venire.
2520 5186 2610 5239 llle
2638 5190 2775 5240 enim
2801 5189 2887 5256 qui
2913 5204 3014 5241 non
3047 5197 3218 5255 potest
3237 5189 3458 5256 aliquem
3475 5181 3652 5238 abstini!

2191 5275 2255 5326 de
2279 5275 2392 5327 loco
2421 5275 2600 5328 salutis
2630 5289 2893 5344 excutere,
2919 5279 3149 5331 immittit
3179 5281 3399 5346 primum
3415 5272 3651 5331 occasion“

2191 5371 2243 5414 et
2269 5377 2487 5422 causas;
2522 5363 2750 5417 immittit
2796 5366 3156 5420 inobedientim
3187 5369 3502 5435 passionem.
3533 5368 3648 5426 φειδ

2191 5464 2398 5515 semper
2415 5451 2692 5502 infidelitas
2715 5454 3020 5515 comitatur;
3043 5468 3158 5519 qua:
3179 5456 3301 5506 dum
3327 5453 3551 5521 captivam
3565 5441 3654 5496 ills-

2193 5541 2456 5605 queaverit
2483 5548 2731 5605 mentem,
2763 5539 2936 5593 statim
2966 5540 3295 5598 intoleranda
3341 5549 3486 5610 atque
3505 5535 3644 5599 intra?
